4462 6440
749 404 810 462 15
866 415 873 427 ⁸
2004 404 2397 466 MANUELIS
2428 410 2511 468 CA

2224 406 2397 466 eus
2428 410 2729 470 camera
2844 477 2848 481 ,
3886 391 3980 479 ’16

745 523 925 565 tamen
967 510 1270 563 rationibus
1307 524 1391 563 me
1440 509 1505 561 ad
1554 511 1906 565 sctiiendum
1974 515 2320 569 hortantibus
2350 522 2395 575 Α
2426 521 2568 577 ferre
2629 537 2791 594 atque
2831 526 2955 578 aliis
2989 526 3248 579 tradere?
3289 542 3431 580 nunc
3467 527 3686 595 quidem
3732 528 3985 581 amicitiae

745 612 908 669 atque
972 600 1419 667 impellentibus,
1487 601 1795 665 aggrediar,
1862 603 2140 666 lacnltate,
2208 621 2353 673 qua:

744 703 957 759 potero,
1009 706 1129 756 qute
1177 706 1205 742 a
1243 690 1447 741 sanctis
1482 688 1740 744 l‘atrilrus
1774 692 1840 742 de
1876 693 1976 745 hac
2024 710 2082 747 re
2118 697 2317 763 scripta

742 796 906 842 sunt,
980 781 1198 833 Christo
1256 782 1414 840 duce,
1478 782 1750 833 moderate
1784 792 1948 849 atque
1979 785 2317 852 simpliciter,

743 882 959 925 servato
1002 871 1347 939 compendio,
1418 870 1511 922 tibi
1586 887 1897 938 exponere:
1937 875 2182 941 p'nrimis
2214 880 2320 929 sei-

744 962 873 1013 lieet
932 962 1151 1015 omissis
1206 964 1370 1029 (nam
1450 961 1828 1026 longissimum
1884 972 2067 1028 esset,
2136 968 2317 1021 omnia

741 1053 1046 1122 prosequi),
1104 1053 1406 1120 paucisque
1463 1054 1810 1106 solummodo
1858 1055 2073 1122 positis,
2121 1058 2320 1124 quibus

739 1158 995 1198 constare
1048 1148 1219 1212 possit
1276 1159 1523 1212 quaenam
1575 1144 1679 1196 illis
1733 1145 1797 1197 de
1864 1146 1961 1197 hac
2048 1160 2103 1199 re
2152 1147 2321 1200 fuerit

740 1236 928 1301 opinio
960 1252 971 1287 :
1011 1245 1069 1288 ut
1095 1250 1158 1287 ex
1186 1237 1283 1287 hac
1316 1235 1692 1287 moderatione
1726 1245 1936 1299 nostra,
1971 1243 2023 1287 et
2056 1246 2135 1300 tu,
2170 1237 2317 1303 quod

739 1327 808 1376 ah
863 1325 1042 1377 amico
1091 1324 1392 1390 requisisti,
1447 1324 1846 1391 consequaris,
1900 1333 1952 1376 et
2004 1326 2138 1392 ipse,
2187 1326 2315 1378 dunt

740 1416 957 1468 illorum
1023 1416 1334 1483 prolixitate
1400 1430 1506 1467 non
1569 1424 1815 1475 terreor,
1884 1413 2318 1482 brevitatemque

741 1507 1000 1574 temporis
1032 1522 1138 1559 non
1175 1507 1524 1573 pertimesco,
1558 1506 1780 1558 meliore
1812 1505 1923 1573 jam
1955 1506 2139 1558 aninl'o
2173 1508 2274 1559 sim
2302 1547 2316 1570 ,

736 1597 812 1647 illi
854 1612 938 1647 me
971 1595 1222 1647 vindicta:
1252 1595 1599 1647 subdendum
1649 1610 1757 1646 non
1790 1609 1933 1659 esse,
1968 1610 2090 1663 qua:
2119 1595 2193 1648 illi
2230 1597 2316 1647 in-

736 1694 999 1745 tentatur,
1032 1683 1124 1751 qui
1162 1684 1426 1735 talentnm
1459 1683 1766 1735 abscondit.

807 1772 921 1825 Non
982 1772 1147 1841 igitttr
1198 1772 1408 1833 tacebo,
1462 1786 1585 1824 cum
1639 1768 1914 1839 przecipite
1962 1772 2029 1824 tle
2082 1774 2309 1827 veritate

737 1863 861 1917 ﬁdei
893 1864 1024 1915 mihi
1058 1877 1241 1917 sermo
1271 1861 1492 1915 futurus
1526 1861 1616 1925 sit,
1644 1877 1816 1930 neque
1852 1862 2144 1930 ambigam,
2176 1862 2307 1931 quin

736 1970 831 2022 per
866 1964 915 2006 te
957 1953 1022 2006 ad
1057 1954 1196 2006 alios
1262 1967 1482 2021 quoque
1515 1961 1811 2005 manatura:
1846 1954 1954 2005 sint
1986 1954 2180 2005 littera:
2223 1968 2323 2005 no-

737 2058 888 2109 strm,
942 2060 1080 2112 quos
1126 2045 1328 2111 alit-qui
1386 2043 1484 2110 ipsi
1538 2058 1644 2095 non
1692 2046 2080 2110 possrtttttts,fct
2129 2058 2318 2096 eorum

735 2135 996 2189 obtestari
1047 2133 1113 2187 de
1150 2134 1378 2185 veritate
1425 2132 1589 2196 fidei;
1629 2132 1711 2185 his
1760 2141 1938 2184 autem
1979 2132 2164 2186 licebit
2198 2134 2320 2187 iilos

736 2228 939 2295 alioqui
970 2227 1124 2294 juxta
1158 2225 1398 2277 edictum
1432 2241 1446 2286 ;
1502 2237 1667 2291 atque
1715 2223 1808 2287 ita,
1837 2223 1964 2276 dum
2000 2225 2322 2293 multiplica-

738 2322 884 2375 bitur
933 2317 1082 2371 verbi
1137 2316 1546 2379 ministerium,
1599 2316 1732 2368 tnihi
1790 2317 1890 2384 ipsi
1946 2316 2122 2370 fidelis
2175 2322 2317 2372 servi

738 2426 947 2464 merces
997 2409 1539 2477 exeompensabizur.
1596 2406 1924 2475 Quanquam
1973 2424 2099 2462 vero
2149 2425 2321 2478 pauca

736 2506 803 2558 de
846 2502 1033 2554 multis
1083 2500 1439 2569 appositurus
1484 2499 1610 2563 sint,
1655 2498 1699 2552 si
1733 2499 1859 2566 quis
1900 2508 2076 2552 tamen
2138 2499 2321 2568 jurgio

735 2606 791 2650 et
852 2594 1208 2649 contentione
1268 2592 1561 2661 sepositis,
1636 2592 1831 2659 ipsam,
1881 2605 1976 2658 per
2058 2590 2320 2659 scipsam,

735 2687 1019 2741 veritatem
1072 2685 1171 2749 rei,
1224 2701 1286 2738 ex
1351 2684 1456 2746 his,
1535 2698 1656 2752 qua:
1710 2684 1866 2735 ﬁrma
1917 2692 1970 2735 et
2020 2691 2137 2736 rata
2194 2691 2324 2737 sunt

737 2780 996 2847 indagare
1032 2784 1239 2845 pergat,
1269 2776 1427 2843 longe
1458 2774 1823 2834 brevioribus,
1856 2784 2017 2839 atque
2047 2773 2178 2842 ipsis
2209 2786 2324 2827 tan-

740 2879 855 2922 tum
888 2868 1010 2923 ﬁdei
1060 2866 1351 2937 principiis
1401 2866 1544 2917 hanc
1596 2863 1861 2917 illustrari
1900 2879 2060 2933 posse
2105 2879 2325 2934 compe-

738 2963 878 3016 riet:
932 2973 1109 3027 eoque
1141 2958 1398 3027 Ifacilius,
1449 2970 1559 3025 quo
1608 2955 1775 3008 Deum
1825 2956 2024 3009 talibus
2069 2956 2321 3011 auxiliari

736 3064 945 3109 certum
987 3060 1093 3113 est,
1126 3051 1216 3119 qui
1255 3064 1378 3104 cum
1415 3050 1617 3117 pietate
1642 3058 1933 3114 quaerunt:
1968 3045 2319 3116 Cooperator.

2342 1831 2386 1889 Β

2422 613 2696 682 implendo
2752 630 2991 679 munus;
3052 631 3199 669 nunc
3254 625 3433 669 autem
3486 618 3775 681 docendo,
3841 630 3986 669 nunc

2422 704 2681 757 studiosis
2706 705 2848 759 illius
2873 705 3248 770 consulendo;
3282 720 3427 758 nunc
3454 706 3782 759 revineendo
3801 707 3990 758 adver-

2422 794 2597 847 sarios
2627 813 2640 860 ;
2674 804 2838 862 atque
2882 796 3107 849 omnino
3150 807 3465 849 sanctorum
3514 797 3615 849 liae
3649 799 3713 849 de
3763 797 3992 848 veritate

2422 884 2751 950 doctrinam,
2785 887 2968 955 'quam
3022 902 3050 939 a
3111 885 3365 939 Patrihus
3416 887 3621 941 nostris
3655 886 3987 953 accepimus,

2422 989 2695 1042 quamque
2743 975 2819 1028 illi
2872 991 2900 1028 a
2952 976 3253 1043 majoribus
3288 978 3403 1029 suis
3435 991 3530 1045 per
3583 977 3989 1029 successionem

2420 1076 2739 1132 acceperant
2798 1067 3172 1135 proponendo,
3245 1078 3411 1134 atque
3450 1067 3632 1126 omnia
3681 1066 3891 1119 honesti
3939 1074 3992 1118 et

2420 1156 2581 1221 atqui,
2619 1154 2877 1208 fraterna:
2910 1156 3222 1210 dilectionis
3257 1171 3422 1209 causa
3473 1158 3860 1225 dispensando,
3909 1142 3991 1208 ni:

2423 1246 2610 1312 ltilque
2657 1247 2886 1299 omnino
2938 1248 3243 1300 omittendo
3293 1248 3610 1316 diligentias.
3660 1246 3776 1298 Non
3810 1248 3991 1312 itaque

2420 1333 2606 1401 gloria:
2653 1335 2839 1403 cupidi
2889 1336 3201 1398 scribimus,
3250 1338 3342 1390 sed
3386 1337 3544 1390 amici
3596 1339 3733 1390 votis
3783 1352 3987 1388 morem

2419 1434 2695 1489 gerentes,
2727 1440 2921 1479 eorum
2952 1441 3071 1493 quae
3104 1426 3474 1494 praediximus,
3511 1426 3701 1495 gratia,
3750 1425 3989 1477 laborem

2421 1513 2566 1566 hunc
2597 1516 2961 1581 suscepimus.
3009 1515 3118 1569 Nec
3153 1528 3343 1570 nostra
3391 1518 3648 1580 dicimus,
3688 1517 3780 1569 sed
3814 1530 3934 1581 quae
3963 1529 3992 1566 a

2422 1607 2626 1658 sanctis
2659 1606 2916 1661 Patribus
2960 1609 3288 1676 illorumque
3349 1607 3761 1662 successoribus
3788 1606 3993 1672 scripta

2420 1694 2672 1761 legimus,
2727 1712 2814 1759 ea,
2877 1707 3093 1751 servato
3145 1698 3536 1767 disputationis
3592 1699 3804 1760 ordine,
3867 1696 3995 1747 hinc

2422 1787 2547 1844 inde
2595 1787 2819 1840 collecta
2854 1827 2868 1851 ,
2929 1789 3168 1842 breviter
3248 1789 3593 1857 strictimque
3652 1787 3933 1855 posuimus
3976 1801 3990 1838 :

2426 1874 2526 1927 hac
2559 1878 2610 1927 in
2655 1891 2711 1929 re
2755 1877 2892 1940 sola,
2948 1878 2992 1930 si
3044 1878 3125 1932 sic
3176 1878 3282 1932 dici
3333 1879 3604 1947 oporteat,
3656 1876 3991 1945 gloriantes:

2422 1968 2568 2034 quod
2614 1978 2930 2021 sanctorum
2990 1969 3059 2023 de
3116 1984 3177 2022 ea
3228 1984 3285 2023 re
3329 1970 3677 2038 Opinionem,
3730 1967 3995 2036 largiente

2424 2052 2561 2119 Deo,"
2596 2072 2695 2109 nos
2729 2067 2781 2110 et
2812 2058 2973 2120 scire,
3007 2068 3061 2111 et
3095 2060 3235 2110 tueri
3288 2068 3603 2111 constanter
3634 2056 3991 2109 ostendimus.

2426 2146 2607 2215 Neque
2634 2164 2766 2202 sane
2796 2150 3111 2218 ignoramus
3142 2150 3428 2218 plurimos,
3461 2149 3513 2202 in
3543 2164 3772 2216 quorum
3800 2162 3994 2201 manus

2427 2243 2528 2292 ista
2565 2240 2703 2293 forte
2745 2241 3113 2307 pervenerint,
3171 2240 3367 2307 quibus
3410 2241 3599 2292 odiosa
3653 2250 3737 2292 est
3770 2240 3989 2299 veritas.

2426 2332 2527 2384 hac
2589 2332 2705 2400 ipsa
2769 2340 2955 2385 n0stra
3036 2331 3344 2384 constantia
3418 2340 3469 2383 et
3527 2329 3872 2390 confidentia,
3926 2334 3991 2382 ad

2422 2424 2778 2493 jaculattdutn
2837 2425 2889 2477 in
2944 2438 3043 2477 nos
3082 2424 3309 2477 consilia
3364 2432 3417 2477 et
3473 2423 3757 2476 maledicta
3801 2438 3995 2489 provo-

2426 2516 2664 2579 candos;
2726 2525 3027 2582 contraque
3081 2514 3295 2582 penitus
3354 2513 3619 2581 agendum
3678 2513 3833 2565 nobis
3884 2523 3992 2575 est,

2428 2608 2815 2674 contrariaque
2877 2605 3235 2659 incedendum
3301 2605 3427 2665 via,
3479 2618 3641 2670 qnam
3684 2605 3728 2656 si
3783 2618 3995 2655 ramus-

2427 2702 2580 2754 culos
2610 2700 2798 2753 inanes
2825 2708 3187 2766 eaptaremus.
3214 2694 3347 2748 Nam
3376 2696 3419 2748 si
3446 2694 3667 2763 quidem
3701 2693 3994 2746 humanam

2427 2792 2654 2858 gratiam
2705 2799 2758 2843 et
2797 2788 3022 2858 gloriam
3089 2788 3509 2855 aucuparentur,
3561 2800 3837 2851 nunquam
3897 2799 3998 2837 nos

2428 2882 2740 2935 auditorum
2766 2879 2909 2934 odiis
2933 2892 3334 2947 exponeremus
3361 2918 3376 2941 ,
3411 2876 3528 2939 sed,
3555 2891 3675 2944 qua:
3707 2876 3813 2930 illis
3842 2889 3995 2945 grata

2428 2971 2544 3027 fore
2574 2982 2919 3040 putaremus,
2948 2986 3013 3026 ea
3048 2972 3419 3039 loqueremur.

2498 3059 2729 3114 Constat
2755 3074 2907 3129 ergo,
2938 3074 3063 3122 nos,
3087 3058 3191 3111 nisi
3223 3056 3502 3111 veritatem
3547 3055 3710 3109 rebus
3740 3056 3998 3108 omnibus

736 3146 935 3213 inquit,
969 3142 1109 3196 Deus
1142 3152 1216 3195 est
1256 3141 1401 3194 omni
1429 3140 1688 3208 qttterenti
1723 3139 1913 3190 bonum
1943 3139 1983 3190 ⁵.
2037 3138 2196 3209 Isque
2226 3141 2318 3209 qui
2351 3129 2393 3185 (ἶ
2430 3168 2498 3222 ρειἐ

2238 3141 2318 3209 illi
2351 3129 2393 3185 ο
2430 3151 2878 3222 pra‘tulissetntts,
2919 3164 3196 3214 nunquam
3241 3148 3295 3201 in
3353 3150 3496 3200 hunc
3536 3147 3821 3200 verborum
3851 3162 4000 3199 cam-

739 3236 1063 3303 Scripturas
1130 3235 1381 3286 hortatur
1441 3230 1676 3284 scrutari
1727 3231 1777 3293 ⁸,
1840 3245 2009 3298 seque
2068 3233 2320 3286 daturum

737 3324 1036 3394 petentibus
1105 3320 1593 3392 pttlsantt'bntque"
1665 3328 1979 3388 aperturum
2050 3323 2323 3390 pollicitus

737 3429 840 3485 est,
899 3433 1007 3472 non
1059 3418 1341 3487 permittet
1387 3412 1700 3483 hujusmodi
1751 3412 1965 3481 longius
2018 3428 2048 3467 a
2098 3414 2323 3469 veritate

740 3514 1020 3565 aberrare.

811 3598 1082 3664 Quoniam
1114 3596 1278 3664 igitur
1307 3595 1514 3648 dictum
1543 3603 1626 3647 est
1655 3611 1667 3644 :
1712 3592 1793 3645 Da
1826 3593 2052 3658 sapienti
2089 3596 2324 3649 occasio-

738 3707 877 3755 nem,
906 3700 954 3743 et
983 3687 1273 3755 sapientior
1296 3686 1393 3739 erit
1425 3685 1484 3748 ⁸;
1517 3684 1731 3752 qualem
1762 3695 1812 3737 te
1842 3698 1964 3739 esse
1991 3686 2126 3747 scio,
2159 3701 2323 3756 quem

742 3784 877 3837 nihil
931 3796 1031 3851 pro
1083 3778 1459 3841 contentione,
1498 3776 1634 3829 nihil
1687 3791 1784 3845 pro
1830 3778 2073 3837 vaniloJe
2125 3780 2323 3843 facere,

741 3873 1028 3939 solamque
1066 3883 1248 3922 rerum
1283 3866 1566 3920 veritatem
1602 3866 1880 3933 sapienter
1941 3874 2000 3918 ac
2033 3866 2327 3934 prudenter

741 3964 1021 4033 inquirere
1072 3974 1172 4030 pro
1231 3966 1518 4027 comperto
1574 3955 1789 4009 habeo:
1850 3956 2152 4025 promptius
2188 3957 2323 4026 jam,

741 4055 887 4124 quod
933 4053 1219 4122 quaaritur,
1272 4050 1549 4119 explicare
1597 4048 1903 4117 aggrediar.
1959 4046 2146 4117 Neque
2195 4064 2328 4103 sane

742 4151 968 4217 ignarus
1003 4159 1148 4207 sum,
1196 4142 1511 4210 complures
1560 4142 1668 4209 jam
1717 4140 1987 4207 plurimos
2033 4140 2102 4194 de
2131 4142 2234 4196 hac
2266 4158 2326 4197 re

738 4238 1030 4308 scripsisse
1081 4236 1251 4290 libros
1283 4275 1298 4301 ,
1353 4234 1473 4302 qui,
1529 4232 1656 4286 licet
1720 4232 1925 4285 veritas
1978 4233 2326 4300 paucioribus

740 4333 1015 4401 Indigeret
1061 4328 1269 4391 verbis,
1311 4323 1500 4380 multis
1533 4333 1715 4378 tamen
1766 4321 1904 4391 ipsis
1950 4322 2327 4392 indiguerunt,

742 4433 798 4475 nt
857 4438 979 4476 eam
1025 4430 1216 4475 contra
1274 4418 1397 4472 illos
1450 4427 1761 4479 tuerentur,
1820 4414 1913 4482 qui
1957 4416 2326 4487 contentionis

739 4515 925 4568 studio
962 4512 1107 4565 illam
1143 4512 1413 4565 lacessere
1447 4507 1747 4562 tentabant.

805 4606 1099 4669 Cancrum,
1138 4604 1282 4658 sicut
1330 4602 1717 4669 unusquisque
1767 4598 2006 4654 ﬁdelium
2047 4598 2167 4651 ﬁdei
2195 4590 2323 4668 pro-

738 4702 843 4753 fert
893 4696 1342 4750 confessionem:
1398 4692 1567 4746 Corde
1601 4695 1738 4745 enim
1772 4693 2008 4745 creditur
2050 4693 2119 4745 ad
2160 4693 2326 4761 justi-

743 4795 916 4855 giam:
962 4806 1065 4861 ore
1113 4798 1288 4839 autent
1327 4786 1587 4854 confessio
1632 4786 1690 4853 ﬁt
1736 4785 1805 4837 ad
1857 4784 2080 4838 salutem
2113 4788 2164 4838 ':
2196 4787 2326 4854 quid

738 4883 990 4953 prohibet
1023 4882 1164 4935 hanc
1196 4879 1363 4933 etiam
1412 4879 1688 4932 communi
1728 4879 1831 4931 ﬁde
1870 4878 2323 4946 comprehensam

737 4978 1049 5042 veritatem,
1082 4974 1228 5029 sicut
1259 4987 1287 5026 a
1316 4973 1522 5026 sanctis
1550 4970 1808 5026 Patribus
1834 4970 2172 5039 acet-pimus,
2205 4986 2317 5038 pro-

842 5158 861 5188 '
892 5156 1052 5212 Rom.
1089 5171 1204 5222 viti,
1234 5154 1325 5208 9.8.

1445 5155 1465 5185 ⁸
1494 5152 1651 5210 Joan.
1686 5169 1739 5218 ν,
1785 5151 1871 5207 '59.
1955 5150 2141 5225 ’.Luc.
2177 5168 2249 5217 ιι,
2286 5152 2339 5208 9.

2431 3259 2558 3313 pum
2595 3244 2998 3303 descensuros,
3049 3240 3102 3293 in
3152 3254 3284 3307 quo,
3333 3239 3538 3292 laboris
3590 3238 3883 3307 plurimum
3936 3253 4000 3291 ac

2426 3335 2761 3389 diﬂicultatis
2789 3375 2804 3400 ,
2838 3333 3092 3386 humana)
3127 3347 3256 3385 vero
3286 3332 3472 3399 gratia:
3511 3331 3820 3385 minimum.

2500 3426 2681 3493 Ipsum
2731 3425 2913 3492 itaque
2963 3432 3215 3476 sanctum
3258 3422 3545 3489 Spiritum,
3594 3421 3660 3473 de
3708 3435 3819 3489 quo
3854 3437 4000 3474 nunc

2426 3512 2587 3567 nobis
2639 3527 2822 3566 sermo
2873 3510 3203 3573 instituitur,
3263 3508 3498 3578 primum
3553 3508 3889 3571 invocantes,
3926 3510 3998 3564 ita

2427 3604 2670 3665 demunt,
2708 3615 2828 3669 quae
2877 3601 3286 3668 proposuimus,
3329 3601 3737 3667 aggrediamur.
3775 3600 4001 3654 Utentur

2427 3704 2611 3749 autem
2648 3708 2747 3763 pro
2799 3692 3146 3745 documentis
3211 3690 3344 3756 ipsis
3389 3689 3561 3744 initiis
3604 3690 3749 3753 ﬁdei,
3790 3701 3845 3745 et
3881 3707 4005 3761 quze

2427 3805 2491 3844 ex
2545 3789 2624 3842 eis
2674 3795 2957 3852 assumpta
3012 3798 3076 3837 ac
3122 3782 3367 3835 derivata
3427 3791 3577 3846 sunt,
3626 3794 3890 3852 quantum
3946 3787 4001 3839 in

2430 3880 2541 3933 Deo
2603 3878 2918 3945 divinisque
2963 3875 3147 3937 rebus,
3200 3875 3615 3943 probationibus
3658 3877 3733 3930 uti
3783 3876 3866 3930 fas
3893 3888 3999 3940 est,

2430 3971 2516 4024 his
2566 3970 2752 4033 etiam,
2802 3982 2924 4037 quae
2970 3982 3001 4020 a
3056 3966 3338 4020 catholicis
3415 3966 3675 4021 Ecclesia:
3726 3969 4002 4039 magistris

2428 4066 2570 4119 dicta
2606 4071 2755 4116 sunt.

2506 4157 2571 4208 Et
2621 4155 2904 4223 quoniam,
2944 4152 3144 4221 quibus
3172 4149 3410 4204 maxime
3460 4150 3763 4207 rationibus
3790 4154 4004 4210 ostendi

2432 4250 2609 4320 possit
2636 4248 2820 4315 ejusce
2855 4244 3178 4313 quaestionis
3216 4242 3437 4305 veritas,
3472 4243 3706 4309 primum
3735 4244 3998 4313 inquiris:

2430 4340 2644 4402 deinde,
2690 4353 2807 4406 qua?
2847 4337 2951 4391 illis
2978 4335 3333 4402 objiciantnr,
3372 4332 3592 4401 exponi,
3646 4349 3711 4387 ac
3745 4336 4000 4406 deinceps

2360 4459 2403 4514 υ
2435 4430 2516 4484 vel
2570 4428 2779 4493 objecta
2834 4423 3033 4489 refelli,
3089 4423 3171 4476 vel
3221 4437 3341 4489 quae
3387 4421 3639 4489 ambigua
3692 4421 3999 4488 videantur,

2434 4517 2702 4573 declarari
2759 4514 3045 4584 postulas,
3109 4527 3232 4565 eum
3288 4520 3341 4564 et
3399 4526 3497 4563 nos
3544 4510 3597 4562 in
3649 4513 4004 4578 sequentibus

2435 4611 2682 4665 ordinem
2715 4624 2810 4678 per
2849 4607 3032 4660 omnia
3067 4603 3428 4658 servabimus.
3477 4600 3549 4653 Ex
3587 4615 3713 4669 quo,
3747 4602 3792 4655 si
3839 4606 4009 4670 proli-

2437 4704 2620 4757 xiores
2670 4702 2905 4756 fortasse
2939 4699 3166 4759 erimus,
3200 4712 3367 4765 quam
3414 4700 3683 4760 suscepta:
3731 4693 4008 4750 brevitatis

2439 4795 2576 4847 ratio
2608 4794 2887 4862 poscebat,
2925 4790 3240 4845 necessitati
3284 4783 3678 4853 indulgendum
3712 4791 3835 4840 erit.
3871 4786 4008 4841 lline

2435 4895 2617 4941 autem
2654 4885 2868 4939 initium
2906 4896 3209 4939 sumemus.

2417 5153 2436 5184 ⁸
2476 5150 2633 5208 Prov.
2676 5169 2749 5221 tx,
2784 5154 2839 5211 9.
2952 5154 2972 5185 ⁹
3010 5152 3166 5209 Rom.
3200 5170 3251 5221 ι,
3292 5155 3379 5211 10.
