4462 6440
477 408 569 472 Π·
1587 416 1985 477 ADVERSUS
2025 420 2336 479 GRzECUS
2382 421 2503 479 LIB
2546 423 2592 483 i.
3642 430 3703 491 ἵε

511 562 2158 591 W-

2164 581 2360 595 Ἢ

1187 687 1237 763 ²
1296 755 2106 888 MANUELIS
2207 767 2862 897 CALEC/E

1635 1063 1992 1151 LIBER
2070 1067 2517 1158 PRIMUS

882 1268 1212 1332 CONTRA
1288 1270 1637 1334 GIUECOS
1714 1274 1831 1333 DE
1895 1275 2482 1367 PROCESSIONE
2547 1281 2856 1347 SANCTI
2918 1287 3335 1349 SPIRITL'S.

553 1609 690 1664 Cum
726 1609 985 1661 Dominus
1036 1621 1223 1664 noster
1268 1610 1426 1664 .lesus
1459 1610 1713 1667 Christus
1762 1612 2042 1681 discipulis
2071 1611 2118 1669 Α
2146 1617 2296 1671 illum
2329 1627 2383 1670 et
2412 1619 2475 1671 ad
2519 1630 2783 1672 creatura».
2819 1621 3065 1672 ordinem
3110 1620 3374 1674 deducere
3407 1664 3419 1682 ,
3463 1635 3513 1675 ct
3550 1623 3719 1685 Patri,

486 1699 726 1752 dixerit:
760 1699 954 1751 Euntes
987 1700 1042 1751 in
1070 1701 1321 1751 "tundunt
1368 1704 1691 1763 universum,
1731 1702 1907 1754 docete
1938 1718 2049 1754 ont-

488 1805 579 1840 πει
629 1796 819 1857 gentes,
872 1789 1198 1852 baptizantes
1247 1805 1333 1841 eos
1386 1788 1441 1841 in
1492 1792 1698 1842 nomine
1753 1790 1951 1853 Patris,
2004 1802 2051 1843 et

488 1876 643 1938 Filii,
668 1888 718 1931 et
752 1880 987 1946 Spiritus
1020 1883 1191 1933 sancti
1221 1880 1283 1941 ιθ.
1319 1894 1448 1933 num
1485 1881 1619 1933 ordo
1662 1882 1859 1949 aliquis
1886 1892 1967 1936 est
1998 1884 2050 1936 in

488 1969 806 2022 nominibus
827 1984 888 2022 ac
922 1970 1087 2023 rebus
1110 1980 1310 2024 sanctze
1337 1970 1624 2024 Trinitatis
1648 1972 1822 2038 ipsius
1854 1971 2051 2037 Patris,

484 2067 545 2111 et
605 2057 749 2121 Filii,
811 2068 865 2111 et
915 2057 1149 2126 Spiritus
1205 2059 1403 2123 sancti,
1475 2062 1569 2128 qui
1629 2064 1938 2116 necessario
1993 2078 2056 2116 ac

487 2162 708 2215 semper
760 2148 814 2200 in
862 2150 1043 2216 seipso
1103 2150 1245 2203 idem
1295 2152 1366 2203 sit
1416 2166 1482 2203 ex
1535 2153 1667 2220 ipsis
1745 2155 2056 2210 nominibus

491 2239 806 2293 insinuatus
834 2255 847 2290 :
876 2249 1041 2306 atque
1078 2250 1134 2293 ιιι
1164 2256 1223 2294 se.
1254 2242 1319 2294 ad
1344 2241 1574 2295 invicem
1636 2243 1836 2297 habent
1866 2260 2060 2299 secun-

490 2329 623 2381 dum
676 2331 1179 2397 pronuntiationem
1231 2346 1293 2385 ea
1344 2333 1559 2385 nomina
1590 2376 1603 2397 ,
1658 2334 1729 2388 ita
1777 2338 1941 2389 etiam
1994 2338 2059 2390 ad

493 2419 723 2472 invicem
763 2421 959 2474 divinae
1003 2437 1249 2490 persona:
1277 2423 1539 2478 ordinata:
1585 2425 1738 2479 sint?
1771 2425 1942 2491 Quem
1974 2443 2062 2480 or-

492 2510 675 2563 dinem
738 2521 1019 2565 servantes
1096 2522 1259 2578 atque
1324 2515 1697 2579 honorantes,
1754 2520 2064 2573 necessario

498 2600 725 2653 immota
776 2602 937 2654 etiam
995 2603 1110 2655 haec
1144 2604 1389 2657 'nomina
1445 2605 1689 2671 proferre
1746 2607 2087 2674 debeamus,-

496 2692 632 2743 nibil
684 2708 747 2744 ex
803 2695 1002 2746 tralito
1055 2696 1341 2748 nominum
1396 2698 1586 2751 ordine
1676 2713 1740 2752 ae
1793 2701 2067 2768 positione

495 2781 874 2845 immutantes,
916 2786 960 2838 si
1002 2785 1231 2839 Velinzus
1266 2787 1424 2841 nobis
1474 2788 1605 2855 ipsis
1638 2788 1690 2841 in
1724 2790 2069 2843 confessione

496 2879 702 2922 rectam
747 2869 1032 2927 Trinitatis
1065 2888 1283 2926 servare
1331 2876 1643 2929 rationem?
1678 2880 1757 2929 An
1798 2879 1932 2930 ordo
1962 2878 2070 2931 illic

498 2962 683 3014 nullus
711 2974 815 3025 est,
844 2978 1017 3031 caque
1058 2964 1279 3017 nomina
1318 2976 1519 3019 temere
1565 2969 1740 3034 posita
1790 2977 1918 3021 sunt
1947 2986 1960 3021 :
1993 2978 2072 3023 at-

499 3066 608 3117 que
656 3054 708 3105 in
764 3063 950 3106 nostra
1002 3062 1268 3121 potestate
1304 3064 1406 3121 est,
1464 3066 1520 3110 ιιι
1559 3058 1642 3110 illa
1673 3058 1913 3125 proferre
1942 3061 2073 3113 veli-

502 3157 648 3203 mus,
701 3144 773 3197 ita
828 3153 885 3197 ut
940 3145 1092 3198 nullo
1144 3156 1361 3200 servato
1410 3148 1600 3200 ordine
1649 3148 1824 3202 Patris
1876 3165 2070 3204 nomen

504 3232 803 3299 aliquando
854 3248 1189 3301 praeponere,
1220 3235 1513 3303 aliquando
1572 3238 1699 3289 item
1750 3248 2075 3307 postponere

505 3323 701 3387 liceat,
752 3324 1045 3393 aliquando
1083 3326 1209 3380 item
1260 3327 1522 3395 Spiritum
1579 3329 1832 3396 prmferrc
1881 3332 2019 3387 Filio
2052 3373 2068 3399 ,

504 3416 661 3482 quasi
696 3416 860 3469 etiam
910 3417 1109 3471 divina:
1149 3418 1252 3472 illa
1294 3433 1557 3485 personat,
1614 3437 1735 3487 qua:
1784 3424 1942 3477 nobis
1992 3425 2078 3478 his

505 3507 824 3559 nominibus
870 3507 1239 3573 insinuantur,
1283 3510 1588 3565 inordinate
1620 3527 1679 3566 se
1734 3514 1799 3565 ad
1825 3514 2076 3583 ,invicem

509 3594 767 3655 habeant,
796 3604 958 3663 atque
981 3597 1113 3651 alias
1146 3598 1342 3651 aliter?

579 3684 645 3737 Et
671 3688 958 3753 quoniam,
1008 3703 1130 3755 quae
1177 3689 1557 3757 pr0ponimus,
1625 3701 1937 3747 82'.Ct0t'tlm
1998 3695 2082 3749 di-

510 3778 615 3831 ctis
649 3793 711 3831 ac
747 3778 1033 3833 sententiis
1059 3792 1307 3833 aStruere
1358 3795 1419 3835 ac
1474 3782 1689 3835 lirmare
1721 3784 2080 3851 instituimus,

512 3868 654 3921 alsit
684 3884 831 3923 nunc
859 3885 1089 3938 magnus
1120 3870 1376 3935 Basilius,
1430 3887 1640 3940 nosque
1670 3875 1796 3940 quid
1838 3876 1925 3928 ltic
1956 3892 2083 3930 sen-

516 3958 758 4010 tiendum
792 3959 881 4020 sit,
914 3962 1126 4013 doceat.
1162 3960 1249 4012 Ait
1274 3961 1418 4013 enim
1454 3956 1506 4013 iit
1543 3962 1782 4030 Epistula
1814 3963 1879 4017 ad
1913 3964 2084 4019 Cano-

516 4049 688 4110 nicas,
740 4049 897 4115 cujus
949 4051 1161 4105 initium
1211 4060 1331 4105 est:
1384 4071 1400 4101 ι
1432 4052 1646 4117 Quanto
1701 4068 1799 4107 nos
1850 4070 2085 4108 matrure

515 4138 808 4193 confecerit
830 4140 980 4208 prius
1010 4140 1152 4194 fama
1187 4142 1525 4204 subtristior,
1549 4157 1670 4210 quae
1693 4145 1918 4198 auribus
1943 4146 2087 4200 inso-

2154 1718 2245 1760 aut
2277 1707 2434 1770 Filio,
2466 1718 2707 1777 tempore
2734 1712 2813 1762 vel
2845 1712 3031 1762 ordine
3059 1727 3397 1778 praeponere.
3437 1732 3452 1762 ι

2224 1795 2365 1849 Idem
2398 1798 2449 1848 in
2480 1799 2655 1864 primo
2677 1798 2769 1850 lib.
2803 1798 3166 1862 anstionum
3201 1803 3299 1862 (l),
3326 1804 3483 1869 Cujus
3508 1804 3721 1861 initium

2154 1893 2238 1938 est
2264 1902 2276 1936 :
2312 1886 2581 1953 Siquidem
2611 1904 2791 1940 omnes
2816 1889 3021 1952 vellent,
3048 1905 3171 1942 cum
3211 1908 3317 1958 pne
3354 1896 3724 1959 ttppuSttisst-t,

2156 1972 2425 2037 duplicem
2456 1988 2579 2029 esse
2624 1976 2897 2038 ordinem,
2935 1980 3240 2030 naturalem
3295 1981 3552 2041 alterum,
3594 1981 3724 2033 alte-

2158 2080 2278 2118 rum
2331 2067 2650 2120 inventum:
2708 2080 2874 2136 atque
2931 2071 3230 2123 naturalem
3286 2073 3527 2139 quidem,
3585 2074 3729 2125 sient

2160 2166 2241 2209 est
2270 2167 2646 2211 creaturarum
2679 2160 2816 2212 ordo
2848 2160 3162 2214 Conditoris
3199 2164 3408 2214 ratione
3461 2163 3729 2222 instituta,

2162 2249 2486 2316 numerique
2524 2250 2744 2313 locatio,
2780 2266 3185 2319 causarumque
3215 2253 3279 2304 ad
3313 2254 3553 2305 causalia
3585 2255 3736 2305 babi-

2163 2345 2286 2398 tus;
2355 2340 2634 2392 inventum
2692 2355 2820 2392 vero
2865 2353 3024 2410 atque
3077 2344 3456 2402 artiﬁciosum.
3508 2344 3648 2396 sicut
3680 2345 3731 2397 in

2166 2427 2401 2491 artibus,
2435 2436 2487 2482 ct
2522 2430 2852 2497 disciplinis,
2890 2446 2950 2483 ac
2983 2431 3277 2493 similibus,
3310 2431 3544 2498 adjecit:
3582 2452 3598 2481 ι
3633 2434 3737 2485 llo-

2166 2534 2284 2571 rum
2335 2535 2465 2586 ergo
2512 2522 2686 2587 primo
2739 2514 3057 2589 snpprcsso,
3109 2523 3405 2576 Erinomius
3486 2524 3739 2575 secutnlm

2168 2611 2363 2677 speciei
2399 2612 2644 2665 ordinem
2694 2624 2983 2678 memerat,
3021 2614 3302 2681 dicitque:
3340 2630 3443 2666 nou
3491 2628 3741 2680 oportere

2170 2700 2221 2751 itt
2257 2698 2366 2752 Deo
2406 2701 2512 2762 tlici
2546 2704 2791 2756 ordinem
2823 2743 2837 2767 ,
2873 2718 2995 2755 eum
3024 2706 3157 2755 ordo
3185 2704 3459 2755 Secundus
3503 2704 3570 2753 ab
3595 2702 3744 2755 ordi-

2171 2801 2359 2842 uatorc
2406 2795 2497 2844 sit.
2549 2791 2683 2843 lllud
2720 2803 2899 2843 autem
2936 2792 3019 2844 vel
3062 2807 3170 2844 non
3232 2792 3385 2854 vidit,
3435 2792 3515 2842 vel
3568 2794 3747 2846 sciens
3791 2853 3795 2857 ,

2174 2879 2521 2947 prudcnsqttc
2566 2881 2841 2947 prreteriit,
2893 2895 3013 2933 esse
3067 2881 3276 2932 ordinis
3324 2880 3582 2945 spot-ient.
3636 2896 3742 2933 non

2175 2984 2239 3021 ex
2271 2978 2454 3021 nostra
2485 2970 2755 3036 positione
2788 2980 3163 3031 constantem,
3218 2970 3308 3022 sed
3360 2970 3475 3034 ipsa
3513 2970 3746 3020 Itnlttt'nli

2176 3058 2567 3128 Consequentia
2620 3060 3065 3125 contingentem:
3119 3059 3253 3111 sicut
3303 3057 3434 3125 igni,
3491 3058 3556 3109 ad
3605 3074 3749 3119 cnnt,

2177 3163 2298 3215 qua:
2321 3163 2384 3200 ex
2422 3162 2479 3200 se
2508 3156 2714 3209 manat,
2748 3147 2945 3200 lucem.
2981 3146 3034 3197 In
3063 3146 3147 3199 bis
3174 3146 3318 3199 enim
3352 3146 3589 3213 primum
3622 3162 3751 3198 rau-

2179 3253 2292 3291 sam
2346 3238 2606 3300 dicimus,
2659 3218 2960 3313 secundum
3014 3236 3255 3304 quodex
3288 3250 3353 3288 eo
3386 3236 3585 3305 prodit.
3646 3251 3749 3289 non

2182 3329 2470 3381 intervallo
2499 3331 2600 3383 ista
2634 3329 2700 3381 ab
2731 3327 2960 3380 i'nvircm
3004 3322 3432 3393 disscparantes,
3467 3326 3562 3377 sed
3602 3326 3753 3390 cogi-

2183 3419 2384 3472 tatione
2422 3419 2570 3486 prius
2612 3409 2836 3470 causam
2862 3414 3052 3477 nobis,
3091 3430 3252 3481 quam
3293 3414 3512 3467 cattsale
3545 3416 3753 3479 litigen-

2186 3520 2286 3561 tes.
2337 3507 2622 3573 Quomodo
2669 3489 2834 3577 igitur
2869 3506 2950 3561 fus
2996 3517 3080 3560 est
3135 3507 3206 3558 ilti
3252 3519 3448 3572 negare
3479 3505 3749 3566 ordinent,

2187 3602 2275 3653 ubi
2309 3602 2580 3655 secundus
2625 3609 2678 3653 et
2728 3600 2922 3651 tertius
2964 3605 3086 3650 est:
3126 3612 3234 3649 non
3282 3612 3345 3650 ex
3396 3604 3579 3647 nostra
3610 3596 3755 3661 posi-

2188 3695 2356 3755 tione,
2422 3691 2515 3744 scd
2584 3705 2644 3742 ex
2714 3689 3035 3741 naturaliter
3103 3687 3265 3739 insita
3328 3684 3759 3751 consequentia?

2184 3778 2356 3846 Cujus
2378 3792 2507 3845 ergo
2533 3777 2611 3830 rei
2638 3776 2812 3845 gratia
2837 3776 3084 3828 ordinem
3108 3776 3162 3828 in
3199 3774 3307 3826 Deo
3338 3772 3503 3840 recipi
3538 3771 3759 3823 abnuit?

2196 3868 2533 3930 Arliitratur,
2583 3867 2629 3920 si
2664 3865 2890 3934 tellicere
2939 3874 3105 3931 atque
3153 3862 3535 3934 demonstrare
3589 3860 3762 3926 possit.

2170 3956 2427 4023 primum
2484 3955 2534 4007 in
2589 3953 2699 4007 Deo
2748 3954 2898 4005 nullo
2934 3954 3096 4005 modo
3141 3951 3248 4003 alio
3297 3950 3521 4016 intelligi
3577 3963 3759 4015 posse,

2190 4045 2461 4113 reliquum
2491 4045 2604 4114 jam
2643 4044 2747 4097 sibi
2790 4042 2905 4096 fore
2952 4042 3271 4097 substantiae
3319 4040 3492 4108 ipsius
3523 4041 3765 4106 unequa-

2192 4137 2397 4190 litatetn
2431 4147 2591 4205 atque
2622 4136 2973 4190 eminentiam
3003 4133 3311 4187 ostendere.
3350 4130 3460 4184 Nos
3488 4141 3665 4183 autem
3697 4147 3761 4180 eo

516 4238 711 4282 nuerat
736 4230 955 4283 nos'tris.
985 4229 1217 4297 Spiritus
1242 4240 1419 4284 autem
1438 4242 1660 4287 sanctus
1695 4233 1839 4287 Patri
1865 4237 2083 4303 quidem
2115 4244 2157 4299 C,
2190 4234 2278 4295 qui

2003 4252 2083 4289 em
2115 4244 2157 4299 ς,
2190 4230 2410 4295 quidem
2443 4229 2657 4291 ordine,
2709 4243 2819 4297 quo
2852 4241 3052 4289 causm,
3103 4224 3450 4276 manantibus
3490 4236 3552 4274 cx
3584 4235 3643 4274 se
3677 4236 3765 4272 re-

515 4329 569 4374 et
603 4319 741 4375 Filio
775 4331 1206 4375 connumeratur
1232 4364 1247 4386 ,
1296 4325 1423 4391 quia
1469 4332 1524 4377 et
1577 4340 1739 4394 supra
1775 4337 2084 4380 creaturam

516 4418 637 4462 est:
683 4410 879 4464 tertius
926 4422 1104 4464 autem
1152 4411 1345 4465 ordine
1396 4413 1605 4468 locatus
1658 4424 1763 4478 est,
1826 4417 1968 4469 sicut
2025 4432 2090 4471 ett

518 4501 814 4570 Evangelia
873 4503 1173 4566 docemur,
1256 4506 1470 4559 dicente
1531 4505 1763 4560 Domino

519 4684 715 4735 sancti.
763 4682 867 4747 Qui
921 4693 1100 4737 autem
1152 4684 1300 4737 illum
1352 4685 1433 4738 vel
1483 4687 1746 4755 pra-ponit
1792 4687 1952 4753 Filio,
2006 4691 2091 4742 vel

519 4768 680 4823 Patre
722 4771 996 4826 seniorem
1045 4773 1219 4835 dicit,
1259 4772 1346 4827 hic
1396 4775 1697 4829 reluctatur
1741 4778 1959 4843 quidem
2001 4778 2092 4832 Dei

516 4861 876 4928 ordinationi,
922 4873 1083 4932 atque
1140 4880 1167 4916 a
1220 4881 1352 4920 sana
1407 4868 1510 4921 {ide
1562 4867 1772 4921 alienus
1825 4878 1930 4930 est,
1984 4885 2093 4921 non

518 4968 670 5015 cum,
698 4969 861 5023 quem
897 4958 1128 5026 accepit,
1162 4957 1572 5026 gloriﬁcationis
1600 4959 1817 5013 modum
1852 4976 2098 5026 set'vatts,

522 5044 620 5097 sed
658 5046 761 5100 sibi
795 5061 986 5101 vocum
1016 5048 1315 5104 novitatem
1340 5053 1405 5104 ad
1433 5050 1755 5120 placendum
1790 5051 2104 5105 hominibus

524 5134 861 5204 excogitans.
900 5156 922 5187 ι

596 5225 661 5279 Et
687 5230 871 5297 paucis
894 5231 1251 5299 interpositis,
1278 5230 1440 5286 veluti
1466 5234 1797 5288 concludens
1816 5236 1889 5289 ait
1917 5255 1928 5289 :
1965 5256 1979 5287 ι
2006 5237 2109 5289 Ita-

525 5332 633 5385 que
669 5318 790 5373 ﬁdei
827 5321 1114 5392 abnegatio
1161 5334 1277 5384 est;
1334 5340 1489 5393 teque
1541 5327 1686 5380 enim
1746 5327 1972 5395 itup'um
2025 5336 2107 5380 est

603 5524 643 5555 ¹⁶
676 5523 838 5579 Marc.
874 5541 985 5588 svu,
1019 5526 1103 5581 15.

1818 4526 1829 4559 :
1896 4507 2093 4562 Enntcs

520 4592 785 4659 baptizata
839 4594 894 4646 in
940 4594 1149 4647 nomine
1199 4593 1415 4658 Patris,
1462 4604 1511 4649 et
1561 4596 1711 4660 Filii,
1762 4609 1811 4649 rt
1862 4598 2095 4665 Spiritus

2189 4322 2312 4383 bus,
2344 4326 2733 4389 prmponuntur
2760 4357 2776 4379 ,
2810 4317 2946 4371 Filio
2995 4319 3207 4371 Patrem
3246 4313 3595 4383 praepositum
3631 4310 3739 4364 dici

2192 4432 2335 4477 mus,
2370 4424 2579 4469 naturae
2607 4425 2790 4467 autem
2824 4412 3130 4467 dillerentia
3162 4425 3447 4477 negamus.
3482 4427 3500 4458 ι

2265 4504 2409 4558 Idem
2445 4504 2497 4557 in
2532 4494 2691 4556 tertio
2726 4502 3139 4566 Qna‘stiomtm:
3180 4518 3195 4549 ι
3231 4500 3389 4551 Sicut
3418 4496 3562 4550 enim
3596 4492 3768 4548 i‘ilius

2198 4592 2389 4644 ordine
2422 4589 2645 4658 quidem
2678 4591 2954 4642 secundus
2986 4604 3013 4640 a
3048 4587 3231 4651 Patre,
3265 4587 3391 4654 quia
3425 4600 3486 4638 ex
3526 4586 3614 4636 illo
3642 4593 3725 4636 est
3752 4624 3794 4650 ,j

2200 4688 2255 4731 et
2310 4677 2615 4745 dignitate,
2681 4676 2938 4744 quoniam
3001 4674 3216 4726 initium
3303 4681 3356 4724 et
3406 4686 3567 4723 causa
3624 4671 3772 4722 illius

2200 4770 2452 4823 essentiae
2503 4768 2659 4822 Pater
2692 4776 2813 4825 est.
2860 4774 2915 4817 et
2960 4764 3084 4831 quia
3131 4778 3223 4831 per
3267 4762 3443 4829 ipsum
3487 4776 3771 4814 aet-essum

2206 4861 2467 4913 habemus
2519 4859 2583 4911 ad
2649 4858 2814 4911 Deum
2866 4865 2920 4910 et
2959 4855 3198 4913 Patrem,
3240 4862 3434 4904 natura
3486 4866 3615 4904 vero
3668 4868 3775 4904 non

2193 4952 2303 5021 jam
2334 4952 2611 5006 secundus
2638 4959 2742 5011 est,
2779 4949 2905 5017 quia
2954 4946 3132 5000 Deitas
3178 4946 3229 4997 in
3266 4954 3498 5011 utroque
3533 4959 3661 5006 una,
3705 4943 3776 4994 ita

2198 5046 2409 5098 Scilicet
2461 5054 2514 5097 et
2558 5051 2785 5097 sant-tus
2835 5041 3109 5110 Spiritus,
3162 5039 3262 5093 etsi
3296 5038 3432 5091 Filio
3490 5036 3775 5103 subjicitur

2199 5135 2390 5189 ordine
2427 5142 2481 5186 et
2525 5132 2810 5201 dignitate,
2842 5146 2948 5183 non
3024 5140 3207 5183 tamen
3241 5128 3453 5188 alieute,
3484 5124 3578 5180 sed
3613 5124 3776 5175 unius

2200 5227 2554 5295 ejusdemque
2602 5234 2811 5277 natura:
2864 5237 2989 5275 cum
3032 5219 3191 5275 Patre
3243 5228 3297 5275 et
3347 5216 3481 5271 Filio
3552 5214 3777 5271 omnino

2201 5330 2304 5373 est.
2342 5341 2357 5371 ι

605 5708 679 5775 (l)
713 5706 785 5761 lta
816 5723 971 5767 vocat
1011 5708 1201 5765 (Ialcca
1237 5710 1404 5766 libros
1446 5707 1503 5765 S.
1540 5708 1719 5767 Basilii
1765 5718 1956 5765 contra
2002 5708 2330 5771 Ettnomiutn
2369 5732 2433 5771 ex
2469 5731 2700 5787 quorum
2764 5698 2940 5783 prium
3012 5712 3114 5765 ltoc
3199 5709 3570 5764 testimonium
3646 5700 3788 5773 pett-

522 5788 544 5830 ῐ
558 5795 645 5831 Ulli
678 5791 781 5835 (:51.
