4462 6440
757 411 820 469 t9
871 384 877 395 ’
2017 412 2410 472 MANUELIS
2435 414 2741 473 CALECE
2849 468 2852 471 λ
3905 416 3999 480 "eo

825 523 951 572 iit-tu
1008 523 1058 572 in
1095 522 1282 574 eodem
1317 540 1326 571 :

750 613 1029 662 tradiderit
1070 612 1321 676 baptismi
1365 612 1642 665 salutaris.
1678 631 1697 663 ι

821 700 963 751 Idem
1017 701 1067 751 iu
1104 701 1331 766 cpistola
1384 701 1448 752 ad
1501 701 1878 766 Eustachium,
1911 702 2065 767 cujus
2106 704 2321 756 initium

745 803 865 842 est:
911 791 1013 841 [Cos
1042 794 1269 858 quidem,
1319 794 1407 859 qui
1442 795 1693 853 pra'venti
1728 802 1849 845 sunt
1880 796 1989 846 alio
2024 796 2150 861 fidei
2195 811 2319 846 con-

745 882 990 943 ]rsaiiue,
1047 884 1123 932 sic
1178 884 1290 934 ait:
1347 901 1362 929 ι
1398 882 1622 950 Oportet
1664 894 1842 936 autem
1892 895 1945 936 et
1992 899 2085 936 eos
2114 884 2319 950 iugere,

742 972 831 1035 qui
857 987 974 1022 caui
1003 973 1472 1037 enlist-quentiam,
1508 991 1673 1041 quam
1704 975 1860 1027 nobis
1892 978 2115 1029 tradidit
2146 976 2323 1027 Domi-

742 1076 868 1123 tius,
895 1062 1183 1113 i:tttttttl:itll
1212 1105 1225 1123 ,
1256 1074 1439 1129 utpote
1497 1066 1588 1130 qui
1624 1075 1809 1132 aperte
1842 1076 2032 1119 contra
2065 1067 2317 1134 pietatem

741 1162 1019 1218 pugnant,
1057 1166 1103 1201 et
1139 1152 1331 1204 Filium
1363 1154 1582 1219 quidem
1621 1165 1945 1222 prmponunt
1982 1156 2152 1219 Patri,
2182 1154 2319 1207 Filio

737 1259 868 1295 vero
901 1244 1158 1309 Spiritum
1193 1255 1466 1297 sanctum.
1513 1264 1529 1295 ι

816 1335 960 1386 Idem
1009 1350 1136 1385 vero
1189 1337 1238 1385 in
1272 1334 1509 1399 Epistola
1548 1335 1613 1387 ad
1649 1336 1810 1403 (ἶνες.
1865 1336 2110 1395 fratrem.
2163 1338 2318 1405 cujus

740 1426 952 1477 initium
1022 1434 1137 1478 est:
1187 1426 1453 1489 Quoniam
1521 1427 1674 1477 multi
1737 1444 2009 1479 commune
2060 1430 2313 1480 substan-

738 1518 854 1565 tia:
896 1535 912 1564 c
948 1515 1047 1579 Qui
1098 1530 1226 1566 vero
1260 1514 1523 1583 Spiritum
1552 1518 1783 1585 cogitat,
1816 1518 2105 1585 ipsumque
2164 1520 2215 1571 in
2259 1535 2317 1573 se

738 1606 857 1671 ipso
904 1606 1255 1668 intellexerit,
1300 1616 1353 1658 et
1399 1605 1594 1659 Filium
1632 1624 1737 1659 una
1789 1610 2123 1674 cogitatione
2168 1624 2317 1662 com-

736 1696 1046 1761 prehendit.
1096 1695 1199 1760 Qui
1256 1707 1437 1748 autem
1496 1699 1639 1750 hunc
1705 1708 1884 1755 mente
1949 1700 2235 1766 SUSCepEt,
2285 1715 2313 1749 a

736 1784 875 1837 Filio
910 1785 1173 1851 Spiritum
1212 1802 1317 1839 non
1368 1786 1577 1848 divisit,
1615 1788 1707 1839 sed
1760 1799 2161 1856 consequenter
2190 1790 2312 1854 qui-

735 1877 857 1928 dem
893 1877 1193 1930 secundum
1233 1877 1502 1935 ordinem,
1538 1878 1829 1944 conjuurte
1878 1887 2082 1940 autem,
2112 1891 2309 1930 secun-

734 1970 863 2018 dum
910 1977 1158 2019 naturam
1196 1969 1360 2020 trium
1408 1970 1460 2020 in
1496 1984 1553 2021 se
1608 1969 1725 2036 ipso
1762 1984 2118 2035 personarum
2152 1969 2309 2021 tidem

729 2058 882 2125 juxta
916 2058 1257 2111 identitatem
1296 2060 1585 2113 commiste
1621 2059 1899 2113 formavit.
1944 2060 2007 2112 Et
2053 2060 2144 2127 qui
2188 2058 2308 2125 Spi-

736 2154 898 2202 ritum
954 2150 1148 2201 dixerit
1192 2150 1394 2215 solum,
1436 2167 1559 2202 cum
1610 2166 1829 2219 quoque
1874 2152 2031 2215 cujus
2067 2160 2149 2203 est
2192 2149 2313 2217 Spi-

735 2241 896 2299 ritus.
950 2254 1010 2292 ea
1066 2238 1412 2293 confessione
1448 2241 1892 2307 comprehendit.
1952 2239 2015 2292 Et
2050 2240 2309 2306 quoniam

732 2331 935 2385 Christi
972 2330 1054 2384 est
1096 2331 1349 2397 Spiritus,
1393 2347 1555 2399 atque
1589 2350 1653 2386 ex
1700 2331 1827 2395 Deo,
1865 2333 2008 2385 sicut
2055 2333 2131 2384 ait
2167 2332 2311 2398 Apo-

732 2423 927 2481 stolus,
985 2422 1149 2474 veluti
1193 2439 1255 2475 ex
1313 2433 1529 2483 catt-na,
1577 2424 1670 2489 qui
1728 2439 1892 2477 uuam
1932 2425 2308 2477 summitatem

730 2514 1226 2581 cotnprehemlerit,
1273 2513 1497 2565 alteram
1543 2514 1707 2566 simul
1741 2514 1988 2576 attraxit,
2033 2514 2103 2565 ita
2135 2524 2188 2565 ct
2217 2513 2310 2579 qtti

731 2604 993 2670 Spiritum
1029 2604 1218 2665 trahit,
1272 2620 1367 2671 per
1406 2604 1606 2671 ipsum,
1640 2615 1692 2657 et
1731 2604 1953 2667 Filium,
2001 2613 2056 2656 et
2093 2603 2305 2656 Patrem

729 2694 898 2748 simul
953 2694 1139 2746 trahit.
1194 2694 1259 2746 Et
1309 2694 1504 2746 Filium
1550 2696 1642 2762 qui
1691 2697 1967 2749 veraciter
2014 2694 2309 2762 acceperit,

729 2786 946 2839 habebit
984 2794 1214 2853 utraque
1245 2802 1308 2838 ex
1337 2794 1515 2853 parte.
1553 2786 1681 2839 hinc
1717 2787 1889 2849 ipsius
1920 2786 2154 2848 Patrem,
2185 2786 2311 2838 hinc

731 2877 995 2943 Spiritum
1032 2884 1279 2927 sanctum
1309 2885 1756 2942 consequentem.
1791 2874 1977 2943 Neque
2024 2876 2169 2929 enim
2226 2891 2313 2928 se-

727 2967 966 3021 ctionem
1018 2974 1111 3018 aut
1138 2965 1462 3019 divisionem
1496 2966 1734 3034 cogitare
1773 2966 1918 3028 licet,
1938 2974 1995 3018 ιιι
2020 2974 2113 3017 aut
2145 2964 2311 3018 Filius

727 3056 845 3108 sine
876 3055 1080 3124 Spiritu
1116 3054 1473 3124 intelligatur,
1509 3065 1603 3108 aut
1635 3055 1876 3124 Spiritus
1908 3069 1939 3107 a
1970 3053 2105 3107 Filio
2131 3055 2309 3109 disse-

726 3157 970 3215 parctur.
1009 3164 1028 3197 ν

798 3216 1037 3287 Sanctus
1060 3249 1276 3302 quoque
1301 3234 1641 3305 Epiphanius
1661 3235 1712 3288 in
1739 3237 1970 3301 quodam
1998 3251 2159 3300 opere
2182 3250 2307 3299 suo,

725 3326 872 3392 quod
911 3326 1201 3393 appellavit
1242 3327 1541 3379 Anc/torum
1588 3328 1687 3394 (2),
1726 3329 1941 3380 tertium
1975 3328 2169 3390 lunteu,
2203 3337 2309 3379 ter-

726 3417 970 3485 tiamque
1021 3433 1049 3466 :t
1106 3414 1265 3469 Patre
1328 3417 1695 3471 substantiam
1742 3418 1821 3487 (5)
1858 3418 2122 3486 Spiritum
2179 3434 2307 3470 san-

723 3517 869 3559 ctum
913 3508 1169 3575 appellat.

797 3594 901 3647 Sed
960 3604 1013 3647 et
1068 3596 1128 3648 D.
1179 3594 1610 3664 Chrysostomus
1662 3595 1715 3647 in
1769 3598 2005 3660 quodam
2058 3611 2310 3649 sermone

722 3703 821 3739 suo
848 3702 1011 3753 super
1050 3685 1179 3737 illud
1208 3686 1418 3737 dictum
1440 3687 1713 3738 'Abtahte:
1754 3685 1892 3738 Pone
1922 3703 2131 3737 mnuum
2165 3700 2309 3737 (nam

722 3791 875 3841 super
906 3775 1078 3841 femur
1102 3789 1270 3825 meum
1305 3774 1368 3836 ”,
1395 3775 1469 3823 ait
1496 3788 1507 3821 :
1544 3773 1730 3840 Itaque
1754 3772 2061 3824 divinarum
2089 3773 2308 3839 quidem

721 3879 1083 3931 perventurum
1120 3864 1397 3915 discretor
1447 3862 1585 3913 ordo
1624 3863 1831 3915 sanctis
1874 3854 2123 3928 regnitus
2159 3860 2253 3912 fuit
2288 3878 2303 3920 ;

721 3957 812 4019 qui
863 3970 991 4008 vero
1029 3964 1255 4008 naturas
1301 3955 1354 4007 in
1387 3963 1577 4007 sancta
1634 3954 1908 4008 Triuitatc
1942 3955 2307 4016 discerneret,

718 4046 946 4098 omnino
980 4044 1335 4110 rejiciendus.

791 4136 1108 4201 'l'heologus
1187 4150 1406 4202 quoque
1455 4134 1753 4203 Gregorius
1805 4137 1857 4189 in
1912 4138 2153 4192 secundo
2199 4153 2313 4192 ser-

720 4244 881 4282 tnoue
916 4244 1015 4281 suo
1057 4228 1121 4280 ad
1161 4226 1415 4289 Lumina,
1448 4228 1514 4280 de
1542 4241 1731 4282 sancta
1771 4228 2039 4282 Trinitate
2080 4231 2157 4283 sic
2194 4231 2309 4283 ait:

731 4321 879 4375 Velut
928 4323 982 4373 iu
1024 4320 1177 4372 trinis
1231 4321 1499 4388 contiguis
1549 4323 1751 4377 solibus
1802 4339 1905 4377 una
1959 4333 2041 4376 est
2092 4324 2313 4377 collatio

720 4414 963 4466 luminis.

1371 539 1388 569 ‹
1435 520 1569 573 Cum
1621 523 1735 588 ipse
1776 521 2040 577 Dominus
2072 524 2322 576 ordinem
2357 527 2397 581 Α
2430 538 2551 575 nem
2590 524 2873 576 nominum
2906 524 3151 577 immutat
3188 525 3458 587 ordinem,
3510 527 3767 580 novitatis
3801 545 3993 582 vocum

2427 613 2659 678 appellat
2694 614 3031 674 inventorem.
3060 628 3295 682 eumque
3328 617 3419 667 Dei
3471 618 3799 669 ordinatioui
3856 622 3996 671 rosi-

2426 714 2570 755 Stcre
2601 702 2820 762 assr-rit.
2842 703 3017 769 ipsum
3048 703 3331 758 Dominum
3360 706 3504 758 hunc
3534 707 3825 761 tradidisse
3854 710 3997 760 ordi-

2425 805 2547 841 nem
2567 791 2642 856 (4)
2665 792 2880 844 dicens:
2906 790 3007 854 Qui
3040 802 3221 845 autem
3245 792 3506 859 Spiritum
3534 795 3677 847 Patri
3712 799 3994 863 praeponit,

2423 887 2516 931 aut
2549 877 2706 936 Filio.
2735 894 2858 932 eum
2886 895 2916 932 a
2946 896 3076 936 sana
3117 883 3364 935 doctrina
3410 885 3648 937 alienum
3710 887 3993 937 dentiuziat

2423 970 2625 1037 quippe
2667 970 2958 1024 novitatem
2992 972 3427 1025 introdueentem
3479 975 3625 1026 circa
3685 976 3990 1025 divinarum

2424 1074 2778 1127 personarum
2811 1061 3100 1122 ordinem;
3149 1062 3289 1113 hanc
3340 1073 3521 1115 autem
3563 1065 3735 1130 ipsam
3777 1066 3990 1117 novita-

2422 1161 2528 1201 tem
2579 1158 2741 1215 atque
2818 1151 3250 1203 immutationem
3298 1154 3530 1215 ordinis,
3579 1154 3780 1206 habere
3821 1154 3992 1205 aboti-

2421 1240 2622 1293 tionem
2685 1240 2994 1292 divinarum
3066 1253 3471 1306 personarum,
3534 1242 3815 1309 tutiusque
3869 1241 3989 1293 fidei

2422 1332 2834 1399 alunt-gationem
2870 1346 2990 1383 esse
3024 1332 3200 1392 docet,
3261 1333 3505 1400 nihilque
3539 1333 3780 1391 differre,
3813 1341 3989 1383 utrum

2421 1423 2681 1490 Spiritum
2733 1431 2981 1474 sanctum
3032 1424 3097 1474 ad
3147 1434 3409 1474 creaturte
3457 1424 3701 1476 ordinem
3756 1421 3988 1489 redigas,

2419 1527 2485 1564 an
2519 1514 2695 1580 ipsum
2733 1511 2877 1563 Patri
2934 1513 3017 1564 vel
3050 1511 3185 1563 Filio
3220 1514 3271 1564 in
3310 1514 3501 1566 ordine
3532 1515 3810 1581 prmferas.
3858 1513 3989 1564 Ter-

2419 1603 2554 1653 tium
2586 1601 2757 1663 enim,
2793 1600 2991 1666 inquit.
3019 1603 3074 1651 in
3102 1602 3294 1653 ordine
3320 1601 3554 1654 locatum
3578 1617 3699 1655 esse
3736 1604 3788 1654 in
3818 1602 3992 1656 Evan-

2417 1692 2555 1759 gelio
2584 1706 2611 1742 a
2651 1689 2880 1742 Domino
2927 1689 3215 1743 docemur.
3277 1690 3511 1744 Constat
3553 1692 3801 1759 profecto
3842 1693 3992 1745 ordi-

2419 1796 2542 1833 nem
2599 1794 2717 1833 esse
2771 1780 2824 1832 itt
2884 1788 3072 1833 sancta
3129 1779 3417 1843 Trinitate,
3474 1784 3774 1835 secundum
3828 1798 3988 1848 quem

2415 1872 2585 1939 prima
2620 1872 2837 1937 quidem
2870 1884 3102 1939 persona
3134 1877 3295 1924 t’ater
3347 1880 3430 1925 est
3453 1910 3468 1933 ,
3504 1873 3743 1926 secunda
3797 1872 3989 1937 Filius,

2416 1962 2573 2016 tertia
2607 1962 2841 2029 Spiritus
2869 1973 3113 2019 sanctus.

2485 2051 2548 2104 Et
2574 2053 2698 2120 quia
2730 2066 2835 2103 non
2868 2052 3041 2105 solum
3076 2053 3219 2107 Patri
3251 2054 3421 2108 Filius
3480 2063 3533 2107 et
3577 2053 3813 2122 Spiritus
3862 2069 3991 2107 san-

2413 2151 2555 2205 ctus,
2584 2157 2771 2196 verum
2804 2153 2858 2195 et
2887 2143 3243 2198 sibiinvicem
3268 2147 3594 2214 junguntur,
3629 2148 3678 2199 id
3714 2156 3892 2199 autem
3925 2146 3991 2200 de

2414 2236 2501 2288 his
2527 2235 2748 2300 dicitur,
2782 2236 2835 2288 in
2869 2236 3068 2303 quibus
3108 2242 3244 2290 ordo
3277 2248 3380 2298 est,
3410 2250 3464 2291 et
3495 2255 3616 2307 qua!
3647 2255 3710 2292 ex
3755 2255 3815 2294 se
3848 2239 3992 2290 invi-

2414 2340 2528 2377 cem
2572 2325 2833 2391 pendent,
2883 2326 3034 2379 nullo
3086 2327 3266 2380 medio
3316 2327 3709 2390 intercedente.
3764 2329 3990 2382 omnino

2414 2415 2659 2468 ordinem
2686 2414 2756 2468 ad
2788 2415 3019 2470 invicem
3058 2432 3307 2484 persona:
3340 2419 3563 2474 hahent.

2487 2505 2591 2559 Sed
2644 2517 2698 2559 et
2746 2506 2813 2570 is,
2861 2506 2955 2569 qui
3003 2517 3208 2561 catena?
3257 2509 3582 2563 Trinitatem
3631 2511 3988 2580 comparavit,

2417 2603 2582 2670 liquet
2618 2603 2739 2669 quia
2770 2602 2933 2655 medii
2962 2602 3026 2655 ad
3061 2603 3324 2670 primum,
3366 2613 3421 2656 et
3454 2604 3595 2656 tertii
3634 2604 3700 2656 ad
3750 2604 3984 2657 medium

2415 2694 2660 2746 ordinem
2716 2692 2995 2755 reddidit,
3054 2695 3307 2761 quocirca
3371 2695 3486 2746 ait:
3545 2694 3645 2758 Qui
3722 2694 3985 2762 Spiritum

2414 2784 2639 2850 cogitat,
2686 2792 2740 2837 et
2788 2782 2984 2835 Filium
3020 2798 3126 2836 una
3169 2784 3501 2852 cogitatione
3534 2784 3987 2851 comprehendit;

2414 2889 2506 2931 et:
2540 2877 2641 2942 Qui
2703 2875 2967 2942 Spiritum
3022 2876 3219 2927 dixerit
3280 2876 3494 2939 solum,
3555 2890 3679 2928 eum
3729 2889 3989 2942 quoque,

2416 2971 2575 3036 cuius
2610 2978 2693 3021 est
2740 2967 3001 3034 Spiritus,
3039 2981 3102 3019 ea
3153 2967 3506 3021 confessione
3535 2966 3985 3033 comprehendit,

2416 3060 2636 3125 et:Qui
2695 3058 2891 3113 Filium
2941 3058 3218 3123 suscepit,
3280 3072 3308 3109 a
3370 3056 3507 3109 Filio
3562 3056 3823 3123 Spiritum
3882 3071 3989 3108 non

2341 3154 2385 3212 C
2418 3154 2620 3206 divisit.
2669 3153 2855 3219 Neque
2898 3150 3041 3202 enim
3081 3152 3208 3201 licet
3258 3158 3349 3201 attt
3399 3148 3594 3201 Filium
3623 3149 3740 3201 sine
3785 3146 3989 3213 Spiritu

2414 3243 2660 3313 intelligi,
2692 3252 2785 3294 aut
2818 3239 3078 3308 Spiritum
3126 3254 3154 3292 a
3201 3239 3343 3291 Filio
3377 3238 3674 3304 disparari.
3714 3236 3845 3301 Qua:
3898 3252 3990 3287 nc-

2413 3349 2686 3403 quaquatn
2738 3333 2810 3385 ita
2845 3346 2904 3384 se
2935 3331 3227 3393 haberent,
3276 3330 3379 3382 nisi
3434 3329 3605 3382 Filius
3662 3337 3716 3380 et
3756 3328 3993 3394 Spiritus

2414 3433 2639 3475 sanctus
2689 3420 2935 3472 ordinent
2968 3418 3034 3471 ad
3069 3418 3302 3469 invicem
3359 3418 3641 3474 haberent.
3688 3417 3989 3470 Secundum

2414 3529 2578 3583 quem
2641 3512 2776 3565 alter
2824 3510 3127 3563 referretur
3173 3509 3239 3561 ad
3293 3509 3551 3561 alterum.
3608 3507 3740 3559 Nam
3780 3508 3831 3559 iu
3884 3506 3988 3567 his,

2414 3621 2536 3673 qua:
2584 3605 2763 3659 soluta
2812 3612 2962 3663 sunt,
3014 3614 3067 3654 et
3112 3616 3233 3668 qua:
3269 3600 3592 3668 simpliciter
3626 3600 3831 3666 absque
3883 3599 3991 3651 ulla

2416 3694 2679 3747 relatione
2758 3702 2812 3745 et
2862 3693 3052 3745 ordine
3112 3706 3170 3744 se
3223 3692 3285 3742 ad
3330 3692 3559 3743 invicem
3607 3689 3827 3750 habent,
3884 3703 3989 3739 non

2414 3785 2663 3852 cogimur
2692 3783 2925 3835 alterum
2970 3780 3281 3848 cogitando,
3312 3781 3542 3833 alterum
3588 3794 3806 3847 quoque
3848 3779 3993 3845 cogi-

2418 3876 2617 3927 tatione
2657 3870 2974 3940 complecti.
3034 3870 3087 3922 Id
3143 3869 3350 3937 quippe
3412 3868 3632 3923 illorum
3666 3866 3838 3918 solum
3886 3873 3988 3926 est,

2414 3981 2536 4035 qttte
2564 3964 2812 4017 ordinem
2845 3963 2910 4014 ad
2943 3961 3176 4013 invicem
3212 3953 3437 4019 habent,
3484 3957 3785 4011 secundum
3829 3970 3989 4023 quem

2418 4054 2733 4110 necessario
2762 4055 2926 4107 etiam
2960 4051 3125 4104 simul
3158 4050 3490 4118 cogitantur.

2488 4150 2565 4202 Ex
2588 4148 2788 4217 quibus
2823 4154 3061 4207 constat,
3103 4144 3231 4212 quia
3267 4158 3372 4195 non
3403 4142 3560 4195 Pater
3588 4141 3740 4194 solus
3793 4138 3857 4192 ad
3888 4136 3990 4205 Fi-

2415 4245 2569 4306 lium,
2600 4256 2694 4295 seu
2750 4240 2816 4292 ad
2879 4236 3096 4290 Patrem
3153 4235 3322 4289 Filius
3374 4235 3619 4285 ordinem
3670 4232 3853 4293 habet,
3900 4230 4013 4284 sed’

2414 4334 2580 4387 etiam
2636 4328 2811 4383 Filius
2865 4327 2931 4379 ad
3013 4324 3281 4393 Spiritum
3381 4331 3656 4377 sanctum.
3737 4320 3849 4373 Hoc
3941 4329 3996 4373 ct

2421 4425 2479 4476 Β.
2511 4420 2846 4476 Athanasius
2874 4416 3223 4486 apertissime
3275 4416 3327 4468 in
3363 4414 3588 4481 epistola
3634 4414 3700 4465 ad
3739 4412 3994 4478 Serapio-

791 4508 977 4562 Posito
1013 4508 1181 4575 igitur
1214 4523 1384 4560 unum
1411 4522 1535 4562 esse
1587 4524 1650 4563 ac
1682 4511 1782 4562 tria
1823 4509 2016 4568 Deum.
2051 4518 2103 4563 et
2134 4511 2305 4563 altero
2338 4487 2382 4538 θ
2416 4528 2535 4565 nem
2567 4512 2633 4564 de
2660 4508 2865 4578 Spiritu
2894 4516 3085 4559 sancto
3128 4506 3309 4573 posuit
3347 4519 3361 4554 :
3408 4522 3425 4553 ε
3469 4502 3756 4563 Euiudem,
3800 4500 3990 4567 inquit,

716 4620 779 4657 cx
822 4604 907 4656 his
945 4602 1163 4670 quidem
1209 4603 1276 4655 de
1319 4603 1556 4655 esstlntia
1638 4611 1693 4655 et
1742 4604 1947 4655 unitate
1985 4603 2308 4655 substantia:

715 4709 1004 4755 concesso,
1055 4694 1121 4746 de
1160 4695 1355 4754 altero,
1410 4693 1661 4746 νὶιΙι-Ιὶυει
1710 4692 1778 4745 de
1827 4692 2097 4745 Trinitate
2135 4693 2305 4759 hypo-

716 4795 958 4848 stascon,
1012 4799 1106 4838 seu
1158 4800 1543 4852 personarum,
1596 4786 1662 4836 de
1713 4799 1904 4837 earum
1954 4785 2020 4837 ad
2074 4786 2303 4837 invicem

713 4879 927 4940 ordine,
961 4894 1026 4931 ex
1065 4878 1169 4931 his.
1206 4893 1328 4945 qua:
1359 4878 1502 4930 dicta
1537 4888 1686 4940 sttut,
1719 4878 2018 4931 videamus.

785 4976 1057 5039 Quoniam
1112 4974 1299 5043 itaque
1348 4990 1580 5043 magnus
1637 4974 1794 5027 Pater
1848 4975 2081 5028 Basilius
2126 4975 2307 5027 Euno—

716 5069 886 5120 tnium
922 5067 1228 5127 insimulat,
1258 5065 1511 5118 ordinem
1556 5068 1607 5117 in
1639 5066 1747 5119 lico
1779 5069 1865 5135 pie
1895 5082 2001 5118 non
2040 5068 2307 5134 recipien-

715 5170 845 5221 tum,
908 5159 1111 5227 quippe
1176 5159 1322 5211 hunc
1378 5158 1693 5221 aitllt¥;.'ﬂl‘e,
1756 5158 2134 5212 irrationabile
2185 5173 2307 5212 esse

714 5250 1017 5303 arbitratur
1084 5257 1251 5317 atque
1282 5263 1406 5303 eum
1449 5250 1695 5317 quidem,
1758 5249 1850 5318 qui
1887 5250 2034 5303 circa
2063 5250 2308 5305 traditio-

788 5458 996 5528 “,Geu.
1030 5477 1179 5526 xxw,
1214 5461 1268 5516 2.

783 5676 862 5735 (Ξ)
901 5676 1067 5739 Ἀγκυ
1078 5671 1268 5740 ρωτδς,
1308 5672 1344 5717 ιι
1357 5677 1629 5720 moratus.

1057 5724 1138 5799 eat
1174 5724 1501 5812 personant;
1558 5750 1681 5790 nam
1722 5733 1772 5788 itt
1808 5731 1997 5787 Gt'tcco
2030 5736 2109 5785 cst
2142 5724 2302 5795 hypo-

716 5824 892 5871 statis.

2414 4604 2661 4658 ordinem
2731 4616 2795 4663 ac
2861 4606 3114 4651 naturam
3155 4595 3317 4649 habet
3354 4593 3598 4663 Spiritus
3642 4593 3708 4644 ad
3777 4588 3991 4653 Filium,

2413 4696 2629 4766 qualem
2662 4693 2727 4746 ad
2760 4694 2974 4744 Patrem
3004 4687 3195 4743 Filius.
3232 4707 3249 4739 ι

2489 4784 2712 4851 Magnus
2741 4795 2962 4849 quoque
2986 4779 3219 4832 Basilius
3245 4778 3295 4829 in
3322 4792 3429 4829 xvu
3462 4775 3525 4828 ad
3554 4773 3991 4841 Amphilochium

2358 4873 2377 4890 ’
2414 4878 2491 4931 sic
2516 4876 2627 4927 ait:
2676 4893 2693 4923 ι
2733 4872 2886 4923 Siettt
2918 4871 3082 4935 igitur
3113 4868 3275 4920 habet
3309 4865 3485 4918 Filius
3520 4865 3585 4916 ad
3631 4864 3867 4923 Patrem,
3921 4862 3991 4913 ita

2415 4979 2466 5021 et
2507 4967 2572 5019 ad
2608 4966 2804 5017 Filium
2845 4961 3105 5030 Spiritus,
3135 4959 3289 5025 juxta
3323 4973 3442 5009 eam
3477 4971 3597 5023 qua:
3630 4955 3787 5007 uobis
3820 4954 3871 5005 iu
3901 4953 3993 5004 ba-

2418 5061 2619 5128 ptismo
2642 5055 2897 5109 traditur.
2921 5054 3211 5105 verborum
3240 5050 3655 5103 connexiouetu.
3692 5064 3709 5096 ι

2487 5154 2720 5205 Constat
2753 5146 2921 5213 igitur
2951 5160 3014 5197 ex
3064 5144 3168 5204 his,
3208 5157 3329 5209 qua:
3360 5142 3502 5193 dicta
3532 5148 3679 5199 sunt,
3719 5140 3771 5190 in
3805 5146 3992 5189 sancta

2419 5243 2690 5299 Trinitatc
2725 5252 3083 5310 personarum
3121 5235 3433 5290 divinarum
3488 5235 3551 5286 ad
3603 5230 3835 5284 invicem
3874 5243 3996 5281 esse

2484 5652 2562 5717 il)
2606 5653 2681 5711 De
2715 5653 2819 5709 hoc
2843 5650 3032 5707 ordine
3062 5649 3235 5705 multa
3270 5646 3326 5707 S.
3359 5645 3695 5718 Epiphanius
3724 5642 3777 5697 iu
3819 5643 3987 5697 Anco-

2416 5734 2554 5778 tata.
