4462 6440
488 403 552 464 st
1604 399 2009 462 ADVERSUS
2046 397 2359 459 GR/ECOS
2386 402 2528 462 LIB.
2562 403 2607 460 ι.
3648 408 3717 466 ρρ

489 506 759 561 ordinem.
787 507 887 571 Qui
922 510 1065 561 enim
1126 506 1245 561 Filii
1272 518 1326 565 et
1359 507 1594 576 Spiritus
1619 509 1685 563 ad
1720 508 1933 561 Patrem
1959 521 2050 561 or-
2082 510 2127 565 Α
2156 515 2216 558 ut
2268 506 2563 563 Eunomius
2604 509 2835 567 volebat,
2873 511 2922 560 in
2956 518 3139 562 sancta
3200 509 3462 579 Trinitate
3502 528 3718 568 sanctos

490 598 673 648 dinem
706 599 901 660 reddit,
939 596 1059 651 Filii
1115 610 1293 652 autem
1349 608 1402 653 et
1434 598 1680 668 Spiritus
1714 599 1780 652 ad
1822 598 2052 651 invicem

491 689 805 751 evltl'undit,
842 692 1054 749 ordinis
1114 691 1318 744 bonum
1372 691 1480 744 Deo
1506 707 1568 745 ex
1599 691 1827 745 dimidio
1860 690 2053 744 reddit.

492 780 701 833 Bonum
730 784 873 834 enim
912 785 1049 836 ordo
1074 793 1178 845 est,
1219 793 1382 851 atque
1413 783 1724 837 ordinatqu
1756 798 1892 837 esse.
1920 781 2054 847 Quia

490 870 639 921 enim
671 871 724 921 in
752 872 855 934 bis,
899 888 1019 938 qua:
1050 880 1178 924 sunt
1229 874 1385 935 ordo,
1418 874 1735 939 pra'clarum
1794 872 2054 940 quiddam

482 968 545 1010 et
583 962 849 1026 quimnm
884 972 987 1024 est,
1017 963 1160 1029 quod
1190 970 1243 1015 et
1271 963 1512 1016 caelestia
1548 962 1708 1015 simul
1763 972 1816 1015 et
1847 971 2059 1015 terrena

491 1048 761 1106 continet,
821 1061 984 1100 omne
1040 1058 1221 1101 autem
1274 1050 1536 1116 optimum
1585 1063 1615 1101 a
1683 1048 1790 1101 Deo
1836 1057 2058 1102 manat:

495 1133 668 1184 multo
717 1144 899 1187 autem
961 1138 1136 1202 magis
1191 1138 1243 1189 in
1300 1136 1430 1201 Deo,
1476 1139 1624 1191 velut
1689 1138 1740 1190 in
1774 1138 2059 1206 principali

497 1233 690 1283 causa,
719 1223 920 1275 bonum
965 1225 1094 1277 illud
1136 1226 1493 1280 excellentius
1540 1228 1720 1281 inesse
1760 1227 2061 1294 intelligen-

494 1313 624 1363 dum
660 1322 763 1366 est.
794 1312 950 1376 Nam,
989 1315 1141 1368 utait
1171 1314 1231 1368 D.
1261 1315 1549 1385 Dionysius
1576 1317 1627 1369 in
1660 1317 1756 1371 lib.
1812 1318 1886 1371 De
1936 1319 2062 1371 divi-

498 1404 577 1454 nis
608 1404 906 1458 nominibus
943 1419 961 1455 :
993 1424 1011 1456 ι
1051 1404 1177 1469 Qum
1207 1409 1258 1459 ιιι
1293 1408 1601 1461 consulibus
1625 1419 1753 1463 sunt
1780 1409 2065 1477 perfectio-

497 1506 616 1550 nes,
641 1507 734 1544 eas
760 1494 811 1545 in
845 1496 1029 1549 causis
1063 1496 1194 1564 ipsis
1224 1496 1380 1565 longe
1415 1499 1595 1566 potius
1623 1513 1687 1553 ac
1716 1500 1865 1568 prius
1886 1500 2065 1555 inesse

498 1581 850 1635 manifestum
880 1594 983 1636 est.
1018 1602 1038 1635 ι

566 1669 700 1733 Quis
757 1688 886 1724 vero
916 1674 1027 1739 jam
1068 1678 1332 1730 adversus
1379 1687 1483 1730 tam
1534 1679 1759 1733 eximios
1811 1680 2064 1734 Ecclesia:

496 1761 787 1825 magistros
849 1766 1177 1818 contendere
1228 1777 1540 1835 prmsumat,
1592 1779 1777 1836 aperte
1840 1770 1894 1822 in
1958 1769 2064 1823 Deo

494 1853 660 1901 trium
695 1853 758 1903 ad
794 1867 851 1906 se
881 1852 1112 1907 invicem
1141 1872 1495 1919 personarum
1534 1860 1779 1913 ordinem
1817 1861 2063 1915 cientes?

494 1936 682 2005 Itaque
715 1943 836 1995 licet
868 1945 1089 2010 quidem
1141 1947 1392 2001 absolute
1443 1963 1506 2003 ac
1546 1950 1886 2018 simpliciter,
1940 1968 2062 2007 cum

494 2027 571 2080 ita
627 2038 736 2083 trcs
793 2046 1056 2097 personas
1120 2051 1494 2100 numeramus,
1533 2040 1859 2109 tertiamque
1894 2044 2062 2098 solam

495 2119 777 2175 insinuare
802 2124 1071 2184 volumus,
1106 2126 1267 2178 aliam
1300 2144 1641 2195 praeponere,
1676 2133 1837 2185 aliam
1894 2136 2065 2204 subji-

496 2224 646 2273 cere,
681 2222 738 2263 ut
770 2223 851 2265 est
880 2214 1011 2266 illud
1044 2216 1289 2280 Apostoli
1323 2235 1338 2269 :
1385 2235 1403 2268 ι
1436 2218 1619 2272 Gratia
1656 2220 1867 2276 Domini
1895 2226 2061 2277 nostri

488 2299 873 2361 JCSII.(illt‘iSli,
908 2314 961 2358 et
992 2306 1233 2362 cbaritas
1290 2310 1390 2364 Dei
1428 2320 1482 2364 et
1517 2313 1711 2378 Patris,
1738 2324 1789 2368 et
1824 2330 2066 2371 commu-

492 2391 699 2445 nicatio
740 2396 911 2448 sancti
954 2396 1192 2465 Spiritus
1240 2400 1320 2465 ¹¹;
1367 2420 1384 2452 ι
1416 2412 1511 2454 aut
1573 2408 2064 2477 quomodocunqne

493 2482 676 2535 aliter.
729 2482 898 2539 Porro
946 2490 1257 2543 valentibus
1326 2492 1635 2547 divinarum
1702 2511 2062 2564 personarum

491 2570 713 2623 nomina
773 2588 839 2625 eo
890 2576 1079 2629 ordine
1134 2581 1528 2646 pronuntiare,
1579 2599 1686 2652 quo
1748 2597 1949 2642 :eterne
2000 2605 2094 2651 ac,

492 2675 716 2729 semper
743 2664 998 2719 similiter
1021 2668 1087 2720 ad
1122 2670 1355 2724 invicem
1387 2672 1608 2739 habent,
1646 2686 1701 2729 et
1744 2694 1852 2746 quo
1884 2681 2064 2735 Trini-

494 2752 623 2805 tatis
665 2753 925 2819 perfectio
976 2758 1315 2827 designatur,
1357 2765 1502 2817 nulla
1563 2770 1776 2824 ratione
1808 2775 2063 2826 concedi-

490 2850 599 2896 tttr.
632 2842 895 2906 Quocirca
930 2864 1155 2915 magnus
1176 2851 1405 2909 Basilius
1429 2856 1479 2908 in
1502 2858 1596 2910 lib.
1626 2875 1673 2912 tv
1699 2859 2063 2923 Qumstianum

488 2934 612 2986 ait:
655 2953 673 2984 ‹
716 2934 834 2989 Non
854 2949 1037 2992 tamen
1081 2942 1208 3009 quia
1253 2945 1428 3011 primo
1468 2947 1554 3001 bic
1601 2952 1774 3004 sancti
1826 2952 2062 3020 Spiritus

489 3024 788 3090 Apostolus
840 3031 1109 3096 meminit,
1157 3037 1398 3090 secundo
1440 3036 1581 3099 Filii,
1640 3043 1801 3096 tertio
1865 3044 1955 3099 Dei
2007 3058 2061 3101 et

2155 596 2379 648 omnino
2402 598 2667 663 almegare
2701 613 2872 651 :cnm
2912 614 3038 650 vero
3067 614 3173 665 quo
3225 615 3469 668 persona:
3520 606 3718 657 dist-cr-

2160 695 2383 743 nuntur.
2437 688 2733 738 St'CtIlttltlm
2766 703 2922 754 quem
2971 703 3133 741 causa
3169 689 3241 755 (6)
3288 687 3449 758 atque
3500 696 3721 748 'caus.de

2161 790 2282 826 cum
2318 784 2587 830 coarterno
2643 788 2696 829 et
2741 779 3184 831 consubstzmtiaii
3224 782 3513 846 inducitur,
3551 794 3597 834 et
3629 784 3721 836 do-

2159 881 2299 928 cere,
2327 875 2379 918 et
2410 875 2465 919 nt
2498 867 2663 933 pium,
2694 882 2757 919 ac.
2786 871 3120 937 religiosum,
3154 875 3401 939 amplecti
3446 890 3507 927 ac
3544 878 3720 929 susci-

2161 972 2307 1026 pere,
2341 973 2512 1023 neque
2541 958 2677 1010 idem
2708 968 2893 1012 contra
2922 962 3055 1013 ident
3094 977 3333 1015 asserere
3367 975 3528 1033 atque
3559 968 3723 1019 dene-

2163 1064 2309 1117 gare.
3432 1118 3435 1119 ν

2233 1139 2431 1193 Praeter
2466 1143 2573 1195 haec
2602 1153 2801 1206 autent,
2841 1160 2960 1211 qua:
3002 1146 3141 1199 dicta
3178 1157 3324 1211 sunt,
3383 1162 3721 1217 nequaquam

2164 1240 2307 1283 esset
2332 1229 2571 1285 Trinitas
2607 1233 2765 1294 Deus,
2799 1236 2901 1288 nisi
2938 1236 3036 1287 tria
3074 1238 3300 1289 imirent
3326 1249 3725 1292 connecteren-

2167 1328 2255 1371 tnr
2280 1362 2294 1383 ,
2345 1336 2406 1375 ac
2438 1325 2735 1376 secundum
2769 1326 3014 1377 ordinem
3071 1342 3227 1377 suum
3262 1328 3544 1380 unirt-ntnr
3579 1344 3592 1379 :
3633 1330 3723 1382 sed

2166 1413 2266 1465 tria
2321 1414 2636 1482 simpliciter
2669 1414 2732 1468 ac
2766 1426 2965 1469 temere
3004 1417 3223 1485 (quippe
3251 1420 3462 1470 sublata
3498 1422 3725 1477 unitate,

2165 1519 2328 1571 quam
2363 1506 2495 1558 ordo
2528 1506 2580 1558 in
2617 1507 2801 1558 multis
2852 1506 3035 1569 cﬂicit)
3066 1509 3367 1562 inordinata
3425 1520 3629 1570 essent,
3668 1525 3729 1561 ac

2167 1595 2422 1661 plurima,
2485 1597 2591 1647 imo
2646 1599 2825 1665 potius
2867 1598 3019 1648 nihil.
3056 1598 3238 1664 Neque
3272 1601 3414 1651 enim
3476 1601 3552 1649 vel
3606 1601 3726 1660 tria,

2168 1686 2249 1739 vel
2283 1698 2519 1755 quatuor
2547 1702 2667 1741 esse
2704 1688 2812 1739 ullo
2847 1689 3003 1739 modo
3039 1698 3278 1753 possunt,
3330 1690 3429 1740 nisi
3464 1688 3727 1747 Trinitas,

2171 1776 2249 1828 vel
2279 1778 2619 1845 quateruitas
2655 1780 2838 1829 animo
2882 1787 3006 1830 ante
3039 1780 3435 1845 conciperetur.
3461 1778 3726 1843 Quoniam

2171 1868 2332 1936 igitur
2371 1869 2529 1919 trium
2589 1883 2749 1919 unam
2776 1870 3172 1921 connexioucm
3210 1874 3553 1931 t-orlitmnnr,
3588 1859 3730 1922 sit-nt

2168 1975 2333 2013 unam
2399 1961 2562 2011 etiam
2610 1962 2924 2022 essentiam,
2962 1960 3245 2027 primoque
3280 1960 3398 2011 loco
3449 1959 3607 2013 Pater
3649 1973 3732 2015 est

2166 2065 2352 2112 causa,
2386 2065 2604 2103 necesse.
2635 2057 2861 2101 estesse
2902 2058 2955 2101 et
2991 2052 3232 2103 tertinnt.
3277 2050 3502 2103 Sublato
3533 2052 3731 2119 quippe

2168 2144 2348 2204 tertio,
2382 2158 2478 2196 nec
2520 2144 2754 2210 primum
2779 2142 2905 2194 erit.
2958 2141 3011 2194 ln
3044 2142 3293 2211 plurimis
3324 2143 3465 2195 enim
3502 2143 3589 2195 ubi
3623 2144 3731 2208 pri-

2167 2248 2313 2285 mum
2342 2242 2444 2293 est,
2481 2232 2811 2295 necessario,
2844 2248 2963 2297 quae
2996 2243 3117 2300 post
3152 2235 3385 2300 primum
3422 2242 3567 2293 sunt,
3604 2248 3733 2285 con-

2168 2326 2416 2378 nexionis
2451 2324 2589 2376 serie
2642 2325 2705 2376 ad
2758 2323 2990 2390 primum
3025 2323 3354 2378 referuntur.
3398 2324 3573 2391 Atque
3632 2325 3733 2376 hoc

2168 2417 2400 2470 maxime.
2435 2417 2486 2468 in
2533 2426 2722 2469 sancta
2761 2414 3045 2480 Trinitate,
3080 2417 3168 2470 ubi
3207 2417 3367 2468 triqu
3400 2432 3562 2469 unam
3597 2415 3732 2470 fate-

2165 2520 2289 2558 mur
2316 2505 2728 2567 eonucxioncm,

2237 2596 2492 2657 Rursum,
2545 2601 2800 2663 quoniam
2852 2598 3068 2650 tcrt'um
3131 2612 3159 2649 a
3233 2596 3395 2651 Patre
3467 2598 3730 2666 Spiritum

2164 2700 2411 2763 sanctum
2441 2688 2690 2740 doctores
2720 2688 3031 2754 praedicant,
3081 2687 3320 2755 profecto
3374 2693 3565 2741 tertius
3628 2706 3732 2741 non

2165 2786 2313 2831 esset
2341 2778 2514 2845 primo
2544 2778 2779 2831 sublato.
2805 2779 3046 2831 Tertium
3078 2782 3219 2831 enim
3250 2781 3453 2832 idcirco
3478 2781 3735 2838 dit-imus,

2166 2869 2293 2936 quia
2350 2867 2583 2921 refertur
2614 2870 2681 2921 ad
2742 2873 2998 2938 primum.
3038 2868 3099 2921 Et
3143 2870 3242 2922 hoc
3276 2871 3455 2922 itidem
3509 2887 3614 2923 non
3664 2873 3734 2922 ita

2165 2970 2331 3023 esset,
2365 2961 2465 3012 nisi
2492 2970 2546 3013 et
2579 2962 2811 3028 primum
2875 2961 2941 3013 ad
2976 2962 3279 3013 secundum
3316 2960 3540 3011 haberet
3585 2963 3735 3012 ordi-

2168 3052 2485 3105 nem.Alias
2546 3054 2744 3120 quippe
2782 3068 2956 3118 neque
3012 3052 3177 3105 trium
3241 3052 3511 3103 connexio
3567 3065 3734 3114 esset,

487 3109 690 3176 Patris,
724 3121 982 3174 continuo
1013 3124 1315 3189 putandum
1358 3136 1460 3188 est,
1489 3143 1805 3195 perversum
1844 3146 1938 3190 aut
1962 3138 2062 3191 im-
2090 3138 2133 3194 C
2168 3157 2342 3209 neque
2378 3143 2558 3195 unitas
2592 3160 2603 3196 :
2640 3144 2731 3195 ειεά
2770 3145 2893 3199 tria,
2921 3154 2976 3196 ut
3012 3142 3269 3202 diximus,
3303 3143 3642 3210 simpliciter,
3676 3158 3738 3197 ac

486 3216 760 3259 mutatum
811 3224 934 3265 esse
962 3214 1237 3271 ordinem.
1299 3215 1374 3269 Ex
1424 3228 1614 3274 nostro
1658 3223 1858 3293 quippe
1915 3242 2065 3282 more

486 3298 710 3352 initium
764 3304 1019 3371 sumpsit.
1072 3303 1303 3370 Quando
1337 3310 1481 3362 enim
1525 3310 1667 3366 dona
1704 3318 2059 3385 suscipimus.

486 3389 669 3455 primo
689 3391 1039 3448 distribuenti
1075 3398 1461 3466 congredimur
1484 3441 1498 3462 ,
1537 3404 1732 3459 deinde
1759 3408 2060 3465 mittentem

482 3480 829 3545 concipimus
895 3485 1101 3543 animo,
1167 3498 1275 3541 tum
1310 3491 1376 3543 ad
1425 3492 1600 3560 ipsum
1644 3499 1906 3553 bonorum
1940 3500 2075 3555 fon-‘

481 3578 590 3623 tam
619 3587 952 3644 causamque
992 3579 1315 3647 cogitatione
1338 3587 1732 3641 convertimur.
1762 3608 1780 3639 ι

554 3662 708 3727 Quod
735 3669 779 3717 si
816 3683 881 3719 ex
910 3684 1059 3722 more,
1090 3681 1279 3726 nostro
1311 3676 1524 3729 initium
1558 3691 1856 3747 sumentes,
1888 3687 2059 3752 primo

483 3756 841 3809 meminimus
867 3758 1123 3825 Spiritus,
1176 3778 1203 3814 a
1252 3780 1361 3829 quo
1395 3767 1446 3818 in
1484 3782 1581 3820 nos
1633 3785 1918 3827 munerum
1952 3777 2059 3829 lar-

482 3843 621 3906 gitas
655 3856 865 3908 manat;
892 3850 1085 3903 deinde
1142 3852 1287 3919 Filii,
1328 3870 1390 3908 ac
1429 3859 1589 3910 tertio
1625 3875 1719 3927 per
1746 3861 1942 3918 Filium
1992 3870 2056 3922 ad

485 3932 704 3989 Patrem
762 3940 1058 4003 tendimus,
1099 3944 1288 4011 liquet,
1349 3948 1493 4016 quod
1552 3950 1658 4005 illic
1712 3954 2054 4024 incipientes,

481 4026 663 4091 primo
698 4026 896 4091 Patris,
923 4031 1121 4087 deinde
1152 4033 1271 4087 Filii
1305 4052 1366 4090 ac
1400 4044 1559 4095 tertio
1602 4042 1840 4112 Spiritus
1883 4052 2055 4104 sancti

480 4118 782 4172 secundum
854 4121 1137 4179 Trinitatis
1208 4129 1481 4196 proprium
1546 4148 1609 4187 ac
1666 4138 2054 4205 sempiternum

480 4210 728 4264 ordinem
777 4214 1148 4273 meminimus.
1198 4219 1406 4289 itaque,
1476 4226 1519 4278 si
1571 4242 1728 4294 quem
1799 4234 2054 4289 sacerdos

480 4300 803 4367 l-aptizaret,
833 4317 997 4371 atque
1026 4310 1097 4362 ita
1135 4312 1418 4378 baptizans
1445 4319 1861 4383 pronuntiaret:
1901 4342 1918 4373 ι
1953 4325 2054 4377 lia-

483 4394 627 4461 plizo
651 4406 700 4448 te
736 4397 788 4449 in
824 4401 1049 4452 nomine
1106 4400 1307 4468 Patris,
1336 4416 1388 4459 et
1434 4406 1667 4472 Spiritus
1692 4422 1742 4463 et
1772 4411 1913 4477 Filii,
1950 4415 2049 4471 lic-

478 4485 646 4539 elesia
699 4489 1007 4557 lmiusmoii
1058 4495 1384 4562 baptizatum
1449 4502 1543 4567 (5),
1579 4505 1734 4571 quasi
1783 4505 2054 4573 baptismo

478 4591 881 4644 Consecratum,
940 4600 1217 4647 nunquam
1262 4589 1576 4645 admitteret
1650 4610 1715 4647 eo
1760 4599 1901 4664 quod
1947 4614 2052 4651 non

472 4668 631 4733 juxta
658 4669 868 4727 Domini
922 4676 1270 4729 traditionem
1323 4680 1625 4747 baptizatus
1661 4695 1826 4744 esset,
1860 4701 2056 4738 secon-

472 4759 604 4811 dum
667 4777 830 4830 quam
878 4767 1162 4820 nominum
1221 4786 1284 4824 ac
1333 4788 1509 4823 rerum
1563 4773 1826 4836 Trinitas,
1882 4778 2055 4832 Patris

472 4846 705 4909 scilicet,
734 4860 788 4903 et
810 4851 952 4916 Filii,
985 4866 1034 4907 et
1067 4861 1240 4911 sancti
1268 4859 1522 4928 Spiritus,
1558 4873 1615 4916 ut
1648 4879 1705 4917 se
1728 4866 1793 4918 ad
1820 4866 2051 4922 invicem

476 4940 661 5003 liabet,
698 4945 894 4997 tradita
936 4957 1017 5001 est
1047 4949 1223 5012 nobis,
1258 4968 1419 5018 quam
1456 4954 1745 5009 immutare
1772 4974 1877 5011 non
1905 4961 2047 5015 liCct.

473 5030 685 5097 Quippe
716 5048 831 5095 eos,
892 5038 983 5105 qni
1024 5040 1378 5096 immutarent
1425 5057 1650 5100 sanctus
1691 5047 1926 5105 Basilius
1957 5070 2051 5107 ca-

471 5122 649 5174 vrndo
678 5126 911 5192 monuit,
946 5140 1133 5199 utpote
1163 5133 1412 5199 pietatem
1438 5148 1622 5205 aperte
1651 5154 2049 5211 oppugnantes,

466 5222 520 5261 et
584 5227 760 5281 neque
816 5218 865 5270 in
941 5221 1207 5276 'l'rinitate
1259 5224 1616 5293 baptizantes,
1686 5247 1860 5301 neque
1912 5236 2051 5289 banc

460 5300 619 5367 juxta
661 5303 873 5358 Domini
940 5311 1285 5367 traditionem
1322 5319 1664 5374 conlitentes.
1724 5300 1960 5392 Apparet
1999 5326 2048 5379 id

462 5407 691 5459 quoque
719 5409 841 5449 eum
894 5401 1165 5469 ordinem,
1224 5423 1334 5476 quo
1366 5417 1575 5462 natura:
1633 5411 2044 5482 discernuntur,

540 5562 582 5590 ¹²
619 5558 657 5611 ll
693 5562 819 5617 Cor.
847 5580 967 5630 χιιι,
1009 5569 1096 5622 15.

460 5706 889 5844 ωξῇξςὲξιιιρινθ
951 5712 1089 5769 lianc
1129 5716 1437 5786 opinionem
1480 5719 1687 5778 Calccae
1738 5722 1802 5778 de
1867 5721 2037 5778 forma

2167 3240 2373 3283 temere
2424 3231 2731 3283 inordinate
2770 3235 2840 3283 'sr
2874 3231 3151 3291 habentia,
3181 3242 3344 3297 atque
3379 3232 3447 3284 ab
3507 3233 3734 3283 ὶιιι·ἰ‹‹ε.ιι

2166 3319 2462 3387 disparata.
2525 3318 2629 3372 Sed
2686 3320 2788 3373 lto’e
2821 3321 2904 3374 liis
2933 3336 3052 3387 qua:
3093 3336 3119 3372 a
3154 3322 3434 3390 magistris
3483 3320 3667 3373 Eca-lee
3693 3340 3736 3373 :n

2165 3411 2447 3475 dicuntur,
2502 3414 2887 3479 communique
2944 3412 3274 3466 eonleSsioni
3343 3415 3463 3466 tidei
3518 3427 3736 3467 conua-

2164 3503 2304 3557 rimu
2358 3504 2584 3558 omnino
2640 3514 2742 3559 cst.
2778 3504 3017 3557 Primum
3048 3508 3217 3565 enim,
3250 3515 3298 3559 et
3334 3506 3657 3569 secundum,
3687 3516 3739 3559 ct

2164 3600 2381 3650 tertium
2436 3598 2689 3662 fatemur,
2758 3614 3033 3658 unamque
3093 3598 3482 3652 cannexionetu
3537 3611 3739 3653 saneta:

2163 3687 2471 3752 Trinitatis,
2504 3705 2673 3758 eaque
2700 3691 2801 3743 sibi
2855 3690 3084 3743 invicem
3118 3691 3373 3759 conjungi
3403 3703 3456 3743 ct
3487 3694 3736 3745 conmeti

2162 3782 2323 3845 serie,
2351 3796 2513 3849 supra
2546 3782 2657 3851 jam
2691 3782 2891 3835 dictum
2922 3792 3024 3835 est.
3068 3780 3190 3835 ll.ec
3222 3792 3399 3836 autem
3432 3798 3616 3851 aperte
3648 3802 3741 3838 or-

2161 3874 2345 3926 dinem
2406 3873 2813 3927 commendant.
2870 3874 3064 3942 Liquet
3134 3875 3298 3941 igitur
3350 3890 3412 3928 ex
3462 3877 3567 3938 his,
3622 3893 3742 3944 qua:

2161 3964 2303 4016 dicta
2333 3971 2479 4025 sunt,
2538 3961 2979 4030 quandoquidem
3011 3963 3146 4015 ordo
3179 3964 3414 4016 ttism'eta
3452 3967 3740 4031 Sigttiltttul,

2159 4054 2252 4122 qui
2290 4053 2778 4108 consubstantialis
2836 4054 3081 4108 ordinem
3121 4069 3241 4107 esse
3274 4056 3481 4120 dicunt,
3542 4072 3637 4109 eos
3690 4059 3742 4110 in

2158 4143 2361 4197 divinis
2395 4158 2643 4212 peccare.
2685 4143 2763 4196 lla
2796 4145 2940 4197 enim
2977 4146 3241 4199 unitatem
3279 4146 3505 4199 reddent
3535 4150 3744 4215 potius,

2160 4252 2319 4305 quam
2368 4237 2637 4291 ordinem.
2696 4236 2827 4289 Nam
2886 4254 3133 4304 persona:
3172 4250 3303 4302 tres,
3360 4242 3412 4294 in
3468 4255 3736 4309 quantum

2158 4335 2285 4378 sunt
2321 4326 2548 4379 invicem
2593 4327 3109 4387 consubstantiales.
3138 4330 3290 4397 juxta
3325 4331 3567 4399 ejusdem
3602 4335 3736 4387 sub-

2162 4415 2373 4468 stantize
2430 4415 2692 4466 rationem
2755 4430 2922 4466 unum
2962 4424 3114 4468 sunt.
3163 4415 3333 4470 Porro
3382 4421 3541 4472 unius
3572 4423 3635 4474 ad
3687 4438 3745 4475 se

2164 4501 2365 4567 ipsum,
2403 4502 2700 4554 secundum
2747 4518 2882 4567 rem,
2929 4503 3174 4557 ordinem
3201 4521 3344 4570 esse,
3411 4508 3461 4560 in
3490 4502 3745 4578 μιεδῐιιὶὶιε

2156 4602 2261 4643 (³51.

2229 4680 2518 4737 ΡΓιΝΟΙὋΩ.
2553 4692 2603 4735 rt
2658 4699 2684 4735 a
2747 4684 2906 4737 Patre
2955 4700 3096 4745 esse,
3131 4688 3398 4741 ambobus
3455 4705 3744 4744 conzmnne

2161 4787 2281 4823 rum
2317 4773 2408 4834 sit,
2445 4774 2657 4825 uisionis
2694 4778 2899 4841 potius,
2950 4792 3112 4843 quam
3146 4778 3497 4832 discretionis
3548 4782 3612 4833 ad
3658 4786 3742 4833 in-

2159 4864 2333 4917 vicem
2372 4870 2555 4917 causa
2615 4863 2717 4922 est,
2765 4868 2867 4919 nisi
2932 4868 3075 4922 aliud
3136 4870 3340 4937 al‘quid
3430 4874 3741 4941 adjiciatur.

2165 4955 2374 5024 Quippe
2409 4965 2461 5009 ct
2519 4973 2706 5009 onmes
2738 4956 2986 5010 homines
3040 4973 3105 5011 eo
3154 4962 3271 5028 ipso
3307 4964 3548 5029 quidem,
3595 4968 3741 5031 ιμιειιι

2162 5066 2226 5103 ex
2265 5049 2433 5099 Adam
2491 5049 2753 5115 originem
2793 5049 3037 5113 trahunt,
3101 5052 3330 5105 invicem
3371 5056 3506 5107 uniti
3560 5065 3688 5108 sunt
3722 5099 3734 5121 ,

2162 5141 2328 5194 certis
2359 5155 2484 5193 vero
2522 5139 2831 5195 rationibus
2885 5150 2941 5194 ct
2995 5144 3423 5211 prOpi-ietatibns
3465 5148 3534 5199 ab
3566 5166 3623 5200 se
3657 5149 3742 5199 di-

2163 5232 2542 5300 stinguuntur.
2574 5230 2758 5299 itaque.
2800 5239 3095 5299 utrumque
3131 5248 3195 5286 ex
3224 5236 3380 5290 l’atre
3413 5252 3533 5290 esse
3594 5239 3742 5290 dice-

2161 5336 2239 5384 re,
2313 5322 2447 5377 satis
2480 5338 2583 5375 nott
2647 5328 2837 5375 estad
2897 5324 3315 5391 exprimendum
3382 5344 3504 5380 cum
3580 5346 3739 5397 quem

2163 5415 2365 5469 habent
2404 5416 2470 5467 ad
2544 5415 2798 5476 invicem,
2845 5414 3113 5468 ordinem.
3150 5417 3252 5471 Sed
3298 5418 3440 5470 enim
3486 5420 3743 5487 |t_\'|:05t:t--

2232 5723 2307 5789 (6)
2351 5724 2843 5801 More‘Grterorum
2885 5730 3104 5785 Patrum
3140 5746 3201 5787 ac
3249 5735 3575 5801 scripttu'um
3609 5750 3735 5787 cmi-

2167 5810 2275 5847 smn
2309 5810 2406 5863 pro
2431 5798 2690 5866 principio
2720 5814 2962 5869 uSm-pat.
