4462 6440
746 394 816 456 23
2005 402 2397 463 MANUELlS
2432 407 2734 465 CALECAE
2840 482 2845 485 _
3173 452 3177 457 .
3886 395 3975 474 '24

748 519 878 553 seon
924 516 1018 557 seu
1059 522 1415 572 personarum
1451 510 1515 561 ad
1555 525 1612 562 se
1649 510 1879 563 invicem
1910 513 2062 579 juxta
2096 514 2303 566 incom-
2337 520 2380 571 Λ
2482 514 2715 568 Sanctus
2773 518 2896 570 item
2956 519 3196 587 Cyrillus
3235 520 3285 572 in
3340 538 3352 574 ι
3410 517 3793 572 Thcsaurorum
3838 520 3913 571 ait
3955 528 3969 562 =

747 592 984 651 mistam,
1018 604 1183 659 atque
1219 597 1556 651 ineonfusam
1594 601 1881 660 rationem,
1912 603 2157 655 ordinem
2190 618 2310 656 esse

741 686 941 743 dicere,
979 684 1348 741 irrationabile
1378 692 1604 743 omnino
1630 700 1733 745 est.
1768 693 1897 745 Esse
1926 695 2070 745 enim
2106 694 2312 747 incont-

742 774 937 827 mISlaS
971 777 1033 827 ad
1071 777 1325 842 invicem,
1362 791 1643 835 servantes
1677 783 1778 836 sibi
1806 800 2025 837 suarum
2069 787 2307 853 proprie-

741 872 910 916 tatum
967 867 1251 931 terminos,
1310 885 1528 924 necesse
1576 883 1705 925 est:
1764 888 1938 941 neque
1989 876 2132 928 enim
2174 877 2309 930 alias

738 956 873 1007 ordo
905 969 1215 1010 servaretur
1246 975 1260 1022 ;
1301 976 1406 1013 non
1441 973 1618 1015 tamen
1654 964 1775 1016 ideo
1816 980 2037 1019 noeesse
2068 977 2171 1025 est,
2225 968 2309 1018 in-

739 1047 1179 1109 commiSIarum,
1223 1052 1273 1102 in
1308 1062 1569 1118 quantum
1605 1054 1950 1106 incommista
1982 1065 2131 1117 sunt,
2163 1058 2307 1109 ordi-

740 1150 862 1186 nem
895 1139 959 1187 ad
1018 1138 1245 1191 invicem
1322 1152 1626 1202 servantes,
1689 1144 1791 1195 nisi
1878 1145 2038 1196 etiam
2095 1144 2308 1195 habitus

739 1229 804 1278 al
868 1227 1095 1281 invicem
1176 1231 1397 1297 quidam
1451 1231 1559 1286 illis
1629 1233 1805 1286 inesse
1871 1233 2140 1285 videatur.
2227 1231 2305 1284 Ex

738 1332 849 1383 quo
888 1334 1018 1372 sane
1080 1320 1271 1375 ordine
1308 1322 1371 1374 ad
1413 1323 1640 1376 invicem
1712 1332 1764 1376 ct
1818 1324 2025 1387 habitu,
2080 1339 2305 1376 suarum

738 1408 903 1459 etiam
935 1412 1327 1476 proprietatum
1399 1414 1613 1465 termini
1669 1413 1926 1467 confundi
1980 1414 2307 1480 miscerique

739 1516 848 1553 non
892 1513 1141 1569 possunt.
1201 1503 1319 1567 Quo
1386 1506 1549 1559 etiam
1608 1517 1836 1567 rt-ntoto,
1900 1507 2303 1558 incommistum

738 1592 872 1644 illud
928 1594 1228 1646 secundum
1305 1612 1383 1656 se,
1420 1596 1841 1650 inord'nationis
1897 1597 2105 1663 potius,
2139 1612 2302 1664 quam

739 1684 946 1734 ordinis
966 1682 1117 1735 licrct
1143 1699 1332 1737 causa.
1376 1684 1737 1747 Quaerendum
1787 1685 1950 1751 igitur
1978 1686 2027 1736 in
2057 1688 2304 1753 personis

737 1772 957 1835 divinis,
1021 1789 1266 1838 quzenam
1322 1775 1641 1826 sit’ordinis
1692 1769 1876 1827 carum
1956 1776 2019 1826 ad
2073 1775 2301 1827 invicem

736 1878 923 1925 causa,
958 1864 1223 1931 quteitem
1249 1866 1700 1918 incommistionis
1725 1864 2023 1918 secundum
2055 1866 2300 1933 proprie-

736 1963 875 2007 tates
947 1970 1096 2008 suas.
1139 1956 1287 2007 Alias
1343 1957 1509 2018 enim,
1564 1964 1922 2023 przeterquum
1970 1956 2113 2023 quod
2166 1956 2298 2008 nihil

735 2045 1043 2107 conficitur,
1077 2048 1363 2114 imperitia:
1402 2064 1619 2115 quoque
1667 2048 1889 2099 cvidens
1921 2058 2299 2113 argumentum

736 2150 843 2200 cst,
880 2141 1104 2193 causale
1133 2140 1292 2208 quasi
1343 2155 1563 2200 causam
1600 2154 1819 2206 ponere.
1851 2138 2020 2207 Igitur
2052 2152 2302 2206 oportere

735 2230 956 2296 quidem
1021 2231 1332 2283 necessario
1394 2231 1639 2283 ordinem
1702 2230 1755 2282 in
1803 2230 2004 2284 divinis
2056 2230 2303 2298 personis

734 2320 1067 2373 immobilem
1104 2321 1284 2382 fateri,
1318 2336 1493 2390 neque
1516 2336 1638 2374 esse
1670 2322 1723 2375 in
1777 2331 1959 2374 nostra
2015 2328 2304 2387 potestate,

734 2424 794 2467 nt
827 2414 1071 2475 libuerit,
1125 2416 1383 2467 traditum
1446 2416 1735 2468 immutare
1759 2414 2027 2473 ordinem,
2077 2429 2303 2483 eosque,

734 2505 827 2565 qui
866 2505 1176 2567 immutaut,
1218 2516 1273 2559 ut
1307 2520 1416 2573 quo
1454 2516 1638 2573 aperte
1681 2514 1993 2572 oppugnant
2026 2505 2303 2571 pietatem,

736 2596 986 2650 vitandos
1044 2612 1182 2658 esse,
1222 2598 1354 2649 satis
1390 2612 1452 2649 ex
1488 2596 1861 2663 superioribus
1886 2606 2165 2649 ostensum
2202 2604 2302 2648 est.

807 2687 1074 2751 Quoniam
1146 2702 1274 2740 vero
1310 2688 1572 2739 unitatem
1639 2700 1703 2739 ac
1763 2686 2081 2739 Trinitatem
2140 2686 2307 2738 Deum

737 2777 1082 2841 confitemur,
1113 2792 1176 2829 ac
1204 2778 1358 2845 juxta
1391 2780 1651 2830 unitatem
1685 2778 1903 2845 quidem
1939 2792 2112 2845 neque
2152 2778 2309 2841 ordo,

736 2884 910 2935 neque
941 2884 1248 2935 processus,
1299 2884 1474 2935 neque
1509 2883 1868 2934 personarmn
1904 2884 2165 2922 numerus
2230 2869 2313 2923 in-

736 2959 1007 3027 spicitur:
1044 2974 1150 3011 una
1192 2959 1334 3012 enim
1370 2975 1455 3011 res
1482 2962 1716 3012 essentia
1750 2968 1835 3013 est
1862 2959 2087 3013 omnino
2136 2958 2312 3012 indis-

736 3060 906 3114 creta,
978 3051 1251 3118 uniusque
1282 3050 1346 3102 ad
1384 3051 1623 3118 seipsnm
1662 3050 1961 3103 secundum
2026 3064 2139 3103 rem
2179 3050 2314 3102 orsto

2420 623 2437 654 ι
2473 603 2651 671 Giguit
2686 605 2881 659 Filium
2925 608 3082 660 Pater
3116 611 3262 660 nullo
3295 610 3493 661 medio.
3531 627 3549 657 ι

2484 687 2629 741 Idem
2654 705 2819 757 super
2848 692 3140 761 Evangelio
3169 692 3417 755 Joannis,
3465 709 3585 745 rum
3642 693 3694 745 id
3751 692 3973 745 verbum

2411 788 2702 844 exponeret
2744 796 2757 831 :
2820 779 2932 833 Hoc
2983 792 3095 833 erat
3150 784 3205 835 in
3251 783 3506 850 principio
3571 784 3710 849 apud
3768 783 3970 842 Deum,

2413 867 2485 920 ita
2512 868 2587 920 ait
2616 857 2683 920 τ’(
2723 868 2855 924 Esse
2904 882 3085 925 autem
3120 888 3241 925 cum
3293 873 3431 926 Filio
3477 873 3688 927 Patrem
3722 872 3976 937 intelligi-

2411 973 2552 1022 mus,
2589 970 2809 1029 propter
2835 963 3155 1016 substantia:
3207 963 3804 1016 iucommutabilitatem
3842 980 3855 1015 :
3893 973 3974 1015 at—

2410 1062 2516 1114 que
2548 1049 2684 1112 ideo,
2714 1050 2856 1117 quod
2888 1052 3112 1104 omnino
3134 1053 3421 1119 contiguus
3454 1052 3545 1115 sit,
3599 1053 3749 1105 nullo
3772 1052 3971 1114 medio,

2410 1136 2482 1196 ei,
2514 1137 2656 1203 quod
2686 1153 2749 1189 ex
2783 1153 2840 1191 se
2871 1140 3192 1193 naturaliter
3224 1142 3508 1209 processit.
3550 1160 3570 1192 ι

2482 1225 2710 1295 Magnus
2760 1227 2900 1281 idem
2935 1228 3191 1294 Basilius,
3225 1222 3277 1283 i'n
3330 1233 3489 1298 epit-tt.
3545 1231 3609 1283 ad
3656 1229 3972 1298 Grcgorium

2410 1315 2631 1369 fratrem
2693 1318 2758 1370 de
2808 1317 3110 1373 diﬂereutia
3169 1322 3422 1374 essentia:
3494 1330 3657 1387 atque
3719 1320 3973 1373 substan-

2408 1409 2495 1461 tiae
2529 1409 2628 1476 (7),
2661 1410 2737 1462 ait
2773 1426 2787 1462 :
2828 1429 2845 1459 ι
2894 1411 3067 1465 Filius
3100 1422 3280 1465 autem
3323 1413 3496 1474 solus,
3530 1412 3624 1479 qui
3660 1413 3974 1478 unigenitus

2406 1497 2473 1550 de
2504 1499 2746 1566 ingenito
2769 1501 2969 1555 elIulsit
2997 1502 3222 1565 lumine;
3256 1502 3457 1554 nullam
3485 1502 3637 1568 juxta
3677 1502 3978 1567 proprieta-

2407 1593 2511 1637 tem
2548 1604 2903 1656 personarum
2931 1590 3371 1641 communionem
3408 1586 3571 1638 habet
3621 1586 3685 1636 ad
3742 1585 3976 1642 Patrem,

2405 1685 2487 1737 vel
2519 1682 2583 1735 ad
2616 1681 2881 1748 Spiritum
2913 1686 3184 1732 sanctum.
3220 1696 3238 1727 ι
3276 1677 3574 1744 Gregorius
3616 1675 3742 1726 item
3783 1673 3979 1742 Nysse—

2410 1791 2508 1829 nus
2541 1789 2701 1841 super
2739 1772 2998 1825 Oratione
3032 1768 3311 1821 Dominica
3345 1808 3359 1829 ,
3419 1769 3471 1819 in
3501 1782 3566 1818 eo
3596 1774 3855 1824 tractatu,
3883 1766 3974 1830 qui

2406 1866 2594 1932 incipit
2634 1882 2646 1914 :
2710 1861 2960 1914 Umbram
2991 1861 3257 1911 continens
3312 1858 3610 1924 futurorum
3650 1856 3752 1917 lex;
3797 1873 3814 1903 ι
3850 1853 3978 1906 Uni-

2403 1955 2643 2024 genitus,
2672 1952 2872 2018 inquit,
2923 1949 3094 2002 Filius
3126 1963 3188 2001 ex
3227 1948 3384 2000 Patre
3417 1962 3445 1998 a
3481 1944 3541 1997 S.
3571 1944 3855 2012 Scriptura
3883 1958 3980 1995 no-

2405 2049 2677 2108 minatur,
2722 2052 2885 2111 atque
2917 2041 3188 2093 hactenus
3222 2041 3341 2107 ejus
3376 2040 3688 2106 proprietas
3718 2038 3913 2091 fertur.
3953 2056 3971 2085 ι

2477 2136 2710 2190 Sanctus
2742 2149 2959 2203 quoque
2986 2135 3311 2186 Anastasius
3340 2131 3640 2184 Antiochiae
3693 2130 3977 2197 episcopus

2406 2229 2459 2281 in
2492 2229 2585 2280 lib.
2621 2241 2720 2281 suo
2751 2225 2823 2277 De
2845 2226 3180 2291 dogmatibus
3217 2223 3321 2291 (8),
3374 2221 3531 2289 cujus
3585 2221 3800 2273 initium
3851 2228 3977 2272 est:

2408 2319 2658 2375 Sulubris
2689 2318 2813 2385 fidei
2847 2326 3044 2369 nostra!
3095 2315 3350 2367 rationem
3374 2355 3387 2377 ,
3426 2313 3503 2364 ait
3535 2328 3551 2364 :
3588 2329 3605 2361 ι
3637 2311 3891 2378 Spiritus,
3920 2319 3979 2363 ut

2407 2414 2543 2476 dixi,
2573 2412 2772 2465 dicitur
2816 2407 2975 2471 Deus,
3025 2416 3080 2461 et
3136 2416 3360 2459 sanctus
3395 2404 3559 2458 Deus.
3629 2402 3750 2455 llarc
3793 2409 3975 2454 autem

2408 2504 2567 2557 ambo
2600 2500 2896 2568 composita
2926 2497 3145 2551 nomina
3170 2497 3217 2548 ei
3250 2503 3561 2562 congruunt
3588 2534 3600 2553 ,
3637 2494 3729 2559 qui
3764 2492 3978 2560 proprie

2413 2596 2652 2663 Spiritus
2699 2602 2921 2646 sanctus
2977 2590 3301 2658 appellatur,
3344 2588 3486 2640 sicut
3519 2596 3569 2638 et
3611 2584 3787 2637 Patris
3827 2599 3980 2634 vocn-

2408 2686 2597 2739 bulum
2628 2698 2834 2745 causaa,
2869 2691 2920 2735 et
2950 2680 3093 2745 Filii,
3124 2681 3172 2732 ei
3206 2680 3296 2747 qui
3326 2696 3387 2732 ex
3434 2692 3599 2731 causa
3666 2677 3814 2729 nullo
3868 2692 3980 2728 me-

2411 2775 2502 2828 dio
2530 2774 2726 2842 prodit,
2763 2772 3231 2824 accommodatur.
3274 2790 3292 2820 ι

2484 2867 2560 2919 Ita
2596 2866 2758 2933 igitur
2790 2863 2909 2916 Filii
2941 2878 3005 2916 ex
3048 2863 3208 2915 Patre
3237 2863 3607 2930 {'processum,
3642 2859 3977 2915 nativitatem

2416 2958 2624 3013 scilicet
2658 2956 3027 3009 immediatam
3058 2955 3346 3015 discimus,
3402 2954 3704 3009 secundum
3735 2968 3895 3020 quam
3927 2961 3979 3004 et

2417 3051 2752 3118 unigenitus,
2787 3055 2839 3099 et
2860 3047 3009 3100 solus
3038 3047 3102 3099 de
3128 3048 3245 3099 solo
3268 3045 3494 3107 dicitur,
3529 3044 3978 3112 personalemqne

736 3150 832 3193 aut
859 3141 1116 3194 disert-tio
1148 3156 1253 3194 non
1290 3149 1415 3194 est:
1478 3141 1749 3207 reliquum
1805 3148 1909 3201 est,
1940 3149 1998 3191 ut
2051 3139 2298 3193 Ordinem
2334 3145 2377 3203 (ἶ
2411 3153 2563 3192 suam
2618 3152 2679 3188 ac
2720 3135 3135 3189 substantialem
3194 3132 3575 3200 proprietatem
3610 3130 3735 3183 hinc
3760 3127 3977 3194 accipit,

738 3248 1140 3302 numerumque
1172 3248 1530 3302 personarum
1567 3234 1720 3301 juxta
1752 3244 2041 3300 processus
2072 3245 2201 3284 suos
2234 3229 2310 3283 fa-

739 3338 970 3379 teamur.

814 3419 928 3469 Duo
962 3416 1187 3470 omnino
1215 3430 1507 3485 processus
1542 3414 1594 3467 in
1629 3412 1737 3466 Deo
1768 3413 1924 3467 nobis
1958 3411 2137 3465 traditi
2160 3418 2307 3472 su-‘t,

737 3509 894 3572 alter,
947 3510 1244 3562 secundum
1282 3507 1657 3569 nativitatem,
1691 3505 1849 3567 alter,
1898 3505 2049 3571 juxta
2088 3515 2310 3571 proces-

737 3600 971 3670 sionem.
1036 3599 1203 3650 Deum
1260 3599 1461 3666 quippe
1526 3611 1590 3649 ex
1655 3596 1763 3647 Deo
1797 3594 1973 3657 nasci,
2034 3592 2313 3659 Deumque

736 3700 867 3745 item
900 3706 962 3743 ex
1030 3691 1138 3743 Deo
1178 3688 1493 3756 procedere,
1526 3686 1725 3740 divinis
1757 3685 1975 3738 Litteris
2029 3686 2308 3738 docemur.

735 3790 915 3853 Atque
934 3782 1054 3835 Fiiii
1076 3782 1293 3849 quidem
1325 3795 1355 3833 a
1385 3779 1546 3832 Patre
1575 3777 1947 3831 immediatum
1970 3792 2310 3847 processum,

738 3888 962 3932 sanctus
997 3875 1253 3938 Basilius,
1304 3874 1355 3926 in
1408 3872 1504 3926 lib.
1542 3872 1803 3924 Adversus
1857 3869 2209 3933 Eu'nomium,
2240 3869 2309 3922 ita

738 3969 1088 4024 Commendat
1124 3984 1137 4021 :
1179 3985 1196 4016 ι
1257 3966 1474 4019 Initium
1511 3961 1730 4031 quidem
1770 3961 1946 4015 Patris
1993 3960 2311 4027 nullumque

738 4064 933 4116 horum
988 4060 1248 4113 medium.
1311 4077 1329 4109 ι
1375 4060 1723 4125 Rursumque
1790 4057 1843 4107 in
1905 4053 2095 4108 eodem
2133 4069 2147 4106 :
2181 4071 2199 4103 α
2245 4050 2316 4106 Ut

735 4156 881 4206 enim
932 4152 1098 4206 stulta
1146 4160 1232 4204 est
1288 4147 1646 4215 interrogatio
1678 4146 1846 4208 ineo,
1878 4143 1970 4211 qui
2012 4142 2131 4197 sine
2162 4144 2311 4208 prin-

737 4246 878 4314 cipio
913 4252 1075 4309 atque
1132 4239 1406 4309 ingenitus
1438 4247 1539 4301 cst,
1574 4236 1829 4304 superius
1870 4234 2074 4303 aliquid
2102 4247 2311 4301 quaere-

737 4354 839 4393 re:
876 4345 930 4389 et
986 4335 1073 4388 hic
1130 4334 1181 4385 in
1214 4346 1301 4393 eo,
1334 4332 1426 4400 qui
1486 4328 1814 4396 sempiterne
1847 4341 1971 4380 cum
2009 4324 2165 4377 Putre
2211 4333 2314 4387 est,

738 4430 1057 4497 nullumque
1090 4427 1252 4479 habet
1285 4424 1525 4476 medium
1556 4423 1696 4473 inter
1727 4434 1785 4472 se
1808 4428 1862 4472 et
1891 4417 2211 4482 genitorem.
2249 4432 2267 4464 ι

2418 3230 2560 3300 quod
2592 3237 2645 3282 et
2674 3228 2890 3291 genitus
2916 3235 3018 3288 est,
3066 3234 3121 3277 et
3150 3238 3177 3276 a
3214 3224 3366 3277 Patre
3419 3221 3734 3290 Spirituque
3784 3220 3981 3273 distiu-

2420 3322 2618 3390 guitur.
2652 3318 2860 3385 Quippe
2889 3321 3026 3367 hanc
3054 3313 3173 3380 ejus
3203 3312 3475 3380 propriam
3518 3311 3849 3378 agnitionem
3884 3322 3980 3359 no-

2422 3414 2505 3465 bis
2539 3408 2779 3476 magistri
2818 3404 3181 3476 tradiderunt,
3214 3402 3359 3471 quod
3390 3402 3539 3454 solus
3572 3401 3683 3467 ipse
3732 3398 3981 3469 unigeni-

2427 3513 2511 3556 tus
2542 3502 2606 3553 de
2638 3496 2880 3566 ingenito
2946 3494 3148 3547 lumine
3176 3492 3421 3560 prodeat.
3474 3490 3683 3542 Dictum
3715 3499 3795 3541 est
3838 3488 3982 3540 cnim

2423 3593 2668 3647 veritatis
2733 3586 3026 3640 terminum
3093 3593 3145 3637 et
3212 3583 3480 3633 rationem
3550 3580 3813 3630 hactenus
3912 3577 3985 3627 illi

2425 3686 2809 3755 proprietatem
2835 3679 3050 3740 sistere,
3088 3682 3147 3727 ut
3178 3672 3388 3725 scilicet
3419 3669 3745 3728 immediate,
3775 3676 3825 3719 et
3856 3681 3987 3718 con-

2426 3778 2774 3835 tinenter,ae
2833 3768 3009 3836 genite
3039 3779 3103 3817 ex
3162 3761 3323 3814 Patre
3370 3761 3459 3819 sit,
3519 3757 3746 3811 ulterius
3810 3764 3986 3807 autem

2428 3866 2740 3920 nullatenus
2791 3858 3062 3929 progredi.
3115 3854 3325 3920 Quippe
3379 3858 3593 3903 cumet
3640 3848 3879 3914 Spiritus
3922 3864 3985 3898 cx

2424 3961 2581 4014 Patre
2615 3956 2830 4025 quidem
2867 3952 2956 4013 sit,
3016 3964 3117 4002 nec
3146 3957 3324 4000 tamen
3376 3948 3639 3995 hactenus
3700 3955 3991 4008 processus

2422 4052 2568 4107 illius
2594 4047 2896 4116 proprietas
2928 4052 3089 4110 atque
3119 4037 3327 4104 agnitio
3361 4034 3645 4088 subsistat.

2499 4142 2708 4194 Dictum
2738 4146 2823 4189 est
2848 4145 3051 4193 autem,
3079 4139 3134 4182 et
3180 4126 3299 4179 Filii
3332 4123 3658 4177 vocabulum
3692 4121 3740 4175 ei
3772 4120 3990 4189 proprie

2425 4244 2744 4301 congruere,
2775 4227 2864 4293 qui
2895 4225 2968 4278 sit
2995 4237 3058 4275 ex
3093 4220 3271 4280 Patre,
3308 4215 3756 4279 nullointerjeeto
3793 4211 3991 4264 medio.

2426 4326 2747 4391 Quanquam
2795 4325 2987 4385 pra’ter
3044 4314 3175 4371 hate,
3210 4319 3261 4363 et
3298 4310 3488 4367 Patris,
3520 4317 3574 4361 et
3624 4306 3743 4359 Filii
3800 4322 3992 4357 nomen

2427 4415 2671 4469 habitum
2739 4409 2802 4461 ad
2864 4405 3093 4457 invicem
3146 4416 3209 4455 ac
3285 4400 3604 4453 relationem
3662 4397 3993 4448 individuam

810 4522 955 4575 Idem
1019 4517 1293 4572 rursusin
1329 4530 1415 4577 ea,
1470 4528 1632 4580 quam
1676 4525 1841 4578 supra
1899 4507 2320 4561 memoravimus
2356 4482 2396 4535 ί)
2429 4502 2623 4558 reddit.
2689 4496 2845 4550 Aliud
2903 4494 3047 4546 enim
3112 4503 3360 4550 causam,
3414 4485 3561 4539 aliud
3611 4499 3740 4539 vero
3777 4500 3908 4537 caus
3950 4488 3995 4536 Ie

739 4614 804 4667 ad
834 4610 1142 4666 Canonicas
1194 4606 1434 4675 Epistola
1494 4621 1507 4657 :
1564 4622 1580 4652 ι
1626 4600 1682 4655 Si
1730 4602 1873 4654 enim
1911 4597 2019 4652 Deo
2072 4595 2322 4664 superior

737 4714 824 4759 cst
852 4702 1113 4771 Spiritus,
1142 4713 1251 4751 non
1283 4698 1394 4766 jam
1429 4710 1493 4746 ex
1544 4694 1652 4745 Deo
1682 4700 1785 4754 est,
1818 4691 1861 4745 si
1900 4696 2080 4741 autem
2122 4702 2183 4739 ex
2217 4687 2322 4738 Dco

738 4809 845 4861 est,
880 4794 1155 4866 quomodo
1224 4791 1504 4859 antiquior
1535 4795 1621 4842 est
1662 4785 1789 4847 illo,
1834 4798 1897 4835 ex
1932 4794 2041 4849 quo
2070 4779 2201 4833 est?
2254 4779 2323 4830 At

740 4907 807 4944 ne
838 4889 1128 4958 Uuigenito
1160 4884 1380 4955 quidem
1419 4883 1568 4951 prior
1607 4888 1712 4945 est,
1747 4876 1954 4931 nullutn
2005 4874 2150 4927 enim
2186 4871 2325 4923 inter

738 4980 953 5033 Patrem
984 4993 1046 5032 ac
1070 4976 1269 5030 Filium
1310 4973 1546 5027 medium
1576 4979 1678 5023 cst.
1728 4987 1745 5019 ι

811 5072 1110 5139 Gregorius
1138 5069 1303 5124 etiam
1330 5065 1612 5134 Nyssenus
1666 5063 1717 5114 in
1778 5074 1794 5112 ι
1850 5057 2115 5112 adversus
2142 5053 2322 5108 Euno.

739 5168 910 5221 mium
942 5165 1102 5228 libro,
1138 5163 1217 5215 sic
1246 5162 1323 5214 ait
1362 5179 1374 5212 :
1406 5176 1423 5208 ι
1466 5156 1626 5210 Pater
1657 5152 1874 5223 quidem
1902 5152 2019 5207 sine
2054 5149 2325 5217 principio

739 5268 904 5327 atque
936 5255 1214 5325 ingenitus
1276 5249 1627 5318 intelligitur.
1664 5245 1740 5298 Ex
1781 5245 1899 5313 ipso
1934 5254 2139 5304 autem,
2170 5242 2323 5308 juxta

740 5348 983 5419 contigui
1016 5347 1307 5409 rationem,
1339 5339 1780 5411 inseparabiliter
1808 5335 2122 5407 unigenitus
2151 5333 2324 5388 Filius

739 5459 864 5495 cum
896 5438 1058 5492 Patre
1099 5436 1261 5491 simul
1306 5432 1647 5502 intelligitur.
1687 5447 1704 5479 ι

814 5587 889 5653 (7)
932 5586 1119 5640 (ΕΙ-ποθ
1172 5591 1257 5635 est
1291 5579 1662 5653 tinos-ciam;
1700 5574 1853 5653 Quod
1878 5569 2059 5653 potius
2091 5568 2327 5646 rctincn-

741 5639 887 5711 dunt,
903 5639 982 5710 vel
1012 5670 1250 5725 persomc
1283 5650 1604 5706 vocabulum
1652 5639 2015 5699 adhibendum
2042 5650 2099 5694 ut
2129 5639 2326 5692 vitetur

743 5729 1123 5795 :L‘quivocatio.

817 5778 907 5869 i8),
939 5778 1019 5853 Es
1054 5778 1199 5853 orat.
1252 5797 1375 5850 lex
1421 5792 1528 5847 illis
1577 5789 1818 5859 quinque
1865 5784 1932 5841 de
1986 5781 2146 5837 rectis
2199 5778 2322 5833 ﬁdei

2423 4590 2793 4650 commendat.
2827 4590 3001 4654 Atque
3063 4584 3164 4638 ista
3204 4582 3423 4651 quidem
3459 4581 3536 4634 ita
3593 4595 3649 4633 se
3698 4579 3898 4631 habent
3930 4580 3996 4631 de

2424 4688 2579 4742 Filio.
2772 4671 2782 4681 ’

2497 4776 2682 4830 Sancti
2719 4787 2847 4826 vero
2878 4770 3114 4839 Spiritus
3177 4778 3496 4836 processum
3527 4778 3557 4817 a
3591 4763 3753 4816 Patre
3780 4778 3874 4830 per
3908 4760 4000 4814 Fi-

2428 4871 2557 4923 lium
2620 4883 2742 4921 esse
2788 4864 3103 4922 didicimus,
3177 4877 3242 4913 ex
3298 4874 3408 4925 quo
3458 4860 3712 4912 videlicet
3763 4866 3997 4915 constat,

2426 4961 2555 5029 quia
2592 4973 2698 5010 non
2760 4957 2877 5009 sine
2928 4953 3107 5006 medio
3144 4966 3207 5003 ex
3264 4950 3422 5003 Patre
3457 4950 3657 5017 prodit.
3715 4948 3802 4999 Ait
3853 4947 3997 4999 enim

2426 5050 2724 5118 Gregorius
2775 5045 3053 5116 Nyssenus
3114 5043 3168 5095 in
3231 5042 3371 5094 libro
3408 5055 3570 5106 quem
3597 5039 3664 5092 ad
3717 5039 3998 5091 Ablavium

2427 5140 2648 5209 scripsit
2699 5139 2798 5207 (.9),
2852 5137 3010 5206 cujus
3073 5135 3286 5186 initium
3342 5139 3475 5185 est:
3524 5120 3738 5183 Iustum
3794 5130 3998 5196 quidem

2427 5236 2604 5303 fuerat
2657 5245 2775 5292 vos,
2829 5228 2917 5295 qui
2975 5225 3115 5279 omni
3178 5224 3367 5276 virtute
3418 5221 3664 5287 polletis,
3728 5233 4000 5287 pugnare,

2427 5326 2509 5379 sic
2557 5325 2634 5377 ait
2685 5339 2750 5376 ει
2817 5317 3322 5372 ltnmutabilitatem
3382 5324 3593 5366 natura:
3649 5311 3998 5369 conﬁtentes,

2430 5428 2611 5471 causa}
2640 5411 2709 5466 ad
2745 5408 2968 5465 eausale
3001 5404 3364 5461 diﬂerentiam
3396 5416 3503 5455 non
3539 5401 3915 5468 abnegamus;
3945 5396 3999 5448 in

2436 5561 2779 5625 dogmatibus
2810 5572 2930 5621 qua:
2960 5561 3338 5625 exstant_tom_.

2631 5612 2771 5684 PVi—der
2812 5612 3016 5699 IIeII._I.
3070 5641 3103 5677 tt
3162 5622 3233 5675 De
3270 5620 3507 5699 gltristo‘.
3540 5630 3591 5699 εἰ.
3626 5614 3718 5677 25,
3746 5612 3867 5699 “ubi
3905 5612 4006 5699 hoc

2437 5685 2809 5758 testiinonium
2848 5696 3054 5765 profert
3086 5704 3138 5747 et
3166 5691 3422 5765 explicat.
3449 5689 3515 5745 Et
3537 5685 3877 5743 Gennadium
3903 5696 4004 5751 pro

2434 5772 2671 5830 COltClIIO
2702 5762 3038 5832 Florentino,
3072 5770 3204 5820 sect.
3239 5762 3293 5816 3.
3870 5791 3884 5806 .
