4462 6440
478 390 556 449 95
1594 385 1986 443 ADVERSUS
2030 381 2339 443 GRAECOS
2377 385 2522 447 LIB.
2564 386 2608 443 ῐ.
3652 388 3721 444 ‘26

481 516 593 567 quo
624 501 744 554 solo
779 498 1008 551 alterum
1036 500 1103 549 ab
1138 494 1309 549 altero
1362 494 1623 562 distingui
1659 494 2032 559 intelligimus.
2074 497 2113 549 Α
2145 496 2392 559 quamvis
2420 510 2601 549 causa:
2652 496 3006 563 causalisquc
3037 497 3265 556 ratione,
3299 511 3583 562 processus
3621 498 3721 547 dif-

482 590 601 655 qtti,
636 588 864 639 alterum
898 586 1141 651 quidem,
1165 597 1385 635 causam
1434 597 1555 636 esse
1579 621 1593 643 ,
1632 583 1858 634 alterum
1890 594 2041 640 vero,

482 694 546 730 ex
585 691 751 729 causa
779 656 1079 726 credimus.
1120 674 1291 739 Atque
1316 673 1435 740 ejus
1466 672 1609 740 quod
1648 687 1710 724 ex
1744 685 1908 723 causa
1940 680 2044 728 est.

484 767 645 819 aliam
683 782 870 818 rursus
898 763 1257 816 differentiam
1307 762 1669 828 agnoscimus.
1706 761 1864 812 Aliud
1898 741 2041 811 c'nitn

484 864 587 911 cst.
618 854 762 921 quod
794 870 858 908 ex
892 854 1069 920 primo
1093 854 1432 904 continenter
1459 863 1675 914 manat;
1710 847 1878 910 aliud,
1905 847 2049 915 quod

485 956 585 1009 per
618 942 717 995 hoc
753 940 931 1007 ipsum
1004 954 1067 992 ex
1104 939 1277 1005 primo
1333 937 1535 1004 prodit,
1571 938 1639 988 ita
1678 944 1735 989 ut
1782 934 2048 1002 L'nigeuiti

487 1042 685 1079 nomen
719 1027 926 1092 alisque
986 1026 1089 1077 ulla
1131 1026 1485 1089 ambiguitate
1521 1022 1659 1075 Filio
1717 1030 1965 1081 maneat.
2000 1031 2051 1073 et

487 1127 550 1165 ex
585 1110 745 1162 Patre
780 1111 1040 1175 Spiritum
1078 1126 1217 1167 esse,
1260 1108 1618 1159 dubitandum
1648 1124 1751 1159 non
1789 1109 1892 1169 sit;
1932 1123 2053 1159 cum

488 1205 542 1249 et
582 1196 701 1248 Filii
738 1197 1013 1259 mediatio,
1079 1205 1135 1248 ut
1182 1196 1251 1246 ita
1287 1196 1486 1255 dicam,
1542 1203 1593 1245 et
1629 1194 1734 1245 sibi
1795 1193 2055 1259 unigl-niti

492 1288 756 1343 honorem
790 1298 989 1352 servet,
1036 1298 1091 1340 et
1152 1288 1416 1356 Spiritum
1464 1286 1698 1340 naturali
1738 1287 1802 1338 a.l
1844 1284 2055 1337 Patrem

491 1380 677 1433 habitu
715 1396 819 1433 non
847 1380 1118 1433 excludat.
1170 1399 1189 1431 ι

557 1471 825 1535 Quoniam
880 1470 1046 1538 igitur
1103 1470 1370 1535 theologia
1442 1478 1626 1522 nostra
1675 1467 1871 1534 duplex
1929 1477 2005 1519 est
2041 1508 2053 1529 ,

491 1561 645 1613 unita
712 1560 941 1623 scilicet,
998 1572 1160 1628 atque
1194 1561 1457 1613 discreta.
1491 1560 1559 1609 At
1601 1559 1689 1609 illa
1721 1557 1937 1624 quidem
1975 1571 2065 1607 se-

488 1650 729 1701 cundum
760 1651 922 1704 unius
946 1651 1195 1704 essentia:
1227 1652 1513 1708 unitatem,
1574 1649 1685 1699 lizec
1711 1657 1887 1698 autem
1911 1644 2066 1712 juxta

490 1737 831 1802 personalem
870 1750 1223 1802 processuum
1261 1736 1690 1787 distinctionem.
1730 1734 1902 1786 Unum
1934 1732 2063 1803 qqio

488 1826 611 1876 deni
641 1824 806 1875 Deum
840 1824 1339 1877 incommutabilem
1401 1824 1453 1876 in
1514 1824 1719 1890 seipse.
1759 1832 1921 1889 atque
1976 1822 2062 1873 in-

488 1916 786 1967 diScretnm
880 1917 1181 1968 secundum
1254 1917 1550 1968 essentiam
1640 1924 1735 1967 aut
1810 1924 2059 1966 naturam

489 2003 800 2066 Confessus,
828 2006 990 2057 unius
1035 2005 1179 2059 enim
1214 2005 1277 2058 ad
1304 2008 1570 2073 seipsum,
1605 2004 1749 2057 nulla
1781 2005 2060 2057 utdictum

488 2101 593 2151 est.
647 2097 940 2149 secundum
998 2112 1109 2150 rem
1171 2098 1433 2150 discretio
1488 2112 1611 2150 esse
1663 2104 1875 2163 potest;
1936 2111 2060 2149 cum

490 2184 771 2253 deinceps,
838 2196 895 2239 ut
940 2203 1062 2241 sese
1110 2188 1173 2239 ad
1240 2188 1471 2240 invicem
1534 2187 1765 2242 habeant
1818 2205 2065 2258 persona:

489 2273 689 2327 divinae
723 2276 932 2327 ratione
992 2258 1283 2344 processus
1311 2277 1600 2330 enucleare
1626 2278 1813 2341 vellet;
1858 2280 1909 2333 in
1942 2295 2067 2333 cau-

490 2376 633 2426 sam,
660 2373 713 2415 et
744 2363 960 2417 causalc
979 2361 1301 2436 [causatum]
1323 2365 1499 2433 primo
1524 2365 1802 2420 discrevit.
1829 2368 2063 2422 Causam

492 2452 745 2511 Patrem.
808 2458 1027 2511 causale
1069 2473 1197 2510 vero
1236 2460 1511 2513 communi
1551 2461 1912 2529 appellatione
1977 2462 2065 2513 Fi-

491 2545 625 2601 lium
678 2565 741 2604 ac
773 2548 1038 2616 Spiritum
1095 2565 1318 2611 vacans.
1353 2566 1473 2619 quae
1530 2553 1715 2616 etiam,
1751 2568 1817 2607 ex
1876 2570 2063 2615 causa.

492 2642 750 2708 appellat.
784 2643 971 2708 aitque
1007 2642 1183 2695 solum
1235 2643 1390 2709 juxta
1457 2658 1679 2698 causam
1740 2654 1793 2699 ct
1845 2648 2067 2701 causale

490 2732 704 2785 divinas
732 2732 992 2801 distingui
1023 2748 1305 2801 personas.

566 2821 793 2884 Deinde,
829 2839 951 2877 cum
1008 2826 1248 2877 causalia
1292 2826 1430 2893 haec,
1460 2828 1655 2883 Filium
1688 2840 1742 2885 et
1799 2832 2064 2899 Spiritum

491 2923 743 2968 sanctum
776 2931 975 2978 causae.
1019 2917 1335 2985 causaliqne
1389 2920 1600 2974 ratione
1638 2924 2005 2980 communiter
2037 2944 2065 2982 a

491 3006 654 3059 Patre
681 3006 1076 3070 discernerent,
1115 3008 1316 3075 quippe
1345 3025 1468 3062 cum
1505 3015 1748 3067 causalta
1784 3017 1885 3069 sibi
1925 3020 2067 3071 invi-

492 3112 613 3150 cem
646 3097 1079 3159 commnnicent,
1122 3099 1236 3152 hcet:
1268 3115 1462 3154 rursus
1491 3101 1556 3155 ab
1581 3103 1809 3158 invicem
1864 3108 2064 3161 distin-

491 3187 612 3252 guit
651 3187 909 3243 varietate
947 3203 1448 3260 processus.atqne
1472 3194 1542 3245 ita
1570 3193 1740 3248 ferme
1771 3197 1882 3251 ait:
1916 3217 1932 3248 ι
1969 3199 2064 3253 Et-

493 3280 541 3331 si
578 3280 722 3330 enim
766 3266 927 3331 ambo
952 3294 991 3331 .a
1036 3279 1199 3331 Patre
1228 3296 1353 3335 cum
1390 3287 1521 3343 sint,
1559 3299 1625 3336 eo
1653 3285 1885 3340 invicem
1921 3305 2070 3343 com—

495 3367 800 3429 tnunicent,
832 3367 974 3436 quod
1013 3370 1253 3422 causalia
1308 3380 1477 3434 sunt;
1512 3373 1633 3425 intle
1675 3382 1853 3428 tamen
1917 3378 2071 3431 diffv—

493 3467 677 3511 renter
712 3474 832 3511 esse
874 3461 1091 3513 habent.
1130 3459 1394 3525 Quocirca
1423 3462 1597 3530 {aliam
1643 3480 1835 3520 rursus
1876 3468 2067 3522 horum

496 3552 859 3604 differentiam
913 3553 1279 3617 agnoscimus.
1326 3573 1343 3604 ι
1384 3554 1627 3623 Denique
1682 3557 1874 3611 horutn
1943 3562 2071 3613 altr-

500 3659 646 3706 rum,
680 3644 929 3695 ἥδε-Περι
993 3643 1165 3695 Filius
1196 3660 1259 3696 ex
1303 3646 1500 3711 primo,
1540 3648 1589 3698 id
1663 3660 1766 3707 est.
1795 3666 1858 3702 ex
1916 3651 2072 3703 Patre

497 3736 848 3788 continenter
890 3746 1009 3795 cst;
1058 3736 1315 3800 alterum,
1356 3738 1606 3791 videlicet
1680 3740 1940 3808 Spiritus,
1980 3760 2073 3812 per

500 3826 831 3892 hocipsum,
866 3826 1107 3900 quod‘ex
1138 3830 1319 3895 primo
1376 3832 1720 3885 continenter
1747 3843 1848 3897 est,
1887 3836 1936 3886 id
1970 3847 2072 3898 est,

500 3933 599 3986 per
635 3917 856 3981 Filium,
890 3922 983 3981 qui
1017 3934 1080 3971 ex
1140 3917 1324 3981 Patre,
1373 3922 1522 3975 nullo
1556 3924 1839 3992 interjecto
1874 3930 2072 3988 medio.

500 4025 625 4063 esse
654 4010 835 4087 habet.
871 4008 1116 4062 Primum
1162 4013 1407 4079 quidem,
1458 4023 1644 4082 utpote
1675 4032 1922 4082 causam,
1981 4018 2075 4073 Pa-

501 4114 641 4155 trem
681 4105 993 4166 nominans,
1048 4105 1191 4170 qnod
1229 4115 1410 4158 autem
1460 4109 1716 4177 contigue
1768 4111 1848 4162 vel
1900 4115 2073 4167 conti-

502 4200 717 4251 uenter,
744 4207 843 4258 pro
882 4206 968 4249 eo,
1006 4192 1150 4259 quod
1179 4204 1260 4246 est
1302 4195 1632 4255 immediate.
1668 4200 1893 4266 posuit;
1954 4201 2078 4267 Spi-

502 4281 668 4333 ritum
698 4297 842 4341 vero.
868 4297 930 4335 ex
970 4281 1130 4335 Patre
1159 4299 1255 4351 per
1288 4287 1526 4339 medium
1571 4287 1789 4342 Filium.
1825 4290 1891 4344 Ut
1920 4291 2076 4347 Pater

500 4372 745 4440 quidem,
768 4375 857 4441 qui
891 4390 953 4426 ex
987 4376 1135 4428 nullo
1178 4387 1280 4438 est,
1307 4392 1371 4429 eo
1402 4379 1519 4445 ipso
1554 4395 1581 4432 a
1616 4379 1756 4434 Filio
1791 4384 2071 4437 discerna-

2148 584 2377 639 fcrentia
2402 588 2724 653 generaliter
2772 603 3115 655 nequaquam
3138 588 3318 640 differt

2220 675 2308 734 At.
2340 691 2405 727 ne
2436 675 2572 728 forte
2594 679 2862 743 quispiam
2913 678 2981 729 ob
3018 679 3116 730 hoc
3144 677 3262 729 Filii
3296 664 3554 739 medium,
3591 692 3726 729 con-

2151 764 2415 818 fusionem
2441 767 2676 832 2liquatn
2702 770 3073 832 personalinin
3110 770 3503 835 proprietatum
3532 785 3724 819 conse-

2152 857 2241 921 qui
2270 856 2647 918 arbitraretur.
2676 867 3001 926 putaretque
3031 857 3223 909 Filium
3262 859 3486 910 naturali
3524 859 3586 909 ad
3624 858 3723 909 Pa-

2152 955 2287 997 trem
2315 946 2501 998 liahitu
2539 948 2771 1000 alienum
2808 965 2949 1007 esse.
3002 966 3105 1001 non
3153 951 3227 1003 ait
3274 951 3429 1015 (10);
3471 952 3563 1002 sed
3616 953 3729 1002 lucc

2156 1035 2335 1099 potius
2379 1034 2498 1088 Filii
2554 1038 2829 1096 mediatio,
2890 1054 3372 1105 personarumque
3425 1041 3724 1092 secundum

2157 1140 2512 1193 processuum
2595 1125 2953 1180 differentiam
3038 1129 3337 1189 di~crctio,
3420 1130 3729 1181 inconiuus

2165 1219 2519 1282 proprietates
2541 1228 2741 1279 servat,
2774 1220 2908 1271 alias
2944 1220 3149 1271 Servari
3186 1235 3289 1270 non
3320 1220 3577 1271 valentes.
3616 1218 3727 1270 Hoc.

2160 1309 2303 1358 enim
2340 1309 2529 1359 ordine
2592 1310 2788 1374 positu,
2830 1309 2990 1359 etiam
3024 1294 3296 1376 [litigeniti
3337 1310 3511 1360 honor
3570 1310 3728 1361 indu-

2165 1396 2402 1448 bitanter
2444 1407 2624 1449 manct
2676 1399 2726 1449 in
2787 1396 2946 1450 Filio.
2983 1397 3139 1450 Solus
3171 1399 3315 1450 enini
3350 1414 3414 1451 ex
3458 1400 3575 1450 solo
3627 1410 3727 1458 est,

2165 1494 2325 1551 atque
2351 1485 2471 1551 ejus
2528 1487 2848 1539 substantiae
2884 1488 3194 1554 proprietas
3230 1489 3489 1540 hactenus
3519 1489 3729 1549 fertur;

2170 1574 2517 1641 Spiritusque
2548 1590 2644 1639 per
2671 1573 2865 1625 Filium
2894 1577 3235 1628 connectitur
3267 1575 3434 1639 Patri,
3472 1578 3733 1642 quemad-

2170 1666 2391 1718 modum
2416 1665 2537 1718 etin
2563 1666 2836 1726 omnibus,
2867 1666 2917 1716 in
2948 1666 3145 1732 quibus
3168 1676 3248 1719 est
3276 1666 3468 1726 series,
3494 1678 3731 1718 extrema

2107 1799 2144 1850 Β
2173 1758 2364 1825 primis
2399 1771 2493 1824 per
2521 1757 2695 1808 media
2746 1757 3083 1823 junguntur;
3118 1758 3345 1821 ideoque
3408 1757 3683 1825 subiungit
3718 1774 3730 1808 :

2171 1848 2307 1901 Cum
2341 1846 2460 1900 Filii
2517 1846 2794 1908 mediatio,
2858 1857 2911 1898 et
2961 1847 3189 1912 sibiipsi
3234 1845 3507 1911 Unigeniti
3557 1842 3736 1898 servet

2168 1937 2458 1998 honorem,
2491 1944 2546 1988 et
2606 1936 2867 2004 Spiritum
2920 1936 3152 1988 naturali
3186 1934 3251 1987 ad
3307 1934 3517 1987 Patrem
3550 1935 3735 1988 habitu

2166 2042 2275 2079 non
2304 2027 2579 2081 excludat.
2613 2029 2787 2095 Atque
2828 2026 2930 2079 ista
2975 2026 3193 2094 quidem
3232 2024 3506 2093 Nysscnus
3532 2024 3738 2093 Grego-

2168 2122 2305 2174 rius.

2239 2211 2368 2275 Quae
2391 2222 2520 2262 vero
2549 2205 2788 2261 secundo
2816 2206 2868 2259 in
2898 2203 3076 2257 Niczea
3095 2207 3346 2257 convenit
3400 2215 3587 2257 sancta
3650 2219 3739 2273 sy-

2166 2308 2343 2361 nodus
2396 2302 2721 2357 universalis
2764 2301 2874 2352 ait:
2916 2318 2933 2349 t
2981 2297 3156 2352 Credo
3208 2298 3258 2349 in
3314 2298 3574 2363 Spiritum
3608 2314 3742 2350 Satt-

2166 2406 2312 2451 ctum
2359 2408 2424 2447 ex
2458 2392 2615 2446 Patre
2659 2406 2753 2459 per
2799 2390 2995 2443 Filium
3026 2387 3407 2457 prodeuntem,
3452 2388 3740 2458 ipsumque

2170 2489 2336 2543 Deum
2371 2502 2490 2542 esse
2514 2488 2779 2553 agnitum.
2817 2505 2833 2535 ι
2918 2500 2924 2506 “

2239 2580 2295 2634 Id
2330 2582 2506 2649 ipsum
2546 2579 2654 2648 (ll)
2688 2588 2742 2631 et
2778 2589 3004 2635 sanctus
3037 2581 3321 2643 Tarasius,
3358 2580 3743 2634 Constantino-

2168 2671 2445 2743 politauus
2510 2669 2821 2738 episcopus,
2887 2671 2980 2738 qui
3043 2670 3286 2739 ejusdem
3358 2670 3548 2741 synodi
3621 2684 3745 2737 pars

2170 2776 2362 2828 magna
2414 2758 2535 2819 fuit,
2588 2760 2639 2811 in
2692 2760 2941 2827 epistola,
3012 2777 3172 2827 quam
3225 2763 3290 2814 ad
3357 2762 3642 2829 episcopos
3693 2770 3746 2813 et

2170 2852 2479 2905 sacerdotes
2504 2848 2825 2910 Antioeliize,
2870 2852 3228 2915 Alexandrim,
3269 2868 3330 2904 ac
3384 2863 3583 2905 sanctae
3614 2852 3746 2905 civi-

2169 2943 2298 2997 tatis
2341 2943 2581 3010 scripsit,
2618 2943 2773 3010 cnjus
2826 2942 3036 2993 initium
3102 2952 3234 2996 est:
3282 2942 3536 2995 Plurimis
3583 2951 3746 3010 atque

2169 3034 2383 3087 eximiis
2414 3032 2912 3101 dispensationilms
2941 3035 3218 3086 hominum
3261 3035 3426 3086 vitam
3473 3035 3614 3087 Deus
3683 3048 3747 3086 ae

2093 3131 2134 3185 c
2170 3122 2432 3177 Dominus
2498 3132 2685 3176 noster
2742 3122 3058 3189 disponens,
3118 3139 3182 3177 ac
3232 3125 3491 3192 dirigens,
3544 3138 3662 3190 ιιιιςι·
3695 3138 3749 3176 e.

2173 3221 2426 3281 suscepta
2478 3222 2531 3266 et
2588 3212 2806 3264 laudata
2874 3221 2977 3272 cst.
3039 3226 3100 3265 ac
3142 3227 3237 3279 per
3296 3213 3499 3273 omnia,
3558 3213 3659 3263 rite
3690 3227 3747 3264 se

2173 3303 2394 3364 habere,
2428 3316 2494 3355 ex
2532 3292 2812 3368 rescriptis
2848 3316 3035 3353 eorum
3057 3302 3431 3368 comprobata,
3471 3311 3589 3367 post
3627 3302 3749 3368 pitt-

2181 3391 2319 3443 ritna
2354 3392 2429 3443 ait
2470 3407 2483 3443 :
2516 3409 2534 3442 ι
2576 3390 2637 3442 Et
2663 3391 2715 3442 in
2744 3390 3006 3456 Spiritum
3037 3403 3309 3452 sanctum,
3342 3392 3434 3455 qui
3482 3406 3546 3443 ex
3592 3388 3750 3444 Patre

2175 3497 2269 3548 per
2302 3481 2497 3535 Filium
2558 3481 2823 3551 procedit,
2869 3481 3093 3549 ipseque
3121 3480 3262 3534 Deus
3312 3494 3433 3534 esse
3465 3481 3754 3549 cognosci-

2177 3582 2283 3623 tur.
2320 3589 2337 3620 ι

2248 3682 2482 3735 Sanctus
2537 3680 2907 3749 Sophronius,
2944 3679 3481 3749 llierosolvmiiamis
3534 3682 3753 3747 episco-

2176 3789 2300 3842 pus,
2339 3771 2831 3842 Expositionelidei
2862 3787 2973 3825 sum
2997 3772 3070 3823 ait
3103 3789 3159 3825 :t
3198 3771 3372 3824 Credo
3401 3774 3451 3824 iii
3490 3772 3752 3839 Spiritum

2176 3876 2449 3929 sanctum,
2486 3879 2547 3919 ex
2582 3864 2740 3918 Patre
2763 3874 2815 3917 et
2846 3864 2952 3917 Deo
2977 3864 3309 3932 sempiterno
3337 3867 3711 3932 procedentem
3737 3905 3753 3927 ,

2175 3954 2264 4021 qui
2293 3964 2345 4006 et
2368 3953 2483 4022 ipse
2517 3953 2697 4005 lumen
2738 3952 3069 4021 agnoscitur,
3106 3960 3162 4003 et
3201 3966 3322 4007 vere
3350 3951 3495 4006 Patri
3532 3970 3593 4007 ac
3616 3953 3755 4006 Filio

2176 4052 2481 4098 coaeternus
2513 4052 2614 4097 οςι.
2662 4063 2679 4094 ι

2248 4154 2477 4224 Magnus
2521 4156 2649 4208 item
2686 4156 3039 4219 Athanasius,
3075 4158 3126 4211 in
3165 4174 3228 4211 eo
3264 4157 3403 4209 libro
3446 4158 3535 4226 qni
3561 4158 3757 4209 inscri-

2178 4249 2325 4303 bitur
2373 4248 2728 4315 Reprehensio
2782 4250 3139 4303 simulationis
3195 4251 3388 4302 Meletii
3424 4261 3471 4301 et
3523 4249 3754 4314 Eusebii,

2180 4342 2335 4409 cujus
2362 4342 2573 4395 initium
2612 4352 2693 4395 est
2727 4358 2739 4393 :
2773 4341 2944 4393 Homo
2978 4344 3045 4394 ad
3096 4342 3494 4395 similitudinem
3541 4341 3632 4394 Dei
3678 4344 3761 4409 [u-

503 4473 611 4524 tur,
637 4473 689 4516 et
723 4464 949 4532 Spiritu,
980 4467 1122 4533 quod
1184 4466 1346 4522 Pater
1391 4434 1508 4537 ipse
1543 4482 1705 4541 atqtte
1735 4476 1947 4529 initium
1984 4482 2073 4532 sit.
2112 4463 2155 4516 Β
2184 4445 2299 4541 ξφ
2325 4444 2453 4541 fit}
2510 4437 2581 4487 ita
2606 4525 2616 4535 .
2639 4435 2714 4541 ai}
3057 4436 3640 4541 amt“.,jllil.?58i!’i'e'
3707 4450 3756 4484 Ἠ

501 4554 675 4608 Filius
701 4566 881 4609 autem
913 4572 977 4610 ex
1034 4557 1125 4609 illa
1170 4560 1481 4614 immediate
1526 4567 1764 4630 genitus,
1828 4582 1893 4620 eo
1956 4571 2077 4638 ipso

498 4644 885 4712 discernatur;
946 4663 974 4701 a
1010 4648 1167 4705 Patre
1218 4652 1460 4719 quidem,
1517 4657 1658 4722 quod
1694 4662 1971 4713 nascendo
2009 4678 2073 4715 ex

501 4736 595 4789 illo
630 4738 865 4804 prodiit;
902 4755 930 4793 a
968 4740 1174 4811 Spiritu
1214 4759 1366 4807 vero,
1401 4749 1546 4815 quod
1585 4749 1698 4816 ipse
1724 4752 1940 4818 quidem
1975 4754 2076 4806 iiu-

505 4829 738 4883 mediate
808 4841 862 4883 et
930 4833 1337 4889 incontinenter
1394 4855 1458 4891 ex
1552 4842 1765 4908 primo;
1836 4843 2077 4912 Spiritus

506 4934 634 4973 vero
674 4936 765 4988 per
802 4937 860 4975 se
920 4938 982 4975 ex
1024 4926 1204 4993 primo
1280 4930 1545 4983 manavit.
1599 4933 1836 4987 Sanctus
1896 4950 2075 4991 autem

507 5008 743 5079 Spiritus
784 5025 813 5065 a
878 5013 1039 5066 Patre
1088 5018 1306 5083 quidem
1371 5020 1761 5091 distinguatur,
1824 5028 1951 5093 quia
2015 5044 2079 5081 ex

508 5114 623 5168 .pso
648 5107 767 5163 est;
798 5115 827 5153 a
878 5101 1015 5154 Filio
1065 5115 1269 5167 autem,
1328 5110 1456 5175 quia
1516 5124 1621 5162 non
1668 5111 1980 5166 immediate
2015 5130 2081 5167 ex

509 5191 683 5255 primo
706 5200 808 5251 est,
840 5202 898 5245 ut
930 5192 1125 5259 Filius,
1160 5196 1253 5250 sed
1281 5212 1377 5265 per
1412 5198 1585 5267 illum,
1619 5203 1710 5271 qui
1741 5203 2083 5259 continenter

512 5291 650 5334 esset
674 5296 737 5336 ex
766 5283 961 5352 primo.

577 5372 735 5427 Unde
759 5384 813 5427 et
871 5377 1068 5431 merito
1122 5378 1286 5432 aliam
1316 5381 1454 5435 dixit
1508 5394 1629 5439 esse
1690 5385 2082 5441 diiferentiam.

514 5461 662 5527 Quod
695 5466 838 5519 enim
866 5467 1187 5526 immediate
1218 5488 1281 5526 ex
1325 5476 1501 5542 primo
1533 5488 1636 5541 est,
1680 5480 1939 5548 quodque
1988 5496 2083 5549 per

512 5556 745 5610 .nediuzn
806 5572 872 5613 ex
921 5563 1120 5630 primo,
1181 5579 1471 5632 processus
1515 5571 1725 5626 ratione
1774 5571 2081 5627 dilfcrunt:

577 5734 692 5807 (l0)
734 5736 952 5810 Aliquid
989 5744 1205 5801 videtur
1237 5745 1448 5805 deesse.

2188 4526 2470 4579 Trinitatis
2512 4525 2794 4593 majestate
2828 4526 3088 4594 Spiritum
3122 4525 3411 4590 glorificari
3437 4566 3451 4587 ,
3481 4526 3526 4578 si
3559 4542 3663 4579 non
3694 4542 3756 4578 ev

2187 4618 2295 4671 Deo
2328 4632 2421 4685 per
2452 4616 2645 4669 Filium
2707 4619 3046 4686 procederet.
3105 4619 3196 4671 sed
3233 4632 3296 4669 ex
3335 4616 3444 4670 Deo
3479 4616 3651 4671 factus
3708 4626 3761 4672 ct

2186 4719 2403 4764 creatus
2431 4718 2594 4772 esset,
2625 4718 2682 4760 ut
2717 4710 2958 4763 haeretici
2998 4710 3210 4762 dicunt.
3252 4726 3268 4757 ι
3322 4771 3336 4785 ο

2257 4819 2489 4872 Sanctus
2514 4833 2732 4886 quoque
2760 4817 3013 4880 Basilius,
3050 4817 3283 4885 quodam
3346 4817 3611 4883 capitulo.
3660 4832 3758 4867 cn-

2174 4911 2266 4979 jus
2309 4910 2589 4979 inscriptio
2619 4919 2701 4965 est
2733 4928 2744 4961 :
2781 4911 2889 4964 Cur
2917 4922 2960 4963 ct
2990 4908 3223 4978 Spiritus
3263 4905 3391 4959 Filii
3439 4923 3539 4958 non
3582 4904 3758 4959 Filius

2185 5012 2287 5066 est,
2320 5003 2394 5056 ait
2426 5020 2437 5054 :
2479 5001 2627 5055 «Non
2664 5002 2790 5069 quia
2820 5018 2923 5055 non
2952 5003 3023 5055 sit
3052 5017 3112 5055 ex
3144 5000 3251 5052 Deo
3285 5016 3379 5066 per
3414 4997 3630 5058 Filium,
3666 5000 3759 5050 scd

2186 5106 2252 5144 ne
2303 5091 2544 5145 Trinitas
2607 5092 2963 5145 existimetur
3057 5090 3347 5143 multitudo
3392 5089 3626 5149 infinita,
3677 5104 3764 5151 ac,

2190 5182 2333 5233 sicut
2388 5181 2442 5233 in
2501 5182 2816 5236 hominibus
2847 5185 3134 5251 contingit,
3170 5183 3310 5237 filios
3342 5200 3460 5236 catn
3517 5199 3581 5236 ex
3644 5184 3768 5237 liliis

2191 5277 2542 5329 arbitremur.
2592 5295 2610 5327 ι

2258 5392 2386 5445 Itetn
2418 5392 2525 5445 alio
2548 5391 2601 5444 in
2638 5392 2776 5451 loco.
2814 5394 2907 5462 qni
2945 5394 3269 5446 insm-ihitnr
3303 5410 3315 5444 :
3349 5392 3469 5445 Nisi
3497 5390 3765 5459 quispiam

2191 5482 2457 5551 Spiritum
2485 5499 2549 5537 ea:
2608 5482 2715 5537 Deo
2746 5502 2854 5538 esse
2896 5487 3041 5547 dicit,
3116 5503 3176 5539 ne
3230 5485 3452 5538 Verbum
3506 5486 3766 5553 quidem:

2203 5595 2219 5625 ι
2269 5580 2539 5641 Quonam,
2578 5577 2778 5645 inquit,
2810 5590 2965 5645 pacto
3002 5589 3321 5649 separentur
3360 5580 3627 5647 inSt-para!
3655 5578 3770 5640 ilia,

2274 5755 2385 5821 (ll)
2424 5755 2668 5811 Gcnrad.
2720 5767 2852 5813 seet.
2888 5759 2939 5812 5.
