  <div class='ocr_page' id='page_1' title='image "/cluster/home/n/w/nwhite01/storage/ocr_20150623/152/nnc1.0046980377/023.png"; bbox 0 0 4462 6440; ppageno 0'>
   <div class='ocr_carea' id='block_1_1' title="bbox 770 423 2532 489">
    <p class='ocr_par' dir='ltr' id='par_1_1' title="bbox 770 429 2532 488">
     <span class='ocr_line' id='line_1_1' title="bbox 770 429 2532 488; baseline 0.002 -3"><span class='ocrx_word' id='word_1_1' title='bbox 770 429 845 487; x_wconf 78' lang='lat'><strong>‘27</strong></span> <span class='ocrx_word' id='word_1_2' title='bbox 2028 430 2422 488; x_wconf 64' lang='lat' dir='ltr'><strong>MANUEHS</strong></span> <span class='ocrx_word' id='word_1_3' title='bbox 2462 431 2532 488; x_wconf 58' lang='grc' dir='ltr'><strong>(ΞΑ</strong></span> 
     </span>
    </p>
   </div>
   <div class='ocr_carea' id='block_1_2' title="bbox 2225 423 3987 489">
    <p class='ocr_par' dir='ltr' id='par_1_2' title="bbox 2225 423 3987 489">
     <span class='ocr_line' id='line_1_2' title="bbox 2225 423 3987 489; baseline -0.002 -1"><span class='ocrx_word' id='word_1_4' title='bbox 2225 431 2422 488; x_wconf 75' lang='lat' dir='ltr'><strong>IEHS</strong></span> <span class='ocrx_word' id='word_1_5' title='bbox 2462 429 2760 488; x_wconf 70' lang='lat' dir='ltr'><strong>CALECE</strong></span> <span class='ocrx_word' id='word_1_6' title='bbox 2818 486 2819 489; x_wconf 38' lang='grc' dir='ltr'><strong>η</strong></span> <span class='ocrx_word' id='word_1_7' title='bbox 3914 423 3987 485; x_wconf 48' lang='grc'><strong>“28</strong></span> 
     </span>
    </p>
   </div>
   <div class='ocr_carea' id='block_1_3' title="bbox 772 534 3987 610">
    <p class='ocr_par' dir='ltr' id='par_1_3' title="bbox 772 534 3987 610">
     <span class='ocr_line' id='line_1_3' title="bbox 772 534 3987 610; baseline 0.003 -24"><span class='ocrx_word' id='word_1_8' title='bbox 772 537 1003 588; x_wconf 74' lang='lat' dir='ltr'><strong>Verbum</strong></span> <span class='ocrx_word' id='word_1_9' title='bbox 1039 534 1245 587; x_wconf 89' lang='lat' dir='ltr'><strong>scilicet</strong></span> <span class='ocrx_word' id='word_1_10' title='bbox 1283 548 1345 587; x_wconf 78' lang='lat' dir='ltr'><strong>ex</strong></span> <span class='ocrx_word' id='word_1_11' title='bbox 1400 535 1527 597; x_wconf 80' lang='lat' dir='ltr'><strong>Deo,</strong></span> <span class='ocrx_word' id='word_1_12' title='bbox 1576 545 1629 589; x_wconf 90' lang='lat' dir='ltr'><strong>et</strong></span> <span class='ocrx_word' id='word_1_13' title='bbox 1686 534 1923 604; x_wconf 74' lang='lat' dir='ltr'><strong>Spiritus</strong></span> <span class='ocrx_word' id='word_1_14' title='bbox 1975 552 2037 592; x_wconf 83' lang='lat' dir='ltr'><strong>ex</strong></span> <span class='ocrx_word' id='word_1_15' title='bbox 2083 539 2192 594; x_wconf 88' lang='lat' dir='ltr'><strong>Deo</strong></span> <span class='ocrx_word' id='word_1_16' title='bbox 2239 558 2331 610; x_wconf 89' lang='lat' dir='ltr'><strong>per</strong></span> <span class='ocrx_word' id='word_1_17' title='bbox 2364 552 2400 602; x_wconf 80' lang='grc' dir='ltr'>Α</span> <span class='ocrx_word' id='word_1_18' title='bbox 2436 558 2495 593; x_wconf 70' lang='lat' dir='ltr'><strong>ex</strong></span> <span class='ocrx_word' id='word_1_19' title='bbox 2524 542 2698 609; x_wconf 85' lang='lat' dir='ltr'><strong>primo</strong></span> <span class='ocrx_word' id='word_1_20' title='bbox 2728 541 2968 609; x_wconf 81' lang='lat' dir='ltr'><strong>quidem,</strong></span> <span class='ocrx_word' id='word_1_21' title='bbox 2999 540 3090 593; x_wconf 67' lang='lat' dir='ltr'><strong>se~l</strong></span> <span class='ocrx_word' id='word_1_22' title='bbox 3130 554 3222 608; x_wconf 88' lang='lat' dir='ltr'><strong>per</strong></span> <span class='ocrx_word' id='word_1_23' title='bbox 3256 540 3403 593; x_wconf 86' lang='lat' dir='ltr'><strong>illum</strong></span> <span class='ocrx_word' id='word_1_24' title='bbox 3437 540 3611 609; x_wconf 63' lang='lat' dir='ltr'><strong>ipsum</strong></span> <span class='ocrx_word' id='word_1_25' title='bbox 3645 550 3987 597; x_wconf 84' lang='lat' dir='ltr'><strong>continenter</strong></span> 
     </span>
    </p>
   </div>
   <div class='ocr_carea' id='block_1_4' title="bbox 766 625 1034 676">
    <p class='ocr_par' dir='ltr' id='par_1_4' title="bbox 766 625 1034 676">
     <span class='ocr_line' id='line_1_4' title="bbox 766 625 1034 676; baseline -0.019 0"><span class='ocrx_word' id='word_1_26' title='bbox 766 625 985 676; x_wconf 76' lang='lat' dir='ltr'><strong>Filium.</strong></span> <span class='ocrx_word' id='word_1_27' title='bbox 1018 641 1034 671; x_wconf 79' lang='grc' dir='ltr'><strong>ι</strong></span> 
     </span>
    </p>
   </div>
   <div class='ocr_carea' id='block_1_5' title="bbox 834 712 2332 783">
    <p class='ocr_par' dir='ltr' id='par_1_5' title="bbox 834 712 2332 783">
     <span class='ocr_line' id='line_1_5' title="bbox 834 712 2332 783; baseline 0.009 -25"><span class='ocrx_word' id='word_1_28' title='bbox 834 713 874 764; x_wconf 86' lang='lat' dir='ltr'><strong><em>G</em></strong></span> <span class='ocrx_word' id='word_1_29' title='bbox 912 712 1127 762; x_wconf 64' lang='lat' dir='ltr'><strong>morius</strong></span> <span class='ocrx_word' id='word_1_30' title='bbox 1152 720 1410 778; x_wconf 76' lang='lat' dir='ltr'><strong>prmterea</strong></span> <span class='ocrx_word' id='word_1_31' title='bbox 1438 712 1747 778; x_wconf 73' lang='lat' dir='ltr'><strong>Thi-ologus</strong></span> <span class='ocrx_word' id='word_1_32' title='bbox 1774 715 2108 783; x_wconf 80' lang='lat' dir='ltr'><strong>virginitatis</strong></span> <span class='ocrx_word' id='word_1_33' title='bbox 2146 718 2332 772; x_wconf 81' lang='lat' dir='ltr'><strong>laudes</strong></span> 
     </span>
    </p>
   </div>
   <div class='ocr_carea' id='block_1_6' title="bbox 765 802 1820 866">
    <p class='ocr_par' dir='ltr' id='par_1_6' title="bbox 765 802 1820 866">
     <span class='ocr_line' id='line_1_6' title="bbox 765 802 1820 866; baseline 0.007 -15"><span class='ocrx_word' id='word_1_34' title='bbox 765 818 920 853; x_wconf 81' lang='lat' dir='ltr'><strong>versu</strong></span> <span class='ocrx_word' id='word_1_35' title='bbox 948 803 1167 853; x_wconf 88' lang='lat' dir='ltr'><strong>heroico</strong></span> <span class='ocrx_word' id='word_1_36' title='bbox 1194 802 1462 866; x_wconf 80' lang='lat' dir='ltr'><strong>Srriheus,</strong></span> <span class='ocrx_word' id='word_1_37' title='bbox 1500 805 1573 854; x_wconf 91' lang='lat' dir='ltr'><strong>ita</strong></span> <span class='ocrx_word' id='word_1_38' title='bbox 1610 806 1775 857; x_wconf 82' lang='lat' dir='ltr'><strong>canit.</strong></span> <span class='ocrx_word' id='word_1_39' title='bbox 1806 822 1820 857; x_wconf 90' lang='lat'><strong>:</strong></span> 
     </span>
    </p>
   </div>
   <div class='ocr_carea' id='block_1_7' title="bbox 838 910 2033 975">
    <p class='ocr_par' dir='ltr' id='par_1_7' title="bbox 838 910 2033 975">
     <span class='ocr_line' id='line_1_7' title="bbox 838 910 2033 975; baseline 0.007 -15"><span class='ocrx_word' id='word_1_40' title='bbox 838 910 1077 975; x_wconf 75' lang='lat' dir='ltr'><strong>Spiritus</strong></span> <span class='ocrx_word' id='word_1_41' title='bbox 1105 923 1300 962; x_wconf 77' lang='lat' dir='ltr'><strong>n&#39;teruo</strong></span> <span class='ocrx_word' id='word_1_42' title='bbox 1324 923 1505 963; x_wconf 78' lang='lat' dir='ltr'><strong>mann!</strong></span> <span class='ocrx_word' id='word_1_43' title='bbox 1531 916 1592 965; x_wconf 78' lang='lat' dir='ltr'><strong>de</strong></span> <span class='ocrx_word' id='word_1_44' title='bbox 1630 915 1682 965; x_wconf 84' lang='lat' dir='ltr'><strong>lu</strong></span> <span class='ocrx_word' id='word_1_45' title='bbox 1696 916 1828 966; x_wconf 79' lang='lat' dir='ltr'><strong>mine</strong></span> <span class='ocrx_word' id='word_1_46' title='bbox 1859 915 2033 968; x_wconf 82' lang='lat' dir='ltr'><strong><em>lumen</em></strong></span> 
     </span>
    </p>
   </div>
   <div class='ocr_carea' id='block_1_8' title="bbox 837 982 2326 1049">
    <p class='ocr_par' dir='ltr' id='par_1_8' title="bbox 837 982 2326 1049">
     <span class='ocr_line' id='line_1_8' title="bbox 837 982 2326 1049; baseline 0.007 -20"><span class='ocrx_word' id='word_1_47' title='bbox 837 982 939 1029; x_wconf 75' lang='lat' dir='ltr'><strong>l‘cr</strong></span> <span class='ocrx_word' id='word_1_48' title='bbox 971 982 1221 1043; x_wconf 66' lang='lat' dir='ltr'><strong>sobolem,</strong></span> <span class='ocrx_word' id='word_1_49' title='bbox 1253 985 1606 1049; x_wconf 72' lang='lat' dir='ltr'><strong>unusquisque</strong></span> <span class='ocrx_word' id='word_1_50' title='bbox 1634 985 1801 1034; x_wconf 84' lang='lat' dir='ltr'><strong>tribus</strong></span> <span class='ocrx_word' id='word_1_51' title='bbox 1830 985 2074 1049; x_wconf 74' lang='lat' dir='ltr'><strong>splendor</strong></span> <span class='ocrx_word' id='word_1_52' title='bbox 2095 986 2326 1039; x_wconf 73' lang='lat' dir='ltr'><strong>deitatis.</strong></span> 
     </span>
    </p>
   </div>
   <div class='ocr_carea' id='block_1_9' title="bbox 838 1066 2330 1140">
    <p class='ocr_par' dir='ltr' id='par_1_9' title="bbox 838 1066 2330 1140">
     <span class='ocr_line' id='line_1_9' title="bbox 838 1066 2330 1140; baseline 0.005 -23"><span class='ocrx_word' id='word_1_53' title='bbox 838 1066 1073 1119; x_wconf 80' lang='lat' dir='ltr'><strong>Sanetus</strong></span> <span class='ocrx_word' id='word_1_54' title='bbox 1118 1070 1279 1119; x_wconf 88' lang='lat' dir='ltr'><strong>etiam</strong></span> <span class='ocrx_word' id='word_1_55' title='bbox 1328 1069 1620 1135; x_wconf 75' lang='lat' dir='ltr'><strong>Maximus,</strong></span> <span class='ocrx_word' id='word_1_56' title='bbox 1662 1086 1787 1124; x_wconf 92' lang='lat' dir='ltr'><strong>cum</strong></span> <span class='ocrx_word' id='word_1_57' title='bbox 1840 1085 2156 1138; x_wconf 75' lang='lat' dir='ltr'><strong>exponeret,</strong></span> <span class='ocrx_word' id='word_1_58' title='bbox 2203 1076 2330 1140; x_wconf 92' lang='lat' dir='ltr'><strong>quid</strong></span> 
     </span>
    </p>
   </div>
   <div class='ocr_carea' id='block_1_10' title="bbox 763 1158 2328 1228">
    <p class='ocr_par' dir='ltr' id='par_1_10' title="bbox 763 1158 2328 1228">
     <span class='ocr_line' id='line_1_10' title="bbox 763 1158 2328 1228; baseline 0.004 -18"><span class='ocrx_word' id='word_1_59' title='bbox 763 1158 863 1210; x_wconf 76' lang='lat' dir='ltr'><strong>sibi</strong></span> <span class='ocrx_word' id='word_1_60' title='bbox 918 1159 1043 1209; x_wconf 72' lang='lat' dir='ltr'><strong>wlit</strong></span> <span class='ocrx_word' id='word_1_61' title='bbox 1100 1162 1239 1225; x_wconf 89' lang='lat' dir='ltr'><strong>apud</strong></span> <span class='ocrx_word' id='word_1_62' title='bbox 1296 1162 1614 1228; x_wconf 70' lang='lat' dir='ltr'><strong>prophetam</strong></span> <span class='ocrx_word' id='word_1_63' title='bbox 1706 1161 2023 1215; x_wconf 88' lang='lat' dir='ltr'><strong>Zachariam</strong></span> <span class='ocrx_word' id='word_1_64' title='bbox 2078 1166 2328 1217; x_wconf 84' lang='lat' dir='ltr'><strong>candela-</strong></span> 
     </span>
    </p>
   </div>
   <div class='ocr_carea' id='block_1_11' title="bbox 764 1248 2332 1319">
    <p class='ocr_par' dir='ltr' id='par_1_11' title="bbox 764 1248 2332 1319">
     <span class='ocr_line' id='line_1_11' title="bbox 764 1248 2332 1319; baseline 0.007 -23"><span class='ocrx_word' id='word_1_65' title='bbox 764 1248 920 1297; x_wconf 66' lang='lat' dir='ltr'><strong>lirum</strong></span> <span class='ocrx_word' id='word_1_66' title='bbox 954 1262 1202 1311; x_wconf 86' lang='lat' dir='ltr'><strong>aureum,</strong></span> <span class='ocrx_word' id='word_1_67' title='bbox 1251 1259 1303 1301; x_wconf 91' lang='lat' dir='ltr'><strong>et</strong></span> <span class='ocrx_word' id='word_1_68' title='bbox 1360 1265 1478 1317; x_wconf 70' lang='lat' dir='ltr'><strong>qua:</strong></span> <span class='ocrx_word' id='word_1_69' title='bbox 1520 1266 1681 1318; x_wconf 83' lang='lat' dir='ltr'><strong>super</strong></span> <span class='ocrx_word' id='word_1_70' title='bbox 1714 1252 1807 1303; x_wconf 92' lang='lat' dir='ltr'><strong>illo</strong></span> <span class='ocrx_word' id='word_1_71' title='bbox 1861 1261 2001 1313; x_wconf 85' lang='lat' dir='ltr'><strong>eral,</strong></span> <span class='ocrx_word' id='word_1_72' title='bbox 2028 1252 2238 1319; x_wconf 82' lang='lat' dir='ltr'><strong>lampas</strong></span> <span class='ocrx_word' id='word_1_73' title='bbox 2266 1269 2332 1307; x_wconf 89' lang='lat' dir='ltr'><strong>ac</strong></span> 
     </span>
    </p>
   </div>
   <div class='ocr_carea' id='block_1_12' title="bbox 762 1338 2330 1406">
    <p class='ocr_par' dir='ltr' id='par_1_12' title="bbox 762 1338 2330 1406">
     <span class='ocr_line' id='line_1_12' title="bbox 762 1338 2330 1406; baseline 0.006 -21"><span class='ocrx_word' id='word_1_74' title='bbox 762 1338 1022 1400; x_wconf 65' lang='lat' dir='ltr'><strong>lucerna},</strong></span> <span class='ocrx_word' id='word_1_75' title='bbox 1061 1342 1135 1391; x_wconf 86' lang='lat' dir='ltr'><strong>ait</strong></span> <span class='ocrx_word' id='word_1_76' title='bbox 1162 1340 1271 1406; x_wconf 74' lang='lat'><strong>(19.)</strong></span> <span class='ocrx_word' id='word_1_77' title='bbox 1302 1354 1315 1389; x_wconf 86' lang='lat'><strong>:</strong></span> <span class='ocrx_word' id='word_1_78' title='bbox 1358 1358 1375 1391; x_wconf 73' lang='grc' dir='ltr'><strong>ι</strong></span> <span class='ocrx_word' id='word_1_79' title='bbox 1413 1341 1647 1405; x_wconf 73' lang='lat' dir='ltr'><strong>Spiritus</strong></span> <span class='ocrx_word' id='word_1_80' title='bbox 1673 1351 1894 1395; x_wconf 82' lang='lat' dir='ltr'><strong>sanctus</strong></span> <span class='ocrx_word' id='word_1_81' title='bbox 1922 1343 2079 1395; x_wconf 89' lang='lat' dir='ltr'><strong>sicuti</strong></span> <span class='ocrx_word' id='word_1_82' title='bbox 2111 1352 2330 1395; x_wconf 83' lang='lat' dir='ltr'><strong>natura-</strong></span> 
     </span>
    </p>
   </div>
   <div class='ocr_carea' id='block_1_13' title="bbox 760 1426 2327 1492">
    <p class='ocr_par' dir='ltr' id='par_1_13' title="bbox 760 1426 2327 1492">
     <span class='ocr_line' id='line_1_13' title="bbox 760 1426 2327 1492; baseline 0.006 -18"><span class='ocrx_word' id='word_1_83' title='bbox 760 1426 879 1476; x_wconf 73' lang='lat' dir='ltr'><strong>liter</strong></span> <span class='ocrx_word' id='word_1_84' title='bbox 914 1443 1005 1492; x_wconf 86' lang='lat' dir='ltr'><strong>per</strong></span> <span class='ocrx_word' id='word_1_85' title='bbox 1036 1432 1325 1480; x_wconf 82' lang='lat' dir='ltr'><strong>essentiam</strong></span> <span class='ocrx_word' id='word_1_86' title='bbox 1387 1428 1476 1481; x_wconf 81' lang='lat' dir='ltr'><strong>Dei</strong></span> <span class='ocrx_word' id='word_1_87' title='bbox 1524 1440 1578 1481; x_wconf 88' lang='lat' dir='ltr'><strong>et</strong></span> <span class='ocrx_word' id='word_1_88' title='bbox 1647 1429 1823 1484; x_wconf 73' lang='lat' dir='ltr'><strong>Patris</strong></span> <span class='ocrx_word' id='word_1_89' title='bbox 1874 1442 1976 1489; x_wconf 81' lang='lat' dir='ltr'><strong>est.</strong></span> <span class='ocrx_word' id='word_1_90' title='bbox 2038 1433 2106 1484; x_wconf 87' lang='lat' dir='ltr'><strong>ita</strong></span> <span class='ocrx_word' id='word_1_91' title='bbox 2168 1434 2327 1485; x_wconf 87' lang='lat' dir='ltr'><strong>etiam</strong></span> 
     </span>
    </p>
   </div>
   <div class='ocr_carea' id='block_1_14' title="bbox 760 1514 2332 1577">
    <p class='ocr_par' dir='ltr' id='par_1_14' title="bbox 760 1514 2332 1577">
     <span class='ocr_line' id='line_1_14' title="bbox 760 1514 2332 1577; baseline 0.005 -12"><span class='ocrx_word' id='word_1_92' title='bbox 760 1514 896 1577; x_wconf 78' lang='lat' dir='ltr'><strong>Filii,</strong></span> <span class='ocrx_word' id='word_1_93' title='bbox 934 1520 1230 1569; x_wconf 77' lang='lat' dir='ltr'><strong>secundum</strong></span> <span class='ocrx_word' id='word_1_94' title='bbox 1276 1520 1599 1577; x_wconf 68' lang='lat' dir='ltr'><strong>essentiam.</strong></span> <span class='ocrx_word' id='word_1_95' title='bbox 1633 1520 1795 1571; x_wconf 71' lang='lat' dir='ltr'><strong>veluti</strong></span> <span class='ocrx_word' id='word_1_96' title='bbox 1830 1534 1893 1571; x_wconf 72' lang='lat' dir='ltr'><strong>ex</strong></span> <span class='ocrx_word' id='word_1_97' title='bbox 1943 1520 2098 1574; x_wconf 93' lang='lat' dir='ltr'><strong>Patre</strong></span> <span class='ocrx_word' id='word_1_98' title='bbox 2144 1537 2332 1573; x_wconf 84' lang='lat' dir='ltr'><strong>esseu-</strong></span> 
     </span>
    </p>
   </div>
   <div class='ocr_carea' id='block_1_15' title="bbox 762 1606 2325 1676">
    <p class='ocr_par' dir='ltr' id='par_1_15' title="bbox 762 1606 2325 1676">
     <span class='ocr_line' id='line_1_15' title="bbox 762 1606 2325 1676; baseline 0.004 -23"><span class='ocrx_word' id='word_1_99' title='bbox 762 1606 962 1655; x_wconf 79' lang='lat' dir='ltr'><strong>liuliler</strong></span> <span class='ocrx_word' id='word_1_100' title='bbox 994 1622 1085 1671; x_wconf 83' lang='lat' dir='ltr'><strong>per</strong></span> <span class='ocrx_word' id='word_1_101' title='bbox 1116 1608 1313 1660; x_wconf 88' lang='lat' dir='ltr'><strong>Filium</strong></span> <span class='ocrx_word' id='word_1_102' title='bbox 1342 1611 1580 1676; x_wconf 78' lang='lat' dir='ltr'><strong>genitum</strong></span> <span class='ocrx_word' id='word_1_103' title='bbox 1606 1609 1957 1662; x_wconf 73' lang='lat' dir='ltr'><strong>iueﬂahiliter</strong></span> <span class='ocrx_word' id='word_1_104' title='bbox 1997 1612 2271 1676; x_wconf 85' lang='lat' dir='ltr'><strong>prodiens.</strong></span> <span class='ocrx_word' id='word_1_105' title='bbox 2307 1629 2325 1660; x_wconf 75' lang='grc' dir='ltr'><strong>ι</strong></span> 
     </span>
    </p>
   </div>
   <div class='ocr_carea' id='block_1_16' title="bbox 828 1693 2329 1764">
    <p class='ocr_par' dir='ltr' id='par_1_16' title="bbox 828 1693 2329 1764">
     <span class='ocr_line' id='line_1_16' title="bbox 828 1693 2329 1764; baseline 0.005 -21"><span class='ocrx_word' id='word_1_106' title='bbox 828 1693 1063 1743; x_wconf 72' lang='lat' dir='ltr'><strong>Joannes</strong></span> <span class='ocrx_word' id='word_1_107' title='bbox 1091 1697 1213 1748; x_wconf 77' lang='lat' dir='ltr'><strong>item</strong></span> <span class='ocrx_word' id='word_1_108' title='bbox 1246 1698 1608 1750; x_wconf 70' lang='lat' dir='ltr'><strong>ltainasrenus</strong></span> <span class='ocrx_word' id='word_1_109' title='bbox 1640 1699 1748 1764; x_wconf 79' lang='lat' dir='ltr'><strong>(l5)</strong></span> <span class='ocrx_word' id='word_1_110' title='bbox 1792 1699 1842 1750; x_wconf 93' lang='lat' dir='ltr'><strong>in</strong></span> <span class='ocrx_word' id='word_1_111' title='bbox 1888 1699 2048 1751; x_wconf 90' lang='lat' dir='ltr'><strong>tertio</strong></span> <span class='ocrx_word' id='word_1_112' title='bbox 2110 1700 2329 1751; x_wconf 87' lang='lat' dir='ltr'><strong>decimo</strong></span> 
     </span>
    </p>
   </div>
   <div class='ocr_carea' id='block_1_17' title="bbox 758 1780 2329 1855">
    <p class='ocr_par' dir='ltr' id='par_1_17' title="bbox 758 1780 2329 1855">
     <span class='ocr_line' id='line_1_17' title="bbox 758 1780 2329 1855; baseline 0.006 -23"><span class='ocrx_word' id='word_1_113' title='bbox 758 1782 926 1835; x_wconf 72' lang='lat' dir='ltr'><strong>it-slus</strong></span> <span class='ocrx_word' id='word_1_114' title='bbox 977 1784 1267 1852; x_wconf 65' lang='grc' dir='ltr'><strong>ΤΙιροΙιλίιίιιν</strong></span> <span class='ocrx_word' id='word_1_115' title='bbox 1304 1789 1558 1853; x_wconf 81' lang='lat' dir='ltr'><strong>capitulo,</strong></span> <span class='ocrx_word' id='word_1_116' title='bbox 1590 1791 1746 1855; x_wconf 75' lang='lat' dir='ltr'><strong>cujus</strong></span> <span class='ocrx_word' id='word_1_117' title='bbox 1779 1780 1985 1841; x_wconf 65' lang='lat' dir='ltr'><strong>initium</strong></span> <span class='ocrx_word' id='word_1_118' title='bbox 2026 1800 2107 1841; x_wconf 90' lang='lat' dir='ltr'><strong>est</strong></span> <span class='ocrx_word' id='word_1_119' title='bbox 2144 1806 2158 1841; x_wconf 91' lang='lat'><strong>:</strong></span> <span class='ocrx_word' id='word_1_120' title='bbox 2195 1790 2329 1843; x_wconf 77' lang='lat' dir='ltr'><strong>Deus</strong></span> 
     </span>
    </p>
   </div>
   <div class='ocr_carea' id='block_1_18' title="bbox 756 1872 2323 1948">
    <p class='ocr_par' dir='ltr' id='par_1_18' title="bbox 756 1872 2323 1948">
     <span class='ocr_line' id='line_1_18' title="bbox 756 1872 2323 1948; baseline 0.01 -28"><span class='ocrx_word' id='word_1_121' title='bbox 756 1872 1285 1936; x_wconf 64' lang='lat' dir='ltr'><strong>int-mupre&#39;uusibilis</strong></span> <span class='ocrx_word' id='word_1_122' title='bbox 1303 1889 1397 1938; x_wconf 82' lang='lat' dir='ltr'><strong>est,</strong></span> <span class='ocrx_word' id='word_1_123' title='bbox 1423 1879 1490 1929; x_wconf 83' lang='lat' dir='ltr'><strong>ita</strong></span> <span class='ocrx_word' id='word_1_124' title='bbox 1517 1880 1581 1931; x_wconf 86' lang='lat' dir='ltr'><strong>de</strong></span> <span class='ocrx_word' id='word_1_125' title='bbox 1604 1878 1761 1931; x_wconf 83' lang='lat' dir='ltr'><strong>Patre</strong></span> <span class='ocrx_word' id='word_1_126' title='bbox 1782 1879 1859 1931; x_wconf 84' lang='lat' dir='ltr'><strong>ait</strong></span> <span class='ocrx_word' id='word_1_127' title='bbox 1884 1896 1896 1932; x_wconf 90' lang='lat'>:</span> <span class='ocrx_word' id='word_1_128' title='bbox 1926 1898 1943 1929; x_wconf 73' lang='grc' dir='ltr'><strong>ι</strong></span> <span class='ocrx_word' id='word_1_129' title='bbox 1972 1878 2088 1948; x_wconf 87' lang='lat' dir='ltr'><strong>ipse</strong></span> <span class='ocrx_word' id='word_1_130' title='bbox 2111 1882 2323 1948; x_wconf 85' lang='lat' dir='ltr'><strong>quidem</strong></span> 
     </span>
    </p>
   </div>
   <div class='ocr_carea' id='block_1_19' title="bbox 756 1965 2327 2039">
    <p class='ocr_par' dir='ltr' id='par_1_19' title="bbox 756 1965 2327 2039">
     <span class='ocr_line' id='line_1_19' title="bbox 756 1965 2327 2039; baseline 0.01 -29"><span class='ocrx_word' id='word_1_131' title='bbox 756 1974 831 2013; x_wconf 78' lang='lat' dir='ltr'><strong>est</strong></span> <span class='ocrx_word' id='word_1_132' title='bbox 871 1978 1027 2016; x_wconf 86' lang='lat' dir='ltr'><strong>tuens</strong></span> <span class='ocrx_word' id='word_1_133' title='bbox 1062 1965 1500 2035; x_wconf 77' lang='lat' dir='ltr'><strong>\&#39;erlii,;ihyssus,</strong></span> <span class='ocrx_word' id='word_1_134' title='bbox 1529 1968 1687 2023; x_wconf 72' lang='lat' dir='ltr'><strong>Verbi</strong></span> <span class='ocrx_word' id='word_1_135' title='bbox 1725 1970 1953 2036; x_wconf 78' lang='lat' dir='ltr'><strong>genitor,</strong></span> <span class='ocrx_word' id='word_1_136' title='bbox 1978 1986 2040 2025; x_wconf 85' lang='lat' dir='ltr'><strong>ac</strong></span> <span class='ocrx_word' id='word_1_137' title='bbox 2070 1988 2163 2039; x_wconf 87' lang='lat' dir='ltr'><strong>per</strong></span> <span class='ocrx_word' id='word_1_138' title='bbox 2197 1973 2327 2027; x_wconf 85' lang='lat' dir='ltr'><strong>Ver-</strong></span> 
     </span>
    </p>
   </div>
   <div class='ocr_carea' id='block_1_20' title="bbox 757 2054 2324 2128">
    <p class='ocr_par' dir='ltr' id='par_1_20' title="bbox 757 2054 2324 2128">
     <span class='ocr_line' id='line_1_20' title="bbox 757 2054 2324 2128; baseline 0.009 -24"><span class='ocrx_word' id='word_1_139' title='bbox 757 2054 882 2106; x_wconf 88' lang='lat' dir='ltr'><strong>bum</strong></span> <span class='ocrx_word' id='word_1_140' title='bbox 943 2058 1241 2121; x_wconf 69' lang='lat' dir='ltr'><strong>Splentlitici</strong></span> <span class='ocrx_word' id='word_1_141' title='bbox 1298 2060 1530 2125; x_wconf 77' lang='lat' dir='ltr'><strong>Spiritus</strong></span> <span class='ocrx_word' id='word_1_142' title='bbox 1580 2062 1893 2128; x_wconf 84' lang='lat' dir='ltr'><strong>productor.</strong></span> <span class='ocrx_word' id='word_1_143' title='bbox 1942 2080 1958 2111; x_wconf 84' lang='grc' dir='ltr'><strong>ι</strong></span> <span class='ocrx_word' id='word_1_144' title='bbox 2011 2063 2155 2117; x_wconf 87' lang='lat' dir='ltr'><strong>Idem</strong></span> <span class='ocrx_word' id='word_1_145' title='bbox 2195 2104 2209 2127; x_wconf 94' lang='lat'><strong>,</strong></span> <span class='ocrx_word' id='word_1_146' title='bbox 2273 2066 2324 2118; x_wconf 93' lang='lat' dir='ltr'><strong>in</strong></span> 
     </span>
    </p>
   </div>
   <div class='ocr_carea' id='block_1_21' title="bbox 756 2146 2321 2219">
    <p class='ocr_par' dir='ltr' id='par_1_21' title="bbox 756 2146 2321 2219">
     <span class='ocr_line' id='line_1_21' title="bbox 756 2146 2321 2219; baseline 0.009 -24"><span class='ocrx_word' id='word_1_147' title='bbox 756 2146 949 2195; x_wconf 82' lang='lat' dir='ltr'><strong>eodem</strong></span> <span class='ocrx_word' id='word_1_148' title='bbox 995 2162 1007 2197; x_wconf 89' lang='lat'><strong>:</strong></span> <span class='ocrx_word' id='word_1_149' title='bbox 1053 2165 1068 2195; x_wconf 81' lang='grc' dir='ltr'><strong>ι</strong></span> <span class='ocrx_word' id='word_1_150' title='bbox 1104 2146 1344 2213; x_wconf 75' lang='lat' dir='ltr'><strong>Spiritus</strong></span> <span class='ocrx_word' id='word_1_151' title='bbox 1400 2151 1575 2203; x_wconf 85' lang='lat' dir='ltr'><strong>sancti</strong></span> <span class='ocrx_word' id='word_1_152' title='bbox 1622 2163 1842 2219; x_wconf 88' lang='lat' dir='ltr'><strong>paterna</strong></span> <span class='ocrx_word' id='word_1_153' title='bbox 1878 2153 1959 2207; x_wconf 74' lang='lat' dir='ltr'><strong>vis</strong></span> <span class='ocrx_word' id='word_1_154' title='bbox 1988 2155 2321 2209; x_wconf 81' lang='lat' dir='ltr'><strong>insinuatira</strong></span> 
     </span>
    </p>
   </div>
   <div class='ocr_carea' id='block_1_22' title="bbox 755 2238 2318 2312">
    <p class='ocr_par' dir='ltr' id='par_1_22' title="bbox 755 2238 2318 2312">
     <span class='ocr_line' id='line_1_22' title="bbox 755 2238 2318 2312; baseline 0.008 -26"><span class='ocrx_word' id='word_1_155' title='bbox 755 2240 942 2289; x_wconf 83' lang='lat' dir='ltr'><strong>arcani</strong></span> <span class='ocrx_word' id='word_1_156' title='bbox 981 2238 1234 2302; x_wconf 71' lang='lat' dir='ltr'><strong>Deitatis,</strong></span> <span class='ocrx_word' id='word_1_157' title='bbox 1260 2255 1319 2292; x_wconf 69' lang='lat' dir='ltr'><strong>ex</strong></span> <span class='ocrx_word' id='word_1_158' title='bbox 1358 2239 1516 2294; x_wconf 80' lang='lat' dir='ltr'><strong>Patre</strong></span> <span class='ocrx_word' id='word_1_159' title='bbox 1551 2253 1632 2295; x_wconf 90' lang='lat' dir='ltr'><strong>est</strong></span> <span class='ocrx_word' id='word_1_160' title='bbox 1659 2260 1751 2311; x_wconf 82' lang='lat' dir='ltr'><strong>per</strong></span> <span class='ocrx_word' id='word_1_161' title='bbox 1778 2243 1971 2295; x_wconf 84' lang='lat' dir='ltr'><strong>Filium</strong></span> <span class='ocrx_word' id='word_1_162' title='bbox 2009 2248 2318 2312; x_wconf 69' lang='lat' dir='ltr'><strong>prodiens.»</strong></span> 
     </span>
    </p>
   </div>
   <div class='ocr_carea' id='block_1_23' title="bbox 751 2326 2324 2405">
    <p class='ocr_par' dir='ltr' id='par_1_23' title="bbox 751 2326 2324 2405">
     <span class='ocr_line' id='line_1_23' title="bbox 751 2326 2324 2405; baseline 0.009 -28"><span class='ocrx_word' id='word_1_163' title='bbox 751 2326 825 2378; x_wconf 84' lang='lat' dir='ltr'><strong>Ita</strong></span> <span class='ocrx_word' id='word_1_164' title='bbox 860 2330 1021 2395; x_wconf 66' lang='lat' dir='ltr'><strong>igitur</strong></span> <span class='ocrx_word' id='word_1_165' title='bbox 1059 2331 1420 2397; x_wconf 84' lang='lat' dir='ltr'><strong>plurimorum</strong></span> <span class='ocrx_word' id='word_1_166' title='bbox 1461 2335 1789 2387; x_wconf 79' lang='lat' dir='ltr'><strong>testimoniis</strong></span> <span class='ocrx_word' id='word_1_167' title='bbox 1835 2337 2099 2389; x_wconf 88' lang='lat' dir='ltr'><strong>docemur</strong></span> <span class='ocrx_word' id='word_1_168' title='bbox 2129 2376 2142 2398; x_wconf 89' lang='lat'><strong>,</strong></span> <span class='ocrx_word' id='word_1_169' title='bbox 2200 2339 2324 2405; x_wconf 90' lang='lat' dir='ltr'><strong>Spi-</strong></span> 
     </span>
    </p>
   </div>
   <div class='ocr_carea' id='block_1_24' title="bbox 752 2418 2324 2497">
    <p class='ocr_par' dir='ltr' id='par_1_24' title="bbox 752 2418 2324 2497">
     <span class='ocr_line' id='line_1_24' title="bbox 752 2418 2324 2497; baseline 0.01 -28"><span class='ocrx_word' id='word_1_170' title='bbox 752 2418 916 2471; x_wconf 79' lang='lat' dir='ltr'><strong>ritum</strong></span> <span class='ocrx_word' id='word_1_171' title='bbox 950 2434 1200 2474; x_wconf 85' lang='lat' dir='ltr'><strong>sanctum</strong></span> <span class='ocrx_word' id='word_1_172' title='bbox 1239 2440 1300 2476; x_wconf 82' lang='lat' dir='ltr'><strong>ex</strong></span> <span class='ocrx_word' id='word_1_173' title='bbox 1332 2426 1494 2479; x_wconf 84' lang='lat' dir='ltr'><strong>Patre</strong></span> <span class='ocrx_word' id='word_1_174' title='bbox 1523 2440 1614 2493; x_wconf 90' lang='lat' dir='ltr'><strong>per</strong></span> <span class='ocrx_word' id='word_1_175' title='bbox 1638 2426 1834 2479; x_wconf 77' lang='lat' dir='ltr'><strong>Filium</strong></span> <span class='ocrx_word' id='word_1_176' title='bbox 1857 2429 2189 2497; x_wconf 83' lang='lat' dir='ltr'><strong>procedere;</strong></span> <span class='ocrx_word' id='word_1_177' title='bbox 2221 2433 2324 2485; x_wconf 91' lang='lat' dir='ltr'><strong>hoc</strong></span> 
     </span>
    </p>
   </div>
   <div class='ocr_carea' id='block_1_25' title="bbox 749 2511 1649 2571">
    <p class='ocr_par' dir='ltr' id='par_1_25' title="bbox 749 2511 1649 2571">
     <span class='ocr_line' id='line_1_25' title="bbox 749 2511 1649 2571; baseline 0.011 -10"><span class='ocrx_word' id='word_1_178' title='bbox 749 2522 831 2564; x_wconf 90' lang='lat' dir='ltr'><strong>cst</strong></span> <span class='ocrx_word' id='word_1_179' title='bbox 858 2528 917 2562; x_wconf 64' lang='lat' dir='ltr'><strong>ex</strong></span> <span class='ocrx_word' id='word_1_180' title='bbox 960 2511 1117 2566; x_wconf 90' lang='lat' dir='ltr'><strong>Patre</strong></span> <span class='ocrx_word' id='word_1_181' title='bbox 1151 2530 1258 2567; x_wconf 88' lang='lat' dir='ltr'><strong>nou</strong></span> <span class='ocrx_word' id='word_1_182' title='bbox 1291 2516 1410 2569; x_wconf 91' lang='lat' dir='ltr'><strong>sine</strong></span> <span class='ocrx_word' id='word_1_183' title='bbox 1446 2519 1649 2571; x_wconf 88' lang='lat' dir='ltr'><strong>medio.</strong></span> 
     </span>
    </p>
   </div>
   <div class='ocr_carea' id='block_1_26' title="bbox 820 2605 2323 2679">
    <p class='ocr_par' dir='ltr' id='par_1_26' title="bbox 820 2605 2323 2679">
     <span class='ocr_line' id='line_1_26' title="bbox 820 2605 2323 2679; baseline 0.01 -27"><span class='ocrx_word' id='word_1_184' title='bbox 820 2605 1088 2667; x_wconf 72' lang='lat' dir='ltr'><strong>Quoniam</strong></span> <span class='ocrx_word' id='word_1_185' title='bbox 1127 2620 1257 2671; x_wconf 69' lang='lat' dir='ltr'><strong>ergo</strong></span> <span class='ocrx_word' id='word_1_186' title='bbox 1283 2609 1583 2660; x_wconf 90' lang='lat' dir='ltr'><strong>secundum</strong></span> <span class='ocrx_word' id='word_1_187' title='bbox 1642 2625 1938 2679; x_wconf 86' lang='lat' dir='ltr'><strong>processus</strong></span> <span class='ocrx_word' id='word_1_188' title='bbox 1968 2613 2175 2666; x_wconf 80' lang='lat' dir='ltr'><strong>variant</strong></span> <span class='ocrx_word' id='word_1_189' title='bbox 2233 2628 2323 2667; x_wconf 86' lang='lat' dir='ltr'><strong>ra-</strong></span> 
     </span>
    </p>
   </div>
   <div class='ocr_carea' id='block_1_27' title="bbox 748 2698 2320 2774">
    <p class='ocr_par' dir='ltr' id='par_1_27' title="bbox 748 2698 2320 2774">
     <span class='ocr_line' id='line_1_27' title="bbox 748 2698 2320 2774; baseline 0.004 -26"><span class='ocrx_word' id='word_1_190' title='bbox 748 2698 976 2748; x_wconf 82' lang='lat' dir='ltr'><strong>tionein.</strong></span> <span class='ocrx_word' id='word_1_191' title='bbox 1016 2713 1375 2763; x_wconf 78' lang='lat' dir='ltr'><strong>personarum</strong></span> <span class='ocrx_word' id='word_1_192' title='bbox 1402 2716 1621 2768; x_wconf 90' lang='lat' dir='ltr'><strong>quoque</strong></span> <span class='ocrx_word' id='word_1_193' title='bbox 1664 2704 1901 2756; x_wconf 75' lang='lat' dir='ltr'><strong>varietas</strong></span> <span class='ocrx_word' id='word_1_194' title='bbox 1962 2705 2320 2774; x_wconf 82' lang='lat' dir='ltr'><strong>designatur;</strong></span> 
     </span>
    </p>
   </div>
   <div class='ocr_carea' id='block_1_28' title="bbox 747 2787 2317 2856">
    <p class='ocr_par' dir='ltr' id='par_1_28' title="bbox 747 2787 2317 2856">
     <span class='ocr_line' id='line_1_28' title="bbox 747 2787 2317 2856; baseline 0.008 -21"><span class='ocrx_word' id='word_1_195' title='bbox 747 2789 946 2854; x_wconf 81' lang='lat' dir='ltr'><strong>quippe.</strong></span> <span class='ocrx_word' id='word_1_196' title='bbox 978 2787 1094 2840; x_wconf 77' lang='lat' dir='ltr'><strong>Filii</strong></span> <span class='ocrx_word' id='word_1_197' title='bbox 1135 2804 1427 2856; x_wconf 80' lang='lat' dir='ltr'><strong>processus</strong></span> <span class='ocrx_word' id='word_1_198' title='bbox 1463 2792 1776 2845; x_wconf 87' lang='lat' dir='ltr'><strong>immediate</strong></span> <span class='ocrx_word' id='word_1_199' title='bbox 1818 2791 2013 2845; x_wconf 90' lang='lat' dir='ltr'><strong>Filium</strong></span> <span class='ocrx_word' id='word_1_200' title='bbox 2059 2796 2224 2847; x_wconf 81' lang='lat' dir='ltr'><strong>tradit</strong></span> <span class='ocrx_word' id='word_1_201' title='bbox 2256 2811 2317 2847; x_wconf 75' lang='lat' dir='ltr'><strong>ex</strong></span> 
     </span>
    </p>
   </div>
   <div class='ocr_carea' id='block_1_29' title="bbox 749 2874 2327 2945">
    <p class='ocr_par' dir='ltr' id='par_1_29' title="bbox 749 2874 2327 2945">
     <span class='ocr_line' id='line_1_29' title="bbox 749 2874 2327 2945; baseline 0.006 -20"><span class='ocrx_word' id='word_1_202' title='bbox 749 2874 907 2926; x_wconf 67' lang='lat' dir='ltr'><strong>l’atre</strong></span> <span class='ocrx_word' id='word_1_203' title='bbox 932 2877 1257 2933; x_wconf 76' lang='lat' dir='ltr'><strong>subsistere.</strong></span> <span class='ocrx_word' id='word_1_204' title='bbox 1316 2886 1480 2945; x_wconf 89' lang='lat' dir='ltr'><strong>atque</strong></span> <span class='ocrx_word' id='word_1_205' title='bbox 1530 2880 1842 2933; x_wconf 76' lang='lat' dir='ltr'><strong>immediate</strong></span> <span class='ocrx_word' id='word_1_206' title='bbox 1887 2882 2188 2935; x_wconf 77' lang='lat' dir='ltr'><strong>nativitatis</strong></span> <span class='ocrx_word' id='word_1_207' title='bbox 2240 2899 2327 2935; x_wconf 77' lang='lat' dir='ltr'><strong>ra~</strong></span> 
     </span>
    </p>
   </div>
   <div class='ocr_carea' id='block_1_30' title="bbox 746 2967 2319 3038">
    <p class='ocr_par' dir='ltr' id='par_1_30' title="bbox 746 2967 2319 3038">
     <span class='ocr_line' id='line_1_30' title="bbox 746 2967 2319 3038; baseline 0.006 -22"><span class='ocrx_word' id='word_1_208' title='bbox 746 2967 890 3017; x_wconf 76' lang='lat' dir='ltr'><strong>tione</strong></span> <span class='ocrx_word' id='word_1_209' title='bbox 918 2982 978 3017; x_wconf 73' lang='lat' dir='ltr'><strong>es</strong></span> <span class='ocrx_word' id='word_1_210' title='bbox 1017 2967 1131 3031; x_wconf 79' lang='lat' dir='ltr'><strong>ipso</strong></span> <span class='ocrx_word' id='word_1_211' title='bbox 1171 2967 1371 3018; x_wconf 77' lang='lat' dir='ltr'><strong>habere.</strong></span> <span class='ocrx_word' id='word_1_212' title='bbox 1421 2972 1822 3033; x_wconf 77' lang='lat' dir='ltr'><strong>substantiam;</strong></span> <span class='ocrx_word' id='word_1_213' title='bbox 1859 2971 2100 3038; x_wconf 87' lang='lat' dir='ltr'><strong>Spiritus</strong></span> <span class='ocrx_word' id='word_1_214' title='bbox 2137 2983 2319 3025; x_wconf 87' lang='lat' dir='ltr'><strong>autem</strong></span> 
     </span>
    </p>
   </div>
   <div class='ocr_carea' id='block_1_31' title="bbox 672 3060 2321 3128">
    <p class='ocr_par' dir='ltr' id='par_1_31' title="bbox 672 3060 2321 3128">
     <span class='ocr_line' id='line_1_31' title="bbox 672 3060 2321 3128; baseline 0.007 -23"><span class='ocrx_word' id='word_1_215' title='bbox 672 3065 677 3069; x_wconf 85' lang='lat'><strong>‘</strong></span> <span class='ocrx_word' id='word_1_216' title='bbox 744 3072 1036 3121; x_wconf 78' lang='lat' dir='ltr'><strong>proressus</strong></span> <span class='ocrx_word' id='word_1_217' title='bbox 1069 3075 1163 3127; x_wconf 88' lang='lat' dir='ltr'><strong>per</strong></span> <span class='ocrx_word' id='word_1_218' title='bbox 1196 3060 1393 3111; x_wconf 81' lang='lat' dir='ltr'><strong>Filium</strong></span> <span class='ocrx_word' id='word_1_219' title='bbox 1432 3062 1606 3128; x_wconf 78' lang='lat' dir='ltr'><strong>ipsum</strong></span> <span class='ocrx_word' id='word_1_220' title='bbox 1648 3076 1770 3114; x_wconf 90' lang='lat' dir='ltr'><strong>esse</strong></span> <span class='ocrx_word' id='word_1_221' title='bbox 1832 3063 2204 3126; x_wconf 85' lang='lat' dir='ltr'><strong>commendat,</strong></span> <span class='ocrx_word' id='word_1_222' title='bbox 2255 3079 2321 3117; x_wconf 79' lang='lat' dir='ltr'><strong>ex</strong></span> 
     </span>
    </p>
   </div>
   <div class='ocr_carea' id='block_1_32' title="bbox 2438 631 3053 698">
    <p class='ocr_par' dir='ltr' id='par_1_32' title="bbox 2438 631 3053 698">
     <span class='ocr_line' id='line_1_32' title="bbox 2438 631 3053 698; baseline 0.003 -16"><span class='ocrx_word' id='word_1_223' title='bbox 2438 641 2741 683; x_wconf 84' lang='lat' dir='ltr'><strong>tnanauteut</strong></span> <span class='ocrx_word' id='word_1_224' title='bbox 2792 631 3053 698; x_wconf 89' lang='lat' dir='ltr'><strong>procedit.</strong></span> 
     </span>
    </p>
   </div>
   <div class='ocr_carea' id='block_1_33' title="bbox 2504 718 3989 787">
    <p class='ocr_par' dir='ltr' id='par_1_33' title="bbox 2504 718 3989 787">
     <span class='ocr_line' id='line_1_33' title="bbox 2504 718 3989 787; baseline -0.001 -16"><span class='ocrx_word' id='word_1_225' title='bbox 2504 719 2765 772; x_wconf 65' lang='lat' dir='ltr'><strong>Praeterea</strong></span> <span class='ocrx_word' id='word_1_226' title='bbox 2806 735 3029 787; x_wconf 75' lang='lat' dir='ltr'><strong>magnus</strong></span> <span class='ocrx_word' id='word_1_227' title='bbox 3089 718 3321 772; x_wconf 75' lang='lat' dir='ltr'><strong>Basilius</strong></span> <span class='ocrx_word' id='word_1_228' title='bbox 3363 720 3414 771; x_wconf 91' lang='lat' dir='ltr'><strong>iu</strong></span> <span class='ocrx_word' id='word_1_229' title='bbox 3452 735 3511 769; x_wconf 87' lang='lat' dir='ltr'><strong>ea</strong></span> <span class='ocrx_word' id='word_1_230' title='bbox 3545 736 3704 787; x_wconf 90' lang='lat' dir='ltr'><strong>quam</strong></span> <span class='ocrx_word' id='word_1_231' title='bbox 3742 721 3989 787; x_wconf 76' lang='lat' dir='ltr'><strong>pr:edix.-</strong></span> 
     </span>
    </p>
   </div>
   <div class='ocr_carea' id='block_1_34' title="bbox 2437 807 3986 876">
    <p class='ocr_par' dir='ltr' id='par_1_34' title="bbox 2437 807 3986 876">
     <span class='ocr_line' id='line_1_34' title="bbox 2437 807 3986 876; baseline 0.001 -14"><span class='ocrx_word' id='word_1_232' title='bbox 2437 817 2557 862; x_wconf 81' lang='lat' dir='ltr'><strong>mus</strong></span> <span class='ocrx_word' id='word_1_233' title='bbox 2591 812 2653 862; x_wconf 87' lang='lat' dir='ltr'><strong>ad</strong></span> <span class='ocrx_word' id='word_1_234' title='bbox 2696 810 3014 876; x_wconf 74' lang='lat' dir='ltr'><strong>Gregorium</strong></span> <span class='ocrx_word' id='word_1_235' title='bbox 3051 807 3298 868; x_wconf 80' lang='lat' dir='ltr'><strong>fratrem,</strong></span> <span class='ocrx_word' id='word_1_236' title='bbox 3348 811 3599 875; x_wconf 77' lang='lat' dir='ltr'><strong>cpistola,</strong></span> <span class='ocrx_word' id='word_1_237' title='bbox 3648 811 3986 863; x_wconf 69' lang='lat' dir='ltr'><strong>manifestius</strong></span> 
     </span>
    </p>
   </div>
   <div class='ocr_carea' id='block_1_35' title="bbox 2434 900 3991 967">
    <p class='ocr_par' dir='ltr' id='par_1_35' title="bbox 2434 900 3991 967">
     <span class='ocr_line' id='line_1_35' title="bbox 2434 900 3991 967; baseline 0.001 -17"><span class='ocrx_word' id='word_1_238' title='bbox 2434 902 2497 951; x_wconf 86' lang='lat' dir='ltr'><strong>de</strong></span> <span class='ocrx_word' id='word_1_239' title='bbox 2535 901 2649 967; x_wconf 83' lang='lat' dir='ltr'><strong>ipso</strong></span> <span class='ocrx_word' id='word_1_240' title='bbox 2680 904 2748 951; x_wconf 89' lang='lat' dir='ltr'><strong>ita</strong></span> <span class='ocrx_word' id='word_1_241' title='bbox 2784 900 3065 966; x_wconf 73' lang='lat' dir='ltr'><strong>loquitur:</strong></span> <span class='ocrx_word' id='word_1_242' title='bbox 3110 918 3126 948; x_wconf 73' lang='grc' dir='ltr'><strong>ι</strong></span> <span class='ocrx_word' id='word_1_243' title='bbox 3182 901 3438 964; x_wconf 73' lang='lat' dir='ltr'><strong>Spiritus,</strong></span> <span class='ocrx_word' id='word_1_244' title='bbox 3497 901 3668 965; x_wconf 90' lang='lat' dir='ltr'><strong>inquit</strong></span> <span class='ocrx_word' id='word_1_245' title='bbox 3721 901 3840 962; x_wconf 74' lang='lat' dir='ltr'><strong>iste,</strong></span> <span class='ocrx_word' id='word_1_246' title='bbox 3891 903 3991 951; x_wconf 89' lang='lat' dir='ltr'><strong>hoc</strong></span> 
     </span>
    </p>
   </div>
   <div class='ocr_carea' id='block_1_36' title="bbox 2436 989 3988 1055">
    <p class='ocr_par' dir='ltr' id='par_1_36' title="bbox 2436 989 3988 1055">
     <span class='ocr_line' id='line_1_36' title="bbox 2436 989 3988 1055; baseline 0 -15"><span class='ocrx_word' id='word_1_247' title='bbox 2436 991 2589 1040; x_wconf 66' lang='lat' dir='ltr'><strong>balet</strong></span> <span class='ocrx_word' id='word_1_248' title='bbox 2620 990 2872 1041; x_wconf 90' lang='lat' dir='ltr'><strong>indicium</strong></span> <span class='ocrx_word' id='word_1_249' title='bbox 2937 1000 2987 1040; x_wconf 87' lang='lat' dir='ltr'><strong>et</strong></span> <span class='ocrx_word' id='word_1_250' title='bbox 3028 990 3235 1051; x_wconf 61' lang='lat' dir='ltr'><strong>signum</strong></span> <span class='ocrx_word' id='word_1_251' title='bbox 3288 989 3635 1055; x_wconf 81' lang='lat' dir='ltr'><strong>proprietatis</strong></span> <span class='ocrx_word' id='word_1_252' title='bbox 3666 1006 3795 1051; x_wconf 67' lang='lat' dir='ltr'><strong>sum,</strong></span> <span class='ocrx_word' id='word_1_253' title='bbox 3846 990 3988 1055; x_wconf 82' lang='lat' dir='ltr'><strong>quod</strong></span> 
     </span>
    </p>
   </div>
   <div class='ocr_carea' id='block_1_37' title="bbox 2434 1078 3992 1147">
    <p class='ocr_par' dir='ltr' id='par_1_37' title="bbox 2434 1078 3992 1147">
     <span class='ocr_line' id='line_1_37' title="bbox 2434 1078 3992 1147; baseline 0.004 -20"><span class='ocrx_word' id='word_1_254' title='bbox 2434 1090 2553 1147; x_wconf 85' lang='lat' dir='ltr'><strong>post</strong></span> <span class='ocrx_word' id='word_1_255' title='bbox 2586 1078 2801 1139; x_wconf 80' lang='lat' dir='ltr'><strong>Filium,</strong></span> <span class='ocrx_word' id='word_1_256' title='bbox 2834 1089 3034 1131; x_wconf 88' lang='lat' dir='ltr'><strong>etcum</strong></span> <span class='ocrx_word' id='word_1_257' title='bbox 3068 1078 3203 1130; x_wconf 85' lang='lat' dir='ltr'><strong>Filio</strong></span> <span class='ocrx_word' id='word_1_258' title='bbox 3238 1081 3505 1141; x_wconf 79' lang='lat' dir='ltr'><strong>nascitur,</strong></span> <span class='ocrx_word' id='word_1_259' title='bbox 3545 1091 3703 1147; x_wconf 87' lang='lat' dir='ltr'><strong>atque</strong></span> <span class='ocrx_word' id='word_1_260' title='bbox 3747 1096 3808 1131; x_wconf 79' lang='lat' dir='ltr'><strong>ex</strong></span> <span class='ocrx_word' id='word_1_261' title='bbox 3836 1080 3992 1133; x_wconf 73' lang='lat' dir='ltr'><strong>Patre</strong></span> 
     </span>
    </p>
   </div>
   <div class='ocr_carea' id='block_1_38' title="bbox 2434 1167 2767 1222">
    <p class='ocr_par' dir='ltr' id='par_1_38' title="bbox 2434 1167 2767 1222">
     <span class='ocr_line' id='line_1_38' title="bbox 2434 1167 2767 1222; baseline 0 -5"><span class='ocrx_word' id='word_1_262' title='bbox 2434 1167 2697 1222; x_wconf 77' lang='lat' dir='ltr'><strong>subsistit.</strong></span> <span class='ocrx_word' id='word_1_263' title='bbox 2749 1185 2767 1217; x_wconf 74' lang='grc' dir='ltr'><strong>ι</strong></span> 
     </span>
    </p>
   </div>
   <div class='ocr_carea' id='block_1_39' title="bbox 2501 1256 3991 1325">
    <p class='ocr_par' dir='ltr' id='par_1_39' title="bbox 2501 1256 3991 1325">
     <span class='ocr_line' id='line_1_39' title="bbox 2501 1256 3991 1325; baseline 0.001 -18"><span class='ocrx_word' id='word_1_264' title='bbox 2501 1257 2669 1321; x_wconf 85' lang='lat' dir='ltr'><strong>Quem</strong></span> <span class='ocrx_word' id='word_1_265' title='bbox 2708 1257 2871 1325; x_wconf 79' lang='lat' dir='ltr'><strong>igitur</strong></span> <span class='ocrx_word' id='word_1_266' title='bbox 2928 1256 3173 1323; x_wconf 87' lang='lat' dir='ltr'><strong>plurimis</strong></span> <span class='ocrx_word' id='word_1_267' title='bbox 3211 1257 3262 1310; x_wconf 92' lang='lat' dir='ltr'><strong>in</strong></span> <span class='ocrx_word' id='word_1_268' title='bbox 3311 1257 3445 1312; x_wconf 90' lang='lat' dir='ltr'><strong>locis</strong></span> <span class='ocrx_word' id='word_1_269' title='bbox 3482 1257 3581 1311; x_wconf 91' lang='lat' dir='ltr'><strong>SS.</strong></span> <span class='ocrx_word' id='word_1_270' title='bbox 3641 1257 3826 1312; x_wconf 77' lang='lat' dir='ltr'><strong>Patres</strong></span> <span class='ocrx_word' id='word_1_271' title='bbox 3887 1268 3991 1310; x_wconf 89' lang='lat' dir='ltr'><strong>ter-</strong></span> 
     </span>
    </p>
   </div>
   <div class='ocr_carea' id='block_1_40' title="bbox 2433 1346 3991 1410">
    <p class='ocr_par' dir='ltr' id='par_1_40' title="bbox 2433 1346 3991 1410">
     <span class='ocr_line' id='line_1_40' title="bbox 2433 1346 3991 1410; baseline 0 -10"><span class='ocrx_word' id='word_1_272' title='bbox 2433 1347 2563 1400; x_wconf 90' lang='lat' dir='ltr'><strong>tium</strong></span> <span class='ocrx_word' id='word_1_273' title='bbox 2630 1347 2870 1410; x_wconf 90' lang='lat' dir='ltr'><strong>tradunt,</strong></span> <span class='ocrx_word' id='word_1_274' title='bbox 2933 1347 2983 1399; x_wconf 95' lang='lat' dir='ltr'><strong>id</strong></span> <span class='ocrx_word' id='word_1_275' title='bbox 3034 1357 3138 1409; x_wconf 88' lang='lat' dir='ltr'><strong>cst,</strong></span> <span class='ocrx_word' id='word_1_276' title='bbox 3197 1362 3226 1400; x_wconf 90' lang='lat' dir='ltr'><strong>a</strong></span> <span class='ocrx_word' id='word_1_277' title='bbox 3286 1346 3444 1401; x_wconf 87' lang='lat' dir='ltr'><strong>Patre</strong></span> <span class='ocrx_word' id='word_1_278' title='bbox 3480 1348 3721 1409; x_wconf 87' lang='lat' dir='ltr'><strong>tertium,</strong></span> <span class='ocrx_word' id='word_1_279' title='bbox 3764 1363 3791 1400; x_wconf 92' lang='lat' dir='ltr'><strong>a</strong></span> <span class='ocrx_word' id='word_1_280' title='bbox 3855 1346 3991 1400; x_wconf 83' lang='lat' dir='ltr'><strong>Filio</strong></span> 
     </span>
    </p>
   </div>
   <div class='ocr_carea' id='block_1_41' title="bbox 2432 1438 3990 1503">
    <p class='ocr_par' dir='ltr' id='par_1_41' title="bbox 2432 1438 3990 1503">
     <span class='ocr_line' id='line_1_41' title="bbox 2432 1438 3990 1503; baseline -0.002 -12"><span class='ocrx_word' id='word_1_281' title='bbox 2432 1438 2751 1495; x_wconf 81' lang='lat' dir='ltr'><strong>secundum.</strong></span> <span class='ocrx_word' id='word_1_282' title='bbox 2795 1439 2947 1502; x_wconf 77' lang='lat' dir='ltr'><strong>juxta</strong></span> <span class='ocrx_word' id='word_1_283' title='bbox 2994 1438 3330 1503; x_wconf 87' lang='lat' dir='ltr'><strong>personalem</strong></span> <span class='ocrx_word' id='word_1_284' title='bbox 3395 1438 3683 1491; x_wconf 81' lang='lat' dir='ltr'><strong>ordinent:</strong></span> <span class='ocrx_word' id='word_1_285' title='bbox 3725 1453 3845 1490; x_wconf 93' lang='lat' dir='ltr'><strong>cum</strong></span> <span class='ocrx_word' id='word_1_286' title='bbox 3903 1438 3990 1489; x_wconf 89' lang='lat' dir='ltr'><strong>hic</strong></span> 
     </span>
    </p>
   </div>
   <div class='ocr_carea' id='block_1_42' title="bbox 2433 1523 3993 1591">
    <p class='ocr_par' dir='ltr' id='par_1_42' title="bbox 2433 1523 3993 1591">
     <span class='ocr_line' id='line_1_42' title="bbox 2433 1523 3993 1591; baseline -0.001 -15"><span class='ocrx_word' id='word_1_287' title='bbox 2433 1526 2533 1577; x_wconf 81' lang='lat' dir='ltr'><strong>iste</strong></span> <span class='ocrx_word' id='word_1_288' title='bbox 2564 1534 2684 1589; x_wconf 89' lang='lat' dir='ltr'><strong>post</strong></span> <span class='ocrx_word' id='word_1_289' title='bbox 2723 1523 2943 1579; x_wconf 87' lang='lat' dir='ltr'><strong>Filium.</strong></span> <span class='ocrx_word' id='word_1_290' title='bbox 2978 1534 3029 1575; x_wconf 90' lang='lat' dir='ltr'><strong>et</strong></span> <span class='ocrx_word' id='word_1_291' title='bbox 3060 1538 3221 1591; x_wconf 88' lang='lat' dir='ltr'><strong>quem</strong></span> <span class='ocrx_word' id='word_1_292' title='bbox 3253 1538 3317 1575; x_wconf 80' lang='lat' dir='ltr'><strong>ex</strong></span> <span class='ocrx_word' id='word_1_293' title='bbox 3349 1524 3523 1590; x_wconf 90' lang='lat' dir='ltr'><strong>primo</strong></span> <span class='ocrx_word' id='word_1_294' title='bbox 3559 1526 3830 1591; x_wconf 71' lang='lat' dir='ltr'><strong>NySseuus</strong></span> <span class='ocrx_word' id='word_1_295' title='bbox 3861 1525 3993 1577; x_wconf 82' lang='lat' dir='ltr'><strong>Gre-</strong></span> 
     </span>
    </p>
   </div>
   <div class='ocr_carea' id='block_1_43' title="bbox 2431 1609 3988 1679">
    <p class='ocr_par' dir='ltr' id='par_1_43' title="bbox 2431 1609 3988 1679">
     <span class='ocr_line' id='line_1_43' title="bbox 2431 1609 3988 1679; baseline 0 -16"><span class='ocrx_word' id='word_1_296' title='bbox 2431 1614 2614 1678; x_wconf 66' lang='grc' dir='ltr'><strong>ᾳοεὶυς</strong></span> <span class='ocrx_word' id='word_1_297' title='bbox 2646 1628 2864 1665; x_wconf 90' lang='lat' dir='ltr'><strong>manare</strong></span> <span class='ocrx_word' id='word_1_298' title='bbox 2899 1612 3054 1672; x_wconf 80' lang='lat' dir='ltr'><strong>dixit.</strong></span> <span class='ocrx_word' id='word_1_299' title='bbox 3110 1614 3208 1665; x_wconf 89' lang='lat' dir='ltr'><strong>iste</strong></span> <span class='ocrx_word' id='word_1_300' title='bbox 3242 1613 3517 1679; x_wconf 85' lang='lat' dir='ltr'><strong>apertius:</strong></span> <span class='ocrx_word' id='word_1_301' title='bbox 3570 1627 3633 1664; x_wconf 77' lang='lat' dir='ltr'><strong>ex</strong></span> <span class='ocrx_word' id='word_1_302' title='bbox 3683 1609 3859 1674; x_wconf 80' lang='lat' dir='ltr'><strong>Patre,</strong></span> <span class='ocrx_word' id='word_1_303' title='bbox 3896 1614 3988 1663; x_wconf 90' lang='lat' dir='ltr'><strong>ait.</strong></span> 
     </span>
    </p>
   </div>
   <div class='ocr_carea' id='block_1_44' title="bbox 2432 1701 3989 1769">
    <p class='ocr_par' dir='ltr' id='par_1_44' title="bbox 2432 1701 3989 1769">
     <span class='ocr_line' id='line_1_44' title="bbox 2432 1701 3989 1769; baseline 0.003 -22"><span class='ocrx_word' id='word_1_304' title='bbox 2432 1701 2697 1765; x_wconf 74' lang='lat' dir='ltr'><strong>Quoniam</strong></span> <span class='ocrx_word' id='word_1_305' title='bbox 2751 1715 2878 1753; x_wconf 86' lang='lat' dir='ltr'><strong>vero</strong></span> <span class='ocrx_word' id='word_1_306' title='bbox 2934 1716 2995 1755; x_wconf 87' lang='lat' dir='ltr'><strong>ea</strong></span> <span class='ocrx_word' id='word_1_307' title='bbox 3052 1703 3337 1768; x_wconf 87' lang='lat' dir='ltr'><strong>particula,</strong></span> <span class='ocrx_word' id='word_1_308' title='bbox 3373 1717 3477 1769; x_wconf 89' lang='lat' dir='ltr'><strong>qua</strong></span> <span class='ocrx_word' id='word_1_309' title='bbox 3543 1702 3823 1761; x_wconf 88' lang='lat' dir='ltr'><strong>dicimus.</strong></span> <span class='ocrx_word' id='word_1_310' title='bbox 3878 1716 3989 1766; x_wconf 66' lang='grc' dir='ltr'><strong>ριν,</strong></span> 
     </span>
    </p>
   </div>
   <div class='ocr_carea' id='block_1_45' title="bbox 2434 1792 3988 1858">
    <p class='ocr_par' dir='ltr' id='par_1_45' title="bbox 2434 1792 3988 1858">
     <span class='ocr_line' id='line_1_45' title="bbox 2434 1792 3988 1858; baseline -0.001 -14"><span class='ocrx_word' id='word_1_311' title='bbox 2434 1794 2637 1844; x_wconf 94' lang='lat' dir='ltr'><strong>nullum</strong></span> <span class='ocrx_word' id='word_1_312' title='bbox 2718 1794 2826 1844; x_wconf 84' lang='lat' dir='ltr'><strong>illic.</strong></span> <span class='ocrx_word' id='word_1_313' title='bbox 2895 1794 3157 1858; x_wconf 89' lang='lat' dir='ltr'><strong>temporis</strong></span> <span class='ocrx_word' id='word_1_314' title='bbox 3234 1792 3579 1845; x_wconf 75' lang='lat' dir='ltr'><strong>intervallum</strong></span> <span class='ocrx_word' id='word_1_315' title='bbox 3653 1792 3988 1853; x_wconf 84' lang='lat' dir='ltr'><strong>introdueit,</strong></span> 
     </span>
    </p>
   </div>
   <div class='ocr_carea' id='block_1_46' title="bbox 2430 1882 4031 1952">
    <p class='ocr_par' dir='ltr' id='par_1_46' title="bbox 2430 1882 4031 1952">
     <span class='ocr_line' id='line_1_46' title="bbox 2430 1882 4031 1952; baseline -0.001 -15"><span class='ocrx_word' id='word_1_316' title='bbox 2430 1886 2629 1952; x_wconf 88' lang='lat' dir='ltr'><strong>quippe</strong></span> <span class='ocrx_word' id='word_1_317' title='bbox 2655 1884 2975 1951; x_wconf 90' lang='lat' dir='ltr'><strong>temporales</strong></span> <span class='ocrx_word' id='word_1_318' title='bbox 3008 1883 3231 1935; x_wconf 69' lang='lat' dir='ltr'><strong>merula:</strong></span> <span class='ocrx_word' id='word_1_319' title='bbox 3284 1884 3493 1935; x_wconf 81' lang='lat' dir='ltr'><strong>nullum</strong></span> <span class='ocrx_word' id='word_1_320' title='bbox 3551 1882 3607 1935; x_wconf 89' lang='lat' dir='ltr'><strong>in</strong></span> <span class='ocrx_word' id='word_1_321' title='bbox 3655 1893 3855 1935; x_wconf 62' lang='lat' dir='ltr'><strong>aeterna</strong></span> <span class='ocrx_word' id='word_1_322' title='bbox 3885 1883 3991 1935; x_wconf 82' lang='lat' dir='ltr'><strong>vita</strong></span> <span class='ocrx_word' id='word_1_323' title='bbox 4027 1894 4031 1896; x_wconf 69' lang='lat'><strong><em>‘</em></strong></span> 
     </span>
    </p>
   </div>
   <div class='ocr_carea' id='block_1_47' title="bbox 2430 1972 3991 2041">
    <p class='ocr_par' dir='ltr' id='par_1_47' title="bbox 2430 1972 3991 2041">
     <span class='ocr_line' id='line_1_47' title="bbox 2430 1972 3991 2041; baseline -0.002 -12"><span class='ocrx_word' id='word_1_324' title='bbox 2430 1977 2606 2029; x_wconf 87' lang='lat' dir='ltr'><strong>locum</strong></span> <span class='ocrx_word' id='word_1_325' title='bbox 2664 1974 2898 2035; x_wconf 86' lang='lat' dir='ltr'><strong>habent,</strong></span> <span class='ocrx_word' id='word_1_326' title='bbox 2955 1972 3208 2041; x_wconf 82' lang='lat' dir='ltr'><strong>quodque</strong></span> <span class='ocrx_word' id='word_1_327' title='bbox 3265 1973 3525 2040; x_wconf 84' lang='lat' dir='ltr'><strong>temporis</strong></span> <span class='ocrx_word' id='word_1_328' title='bbox 3580 1974 3792 2025; x_wconf 90' lang='lat' dir='ltr'><strong>ratione</strong></span> <span class='ocrx_word' id='word_1_329' title='bbox 3842 1973 3991 2039; x_wconf 92' lang='lat' dir='ltr'><strong>prius</strong></span> 
     </span>
    </p>
   </div>
   <div class='ocr_carea' id='block_1_48' title="bbox 2428 2062 3990 2130">
    <p class='ocr_par' dir='ltr' id='par_1_48' title="bbox 2428 2062 3990 2130">
     <span class='ocr_line' id='line_1_48' title="bbox 2428 2062 3990 2130; baseline -0.003 -14"><span class='ocrx_word' id='word_1_330' title='bbox 2428 2066 2646 2124; x_wconf 85' lang='lat' dir='ltr'><strong>dicitur,</strong></span> <span class='ocrx_word' id='word_1_331' title='bbox 2672 2064 2793 2115; x_wconf 93' lang='lat' dir='ltr'><strong>inde</strong></span> <span class='ocrx_word' id='word_1_332' title='bbox 2831 2063 3047 2129; x_wconf 85' lang='lat' dir='ltr'><strong>penitus</strong></span> <span class='ocrx_word' id='word_1_333' title='bbox 3092 2063 3431 2116; x_wconf 86' lang='lat' dir='ltr'><strong>eliminatum</strong></span> <span class='ocrx_word' id='word_1_334' title='bbox 3473 2072 3578 2125; x_wconf 89' lang='lat' dir='ltr'><strong>est,</strong></span> <span class='ocrx_word' id='word_1_335' title='bbox 3615 2062 3816 2114; x_wconf 91' lang='lat' dir='ltr'><strong>idcirco</strong></span> <span class='ocrx_word' id='word_1_336' title='bbox 3848 2062 3990 2130; x_wconf 77' lang='lat' dir='ltr'><strong>qucd</strong></span> 
     </span>
    </p>
   </div>
   <div class='ocr_carea' id='block_1_49' title="bbox 2427 2153 3995 2221">
    <p class='ocr_par' dir='ltr' id='par_1_49' title="bbox 2427 2153 3995 2221">
     <span class='ocr_line' id='line_1_49' title="bbox 2427 2153 3995 2221; baseline -0.001 -14"><span class='ocrx_word' id='word_1_337' title='bbox 2427 2169 2520 2221; x_wconf 88' lang='lat' dir='ltr'><strong>per</strong></span> <span class='ocrx_word' id='word_1_338' title='bbox 2550 2154 2739 2206; x_wconf 84' lang='lat' dir='ltr'><strong>Filium</strong></span> <span class='ocrx_word' id='word_1_339' title='bbox 2772 2153 2990 2212; x_wconf 80' lang='lat' dir='ltr'><strong>dicitur,</strong></span> <span class='ocrx_word' id='word_1_340' title='bbox 3024 2154 3093 2205; x_wconf 94' lang='lat' dir='ltr'><strong>ob</strong></span> <span class='ocrx_word' id='word_1_341' title='bbox 3135 2153 3182 2205; x_wconf 91' lang='lat' dir='ltr'><strong>id</strong></span> <span class='ocrx_word' id='word_1_342' title='bbox 3224 2154 3327 2207; x_wconf 90' lang='lat' dir='ltr'><strong>dici</strong></span> <span class='ocrx_word' id='word_1_343' title='bbox 3382 2161 3581 2220; x_wconf 85' lang='lat' dir='ltr'><strong>potest,</strong></span> <span class='ocrx_word' id='word_1_344' title='bbox 3630 2154 3721 2220; x_wconf 89' lang='lat' dir='ltr'><strong>qui</strong></span> <span class='ocrx_word' id='word_1_345' title='bbox 3753 2154 3995 2205; x_wconf 88' lang='lat' dir='ltr'><strong>simulet</strong></span> 
     </span>
    </p>
   </div>
   <div class='ocr_carea' id='block_1_50' title="bbox 2425 2245 3987 2313">
    <p class='ocr_par' dir='ltr' id='par_1_50' title="bbox 2425 2245 3987 2313">
     <span class='ocr_line' id='line_1_50' title="bbox 2425 2245 3987 2313; baseline -0.001 -13"><span class='ocrx_word' id='word_1_346' title='bbox 2425 2261 2546 2300; x_wconf 91' lang='lat' dir='ltr'><strong>cum</strong></span> <span class='ocrx_word' id='word_1_347' title='bbox 2582 2245 2716 2297; x_wconf 89' lang='lat' dir='ltr'><strong>Filio</strong></span> <span class='ocrx_word' id='word_1_348' title='bbox 2737 2253 2855 2309; x_wconf 83' lang='lat' dir='ltr'><strong>est;</strong></span> <span class='ocrx_word' id='word_1_349' title='bbox 2899 2255 3074 2299; x_wconf 82' lang='lat' dir='ltr'><strong>tamen</strong></span> <span class='ocrx_word' id='word_1_350' title='bbox 3112 2249 3180 2299; x_wconf 89' lang='lat' dir='ltr'><strong>ob</strong></span> <span class='ocrx_word' id='word_1_351' title='bbox 3215 2261 3569 2313; x_wconf 89' lang='lat' dir='ltr'><strong>personarum</strong></span> <span class='ocrx_word' id='word_1_352' title='bbox 3604 2247 3987 2299; x_wconf 87' lang='lat' dir='ltr'><strong>diseretionem</strong></span> 
     </span>
    </p>
   </div>
   <div class='ocr_carea' id='block_1_51' title="bbox 2423 2338 3992 2405">
    <p class='ocr_par' dir='ltr' id='par_1_51' title="bbox 2423 2338 3992 2405">
     <span class='ocr_line' id='line_1_51' title="bbox 2423 2338 3992 2405; baseline 0 -15"><span class='ocrx_word' id='word_1_353' title='bbox 2423 2354 2486 2390; x_wconf 73' lang='lat' dir='ltr'><strong>ex</strong></span> <span class='ocrx_word' id='word_1_354' title='bbox 2546 2352 2801 2405; x_wconf 87' lang='lat' dir='ltr'><strong>processu</strong></span> <span class='ocrx_word' id='word_1_355' title='bbox 2846 2338 2962 2405; x_wconf 90' lang='lat' dir='ltr'><strong>ipso</strong></span> <span class='ocrx_word' id='word_1_356' title='bbox 3038 2340 3438 2405; x_wconf 85' lang='lat' dir='ltr'><strong>apparentium,</strong></span> <span class='ocrx_word' id='word_1_357' title='bbox 3508 2353 3664 2404; x_wconf 85' lang='lat' dir='ltr'><strong>quem</strong></span> <span class='ocrx_word' id='word_1_358' title='bbox 3714 2339 3845 2390; x_wconf 90' lang='lat' dir='ltr'><strong>satis</strong></span> <span class='ocrx_word' id='word_1_359' title='bbox 3901 2356 3992 2405; x_wconf 71' lang='lat' dir='ltr'><strong>per</strong></span> 
     </span>
    </p>
   </div>
   <div class='ocr_carea' id='block_1_52' title="bbox 2425 2426 3993 2494">
    <p class='ocr_par' dir='ltr' id='par_1_52' title="bbox 2425 2426 3993 2494">
     <span class='ocr_line' id='line_1_52' title="bbox 2425 2426 3993 2494; baseline 0.001 -17"><span class='ocrx_word' id='word_1_360' title='bbox 2425 2426 2687 2494; x_wconf 88' lang='lat' dir='ltr'><strong>particula</strong></span> <span class='ocrx_word' id='word_1_361' title='bbox 2747 2426 3115 2488; x_wconf 82' lang='lat' dir='ltr'><strong>commendat,</strong></span> <span class='ocrx_word' id='word_1_362' title='bbox 3167 2426 3295 2478; x_wconf 87' lang='lat' dir='ltr'><strong>dum</strong></span> <span class='ocrx_word' id='word_1_363' title='bbox 3335 2441 3507 2493; x_wconf 86' lang='lat' dir='ltr'><strong>neque</strong></span> <span class='ocrx_word' id='word_1_364' title='bbox 3540 2426 3700 2479; x_wconf 91' lang='lat' dir='ltr'><strong>simul</strong></span> <span class='ocrx_word' id='word_1_365' title='bbox 3732 2427 3892 2488; x_wconf 87' lang='lat' dir='ltr'><strong>tollit,</strong></span> <span class='ocrx_word' id='word_1_366' title='bbox 3941 2437 3993 2479; x_wconf 85' lang='lat' dir='ltr'><strong>et</strong></span> 
     </span>
    </p>
   </div>
   <div class='ocr_carea' id='block_1_53' title="bbox 2426 2516 3994 2584">
    <p class='ocr_par' dir='ltr' id='par_1_53' title="bbox 2426 2516 3994 2584">
     <span class='ocr_line' id='line_1_53' title="bbox 2426 2516 3994 2584; baseline 0.002 -18"><span class='ocrx_word' id='word_1_367' title='bbox 2426 2532 2783 2584; x_wconf 88' lang='lat' dir='ltr'><strong>personarum</strong></span> <span class='ocrx_word' id='word_1_368' title='bbox 2827 2517 3074 2570; x_wconf 88' lang='lat' dir='ltr'><strong>ordinem</strong></span> <span class='ocrx_word' id='word_1_369' title='bbox 3107 2531 3227 2569; x_wconf 92' lang='lat' dir='ltr'><strong>cum</strong></span> <span class='ocrx_word' id='word_1_370' title='bbox 3267 2532 3520 2570; x_wconf 68' lang='lat' dir='ltr'><strong>:a‘oeessu</strong></span> <span class='ocrx_word' id='word_1_371' title='bbox 3557 2517 3725 2569; x_wconf 83' lang='lat' dir='ltr'><strong>sancti</strong></span> <span class='ocrx_word' id='word_1_372' title='bbox 3756 2516 3994 2584; x_wconf 85' lang='lat' dir='ltr'><strong>Spiritus</strong></span> 
     </span>
    </p>
   </div>
   <div class='ocr_carea' id='block_1_54' title="bbox 2428 2607 3993 2675">
    <p class='ocr_par' dir='ltr' id='par_1_54' title="bbox 2428 2607 3993 2675">
     <span class='ocr_line' id='line_1_54' title="bbox 2428 2607 3993 2675; baseline -0.001 -15"><span class='ocrx_word' id='word_1_373' title='bbox 2428 2608 2686 2669; x_wconf 87' lang='lat' dir='ltr'><strong>insinuat,</strong></span> <span class='ocrx_word' id='word_1_374' title='bbox 2709 2609 2845 2661; x_wconf 83' lang='lat' dir='ltr'><strong>alias</strong></span> <span class='ocrx_word' id='word_1_375' title='bbox 2870 2609 3096 2661; x_wconf 86' lang='lat' dir='ltr'><strong>indicari</strong></span> <span class='ocrx_word' id='word_1_376' title='bbox 3125 2607 3338 2660; x_wconf 78' lang='lat' dir='ltr'><strong>tliﬂicile</strong></span> <span class='ocrx_word' id='word_1_377' title='bbox 3360 2608 3649 2670; x_wconf 70' lang='lat' dir='ltr'><strong>valentem,</strong></span> <span class='ocrx_word' id='word_1_378' title='bbox 3672 2623 3697 2659; x_wconf 87' lang='lat' dir='ltr'><strong>a</strong></span> <span class='ocrx_word' id='word_1_379' title='bbox 3723 2607 3993 2675; x_wconf 73' lang='lat' dir='ltr'><strong>theOIOgia</strong></span> 
     </span>
    </p>
   </div>
   <div class='ocr_carea' id='block_1_55' title="bbox 2426 2697 3709 2764">
    <p class='ocr_par' dir='ltr' id='par_1_55' title="bbox 2426 2697 3709 2764">
     <span class='ocr_line' id='line_1_55' title="bbox 2426 2697 3709 2764; baseline 0 -15"><span class='ocrx_word' id='word_1_380' title='bbox 2426 2699 2864 2751; x_wconf 81' lang='lat' dir='ltr'><strong>counuodissime</strong></span> <span class='ocrx_word' id='word_1_381' title='bbox 2907 2712 2968 2750; x_wconf 90' lang='lat' dir='ltr'><strong>ea</strong></span> <span class='ocrx_word' id='word_1_382' title='bbox 3000 2697 3262 2764; x_wconf 83' lang='lat' dir='ltr'><strong>particula</strong></span> <span class='ocrx_word' id='word_1_383' title='bbox 3294 2709 3576 2764; x_wconf 87' lang='lat' dir='ltr'><strong>assumpta</strong></span> <span class='ocrx_word' id='word_1_384' title='bbox 3607 2706 3709 2749; x_wconf 82' lang='lat' dir='ltr'><strong>est.</strong></span> 
     </span>
    </p>
   </div>
   <div class='ocr_carea' id='block_1_56' title="bbox 2497 2787 3997 2858">
    <p class='ocr_par' dir='ltr' id='par_1_56' title="bbox 2497 2787 3997 2858">
     <span class='ocr_line' id='line_1_56' title="bbox 2497 2787 3997 2858; baseline -0.001 -17"><span class='ocrx_word' id='word_1_385' title='bbox 2497 2790 2679 2857; x_wconf 82' lang='lat' dir='ltr'><strong>Itaque</strong></span> <span class='ocrx_word' id='word_1_386' title='bbox 2714 2792 2856 2857; x_wconf 87' lang='lat' dir='ltr'><strong>quod</strong></span> <span class='ocrx_word' id='word_1_387' title='bbox 2897 2787 3174 2858; x_wconf 86' lang='lat' dir='ltr'><strong>Nysseuus</strong></span> <span class='ocrx_word' id='word_1_388' title='bbox 3206 2789 3385 2855; x_wconf 87' lang='lat' dir='ltr'><strong>ipsum</strong></span> <span class='ocrx_word' id='word_1_389' title='bbox 3430 2789 3504 2840; x_wconf 86' lang='lat' dir='ltr'><strong>ait</strong></span> <span class='ocrx_word' id='word_1_390' title='bbox 3557 2804 3621 2840; x_wconf 83' lang='lat' dir='ltr'><strong>ex</strong></span> <span class='ocrx_word' id='word_1_391' title='bbox 3665 2789 3841 2856; x_wconf 89' lang='lat' dir='ltr'><strong>primo</strong></span> <span class='ocrx_word' id='word_1_392' title='bbox 3875 2802 3997 2841; x_wconf 85' lang='lat' dir='ltr'><strong>esse</strong></span> 
     </span>
    </p>
   </div>
   <div class='ocr_carea' id='block_1_57' title="bbox 2427 2878 3999 2948">
    <p class='ocr_par' dir='ltr' id='par_1_57' title="bbox 2427 2878 3999 2948">
     <span class='ocr_line' id='line_1_57' title="bbox 2427 2878 3999 2948; baseline -0.003 -14"><span class='ocrx_word' id='word_1_393' title='bbox 2427 2896 2521 2948; x_wconf 88' lang='lat' dir='ltr'><strong>per</strong></span> <span class='ocrx_word' id='word_1_394' title='bbox 2547 2896 2669 2932; x_wconf 89' lang='lat' dir='ltr'><strong>eum</strong></span> <span class='ocrx_word' id='word_1_395' title='bbox 2706 2880 2794 2947; x_wconf 87' lang='lat' dir='ltr'><strong>qui</strong></span> <span class='ocrx_word' id='word_1_396' title='bbox 2826 2881 3169 2931; x_wconf 81' lang='lat' dir='ltr'><strong>continenter</strong></span> <span class='ocrx_word' id='word_1_397' title='bbox 3202 2888 3444 2929; x_wconf 88' lang='lat' dir='ltr'><strong>manaret</strong></span> <span class='ocrx_word' id='word_1_398' title='bbox 3474 2892 3536 2930; x_wconf 80' lang='lat' dir='ltr'><strong>ex</strong></span> <span class='ocrx_word' id='word_1_399' title='bbox 3569 2878 3744 2945; x_wconf 90' lang='lat' dir='ltr'><strong>primo</strong></span> <span class='ocrx_word' id='word_1_400' title='bbox 3768 2917 3781 2940; x_wconf 97' lang='lat'><strong>,</strong></span> <span class='ocrx_word' id='word_1_401' title='bbox 3818 2878 3917 2929; x_wconf 91' lang='lat' dir='ltr'><strong>hoc</strong></span> <span class='ocrx_word' id='word_1_402' title='bbox 3945 2885 3999 2929; x_wconf 87' lang='lat' dir='ltr'><strong>et</strong></span> 
     </span>
    </p>
   </div>
   <div class='ocr_carea' id='block_1_58' title="bbox 2426 2967 3997 3039">
    <p class='ocr_par' dir='ltr' id='par_1_58' title="bbox 2426 2967 3997 3039">
     <span class='ocr_line' id='line_1_58' title="bbox 2426 2967 3997 3039; baseline -0.002 -15"><span class='ocrx_word' id='word_1_403' title='bbox 2426 2986 2652 3039; x_wconf 84' lang='lat' dir='ltr'><strong>magnus</strong></span> <span class='ocrx_word' id='word_1_404' title='bbox 2710 2969 2944 3022; x_wconf 66' lang='lat' dir='ltr'><strong>Basilius</strong></span> <span class='ocrx_word' id='word_1_405' title='bbox 2994 2970 3178 3021; x_wconf 88' lang='lat' dir='ltr'><strong>itidem</strong></span> <span class='ocrx_word' id='word_1_406' title='bbox 3232 2968 3477 3031; x_wconf 81' lang='lat' dir='ltr'><strong>fatetur;</strong></span> <span class='ocrx_word' id='word_1_407' title='bbox 3547 2967 3675 3035; x_wconf 91' lang='lat' dir='ltr'><strong>quia</strong></span> <span class='ocrx_word' id='word_1_408' title='bbox 3727 2968 3893 3020; x_wconf 67' lang='lat' dir='ltr'><strong>enim»</strong></span> <span class='ocrx_word' id='word_1_409' title='bbox 3929 2983 3997 3021; x_wconf 77' lang='lat' dir='ltr'><strong>ex</strong></span> 
     </span>
    </p>
   </div>
   <div class='ocr_carea' id='block_1_59' title="bbox 2428 3059 3994 3129">
    <p class='ocr_par' dir='ltr' id='par_1_59' title="bbox 2428 3059 3994 3129">
     <span class='ocr_line' id='line_1_59' title="bbox 2428 3059 3994 3129; baseline -0.003 -16"><span class='ocrx_word' id='word_1_410' title='bbox 2428 3062 2606 3126; x_wconf 83' lang='lat' dir='ltr'><strong>Patre,</strong></span> <span class='ocrx_word' id='word_1_411' title='bbox 2638 3070 2798 3129; x_wconf 82' lang='lat' dir='ltr'><strong>atque</strong></span> <span class='ocrx_word' id='word_1_412' title='bbox 2832 3070 2949 3128; x_wconf 89' lang='lat' dir='ltr'><strong>post</strong></span> <span class='ocrx_word' id='word_1_413' title='bbox 2984 3059 3178 3111; x_wconf 88' lang='lat' dir='ltr'><strong>Filium</strong></span> <span class='ocrx_word' id='word_1_414' title='bbox 3228 3070 3332 3123; x_wconf 86' lang='lat' dir='ltr'><strong>est,</strong></span> <span class='ocrx_word' id='word_1_415' title='bbox 3395 3059 3555 3111; x_wconf 79' lang='lat' dir='ltr'><strong>aliter</strong></span> <span class='ocrx_word' id='word_1_416' title='bbox 3609 3060 3682 3111; x_wconf 90' lang='lat' dir='ltr'><strong>ita</strong></span> <span class='ocrx_word' id='word_1_417' title='bbox 3709 3073 3832 3111; x_wconf 92' lang='lat' dir='ltr'><strong>esse</strong></span> <span class='ocrx_word' id='word_1_418' title='bbox 3888 3073 3994 3110; x_wconf 88' lang='lat' dir='ltr'><strong>non</strong></span> 
     </span>
    </p>
   </div>
   <div class='ocr_carea' id='block_1_60' title="bbox 748 3148 3996 3234">
    <p class='ocr_par' dir='ltr' id='par_1_60' title="bbox 748 3148 3996 3234">
     <span class='ocr_line' id='line_1_60' title="bbox 748 3148 3996 3234; baseline 0.001 -35"><span class='ocrx_word' id='word_1_419' title='bbox 748 3148 907 3200; x_wconf 78' lang='lat' dir='ltr'><strong>Patre</strong></span> <span class='ocrx_word' id='word_1_420' title='bbox 939 3150 1084 3201; x_wconf 86' lang='lat' dir='ltr'><strong>enim</strong></span> <span class='ocrx_word' id='word_1_421' title='bbox 1135 3166 1225 3217; x_wconf 89' lang='lat' dir='ltr'><strong>per</strong></span> <span class='ocrx_word' id='word_1_422' title='bbox 1259 3150 1453 3202; x_wconf 85' lang='lat' dir='ltr'><strong>Filium</strong></span> <span class='ocrx_word' id='word_1_423' title='bbox 1493 3152 1788 3218; x_wconf 84' lang='lat' dir='ltr'><strong>procedere</strong></span> <span class='ocrx_word' id='word_1_424' title='bbox 1838 3168 2001 3219; x_wconf 84' lang='lat' dir='ltr'><strong>supra</strong></span> <span class='ocrx_word' id='word_1_425' title='bbox 2052 3164 2319 3206; x_wconf 80' lang='lat' dir='ltr'><strong>tuonstra-</strong></span> <span class='ocrx_word' id='word_1_426' title='bbox 2355 3178 2394 3234; x_wconf 68' lang='grc' dir='ltr'>ο</span> <span class='ocrx_word' id='word_1_427' title='bbox 2430 3163 2630 3223; x_wconf 88' lang='lat' dir='ltr'><strong>posset,</strong></span> <span class='ocrx_word' id='word_1_428' title='bbox 2667 3153 2768 3205; x_wconf 90' lang='lat' dir='ltr'><strong>nisi</strong></span> <span class='ocrx_word' id='word_1_429' title='bbox 2795 3167 2858 3205; x_wconf 82' lang='lat' dir='ltr'><strong>ex</strong></span> <span class='ocrx_word' id='word_1_430' title='bbox 2899 3153 3076 3220; x_wconf 89' lang='lat' dir='ltr'><strong>primo</strong></span> <span class='ocrx_word' id='word_1_431' title='bbox 3103 3168 3194 3220; x_wconf 89' lang='lat' dir='ltr'><strong>per</strong></span> <span class='ocrx_word' id='word_1_432' title='bbox 3233 3152 3476 3204; x_wconf 88' lang='lat' dir='ltr'><strong>medium</strong></span> <span class='ocrx_word' id='word_1_433' title='bbox 3518 3151 3851 3219; x_wconf 85' lang='lat' dir='ltr'><strong>procederet.</strong></span> <span class='ocrx_word' id='word_1_434' title='bbox 3902 3149 3996 3202; x_wconf 79' lang='lat' dir='ltr'><strong>Sin</strong></span> 
     </span>
    </p>
   </div>
   <div class='ocr_carea' id='block_1_61' title="bbox 743 3246 2322 3315">
    <p class='ocr_par' dir='ltr' id='par_1_61' title="bbox 743 3246 2322 3315">
     <span class='ocr_line' id='line_1_61' title="bbox 743 3246 2322 3315; baseline 0.003 -20"><span class='ocrx_word' id='word_1_435' title='bbox 743 3247 861 3295; x_wconf 81' lang='lat' dir='ltr'><strong>tum</strong></span> <span class='ocrx_word' id='word_1_436' title='bbox 914 3254 1031 3306; x_wconf 88' lang='lat' dir='ltr'><strong>est;</strong></span> <span class='ocrx_word' id='word_1_437' title='bbox 1090 3261 1379 3311; x_wconf 84' lang='lat' dir='ltr'><strong>processus</strong></span> <span class='ocrx_word' id='word_1_438' title='bbox 1418 3256 1596 3298; x_wconf 85' lang='lat' dir='ltr'><strong>autem</strong></span> <span class='ocrx_word' id='word_1_439' title='bbox 1636 3246 1955 3297; x_wconf 64' lang='lat' dir='ltr'><strong>voeabulum</strong></span> <span class='ocrx_word' id='word_1_440' title='bbox 1994 3248 2166 3298; x_wconf 85' lang='lat' dir='ltr'><strong>sancti</strong></span> <span class='ocrx_word' id='word_1_441' title='bbox 2202 3247 2322 3315; x_wconf 91' lang='lat' dir='ltr'><strong>Spi-</strong></span> 
     </span>
    </p>
   </div>
   <div class='ocr_carea' id='block_1_62' title="bbox 750 3336 2324 3403">
    <p class='ocr_par' dir='ltr' id='par_1_62' title="bbox 750 3336 2324 3403">
     <span class='ocr_line' id='line_1_62' title="bbox 750 3336 2324 3403; baseline 0.006 -21"><span class='ocrx_word' id='word_1_442' title='bbox 750 3338 888 3386; x_wconf 89' lang='lat' dir='ltr'><strong>ritus</strong></span> <span class='ocrx_word' id='word_1_443' title='bbox 917 3350 1162 3401; x_wconf 78' lang='lat' dir='ltr'><strong>personze</strong></span> <span class='ocrx_word' id='word_1_444' title='bbox 1192 3339 1473 3403; x_wconf 88' lang='lat' dir='ltr'><strong>proprium</strong></span> <span class='ocrx_word' id='word_1_445' title='bbox 1509 3346 1611 3397; x_wconf 86' lang='lat' dir='ltr'><strong>est,</strong></span> <span class='ocrx_word' id='word_1_446' title='bbox 1645 3338 1786 3389; x_wconf 90' lang='lat' dir='ltr'><strong>sicut</strong></span> <span class='ocrx_word' id='word_1_447' title='bbox 1819 3337 1981 3388; x_wconf 86' lang='lat' dir='ltr'><strong>etiam</strong></span> <span class='ocrx_word' id='word_1_448' title='bbox 2015 3336 2324 3392; x_wconf 83' lang='lat' dir='ltr'><strong>Nativitatis</strong></span> 
     </span>
    </p>
   </div>
   <div class='ocr_carea' id='block_1_63' title="bbox 744 3424 2323 3493">
    <p class='ocr_par' dir='ltr' id='par_1_63' title="bbox 744 3424 2323 3493">
     <span class='ocr_line' id='line_1_63' title="bbox 744 3424 2323 3493; baseline 0.004 -19"><span class='ocrx_word' id='word_1_449' title='bbox 744 3426 1024 3489; x_wconf 88' lang='lat' dir='ltr'><strong>proprium</strong></span> <span class='ocrx_word' id='word_1_450' title='bbox 1068 3424 1187 3477; x_wconf 73' lang='lat' dir='ltr'><strong>Filii</strong></span> <span class='ocrx_word' id='word_1_451' title='bbox 1234 3427 1403 3490; x_wconf 64' lang='lat' dir='ltr'><strong>(gigni</strong></span> <span class='ocrx_word' id='word_1_452' title='bbox 1452 3427 1597 3478; x_wconf 87' lang='lat' dir='ltr'><strong>enim</strong></span> <span class='ocrx_word' id='word_1_453' title='bbox 1654 3442 1717 3479; x_wconf 90' lang='lat' dir='ltr'><strong>ac</strong></span> <span class='ocrx_word' id='word_1_454' title='bbox 1770 3427 2089 3493; x_wconf 87' lang='lat' dir='ltr'><strong>procedere,</strong></span> <span class='ocrx_word' id='word_1_455' title='bbox 2133 3428 2323 3481; x_wconf 88' lang='lat' dir='ltr'><strong>ambo-</strong></span> 
     </span>
    </p>
   </div>
   <div class='ocr_carea' id='block_1_64' title="bbox 750 3517 2321 3584">
    <p class='ocr_par' dir='ltr' id='par_1_64' title="bbox 750 3517 2321 3584">
     <span class='ocr_line' id='line_1_64' title="bbox 750 3517 2321 3584; baseline 0.003 -18"><span class='ocrx_word' id='word_1_456' title='bbox 750 3530 870 3566; x_wconf 89' lang='lat' dir='ltr'><strong>rum</strong></span> <span class='ocrx_word' id='word_1_457' title='bbox 912 3530 1172 3581; x_wconf 51' lang='lat' dir='ltr'><strong>pei&#39;souas</strong></span> <span class='ocrx_word' id='word_1_458' title='bbox 1209 3517 1497 3583; x_wconf 81' lang='lat' dir='ltr'><strong>insinuat),</strong></span> <span class='ocrx_word' id='word_1_459' title='bbox 1530 3525 1743 3569; x_wconf 87' lang='lat' dir='ltr'><strong>constat</strong></span> <span class='ocrx_word' id='word_1_460' title='bbox 1776 3517 2041 3584; x_wconf 85' lang='lat' dir='ltr'><strong>Spiritum</strong></span> <span class='ocrx_word' id='word_1_461' title='bbox 2067 3527 2321 3571; x_wconf 88' lang='lat' dir='ltr'><strong>sanctum</strong></span> 
     </span>
    </p>
   </div>
   <div class='ocr_carea' id='block_1_65' title="bbox 746 3606 2321 3677">
    <p class='ocr_par' dir='ltr' id='par_1_65' title="bbox 746 3606 2321 3677">
     <span class='ocr_line' id='line_1_65' title="bbox 746 3606 2321 3677; baseline 0.004 -24"><span class='ocrx_word' id='word_1_462' title='bbox 746 3620 811 3656; x_wconf 78' lang='lat' dir='ltr'><strong>ex</strong></span> <span class='ocrx_word' id='word_1_463' title='bbox 847 3606 1005 3657; x_wconf 83' lang='lat' dir='ltr'><strong>Patre</strong></span> <span class='ocrx_word' id='word_1_464' title='bbox 1046 3622 1138 3672; x_wconf 75' lang='lat' dir='ltr'><strong>per</strong></span> <span class='ocrx_word' id='word_1_465' title='bbox 1168 3606 1364 3658; x_wconf 79' lang='lat' dir='ltr'><strong>Filium</strong></span> <span class='ocrx_word' id='word_1_466' title='bbox 1401 3609 1601 3659; x_wconf 80' lang='lat' dir='ltr'><strong>habere</strong></span> <span class='ocrx_word' id='word_1_467' title='bbox 1655 3609 2040 3661; x_wconf 85' lang='lat' dir='ltr'><strong>substantiam.</strong></span> <span class='ocrx_word' id='word_1_468' title='bbox 2076 3610 2141 3661; x_wconf 85' lang='lat' dir='ltr'><strong>Et</strong></span> <span class='ocrx_word' id='word_1_469' title='bbox 2192 3610 2321 3677; x_wconf 73' lang='lat' dir='ltr'><strong>illud</strong></span> 
     </span>
    </p>
   </div>
   <div class='ocr_carea' id='block_1_66' title="bbox 748 3699 2323 3766">
    <p class='ocr_par' dir='ltr' id='par_1_66' title="bbox 748 3699 2323 3766">
     <span class='ocr_line' id='line_1_66' title="bbox 748 3699 2323 3766; baseline 0.003 -19"><span class='ocrx_word' id='word_1_470' title='bbox 748 3699 911 3747; x_wconf 61' lang='lat' dir='ltr'><strong>sunul</strong></span> <span class='ocrx_word' id='word_1_471' title='bbox 939 3709 1090 3748; x_wconf 78' lang='lat' dir='ltr'><strong>(&#39;OIISI</strong></span> <span class='ocrx_word' id='word_1_472' title='bbox 1114 3708 1172 3759; x_wconf 72' lang='lat' dir='ltr'><strong>ut,</strong></span> <span class='ocrx_word' id='word_1_473' title='bbox 1206 3700 1349 3766; x_wconf 91' lang='lat' dir='ltr'><strong>quod</strong></span> <span class='ocrx_word' id='word_1_474' title='bbox 1383 3710 1435 3753; x_wconf 89' lang='lat' dir='ltr'><strong>et</strong></span> <span class='ocrx_word' id='word_1_475' title='bbox 1485 3700 1819 3762; x_wconf 78' lang='lat' dir='ltr'><strong>immediate,</strong></span> <span class='ocrx_word' id='word_1_476' title='bbox 1872 3710 1927 3751; x_wconf 86' lang='lat' dir='ltr'><strong>et</strong></span> <span class='ocrx_word' id='word_1_477' title='bbox 1981 3701 2233 3764; x_wconf 89' lang='lat' dir='ltr'><strong>mediate,</strong></span> <span class='ocrx_word' id='word_1_478' title='bbox 2272 3712 2323 3753; x_wconf 91' lang='lat' dir='ltr'><strong>et</strong></span> 
     </span>
    </p>
   </div>
   <div class='ocr_carea' id='block_1_67' title="bbox 745 3790 2321 3858">
    <p class='ocr_par' dir='ltr' id='par_1_67' title="bbox 745 3790 2321 3858">
     <span class='ocr_line' id='line_1_67' title="bbox 745 3790 2321 3858; baseline 0.003 -21"><span class='ocrx_word' id='word_1_479' title='bbox 745 3790 1108 3851; x_wconf 75' lang='grc' dir='ltr'><strong>‹·υ-.ιιι;ι·ιιιρι·,</strong></span> <span class='ocrx_word' id='word_1_480' title='bbox 1170 3800 1221 3848; x_wconf 75' lang='lat' dir='ltr'><strong>et</strong></span> <span class='ocrx_word' id='word_1_481' title='bbox 1281 3806 1376 3858; x_wconf 91' lang='lat' dir='ltr'><strong>per</strong></span> <span class='ocrx_word' id='word_1_482' title='bbox 1418 3806 1540 3843; x_wconf 88' lang='lat' dir='ltr'><strong>eum</strong></span> <span class='ocrx_word' id='word_1_483' title='bbox 1582 3792 1671 3856; x_wconf 77' lang='lat' dir='ltr'><strong>qui</strong></span> <span class='ocrx_word' id='word_1_484' title='bbox 1719 3791 2068 3843; x_wconf 75' lang='lat' dir='ltr'><strong>continenter</strong></span> <span class='ocrx_word' id='word_1_485' title='bbox 2115 3800 2220 3852; x_wconf 88' lang='lat' dir='ltr'><strong>est,</strong></span> <span class='ocrx_word' id='word_1_486' title='bbox 2259 3806 2321 3845; x_wconf 76' lang='lat' dir='ltr'><strong>ex</strong></span> 
     </span>
    </p>
   </div>
   <div class='ocr_carea' id='block_1_68' title="bbox 745 3877 2324 3949">
    <p class='ocr_par' dir='ltr' id='par_1_68' title="bbox 745 3877 2324 3949">
     <span class='ocr_line' id='line_1_68' title="bbox 745 3877 2324 3949; baseline 0.002 -20"><span class='ocrx_word' id='word_1_487' title='bbox 745 3877 904 3930; x_wconf 79' lang='lat' dir='ltr'><strong>Patre</strong></span> <span class='ocrx_word' id='word_1_488' title='bbox 938 3897 1080 3941; x_wconf 62' lang='lat' dir='ltr'><strong>t&#39;ssi‘,</strong></span> <span class='ocrx_word' id='word_1_489' title='bbox 1112 3880 1428 3934; x_wconf 74' lang='lat' dir='ltr'><strong>dilleientes</strong></span> <span class='ocrx_word' id='word_1_490' title='bbox 1459 3881 1768 3934; x_wconf 76' lang='lat' dir='ltr'><strong>divinarum</strong></span> <span class='ocrx_word' id='word_1_491' title='bbox 1817 3896 2175 3949; x_wconf 85' lang='lat' dir='ltr'><strong>personarum</strong></span> <span class='ocrx_word' id='word_1_492' title='bbox 2205 3896 2324 3949; x_wconf 83' lang='lat' dir='ltr'><strong>pro-</strong></span> 
     </span>
    </p>
   </div>
   <div class='ocr_carea' id='block_1_69' title="bbox 746 3970 2322 4039">
    <p class='ocr_par' dir='ltr' id='par_1_69' title="bbox 746 3970 2322 4039">
     <span class='ocr_line' id='line_1_69' title="bbox 746 3970 2322 4039; baseline 0.005 -23"><span class='ocrx_word' id='word_1_493' title='bbox 746 3986 934 4019; x_wconf 60' lang='lat' dir='ltr'><strong>trssns</strong></span> <span class='ocrx_word' id='word_1_494' title='bbox 972 3970 1232 4032; x_wconf 71' lang='lat' dir='ltr'><strong>insinuat,</strong></span> <span class='ocrx_word' id='word_1_495' title='bbox 1265 3973 1546 4038; x_wconf 75' lang='lat' dir='ltr'><strong>nascique.</strong></span> <span class='ocrx_word' id='word_1_496' title='bbox 1570 3987 1630 4023; x_wconf 79' lang='lat' dir='ltr'><strong>ac</strong></span> <span class='ocrx_word' id='word_1_497' title='bbox 1666 3986 1758 4037; x_wconf 84' lang='lat' dir='ltr'><strong>per</strong></span> <span class='ocrx_word' id='word_1_498' title='bbox 1788 3970 1983 4023; x_wconf 80' lang='lat' dir='ltr'><strong>Filium</strong></span> <span class='ocrx_word' id='word_1_499' title='bbox 2008 3970 2322 4039; x_wconf 74' lang='lat' dir='ltr'><strong>proci-dere.</strong></span> 
     </span>
    </p>
   </div>
   <div class='ocr_carea' id='block_1_70' title="bbox 745 4061 2319 4128">
    <p class='ocr_par' dir='ltr' id='par_1_70' title="bbox 745 4061 2319 4128">
     <span class='ocr_line' id='line_1_70' title="bbox 745 4061 2319 4128; baseline -0.001 -14"><span class='ocrx_word' id='word_1_500' title='bbox 745 4064 1128 4114; x_wconf 71' lang='lat' dir='ltr'><strong>substantialia</strong></span> <span class='ocrx_word' id='word_1_501' title='bbox 1166 4063 1283 4114; x_wconf 88' lang='lat' dir='ltr'><strong>Filii</strong></span> <span class='ocrx_word' id='word_1_502' title='bbox 1321 4078 1384 4115; x_wconf 92' lang='lat' dir='ltr'><strong>ac</strong></span> <span class='ocrx_word' id='word_1_503' title='bbox 1419 4063 1653 4128; x_wconf 81' lang='lat' dir='ltr'><strong>Spiritus</strong></span> <span class='ocrx_word' id='word_1_504' title='bbox 1687 4076 1809 4113; x_wconf 89' lang='lat' dir='ltr'><strong>cum</strong></span> <span class='ocrx_word' id='word_1_505' title='bbox 1859 4061 1989 4123; x_wconf 87' lang='lat' dir='ltr'><strong>sint,</strong></span> <span class='ocrx_word' id='word_1_506' title='bbox 2058 4074 2319 4127; x_wconf 86' lang='lat' dir='ltr'><strong>persona-</strong></span> 
     </span>
    </p>
   </div>
   <div class='ocr_carea' id='block_1_71' title="bbox 745 4153 2320 4222">
    <p class='ocr_par' dir='ltr' id='par_1_71' title="bbox 745 4153 2320 4222">
     <span class='ocr_line' id='line_1_71' title="bbox 745 4153 2320 4222; baseline -0.001 -15"><span class='ocrx_word' id='word_1_507' title='bbox 745 4172 864 4207; x_wconf 87' lang='lat' dir='ltr'><strong>rum</strong></span> <span class='ocrx_word' id='word_1_508' title='bbox 900 4158 1156 4222; x_wconf 59' lang='lat' dir='ltr'><strong>ipsarum,</strong></span> <span class='ocrx_word' id='word_1_509' title='bbox 1204 4156 1321 4209; x_wconf 81' lang='lat' dir='ltr'><strong>Filii</strong></span> <span class='ocrx_word' id='word_1_510' title='bbox 1363 4157 1569 4209; x_wconf 68' lang='lat' dir='ltr'><strong>scilicet</strong></span> <span class='ocrx_word' id='word_1_511' title='bbox 1630 4170 1693 4207; x_wconf 90' lang='lat' dir='ltr'><strong>ac</strong></span> <span class='ocrx_word' id='word_1_512' title='bbox 1740 4153 1977 4221; x_wconf 83' lang='lat' dir='ltr'><strong>Spiritus</strong></span> <span class='ocrx_word' id='word_1_513' title='bbox 2018 4154 2320 4221; x_wconf 87' lang='lat' dir='ltr'><strong>proprieta-</strong></span> 
     </span>
    </p>
   </div>
   <div class='ocr_carea' id='block_1_72' title="bbox 746 4244 2321 4315">
    <p class='ocr_par' dir='ltr' id='par_1_72' title="bbox 746 4244 2321 4315">
     <span class='ocr_line' id='line_1_72' title="bbox 746 4244 2321 4315; baseline -0.002 -15"><span class='ocrx_word' id='word_1_514' title='bbox 746 4260 829 4302; x_wconf 83' lang='lat' dir='ltr'><strong>tes</strong></span> <span class='ocrx_word' id='word_1_515' title='bbox 878 4261 1023 4311; x_wconf 68' lang='lat' dir='ltr'><strong>sunt,</strong></span> <span class='ocrx_word' id='word_1_516' title='bbox 1092 4250 1291 4315; x_wconf 83' lang='lat' dir='ltr'><strong>quibus</strong></span> <span class='ocrx_word' id='word_1_517' title='bbox 1323 4249 1387 4299; x_wconf 86' lang='lat' dir='ltr'><strong>ad</strong></span> <span class='ocrx_word' id='word_1_518' title='bbox 1447 4248 1708 4312; x_wconf 73' lang='lat' dir='ltr'><strong>ilHiCCItl,</strong></span> <span class='ocrx_word' id='word_1_519' title='bbox 1757 4259 1922 4313; x_wconf 82' lang='lat' dir='ltr'><strong>atque</strong></span> <span class='ocrx_word' id='word_1_520' title='bbox 1987 4247 2053 4299; x_wconf 86' lang='lat' dir='ltr'><strong>ad</strong></span> <span class='ocrx_word' id='word_1_521' title='bbox 2111 4244 2321 4299; x_wconf 86' lang='lat' dir='ltr'><strong>Patrem</strong></span> 
     </span>
    </p>
   </div>
   <div class='ocr_carea' id='block_1_73' title="bbox 746 4338 2326 4406">
    <p class='ocr_par' dir='ltr' id='par_1_73' title="bbox 746 4338 2326 4406">
     <span class='ocr_line' id='line_1_73' title="bbox 746 4338 2326 4406; baseline -0.001 -17"><span class='ocrx_word' id='word_1_522' title='bbox 746 4347 1159 4392; x_wconf 65' lang='lat' dir='ltr'><strong>distortiuutur.</strong></span> <span class='ocrx_word' id='word_1_523' title='bbox 1213 4340 1480 4403; x_wconf 68' lang='lat' dir='ltr'><strong>Quocirca</strong></span> <span class='ocrx_word' id='word_1_524' title='bbox 1530 4343 1746 4406; x_wconf 73' lang='lat' dir='ltr'><strong>getiitus</strong></span> <span class='ocrx_word' id='word_1_525' title='bbox 1800 4338 1963 4402; x_wconf 87' lang='lat' dir='ltr'><strong>alius,</strong></span> <span class='ocrx_word' id='word_1_526' title='bbox 2021 4338 2326 4405; x_wconf 75' lang='lat' dir='ltr'><strong>procedens</strong></span> 
     </span>
    </p>
   </div>
   <div class='ocr_carea' id='block_1_74' title="bbox 746 4430 2351 4499">
    <p class='ocr_par' dir='ltr' id='par_1_74' title="bbox 746 4430 2351 4499">
     <span class='ocr_line' id='line_1_74' title="bbox 746 4430 2351 4499; baseline -0.002 -16"><span class='ocrx_word' id='word_1_527' title='bbox 746 4436 885 4484; x_wconf 77' lang='lat' dir='ltr'><strong>alius</strong></span> <span class='ocrx_word' id='word_1_528' title='bbox 912 4433 1251 4499; x_wconf 72' lang='lat' dir='ltr'><strong>appellatur;</strong></span> <span class='ocrx_word' id='word_1_529' title='bbox 1308 4431 1447 4481; x_wconf 76' lang='lat' dir='ltr'><strong>sicut</strong></span> <span class='ocrx_word' id='word_1_530' title='bbox 1508 4432 1668 4481; x_wconf 80' lang='lat' dir='ltr'><strong>etiam</strong></span> <span class='ocrx_word' id='word_1_531' title='bbox 1734 4430 1969 4497; x_wconf 83' lang='lat' dir='ltr'><strong>quisque</strong></span> <span class='ocrx_word' id='word_1_532' title='bbox 2001 4445 2063 4482; x_wconf 83' lang='lat' dir='ltr'><strong>ex</strong></span> <span class='ocrx_word' id='word_1_533' title='bbox 2098 4432 2351 4483; x_wconf 79' lang='lat' dir='ltr'><strong>substan—</strong></span> 
     </span>
    </p>
   </div>
   <div class='ocr_carea' id='block_1_75' title="bbox 746 4522 2328 4589">
    <p class='ocr_par' dir='ltr' id='par_1_75' title="bbox 746 4522 2328 4589">
     <span class='ocr_line' id='line_1_75' title="bbox 746 4522 2328 4589; baseline -0.003 -13"><span class='ocrx_word' id='word_1_534' title='bbox 746 4527 861 4576; x_wconf 73' lang='lat' dir='ltr'><strong>trali</strong></span> <span class='ocrx_word' id='word_1_535' title='bbox 906 4537 1137 4575; x_wconf 82' lang='lat' dir='ltr'><strong>termmn</strong></span> <span class='ocrx_word' id='word_1_536' title='bbox 1170 4524 1251 4575; x_wconf 80' lang='lat' dir='ltr'><strong>sui</strong></span> <span class='ocrx_word' id='word_1_537' title='bbox 1285 4537 1403 4575; x_wconf 71' lang='lat' dir='ltr'><strong>esse</strong></span> <span class='ocrx_word' id='word_1_538' title='bbox 1451 4524 1788 4583; x_wconf 81' lang='lat' dir='ltr'><strong>nominatur,</strong></span> <span class='ocrx_word' id='word_1_539' title='bbox 1829 4534 1990 4586; x_wconf 82' lang='lat' dir='ltr'><strong>atque.</strong></span> <span class='ocrx_word' id='word_1_540' title='bbox 2022 4523 2121 4573; x_wconf 90' lang='lat' dir='ltr'><strong>hoc</strong></span> <span class='ocrx_word' id='word_1_541' title='bbox 2162 4522 2277 4589; x_wconf 91' lang='lat' dir='ltr'><strong>ipso</strong></span> <span class='ocrx_word' id='word_1_542' title='bbox 2301 4536 2328 4571; x_wconf 92' lang='lat' dir='ltr'><strong>a</strong></span> 
     </span>
    </p>
   </div>
   <div class='ocr_carea' id='block_1_76' title="bbox 747 4612 2328 4685">
    <p class='ocr_par' dir='ltr' id='par_1_76' title="bbox 747 4612 2328 4685">
     <span class='ocr_line' id='line_1_76' title="bbox 747 4612 2328 4685; baseline -0.003 -16"><span class='ocrx_word' id='word_1_543' title='bbox 747 4619 969 4685; x_wconf 68' lang='lat' dir='ltr'><strong>:eliquis</strong></span> <span class='ocrx_word' id='word_1_544' title='bbox 1007 4618 1377 4681; x_wconf 74' lang='lat' dir='ltr'><strong>distinguitur.</strong></span> <span class='ocrx_word' id='word_1_545' title='bbox 1435 4616 1644 4682; x_wconf 69' lang='lat' dir='ltr'><strong>Quippe</strong></span> <span class='ocrx_word' id='word_1_546' title='bbox 1697 4615 1856 4668; x_wconf 82' lang='lat' dir='ltr'><strong>unice</strong></span> <span class='ocrx_word' id='word_1_547' title='bbox 1903 4631 1966 4667; x_wconf 79' lang='lat' dir='ltr'><strong>ex</strong></span> <span class='ocrx_word' id='word_1_548' title='bbox 2014 4612 2175 4665; x_wconf 86' lang='lat' dir='ltr'><strong>Patre</strong></span> <span class='ocrx_word' id='word_1_549' title='bbox 2204 4629 2328 4680; x_wconf 89' lang='lat' dir='ltr'><strong>pro-</strong></span> 
     </span>
    </p>
   </div>
   <div class='ocr_carea' id='block_1_77' title="bbox 745 4702 2327 4775">
    <p class='ocr_par' dir='ltr' id='par_1_77' title="bbox 745 4702 2327 4775">
     <span class='ocr_line' id='line_1_77' title="bbox 745 4702 2327 4775; baseline -0.003 -17"><span class='ocrx_word' id='word_1_550' title='bbox 745 4708 920 4775; x_wconf 61' lang='lat' dir='ltr'><strong>prodi,</strong></span> <span class='ocrx_word' id='word_1_551' title='bbox 982 4709 1253 4774; x_wconf 53' lang='lat' dir='ltr'><strong>propt&#39;ia&#39;n</strong></span> <span class='ocrx_word' id='word_1_552' title='bbox 1313 4705 1433 4757; x_wconf 72' lang='lat' dir='ltr'><strong>Filii</strong></span> <span class='ocrx_word' id='word_1_553' title='bbox 1493 4704 1825 4772; x_wconf 74' lang='lat' dir='ltr'><strong>agnitionem</strong></span> <span class='ocrx_word' id='word_1_554' title='bbox 1888 4718 2033 4764; x_wconf 86' lang='lat' dir='ltr'><strong>esse,</strong></span> <span class='ocrx_word' id='word_1_555' title='bbox 2092 4702 2160 4752; x_wconf 82' lang='lat' dir='ltr'><strong>Ba</strong></span> <span class='ocrx_word' id='word_1_556' title='bbox 2202 4702 2327 4753; x_wconf 88' lang='lat' dir='ltr'><strong>ilius</strong></span> 
     </span>
    </p>
   </div>
   <div class='ocr_carea' id='block_1_78' title="bbox 744 4791 2324 4865">
    <p class='ocr_par' dir='ltr' id='par_1_78' title="bbox 744 4791 2324 4865">
     <span class='ocr_line' id='line_1_78' title="bbox 744 4791 2324 4865; baseline -0.005 -16"><span class='ocrx_word' id='word_1_557' title='bbox 744 4800 943 4851; x_wconf 63' lang='lat' dir='ltr'><strong>astruit</strong></span> <span class='ocrx_word' id='word_1_558' title='bbox 980 4816 992 4849; x_wconf 88' lang='lat'><strong>:</strong></span> <span class='ocrx_word' id='word_1_559' title='bbox 1030 4810 1194 4865; x_wconf 87' lang='lat' dir='ltr'><strong>atque</strong></span> <span class='ocrx_word' id='word_1_560' title='bbox 1247 4798 1350 4847; x_wconf 91' lang='lat' dir='ltr'><strong>hoc</strong></span> <span class='ocrx_word' id='word_1_561' title='bbox 1379 4812 1405 4847; x_wconf 90' lang='lat' dir='ltr'><strong>a</strong></span> <span class='ocrx_word' id='word_1_562' title='bbox 1442 4796 1597 4847; x_wconf 75' lang='lat' dir='ltr'><strong>I’atre</strong></span> <span class='ocrx_word' id='word_1_563' title='bbox 1636 4792 1875 4847; x_wconf 85' lang='lat' dir='ltr'><strong>discerni</strong></span> <span class='ocrx_word' id='word_1_564' title='bbox 1921 4803 1974 4845; x_wconf 91' lang='lat' dir='ltr'><strong>et</strong></span> <span class='ocrx_word' id='word_1_565' title='bbox 2024 4808 2051 4844; x_wconf 91' lang='lat' dir='ltr'><strong>a</strong></span> <span class='ocrx_word' id='word_1_566' title='bbox 2098 4791 2324 4860; x_wconf 88' lang='lat' dir='ltr'><strong>Spiritu,</strong></span> 
     </span>
    </p>
   </div>
   <div class='ocr_carea' id='block_1_79' title="bbox 745 4882 2325 4955">
    <p class='ocr_par' dir='ltr' id='par_1_79' title="bbox 745 4882 2325 4955">
     <span class='ocr_line' id='line_1_79' title="bbox 745 4882 2325 4955; baseline -0.003 -18"><span class='ocrx_word' id='word_1_567' title='bbox 745 4908 865 4943; x_wconf 77' lang='lat' dir='ltr'><strong>tum</strong></span> <span class='ocrx_word' id='word_1_568' title='bbox 909 4889 1119 4943; x_wconf 73' lang='lat' dir='ltr'><strong>scilicet</strong></span> <span class='ocrx_word' id='word_1_569' title='bbox 1148 4904 1241 4955; x_wconf 89' lang='lat' dir='ltr'><strong>per</strong></span> <span class='ocrx_word' id='word_1_570' title='bbox 1279 4888 1417 4939; x_wconf 87' lang='lat' dir='ltr'><strong>hanc</strong></span> <span class='ocrx_word' id='word_1_571' title='bbox 1452 4887 1835 4953; x_wconf 68' lang='lat' dir='ltr'><strong>proprietatem</strong></span> <span class='ocrx_word' id='word_1_572' title='bbox 1886 4898 2064 4947; x_wconf 83' lang='lat' dir='ltr'><strong>suam,</strong></span> <span class='ocrx_word' id='word_1_573' title='bbox 2117 4882 2325 4935; x_wconf 89' lang='lat' dir='ltr'><strong>nullam</strong></span> 
     </span>
    </p>
   </div>
   <div class='ocr_carea' id='block_1_80' title="bbox 744 4978 2329 5049">
    <p class='ocr_par' dir='ltr' id='par_1_80' title="bbox 744 4978 2329 5049">
     <span class='ocr_line' id='line_1_80' title="bbox 744 4978 2329 5049; baseline -0.006 -13"><span class='ocrx_word' id='word_1_574' title='bbox 744 4986 808 5036; x_wconf 70' lang='lat' dir='ltr'><strong>ad</strong></span> <span class='ocrx_word' id='word_1_575' title='bbox 857 4984 1068 5036; x_wconf 75' lang='lat' dir='ltr'><strong>Patrem</strong></span> <span class='ocrx_word' id='word_1_576' title='bbox 1140 4992 1305 5049; x_wconf 81' lang='lat' dir='ltr'><strong>atque</strong></span> <span class='ocrx_word' id='word_1_577' title='bbox 1346 4981 1409 5033; x_wconf 85' lang='lat' dir='ltr'><strong>ad</strong></span> <span class='ocrx_word' id='word_1_578' title='bbox 1462 4989 1711 5031; x_wconf 78' lang='lat' dir='ltr'><strong>sanctum</strong></span> <span class='ocrx_word' id='word_1_579' title='bbox 1773 4978 2035 5045; x_wconf 85' lang='lat' dir='ltr'><strong>Spiritum</strong></span> <span class='ocrx_word' id='word_1_580' title='bbox 2082 4992 2329 5029; x_wconf 88' lang='lat' dir='ltr'><strong>commu-</strong></span> 
     </span>
    </p>
   </div>
   <div class='ocr_carea' id='block_1_81' title="bbox 744 5069 2325 5140">
    <p class='ocr_par' dir='ltr' id='par_1_81' title="bbox 744 5069 2325 5140">
     <span class='ocr_line' id='line_1_81' title="bbox 744 5069 2325 5140; baseline -0.008 -11"><span class='ocrx_word' id='word_1_581' title='bbox 744 5084 963 5129; x_wconf 61' lang='lat' dir='ltr'><strong>ngono-m</strong></span> <span class='ocrx_word' id='word_1_582' title='bbox 1002 5075 1216 5137; x_wconf 79' lang='lat' dir='ltr'><strong>habeat,</strong></span> <span class='ocrx_word' id='word_1_583' title='bbox 1265 5083 1316 5125; x_wconf 88' lang='lat' dir='ltr'><strong>et</strong></span> <span class='ocrx_word' id='word_1_584' title='bbox 1352 5088 1472 5140; x_wconf 70' lang='lat' dir='ltr'><strong>qum</strong></span> <span class='ocrx_word' id='word_1_585' title='bbox 1527 5073 1578 5123; x_wconf 85' lang='lat' dir='ltr'><strong>in</strong></span> <span class='ocrx_word' id='word_1_586' title='bbox 1618 5073 1757 5123; x_wconf 88' lang='lat' dir='ltr'><strong>hanc</strong></span> <span class='ocrx_word' id='word_1_587' title='bbox 1803 5069 2131 5125; x_wconf 75' lang='lat' dir='ltr'><strong>sententiam</strong></span> <span class='ocrx_word' id='word_1_588' title='bbox 2182 5083 2325 5137; x_wconf 66' lang='lat' dir='ltr'><strong>pm!-</strong></span> 
     </span>
    </p>
   </div>
   <div class='ocr_carea' id='block_1_82' title="bbox 750 5158 2322 5228">
    <p class='ocr_par' dir='ltr' id='par_1_82' title="bbox 750 5158 2322 5228">
     <span class='ocr_line' id='line_1_82' title="bbox 750 5158 2322 5228; baseline -0.002 -15"><span class='ocrx_word' id='word_1_589' title='bbox 750 5170 889 5218; x_wconf 67' lang='lat' dir='ltr'><strong>tfiela</strong></span> <span class='ocrx_word' id='word_1_590' title='bbox 929 5174 1075 5216; x_wconf 75' lang='lat' dir='ltr'><strong>sunt.</strong></span> <span class='ocrx_word' id='word_1_591' title='bbox 1119 5162 1357 5228; x_wconf 83' lang='lat' dir='ltr'><strong>Spiritus</strong></span> <span class='ocrx_word' id='word_1_592' title='bbox 1390 5174 1568 5213; x_wconf 85' lang='lat' dir='ltr'><strong>autem</strong></span> <span class='ocrx_word' id='word_1_593' title='bbox 1608 5176 1634 5211; x_wconf 72' lang='grc' dir='ltr'><strong>ει</strong></span> <span class='ocrx_word' id='word_1_594' title='bbox 1680 5160 1835 5212; x_wconf 78' lang='lat' dir='ltr'><strong>l‘att‘e</strong></span> <span class='ocrx_word' id='word_1_595' title='bbox 1872 5160 2116 5228; x_wconf 81' lang='lat' dir='ltr'><strong>quidem,</strong></span> <span class='ocrx_word' id='word_1_596' title='bbox 2156 5158 2322 5211; x_wconf 73' lang='lat' dir='ltr'><strong>veluti</strong></span> 
     </span>
    </p>
   </div>
   <div class='ocr_carea' id='block_1_83' title="bbox 748 5250 2327 5321">
    <p class='ocr_par' dir='ltr' id='par_1_83' title="bbox 748 5250 2327 5321">
     <span class='ocr_line' id='line_1_83' title="bbox 748 5250 2327 5321; baseline -0.006 -12"><span class='ocrx_word' id='word_1_597' title='bbox 748 5276 774 5309; x_wconf 93' lang='lat' dir='ltr'><strong>a</strong></span> <span class='ocrx_word' id='word_1_598' title='bbox 815 5275 975 5309; x_wconf 76' lang='lat' dir='ltr'><strong>causa</strong></span> <span class='ocrx_word' id='word_1_599' title='bbox 1014 5256 1227 5307; x_wconf 71' lang='lat' dir='ltr'><strong>(ausale</strong></span> <span class='ocrx_word' id='word_1_600' title='bbox 1284 5254 1669 5321; x_wconf 66' lang='lat' dir='ltr'><strong>distinguitur;</strong></span> <span class='ocrx_word' id='word_1_601' title='bbox 1751 5267 1776 5303; x_wconf 89' lang='lat' dir='ltr'><strong>a</strong></span> <span class='ocrx_word' id='word_1_602' title='bbox 1809 5250 1947 5303; x_wconf 82' lang='lat' dir='ltr'><strong>Filio</strong></span> <span class='ocrx_word' id='word_1_603' title='bbox 1976 5260 2183 5308; x_wconf 88' lang='lat' dir='ltr'><strong>autem.</strong></span> <span class='ocrx_word' id='word_1_604' title='bbox 2233 5264 2327 5316; x_wconf 68' lang='lat' dir='ltr'><strong>per</strong></span> 
     </span>
    </p>
   </div>
   <div class='ocr_carea' id='block_1_84' title="bbox 746 5346 2330 5416">
    <p class='ocr_par' dir='ltr' id='par_1_84' title="bbox 746 5346 2330 5416">
     <span class='ocr_line' id='line_1_84' title="bbox 746 5346 2330 5416; baseline -0.005 -15"><span class='ocrx_word' id='word_1_605' title='bbox 746 5365 969 5403; x_wconf 71' lang='lat' dir='ltr'><strong>musam</strong></span> <span class='ocrx_word' id='word_1_606' title='bbox 1026 5364 1188 5416; x_wconf 76' lang='lat' dir='ltr'><strong>quam</strong></span> <span class='ocrx_word' id='word_1_607' title='bbox 1233 5347 1457 5400; x_wconf 88' lang='lat' dir='ltr'><strong>haheta</strong></span> <span class='ocrx_word' id='word_1_608' title='bbox 1515 5346 1702 5407; x_wconf 80' lang='lat' dir='ltr'><strong>Patre,</strong></span> <span class='ocrx_word' id='word_1_609' title='bbox 1743 5361 1839 5414; x_wconf 91' lang='lat' dir='ltr'><strong>per</strong></span> <span class='ocrx_word' id='word_1_610' title='bbox 1899 5346 2073 5412; x_wconf 89' lang='lat' dir='ltr'><strong>ipsum</strong></span> <span class='ocrx_word' id='word_1_611' title='bbox 2135 5356 2330 5409; x_wconf 75' lang='lat' dir='ltr'><strong>proce-</strong></span> 
     </span>
    </p>
   </div>
   <div class='ocr_carea' id='block_1_85' title="bbox 973 5434 2325 5505">
    <p class='ocr_par' dir='ltr' id='par_1_85' title="bbox 973 5434 2325 5505">
     <span class='ocr_line' id='line_1_85' title="bbox 973 5434 2325 5505; baseline -0.005 -13"><span class='ocrx_word' id='word_1_612' title='bbox 973 5442 1070 5493; x_wconf 92' lang='lat' dir='ltr'><strong>hac</strong></span> <span class='ocrx_word' id='word_1_613' title='bbox 1105 5442 1314 5493; x_wconf 83' lang='lat' dir='ltr'><strong>scilicet</strong></span> <span class='ocrx_word' id='word_1_614' title='bbox 1346 5454 1635 5505; x_wconf 64' lang='lat' dir='ltr'><strong>processus</strong></span> <span class='ocrx_word' id='word_1_615' title='bbox 1665 5438 1990 5499; x_wconf 62' lang='lat' dir='ltr'><strong>dilfereutia,</strong></span> <span class='ocrx_word' id='word_1_616' title='bbox 2027 5434 2171 5504; x_wconf 70' lang='lat' dir='ltr'><strong>quod</strong></span> <span class='ocrx_word' id='word_1_617' title='bbox 2237 5434 2325 5487; x_wconf 68' lang='lat' dir='ltr'><strong>illa:</strong></span> 
     </span>
    </p>
   </div>
   <div class='ocr_carea' id='block_1_86' title="bbox 750 5528 2325 5601">
    <p class='ocr_par' dir='ltr' id='par_1_86' title="bbox 750 5528 2325 5601">
     <span class='ocr_line' id='line_1_86' title="bbox 750 5528 2325 5601; baseline -0.006 -16"><span class='ocrx_word' id='word_1_618' title='bbox 750 5532 1061 5585; x_wconf 58' lang='lat' dir='ltr'><strong>immediate</strong></span> <span class='ocrx_word' id='word_1_619' title='bbox 1099 5541 1263 5600; x_wconf 87' lang='lat' dir='ltr'><strong>atque</strong></span> <span class='ocrx_word' id='word_1_620' title='bbox 1316 5530 1662 5584; x_wconf 75' lang='lat' dir='ltr'><strong>continenter</strong></span> <span class='ocrx_word' id='word_1_621' title='bbox 1693 5546 1754 5584; x_wconf 72' lang='lat' dir='ltr'><strong>ex</strong></span> <span class='ocrx_word' id='word_1_622' title='bbox 1791 5530 1987 5601; x_wconf 90' lang='lat' dir='ltr'><strong>primo,</strong></span> <span class='ocrx_word' id='word_1_623' title='bbox 2025 5528 2112 5581; x_wconf 84' lang='lat' dir='ltr'><strong>hic</strong></span> <span class='ocrx_word' id='word_1_624' title='bbox 2144 5537 2325 5580; x_wconf 80' lang='lat' dir='ltr'><strong>autem</strong></span> 
     </span>
    </p>
   </div>
   <div class='ocr_carea' id='block_1_87' title="bbox 747 5443 926 5493">
    <p class='ocr_par' dir='ltr' id='par_1_87' title="bbox 747 5443 926 5493">
     <span class='ocr_line' id='line_1_87' title="bbox 747 5443 926 5493; baseline 0.011 -3"><span class='ocrx_word' id='word_1_625' title='bbox 747 5443 926 5493; x_wconf 62' lang='lat' dir='ltr'><strong>tlrtts:</strong></span> 
     </span>
    </p>
   </div>
   <div class='ocr_carea' id='block_1_88' title="bbox 816 5726 2329 5803">
    <p class='ocr_par' dir='ltr' id='par_1_88' title="bbox 816 5726 2329 5803">
     <span class='ocr_line' id='line_1_88' title="bbox 816 5726 2329 5803; baseline -0.004 -18"><span class='ocrx_word' id='word_1_626' title='bbox 816 5735 927 5803; x_wconf 66' lang='lat' dir='ltr'><strong>(l2)</strong></span> <span class='ocrx_word' id='word_1_627' title='bbox 968 5734 1103 5787; x_wconf 74' lang='lat' dir='ltr'><strong>Cilal</strong></span> <span class='ocrx_word' id='word_1_628' title='bbox 1139 5734 1503 5787; x_wconf 57' lang='lat' dir='ltr'><strong>Bt-llztrntinus</strong></span> <span class='ocrx_word' id='word_1_629' title='bbox 1536 5735 1629 5786; x_wconf 80' lang='lat' dir='ltr'><strong>lib.</strong></span> <span class='ocrx_word' id='word_1_630' title='bbox 1667 5748 1703 5787; x_wconf 91' lang='lat' dir='ltr'><strong>tt</strong></span> <span class='ocrx_word' id='word_1_631' title='bbox 1745 5731 1815 5785; x_wconf 74' lang='lat' dir='ltr'><strong>De</strong></span> <span class='ocrx_word' id='word_1_632' title='bbox 1867 5730 2099 5791; x_wconf 77' lang='lat' dir='ltr'><strong>Christo,</strong></span> <span class='ocrx_word' id='word_1_633' title='bbox 2140 5742 2186 5783; x_wconf 84' lang='lat' dir='ltr'><strong>C.</strong></span> <span class='ocrx_word' id='word_1_634' title='bbox 2238 5726 2329 5790; x_wconf 59' lang='lat'><strong>95,</strong></span> 
     </span>
    </p>
   </div>
   <div class='ocr_carea' id='block_1_89' title="bbox 726 5806 1610 5873">
    <p class='ocr_par' dir='ltr' id='par_1_89' title="bbox 726 5806 1610 5873">
     <span class='ocr_line' id='line_1_89' title="bbox 726 5806 1610 5873; baseline -0.003 -14"><span class='ocrx_word' id='word_1_635' title='bbox 726 5810 842 5859; x_wconf 63' lang='grc' dir='ltr'><strong>-ευδι</strong></span> <span class='ocrx_word' id='word_1_636' title='bbox 877 5808 1074 5873; x_wconf 82' lang='lat' dir='ltr'><strong>linem;</strong></span> <span class='ocrx_word' id='word_1_637' title='bbox 1107 5806 1357 5859; x_wconf 80' lang='lat' dir='ltr'><strong>Genuud.</strong></span> <span class='ocrx_word' id='word_1_638' title='bbox 1392 5817 1524 5859; x_wconf 77' lang='lat' dir='ltr'><strong>sect.</strong></span> <span class='ocrx_word' id='word_1_639' title='bbox 1559 5806 1610 5856; x_wconf 68' lang='lat' dir='ltr'><strong>fi.</strong></span> 
     </span>
    </p>
   </div>
   <div class='ocr_carea' id='block_1_90' title="bbox 2428 3242 3999 3312">
    <p class='ocr_par' dir='ltr' id='par_1_90' title="bbox 2428 3242 3999 3312">
     <span class='ocr_line' id='line_1_90' title="bbox 2428 3242 3999 3312; baseline -0.003 -14"><span class='ocrx_word' id='word_1_640' title='bbox 2428 3255 2607 3299; x_wconf 87' lang='lat' dir='ltr'><strong>autem</strong></span> <span class='ocrx_word' id='word_1_641' title='bbox 2643 3261 2708 3300; x_wconf 83' lang='lat' dir='ltr'><strong>ex</strong></span> <span class='ocrx_word' id='word_1_642' title='bbox 2750 3244 2911 3298; x_wconf 88' lang='lat' dir='ltr'><strong>Patre</strong></span> <span class='ocrx_word' id='word_1_643' title='bbox 2969 3259 3065 3312; x_wconf 89' lang='lat' dir='ltr'><strong>per</strong></span> <span class='ocrx_word' id='word_1_644' title='bbox 3129 3242 3325 3295; x_wconf 87' lang='lat' dir='ltr'><strong>Filium</strong></span> <span class='ocrx_word' id='word_1_645' title='bbox 3354 3244 3623 3310; x_wconf 85' lang='lat' dir='ltr'><strong>procedit.</strong></span> <span class='ocrx_word' id='word_1_646' title='bbox 3658 3244 3825 3309; x_wconf 79' lang='lat' dir='ltr'><strong>liquet</strong></span> <span class='ocrx_word' id='word_1_647' title='bbox 3877 3256 3999 3309; x_wconf 87' lang='lat' dir='ltr'><strong>pro-</strong></span> 
     </span>
    </p>
   </div>
   <div class='ocr_carea' id='block_1_91' title="bbox 2428 3333 3997 3403">
    <p class='ocr_par' dir='ltr' id='par_1_91' title="bbox 2428 3333 3997 3403">
     <span class='ocr_line' id='line_1_91' title="bbox 2428 3333 3997 3403; baseline -0.004 -13"><span class='ocrx_word' id='word_1_648' title='bbox 2428 3338 2605 3401; x_wconf 74' lang='lat' dir='ltr'><strong>fecto,-</strong></span> <span class='ocrx_word' id='word_1_649' title='bbox 2633 3352 2757 3390; x_wconf 92' lang='lat' dir='ltr'><strong>eum</strong></span> <span class='ocrx_word' id='word_1_650' title='bbox 2810 3335 3083 3403; x_wconf 86' lang='lat' dir='ltr'><strong>personali</strong></span> <span class='ocrx_word' id='word_1_651' title='bbox 3142 3334 3281 3387; x_wconf 85' lang='lat' dir='ltr'><strong>serie</strong></span> <span class='ocrx_word' id='word_1_652' title='bbox 3351 3334 3567 3386; x_wconf 89' lang='lat' dir='ltr'><strong>tertium</strong></span> <span class='ocrx_word' id='word_1_653' title='bbox 3605 3348 3633 3385; x_wconf 90' lang='lat' dir='ltr'><strong>a</strong></span> <span class='ocrx_word' id='word_1_654' title='bbox 3672 3333 3831 3385; x_wconf 86' lang='lat' dir='ltr'><strong>Patre</strong></span> <span class='ocrx_word' id='word_1_655' title='bbox 3855 3346 3997 3386; x_wconf 86' lang='lat' dir='ltr'><strong>esse.</strong></span> 
     </span>
    </p>
   </div>
   <div class='ocr_carea' id='block_1_92' title="bbox 2428 3423 3890 3492">
    <p class='ocr_par' dir='ltr' id='par_1_92' title="bbox 2428 3423 3890 3492">
     <span class='ocr_line' id='line_1_92' title="bbox 2428 3423 3890 3492; baseline 0 -13"><span class='ocrx_word' id='word_1_656' title='bbox 2428 3426 2479 3479; x_wconf 87' lang='lat' dir='ltr'><strong>Id</strong></span> <span class='ocrx_word' id='word_1_657' title='bbox 2505 3436 2684 3480; x_wconf 80' lang='lat' dir='ltr'><strong>autem</strong></span> <span class='ocrx_word' id='word_1_658' title='bbox 2718 3438 2798 3480; x_wconf 84' lang='lat' dir='ltr'><strong>est</strong></span> <span class='ocrx_word' id='word_1_659' title='bbox 2828 3442 2949 3479; x_wconf 86' lang='lat' dir='ltr'><strong>esse</strong></span> <span class='ocrx_word' id='word_1_660' title='bbox 2977 3435 3097 3492; x_wconf 88' lang='lat' dir='ltr'><strong>post</strong></span> <span class='ocrx_word' id='word_1_661' title='bbox 3132 3423 3354 3485; x_wconf 85' lang='lat' dir='ltr'><strong>Filium,</strong></span> <span class='ocrx_word' id='word_1_662' title='bbox 3382 3432 3437 3475; x_wconf 90' lang='lat' dir='ltr'><strong>ut</strong></span> <span class='ocrx_word' id='word_1_663' title='bbox 3469 3425 3659 3477; x_wconf 89' lang='lat' dir='ltr'><strong>doctor</strong></span> <span class='ocrx_word' id='word_1_664' title='bbox 3693 3424 3890 3491; x_wconf 89' lang='lat' dir='ltr'><strong>inquit.</strong></span> 
     </span>
    </p>
   </div>
   <div class='ocr_carea' id='block_1_93' title="bbox 2501 3513 3998 3585">
    <p class='ocr_par' dir='ltr' id='par_1_93' title="bbox 2501 3513 3998 3585">
     <span class='ocr_line' id='line_1_93' title="bbox 2501 3513 3998 3585; baseline -0.003 -16"><span class='ocrx_word' id='word_1_665' title='bbox 2501 3517 2612 3569; x_wconf 88' lang='lat' dir='ltr'><strong>lloc</strong></span> <span class='ocrx_word' id='word_1_666' title='bbox 2646 3519 2822 3585; x_wconf 79' lang='lat' dir='ltr'><strong>ipsum</strong></span> <span class='ocrx_word' id='word_1_667' title='bbox 2858 3515 3135 3585; x_wconf 77' lang='lat' dir='ltr'><strong>Nyssenus</strong></span> <span class='ocrx_word' id='word_1_668' title='bbox 3167 3514 3306 3567; x_wconf 88' lang='lat' dir='ltr'><strong>idem</strong></span> <span class='ocrx_word' id='word_1_669' title='bbox 3351 3513 3591 3567; x_wconf 85' lang='lat' dir='ltr'><strong>lucidius</strong></span> <span class='ocrx_word' id='word_1_670' title='bbox 3641 3513 3917 3580; x_wconf 77' lang='lat' dir='ltr'><strong>expressit</strong></span> <span class='ocrx_word' id='word_1_671' title='bbox 3946 3513 3998 3565; x_wconf 92' lang='lat' dir='ltr'><strong>in</strong></span> 
     </span>
    </p>
   </div>
   <div class='ocr_carea' id='block_1_94' title="bbox 2429 3603 4003 3671">
    <p class='ocr_par' dir='ltr' id='par_1_94' title="bbox 2429 3603 4003 3671">
     <span class='ocr_line' id='line_1_94' title="bbox 2429 3603 4003 3671; baseline -0.004 -9"><span class='ocrx_word' id='word_1_672' title='bbox 2429 3607 2670 3671; x_wconf 72' lang='grc' dir='ltr'><strong>ιριιανκι.</strong></span> <span class='ocrx_word' id='word_1_673' title='bbox 2708 3613 2957 3658; x_wconf 80' lang='lat' dir='ltr'><strong>alrcrsm</strong></span> <span class='ocrx_word' id='word_1_674' title='bbox 2996 3606 3315 3657; x_wconf 73' lang='lat' dir='ltr'><strong>Eunomium</strong></span> <span class='ocrx_word' id='word_1_675' title='bbox 3356 3605 3493 3657; x_wconf 93' lang='lat' dir='ltr'><strong>libro</strong></span> <span class='ocrx_word' id='word_1_676' title='bbox 3531 3621 3543 3655; x_wconf 92' lang='lat'>:</span> <span class='ocrx_word' id='word_1_677' title='bbox 3584 3622 3601 3654; x_wconf 76' lang='grc' dir='ltr'><strong>ι</strong></span> <span class='ocrx_word' id='word_1_678' title='bbox 3634 3603 3892 3671; x_wconf 88' lang='lat' dir='ltr'><strong>Spiritus.</strong></span> <span class='ocrx_word' id='word_1_679' title='bbox 3922 3604 4003 3655; x_wconf 90' lang='lat' dir='ltr'><strong>in—</strong></span> 
     </span>
    </p>
   </div>
   <div class='ocr_carea' id='block_1_95' title="bbox 2427 3690 4001 3760">
    <p class='ocr_par' dir='ltr' id='par_1_95' title="bbox 2427 3690 4001 3760">
     <span class='ocr_line' id='line_1_95' title="bbox 2427 3690 4001 3760; baseline 0.001 -19"><span class='ocrx_word' id='word_1_680' title='bbox 2427 3694 2644 3760; x_wconf 89' lang='lat' dir='ltr'><strong>quiens,</strong></span> <span class='ocrx_word' id='word_1_681' title='bbox 2680 3690 2847 3754; x_wconf 84' lang='lat' dir='ltr'><strong>Patri,</strong></span> <span class='ocrx_word' id='word_1_682' title='bbox 2880 3708 2941 3744; x_wconf 72' lang='lat' dir='ltr'><strong>ex</strong></span> <span class='ocrx_word' id='word_1_683' title='bbox 2996 3706 3061 3744; x_wconf 91' lang='lat' dir='ltr'><strong>eo</strong></span> <span class='ocrx_word' id='word_1_684' title='bbox 3101 3692 3244 3760; x_wconf 87' lang='lat' dir='ltr'><strong>quod</strong></span> <span class='ocrx_word' id='word_1_685' title='bbox 3287 3693 3563 3745; x_wconf 89' lang='lat' dir='ltr'><strong>increatus</strong></span> <span class='ocrx_word' id='word_1_686' title='bbox 3594 3700 3701 3754; x_wconf 84' lang='lat' dir='ltr'><strong>est,</strong></span> <span class='ocrx_word' id='word_1_687' title='bbox 3731 3691 4001 3760; x_wconf 75' lang='lat' dir='ltr'><strong>jungitur,</strong></span> 
     </span>
    </p>
   </div>
   <div class='ocr_carea' id='block_1_96' title="bbox 2428 3782 4003 3853">
    <p class='ocr_par' dir='ltr' id='par_1_96' title="bbox 2428 3782 4003 3853">
     <span class='ocr_line' id='line_1_96' title="bbox 2428 3782 4003 3853; baseline -0.001 -18"><span class='ocrx_word' id='word_1_688' title='bbox 2428 3796 2590 3852; x_wconf 85' lang='lat' dir='ltr'><strong>atque</strong></span> <span class='ocrx_word' id='word_1_689' title='bbox 2652 3786 2720 3836; x_wconf 90' lang='lat' dir='ltr'><strong>ah</strong></span> <span class='ocrx_word' id='word_1_690' title='bbox 2778 3800 2843 3836; x_wconf 94' lang='lat' dir='ltr'><strong>eo</strong></span> <span class='ocrx_word' id='word_1_691' title='bbox 2891 3799 3102 3845; x_wconf 80' lang='lat' dir='ltr'><strong>rursus,</strong></span> <span class='ocrx_word' id='word_1_692' title='bbox 3130 3785 3254 3853; x_wconf 89' lang='lat' dir='ltr'><strong>quia</strong></span> <span class='ocrx_word' id='word_1_693' title='bbox 3289 3782 3471 3845; x_wconf 88' lang='lat' dir='ltr'><strong>Pater,</strong></span> <span class='ocrx_word' id='word_1_694' title='bbox 3506 3793 3563 3834; x_wconf 84' lang='grc' dir='ltr'><strong>ιιι</strong></span> <span class='ocrx_word' id='word_1_695' title='bbox 3604 3783 3713 3844; x_wconf 92' lang='lat' dir='ltr'><strong>ille,</strong></span> <span class='ocrx_word' id='word_1_696' title='bbox 3752 3798 3853 3835; x_wconf 91' lang='lat' dir='ltr'><strong>non</strong></span> <span class='ocrx_word' id='word_1_697' title='bbox 3896 3793 4003 3843; x_wconf 83' lang='lat' dir='ltr'><strong>est,</strong></span> 
     </span>
    </p>
   </div>
   <div class='ocr_carea' id='block_1_97' title="bbox 2428 3872 4004 3943">
    <p class='ocr_par' dir='ltr' id='par_1_97' title="bbox 2428 3872 4004 3943">
     <span class='ocr_line' id='line_1_97' title="bbox 2428 3872 4004 3943; baseline -0.001 -15"><span class='ocrx_word' id='word_1_698' title='bbox 2428 3877 2765 3943; x_wconf 77' lang='lat' dir='ltr'><strong>disparatur,</strong></span> <span class='ocrx_word' id='word_1_699' title='bbox 2817 3874 3211 3941; x_wconf 83' lang='lat' dir='ltr'><strong>conjunctione.</strong></span> <span class='ocrx_word' id='word_1_700' title='bbox 3246 3888 3397 3935; x_wconf 84' lang='lat' dir='ltr'><strong>vero,</strong></span> <span class='ocrx_word' id='word_1_701' title='bbox 3434 3888 3555 3941; x_wconf 63' lang='lat' dir='ltr'><strong>quae</strong></span> <span class='ocrx_word' id='word_1_702' title='bbox 3604 3875 3677 3925; x_wconf 90' lang='lat' dir='ltr'><strong>illi</strong></span> <span class='ocrx_word' id='word_1_703' title='bbox 3711 3889 3830 3926; x_wconf 92' lang='lat' dir='ltr'><strong>cum</strong></span> <span class='ocrx_word' id='word_1_704' title='bbox 3868 3872 4004 3926; x_wconf 87' lang='lat' dir='ltr'><strong>Filio</strong></span> 
     </span>
    </p>
   </div>
   <div class='ocr_carea' id='block_1_98' title="bbox 2434 3966 4005 4034">
    <p class='ocr_par' dir='ltr' id='par_1_98' title="bbox 2434 3966 4005 4034">
     <span class='ocr_line' id='line_1_98' title="bbox 2434 3966 4005 4034; baseline -0.001 -15"><span class='ocrx_word' id='word_1_705' title='bbox 2434 3970 2646 4020; x_wconf 86' lang='lat' dir='ltr'><strong>ratione</strong></span> <span class='ocrx_word' id='word_1_706' title='bbox 2680 3968 2907 4019; x_wconf 82' lang='lat' dir='ltr'><strong>iuereati</strong></span> <span class='ocrx_word' id='word_1_707' title='bbox 2940 3978 3066 4031; x_wconf 89' lang='lat' dir='ltr'><strong>est;</strong></span> <span class='ocrx_word' id='word_1_708' title='bbox 3115 3975 3275 4034; x_wconf 87' lang='lat' dir='ltr'><strong>atque</strong></span> <span class='ocrx_word' id='word_1_709' title='bbox 3304 3982 3369 4018; x_wconf 82' lang='lat' dir='ltr'><strong>ex</strong></span> <span class='ocrx_word' id='word_1_710' title='bbox 3402 3981 3468 4018; x_wconf 90' lang='lat' dir='ltr'><strong>eo</strong></span> <span class='ocrx_word' id='word_1_711' title='bbox 3500 3966 3645 4031; x_wconf 91' lang='lat' dir='ltr'><strong>quod</strong></span> <span class='ocrx_word' id='word_1_712' title='bbox 3684 3966 4005 4019; x_wconf 64' lang='lat' dir='ltr'><strong>substantia:</strong></span> 
     </span>
    </p>
   </div>
   <div class='ocr_carea' id='block_1_99' title="bbox 2433 4058 4003 4121">
    <p class='ocr_par' dir='ltr' id='par_1_99' title="bbox 2433 4058 4003 4121">
     <span class='ocr_line' id='line_1_99' title="bbox 2433 4058 4003 4121; baseline -0.004 -8"><span class='ocrx_word' id='word_1_713' title='bbox 2433 4075 2647 4113; x_wconf 81' lang='lat' dir='ltr'><strong>causam</strong></span> <span class='ocrx_word' id='word_1_714' title='bbox 2707 4074 2868 4112; x_wconf 90' lang='lat' dir='ltr'><strong>unam</strong></span> <span class='ocrx_word' id='word_1_715' title='bbox 2903 4074 2967 4111; x_wconf 76' lang='lat' dir='ltr'><strong>cx</strong></span> <span class='ocrx_word' id='word_1_716' title='bbox 3021 4060 3127 4111; x_wconf 73' lang='lat' dir='ltr'><strong>[leo</strong></span> <span class='ocrx_word' id='word_1_717' title='bbox 3172 4058 3416 4111; x_wconf 90' lang='lat' dir='ltr'><strong>omnium</strong></span> <span class='ocrx_word' id='word_1_718' title='bbox 3467 4058 3649 4121; x_wconf 73' lang='lat' dir='ltr'><strong>habet,</strong></span> <span class='ocrx_word' id='word_1_719' title='bbox 3691 4073 3751 4110; x_wconf 89' lang='lat' dir='ltr'><strong>ea</strong></span> <span class='ocrx_word' id='word_1_720' title='bbox 3786 4072 4003 4109; x_wconf 81' lang='lat' dir='ltr'><strong>rursum</strong></span> 
     </span>
    </p>
   </div>
   <div class='ocr_carea' id='block_1_100' title="bbox 2431 4148 4007 4219">
    <p class='ocr_par' dir='ltr' id='par_1_100' title="bbox 2431 4148 4007 4219">
     <span class='ocr_line' id='line_1_100' title="bbox 2431 4148 4007 4219; baseline -0.003 -17"><span class='ocrx_word' id='word_1_721' title='bbox 2431 4154 2761 4219; x_wconf 79' lang='lat' dir='ltr'><strong>proprietate</strong></span> <span class='ocrx_word' id='word_1_722' title='bbox 2802 4150 3176 4215; x_wconf 79' lang='lat' dir='ltr'><strong>distinguitur,</strong></span> <span class='ocrx_word' id='word_1_723' title='bbox 3211 4150 3357 4217; x_wconf 88' lang='lat' dir='ltr'><strong>quod</strong></span> <span class='ocrx_word' id='word_1_724' title='bbox 3397 4164 3574 4215; x_wconf 80' lang='lat' dir='ltr'><strong>neque</strong></span> <span class='ocrx_word' id='word_1_725' title='bbox 3610 4151 3769 4203; x_wconf 89' lang='lat' dir='ltr'><strong>unice</strong></span> <span class='ocrx_word' id='word_1_726' title='bbox 3803 4164 3866 4201; x_wconf 80' lang='lat' dir='ltr'><strong>ex</strong></span> <span class='ocrx_word' id='word_1_727' title='bbox 3906 4148 4007 4199; x_wconf 86' lang='lat' dir='ltr'><strong>Pa-</strong></span> 
     </span>
    </p>
   </div>
   <div class='ocr_carea' id='block_1_101' title="bbox 2431 4238 4001 4307">
    <p class='ocr_par' dir='ltr' id='par_1_101' title="bbox 2431 4238 4001 4307">
     <span class='ocr_line' id='line_1_101' title="bbox 2431 4238 4001 4307; baseline -0.004 -10"><span class='ocrx_word' id='word_1_728' title='bbox 2431 4256 2511 4297; x_wconf 88' lang='lat' dir='ltr'><strong>tre</strong></span> <span class='ocrx_word' id='word_1_729' title='bbox 2545 4243 2813 4301; x_wconf 80' lang='lat' dir='ltr'><strong>subsistit,</strong></span> <span class='ocrx_word' id='word_1_730' title='bbox 2854 4250 2908 4294; x_wconf 90' lang='lat' dir='ltr'><strong>et</strong></span> <span class='ocrx_word' id='word_1_731' title='bbox 2964 4239 3109 4304; x_wconf 85' lang='lat' dir='ltr'><strong>quod</strong></span> <span class='ocrx_word' id='word_1_732' title='bbox 3144 4254 3237 4307; x_wconf 89' lang='lat' dir='ltr'><strong>per</strong></span> <span class='ocrx_word' id='word_1_733' title='bbox 3297 4240 3470 4305; x_wconf 87' lang='lat' dir='ltr'><strong>ipsum</strong></span> <span class='ocrx_word' id='word_1_734' title='bbox 3526 4239 3724 4292; x_wconf 88' lang='lat' dir='ltr'><strong>Filium</strong></span> <span class='ocrx_word' id='word_1_735' title='bbox 3785 4238 4001 4307; x_wconf 86' lang='lat' dir='ltr'><strong>prodiit.</strong></span> 
     </span>
    </p>
   </div>
   <div class='ocr_carea' id='block_1_102' title="bbox 2434 4328 4007 4396">
    <p class='ocr_par' dir='ltr' id='par_1_102' title="bbox 2434 4328 4007 4396">
     <span class='ocr_line' id='line_1_102' title="bbox 2434 4328 4007 4396; baseline -0.002 -11"><span class='ocrx_word' id='word_1_736' title='bbox 2434 4334 2642 4385; x_wconf 74' lang='lat' dir='ltr'><strong>ltursus</strong></span> <span class='ocrx_word' id='word_1_737' title='bbox 2673 4331 2857 4393; x_wconf 80' lang='lat' dir='ltr'><strong>etiam,</strong></span> <span class='ocrx_word' id='word_1_738' title='bbox 2892 4345 3013 4383; x_wconf 86' lang='lat' dir='ltr'><strong>cuin</strong></span> <span class='ocrx_word' id='word_1_739' title='bbox 3050 4345 3144 4396; x_wconf 89' lang='lat' dir='ltr'><strong>per</strong></span> <span class='ocrx_word' id='word_1_740' title='bbox 3177 4328 3526 4395; x_wconf 69' lang='lat' dir='ltr'><strong>Uuigenitum</strong></span> <span class='ocrx_word' id='word_1_741' title='bbox 3584 4343 3834 4384; x_wconf 80' lang='lat' dir='ltr'><strong>creatura</strong></span> <span class='ocrx_word' id='word_1_742' title='bbox 3882 4331 4007 4383; x_wconf 86' lang='lat' dir='ltr'><strong>sub-</strong></span> 
     </span>
    </p>
   </div>
   <div class='ocr_carea' id='block_1_103' title="bbox 2434 4420 4005 4488">
    <p class='ocr_par' dir='ltr' id='par_1_103' title="bbox 2434 4420 4005 4488">
     <span class='ocr_line' id='line_1_103' title="bbox 2434 4420 4005 4488; baseline 0.001 -14"><span class='ocrx_word' id='word_1_743' title='bbox 2434 4426 2611 4477; x_wconf 76' lang='lat' dir='ltr'><strong>sistat.</strong></span> <span class='ocrx_word' id='word_1_744' title='bbox 2632 4438 2695 4474; x_wconf 90' lang='lat' dir='ltr'><strong>ne</strong></span> <span class='ocrx_word' id='word_1_745' title='bbox 2719 4436 3007 4473; x_wconf 87' lang='lat' dir='ltr'><strong>commune</strong></span> <span class='ocrx_word' id='word_1_746' title='bbox 3035 4420 3239 4488; x_wconf 86' lang='lat' dir='ltr'><strong>aliquid</strong></span> <span class='ocrx_word' id='word_1_747' title='bbox 3267 4420 3330 4472; x_wconf 85' lang='lat' dir='ltr'><strong>ad</strong></span> <span class='ocrx_word' id='word_1_748' title='bbox 3365 4422 3501 4473; x_wconf 83' lang='lat' dir='ltr'><strong>hanc</strong></span> <span class='ocrx_word' id='word_1_749' title='bbox 3526 4421 3764 4487; x_wconf 73' lang='lat' dir='ltr'><strong>Spiritus</strong></span> <span class='ocrx_word' id='word_1_750' title='bbox 3786 4431 4005 4475; x_wconf 80' lang='lat' dir='ltr'><strong>sanctus</strong></span> 
     </span>
    </p>
   </div>
   <div class='ocr_carea' id='block_1_104' title="bbox 2367 4510 4002 4581">
    <p class='ocr_par' dir='ltr' id='par_1_104' title="bbox 2367 4510 4002 4581">
     <span class='ocr_line' id='line_1_104' title="bbox 2367 4510 4002 4581; baseline -0.002 -15"><span class='ocrx_word' id='word_1_751' title='bbox 2367 4510 2405 4560; x_wconf 70' lang='grc' dir='ltr'><strong>ἵ)</strong></span> <span class='ocrx_word' id='word_1_752' title='bbox 2439 4517 2631 4566; x_wconf 81' lang='lat' dir='ltr'><strong>habere.</strong></span> <span class='ocrx_word' id='word_1_753' title='bbox 2668 4522 2907 4580; x_wconf 84' lang='lat' dir='ltr'><strong>putetur,</strong></span> <span class='ocrx_word' id='word_1_754' title='bbox 2946 4513 3069 4580; x_wconf 83' lang='lat' dir='ltr'><strong>quia</strong></span> <span class='ocrx_word' id='word_1_755' title='bbox 3124 4523 3172 4565; x_wconf 88' lang='lat' dir='ltr'><strong>et</strong></span> <span class='ocrx_word' id='word_1_756' title='bbox 3230 4512 3345 4580; x_wconf 80' lang='lat' dir='ltr'><strong>ipse</strong></span> <span class='ocrx_word' id='word_1_757' title='bbox 3412 4528 3507 4581; x_wconf 89' lang='lat' dir='ltr'><strong>per</strong></span> <span class='ocrx_word' id='word_1_758' title='bbox 3552 4511 3747 4564; x_wconf 81' lang='lat' dir='ltr'><strong>Filium</strong></span> <span class='ocrx_word' id='word_1_759' title='bbox 3784 4515 4002 4581; x_wconf 82' lang='lat' dir='ltr'><strong>prodiit,</strong></span> 
     </span>
    </p>
   </div>
   <div class='ocr_carea' id='block_1_105' title="bbox 2435 4604 4007 4672">
    <p class='ocr_par' dir='ltr' id='par_1_105' title="bbox 2435 4604 4007 4672">
     <span class='ocr_line' id='line_1_105' title="bbox 2435 4604 4007 4672; baseline -0.001 -15"><span class='ocrx_word' id='word_1_760' title='bbox 2435 4608 2521 4659; x_wconf 66' lang='grc' dir='ltr'><strong>ιιιιι</strong></span> <span class='ocrx_word' id='word_1_761' title='bbox 2572 4606 2752 4658; x_wconf 85' lang='lat' dir='ltr'><strong>stabili</strong></span> <span class='ocrx_word' id='word_1_762' title='bbox 2806 4615 2969 4672; x_wconf 84' lang='lat' dir='ltr'><strong>atque</strong></span> <span class='ocrx_word' id='word_1_763' title='bbox 3031 4604 3465 4656; x_wconf 72' lang='lat' dir='ltr'><strong>incouinintabili</strong></span> <span class='ocrx_word' id='word_1_764' title='bbox 3523 4604 3730 4655; x_wconf 89' lang='lat' dir='ltr'><strong>ratione</strong></span> <span class='ocrx_word' id='word_1_765' title='bbox 3770 4604 4007 4670; x_wconf 80' lang='lat' dir='ltr'><strong>Spiritus</strong></span> 
     </span>
    </p>
   </div>
   <div class='ocr_carea' id='block_1_106' title="bbox 2431 4676 4007 4761">
    <p class='ocr_par' dir='ltr' id='par_1_106' title="bbox 2431 4676 4007 4761">
     <span class='ocr_line' id='line_1_106' title="bbox 2431 4676 4007 4761; baseline -0.003 -12"><span class='ocrx_word' id='word_1_766' title='bbox 2431 4707 2654 4750; x_wconf 74' lang='lat' dir='ltr'><strong>sumtus</strong></span> <span class='ocrx_word' id='word_1_767' title='bbox 2711 4712 2739 4747; x_wconf 90' lang='lat' dir='ltr'><strong>a</strong></span> <span class='ocrx_word' id='word_1_768' title='bbox 2778 4676 3056 4747; x_wconf 37' lang='lat' dir='ltr'><strong>&#39;creatura</strong></span> <span class='ocrx_word' id='word_1_769' title='bbox 3110 4693 3457 4747; x_wconf 82' lang='lat' dir='ltr'><strong>discernitur.</strong></span> <span class='ocrx_word' id='word_1_770' title='bbox 3500 4711 3516 4741; x_wconf 84' lang='grc' dir='ltr'><strong>ι</strong></span> <span class='ocrx_word' id='word_1_771' title='bbox 3582 4694 3636 4744; x_wconf 88' lang='lat' dir='ltr'><strong>Si</strong></span> <span class='ocrx_word' id='word_1_772' title='bbox 3704 4693 3869 4761; x_wconf 77' lang='lat' dir='ltr'><strong>igitur</strong></span> <span class='ocrx_word' id='word_1_773' title='bbox 3955 4692 4007 4746; x_wconf 89' lang='lat' dir='ltr'><strong>id</strong></span> 
     </span>
    </p>
   </div>
   <div class='ocr_carea' id='block_1_107' title="bbox 2431 4782 4004 4853">
    <p class='ocr_par' dir='ltr' id='par_1_107' title="bbox 2431 4782 4004 4853">
     <span class='ocr_line' id='line_1_107' title="bbox 2431 4782 4004 4853; baseline -0.003 -14"><span class='ocrx_word' id='word_1_774' title='bbox 2431 4792 2633 4849; x_wconf 68' lang='lat' dir='ltr'><strong>solum,</strong></span> <span class='ocrx_word' id='word_1_775' title='bbox 2672 4786 2817 4853; x_wconf 75' lang='lat' dir='ltr'><strong>quod</strong></span> <span class='ocrx_word' id='word_1_776' title='bbox 2849 4786 3007 4837; x_wconf 90' lang='lat' dir='ltr'><strong>unice</strong></span> <span class='ocrx_word' id='word_1_777' title='bbox 3057 4783 3223 4837; x_wconf 85' lang='lat' dir='ltr'><strong>Filius</strong></span> <span class='ocrx_word' id='word_1_778' title='bbox 3269 4799 3331 4835; x_wconf 75' lang='lat' dir='ltr'><strong>ex</strong></span> <span class='ocrx_word' id='word_1_779' title='bbox 3372 4783 3610 4851; x_wconf 83' lang='lat' dir='ltr'><strong>ingenito</strong></span> <span class='ocrx_word' id='word_1_780' title='bbox 3642 4782 3847 4836; x_wconf 90' lang='lat' dir='ltr'><strong>lumine</strong></span> <span class='ocrx_word' id='word_1_781' title='bbox 3901 4792 4004 4846; x_wconf 87' lang='lat' dir='ltr'><strong>est,</strong></span> 
     </span>
    </p>
   </div>
   <div class='ocr_carea' id='block_1_108' title="bbox 2435 4875 4007 4947">
    <p class='ocr_par' dir='ltr' id='par_1_108' title="bbox 2435 4875 4007 4947">
     <span class='ocr_line' id='line_1_108' title="bbox 2435 4875 4007 4947; baseline -0.001 -18"><span class='ocrx_word' id='word_1_782' title='bbox 2435 4880 2649 4947; x_wconf 85' lang='lat' dir='ltr'><strong>propria</strong></span> <span class='ocrx_word' id='word_1_783' title='bbox 2678 4879 2819 4930; x_wconf 90' lang='lat' dir='ltr'><strong>iilius</strong></span> <span class='ocrx_word' id='word_1_784' title='bbox 2855 4878 3091 4943; x_wconf 77' lang='lat' dir='ltr'><strong>cognitio</strong></span> <span class='ocrx_word' id='word_1_785' title='bbox 3119 4887 3222 4937; x_wconf 88' lang='lat' dir='ltr'><strong>est,</strong></span> <span class='ocrx_word' id='word_1_786' title='bbox 3251 4890 3354 4943; x_wconf 92' lang='lat' dir='ltr'><strong>qua</strong></span> <span class='ocrx_word' id='word_1_787' title='bbox 3390 4890 3416 4926; x_wconf 86' lang='lat' dir='ltr'><strong>a</strong></span> <span class='ocrx_word' id='word_1_788' title='bbox 3463 4876 3621 4928; x_wconf 84' lang='lat' dir='ltr'><strong>Patre</strong></span> <span class='ocrx_word' id='word_1_789' title='bbox 3656 4875 4007 4943; x_wconf 79' lang='lat' dir='ltr'><strong>Spiiitusque</strong></span> 
     </span>
    </p>
   </div>
   <div class='ocr_carea' id='block_1_109' title="bbox 2433 4967 4007 5037">
    <p class='ocr_par' dir='ltr' id='par_1_109' title="bbox 2433 4967 4007 5037">
     <span class='ocr_line' id='line_1_109' title="bbox 2433 4967 4007 5037; baseline -0.004 -12"><span class='ocrx_word' id='word_1_790' title='bbox 2433 4972 2807 5037; x_wconf 62' lang='lat' dir='ltr'><strong>distinguitur,</strong></span> <span class='ocrx_word' id='word_1_791' title='bbox 2845 4970 2893 5021; x_wconf 79' lang='lat' dir='ltr'><strong>i.l</strong></span> <span class='ocrx_word' id='word_1_792' title='bbox 2923 4982 3100 5021; x_wconf 89' lang='lat' dir='ltr'><strong>autem</strong></span> <span class='ocrx_word' id='word_1_793' title='bbox 3132 4979 3211 5021; x_wconf 85' lang='lat' dir='ltr'><strong>est</strong></span> <span class='ocrx_word' id='word_1_794' title='bbox 3253 4982 3316 5020; x_wconf 65' lang='lat' dir='ltr'><strong>ex</strong></span> <span class='ocrx_word' id='word_1_795' title='bbox 3352 4967 3505 5019; x_wconf 85' lang='lat' dir='ltr'><strong>Patre</strong></span> <span class='ocrx_word' id='word_1_796' title='bbox 3540 4968 3659 5019; x_wconf 89' lang='lat' dir='ltr'><strong>sine</strong></span> <span class='ocrx_word' id='word_1_797' title='bbox 3694 4967 3802 5019; x_wconf 91' lang='lat' dir='ltr'><strong>ullo</strong></span> <span class='ocrx_word' id='word_1_798' title='bbox 3827 4968 4007 5021; x_wconf 90' lang='lat' dir='ltr'><strong>medio</strong></span> 
     </span>
    </p>
   </div>
   <div class='ocr_carea' id='block_1_110' title="bbox 2430 5054 4007 5127">
    <p class='ocr_par' dir='ltr' id='par_1_110' title="bbox 2430 5054 4007 5127">
     <span class='ocr_line' id='line_1_110' title="bbox 2430 5054 4007 5127; baseline -0.004 -12"><span class='ocrx_word' id='word_1_799' title='bbox 2430 5079 2573 5124; x_wconf 66' lang='lat' dir='ltr'><strong>esse,</strong></span> <span class='ocrx_word' id='word_1_800' title='bbox 2604 5061 2840 5127; x_wconf 81' lang='lat' dir='ltr'><strong>Spiritus</strong></span> <span class='ocrx_word' id='word_1_801' title='bbox 2892 5068 3070 5109; x_wconf 87' lang='lat' dir='ltr'><strong>autem</strong></span> <span class='ocrx_word' id='word_1_802' title='bbox 3108 5068 3329 5109; x_wconf 74' lang='lat' dir='ltr'><strong>sanctus</strong></span> <span class='ocrx_word' id='word_1_803' title='bbox 3362 5072 3388 5108; x_wconf 93' lang='lat' dir='ltr'><strong>a</strong></span> <span class='ocrx_word' id='word_1_804' title='bbox 3422 5054 3557 5107; x_wconf 72' lang='lat' dir='ltr'><strong>leio</strong></span> <span class='ocrx_word' id='word_1_805' title='bbox 3593 5072 3652 5107; x_wconf 85' lang='lat' dir='ltr'><strong>ea</strong></span> <span class='ocrx_word' id='word_1_806' title='bbox 3681 5056 4007 5124; x_wconf 84' lang='lat' dir='ltr'><strong>proprietate</strong></span> 
     </span>
    </p>
   </div>
   <div class='ocr_carea' id='block_1_111' title="bbox 2431 5148 4006 5218">
    <p class='ocr_par' dir='ltr' id='par_1_111' title="bbox 2431 5148 4006 5218">
     <span class='ocr_line' id='line_1_111' title="bbox 2431 5148 4006 5218; baseline -0.004 -11"><span class='ocrx_word' id='word_1_807' title='bbox 2431 5154 2784 5213; x_wconf 80' lang='lat' dir='ltr'><strong>discernitur,</strong></span> <span class='ocrx_word' id='word_1_808' title='bbox 2846 5151 2990 5218; x_wconf 90' lang='lat' dir='ltr'><strong>quod</strong></span> <span class='ocrx_word' id='word_1_809' title='bbox 3044 5165 3135 5217; x_wconf 71' lang='lat' dir='ltr'><strong>per</strong></span> <span class='ocrx_word' id='word_1_810' title='bbox 3191 5148 3386 5201; x_wconf 84' lang='lat' dir='ltr'><strong>Filium</strong></span> <span class='ocrx_word' id='word_1_811' title='bbox 3456 5151 3633 5213; x_wconf 80' lang='lat' dir='ltr'><strong>ipsum</strong></span> <span class='ocrx_word' id='word_1_812' title='bbox 3698 5150 3769 5202; x_wconf 91' lang='lat' dir='ltr'><strong>sit</strong></span> <span class='ocrx_word' id='word_1_813' title='bbox 3846 5158 4006 5217; x_wconf 89' lang='lat' dir='ltr'><strong>atque</strong></span> 
     </span>
    </p>
   </div>
   <div class='ocr_carea' id='block_1_112' title="bbox 2434 5240 4007 5316">
    <p class='ocr_par' dir='ltr' id='par_1_112' title="bbox 2434 5240 4007 5316">
     <span class='ocr_line' id='line_1_112' title="bbox 2434 5240 4007 5316; baseline -0.003 -19"><span class='ocrx_word' id='word_1_814' title='bbox 2434 5248 2698 5316; x_wconf 71' lang='lat' dir='ltr'><strong>proemlit,</strong></span> <span class='ocrx_word' id='word_1_815' title='bbox 2749 5253 2961 5296; x_wconf 85' lang='lat' dir='ltr'><strong>constat</strong></span> <span class='ocrx_word' id='word_1_816' title='bbox 3013 5242 3257 5308; x_wconf 79' lang='lat' dir='ltr'><strong>profecto</strong></span> <span class='ocrx_word' id='word_1_817' title='bbox 3324 5240 3587 5304; x_wconf 81' lang='lat' dir='ltr'><strong>Spiritum</strong></span> <span class='ocrx_word' id='word_1_818' title='bbox 3649 5250 3897 5292; x_wconf 81' lang='lat' dir='ltr'><strong>Sanctum</strong></span> <span class='ocrx_word' id='word_1_819' title='bbox 3940 5255 4007 5293; x_wconf 81' lang='lat' dir='ltr'><strong>ex</strong></span> 
     </span>
    </p>
   </div>
   <div class='ocr_carea' id='block_1_113' title="bbox 2430 5330 4008 5399">
    <p class='ocr_par' dir='ltr' id='par_1_113' title="bbox 2430 5330 4008 5399">
     <span class='ocr_line' id='line_1_113' title="bbox 2430 5330 4008 5399; baseline -0.005 -7"><span class='ocrx_word' id='word_1_820' title='bbox 2430 5341 2588 5392; x_wconf 68' lang='lat' dir='ltr'><strong>l’utt&#39;c</strong></span> <span class='ocrx_word' id='word_1_821' title='bbox 2608 5340 2725 5393; x_wconf 89' lang='lat' dir='ltr'><strong>sine</strong></span> <span class='ocrx_word' id='word_1_822' title='bbox 2759 5335 2937 5387; x_wconf 85' lang='lat' dir='ltr'><strong>medio</strong></span> <span class='ocrx_word' id='word_1_823' title='bbox 2966 5350 3070 5384; x_wconf 90' lang='lat' dir='ltr'><strong>non</strong></span> <span class='ocrx_word' id='word_1_824' title='bbox 3112 5348 3256 5384; x_wconf 82' lang='lat' dir='ltr'><strong>esse.</strong></span> <span class='ocrx_word' id='word_1_825' title='bbox 3283 5331 3336 5382; x_wconf 90' lang='lat' dir='ltr'><strong>ll</strong></span> <span class='ocrx_word' id='word_1_826' title='bbox 3360 5332 3671 5399; x_wconf 85' lang='lat' dir='ltr'><strong>quippe.est</strong></span> <span class='ocrx_word' id='word_1_827' title='bbox 3701 5345 3822 5384; x_wconf 85' lang='lat' dir='ltr'><strong>esse</strong></span> <span class='ocrx_word' id='word_1_828' title='bbox 3846 5330 4008 5384; x_wconf 76' lang='lat' dir='ltr'><strong>unice</strong></span> 
     </span>
    </p>
   </div>
   <div class='ocr_carea' id='block_1_114' title="bbox 2437 5418 4007 5494">
    <p class='ocr_par' dir='ltr' id='par_1_114' title="bbox 2437 5418 4007 5494">
     <span class='ocr_line' id='line_1_114' title="bbox 2437 5418 4007 5494; baseline -0.008 -9"><span class='ocrx_word' id='word_1_829' title='bbox 2437 5451 2498 5485; x_wconf 80' lang='lat' dir='ltr'><strong>ex</strong></span> <span class='ocrx_word' id='word_1_830' title='bbox 2536 5432 2690 5484; x_wconf 84' lang='lat' dir='ltr'><strong>Patre</strong></span> <span class='ocrx_word' id='word_1_831' title='bbox 2716 5468 2728 5489; x_wconf 86' lang='lat'><strong>,</strong></span> <span class='ocrx_word' id='word_1_832' title='bbox 2773 5426 2915 5494; x_wconf 90' lang='lat' dir='ltr'><strong>quod</strong></span> <span class='ocrx_word' id='word_1_833' title='bbox 2953 5423 3070 5476; x_wconf 73' lang='lat' dir='ltr'><strong>Filii</strong></span> <span class='ocrx_word' id='word_1_834' title='bbox 3107 5438 3355 5490; x_wconf 62' lang='lat' dir='ltr'><strong>persona!</strong></span> <span class='ocrx_word' id='word_1_835' title='bbox 3389 5423 3665 5490; x_wconf 84' lang='lat' dir='ltr'><strong>proprium</strong></span> <span class='ocrx_word' id='word_1_836' title='bbox 3710 5429 3813 5474; x_wconf 89' lang='lat' dir='ltr'><strong>est.</strong></span> <span class='ocrx_word' id='word_1_837' title='bbox 3857 5418 3911 5473; x_wconf 88' lang='lat' dir='ltr'><strong>In</strong></span> <span class='ocrx_word' id='word_1_838' title='bbox 3942 5434 4007 5473; x_wconf 88' lang='lat' dir='ltr'><strong>eo</strong></span> 
     </span>
    </p>
   </div>
   <div class='ocr_carea' id='block_1_115' title="bbox 2440 5511 4005 5590">
    <p class='ocr_par' dir='ltr' id='par_1_115' title="bbox 2440 5511 4005 5590">
     <span class='ocr_line' id='line_1_115' title="bbox 2440 5511 4005 5590; baseline -0.009 -13"><span class='ocrx_word' id='word_1_839' title='bbox 2440 5526 2581 5577; x_wconf 79' lang='lat' dir='ltr'><strong>enim</strong></span> <span class='ocrx_word' id='word_1_840' title='bbox 2640 5520 2784 5590; x_wconf 88' lang='lat' dir='ltr'><strong>quod</strong></span> <span class='ocrx_word' id='word_1_841' title='bbox 2836 5532 3009 5586; x_wconf 84' lang='lat' dir='ltr'><strong>neque</strong></span> <span class='ocrx_word' id='word_1_842' title='bbox 3054 5516 3213 5571; x_wconf 87' lang='lat' dir='ltr'><strong>unice</strong></span> <span class='ocrx_word' id='word_1_843' title='bbox 3238 5530 3301 5566; x_wconf 83' lang='lat' dir='ltr'><strong>ex</strong></span> <span class='ocrx_word' id='word_1_844' title='bbox 3332 5513 3511 5578; x_wconf 87' lang='lat' dir='ltr'><strong>Patre,</strong></span> <span class='ocrx_word' id='word_1_845' title='bbox 3548 5513 3642 5567; x_wconf 90' lang='lat' dir='ltr'><strong>sed</strong></span> <span class='ocrx_word' id='word_1_846' title='bbox 3680 5527 3774 5582; x_wconf 92' lang='lat' dir='ltr'><strong>per</strong></span> <span class='ocrx_word' id='word_1_847' title='bbox 3806 5511 4005 5565; x_wconf 87' lang='lat' dir='ltr'><strong>Filium</strong></span> 
     </span>
    </p>
   </div>
   <div class='ocr_carea' id='block_1_116' title="bbox 2512 5712 4003 5787">
    <p class='ocr_par' dir='ltr' id='par_1_116' title="bbox 2512 5712 4003 5787">
     <span class='ocr_line' id='line_1_116' title="bbox 2512 5712 4003 5787; baseline -0.005 -14"><span class='ocrx_word' id='word_1_848' title='bbox 2512 5721 2621 5787; x_wconf 64' lang='grc' dir='ltr'><strong>(ιδ)</strong></span> <span class='ocrx_word' id='word_1_849' title='bbox 2670 5720 2723 5771; x_wconf 89' lang='lat' dir='ltr'><strong>In</strong></span> <span class='ocrx_word' id='word_1_850' title='bbox 2778 5720 2904 5773; x_wconf 77' lang='grc' dir='ltr'><strong>οιιίι.</strong></span> <span class='ocrx_word' id='word_1_851' title='bbox 2947 5718 3084 5771; x_wconf 75' lang='lat' dir='ltr'><strong>llillii</strong></span> <span class='ocrx_word' id='word_1_852' title='bbox 3122 5726 3196 5769; x_wconf 85' lang='lat' dir='ltr'><strong>est</strong></span> <span class='ocrx_word' id='word_1_853' title='bbox 3238 5731 3284 5769; x_wconf 83' lang='lat' dir='ltr'><strong>e.</strong></span> <span class='ocrx_word' id='word_1_854' title='bbox 3323 5718 3406 5783; x_wconf 73' lang='lat' dir='ltr'><strong>is,</strong></span> <span class='ocrx_word' id='word_1_855' title='bbox 3439 5715 3518 5770; x_wconf 89' lang='grc' dir='ltr'><strong>ι.ι</strong></span> <span class='ocrx_word' id='word_1_856' title='bbox 3563 5712 3715 5767; x_wconf 79' lang='lat' dir='ltr'><strong>FiJei</strong></span> <span class='ocrx_word' id='word_1_857' title='bbox 3747 5713 4003 5779; x_wconf 68' lang='lat' dir='ltr'><strong>ori/.04.;</strong></span> 
     </span>
    </p>
   </div>
   <div class='ocr_carea' id='block_1_117' title="bbox 2432 5787 3285 5846">
    <p class='ocr_par' dir='ltr' id='par_1_117' title="bbox 2432 5787 3285 5846">
     <span class='ocr_line' id='line_1_117' title="bbox 2432 5787 3285 5846; baseline -0.006 0"><span class='ocrx_word' id='word_1_858' title='bbox 2432 5794 2560 5846; x_wconf 73' lang='lat' dir='ltr'><strong>(itit</strong></span> <span class='ocrx_word' id='word_1_859' title='bbox 2598 5792 2759 5843; x_wconf 74' lang='lat' dir='ltr'><strong>itiam</strong></span> <span class='ocrx_word' id='word_1_860' title='bbox 2793 5790 3034 5845; x_wconf 82' lang='lat' dir='ltr'><strong>Gennad.</strong></span> <span class='ocrx_word' id='word_1_861' title='bbox 3072 5797 3202 5843; x_wconf 84' lang='lat' dir='ltr'><strong>sect.</strong></span> <span class='ocrx_word' id='word_1_862' title='bbox 3234 5787 3285 5841; x_wconf 70' lang='grc' dir='ltr'><strong>ὅ.</strong></span> 
     </span>
    </p>
   </div>
  </div>
