4462 6440
760 401 821 461 31
887 408 893 418 “
1479 412 1486 419 ’
2016 409 2406 470 MANUELIS
2448 412 2522 469 CA

2242 409 2406 468 cus
2448 412 2748 474 ωηερε
2866 476 2869 480 ,
3906 394 3990 479 ’32

764 517 891 568 dum
922 526 971 567 et
1002 518 1212 569 tertium
1241 532 1347 568 non
1382 519 1682 571 diceremus
1723 521 1850 572 :scd
1896 523 2320 589 unumquodque
2349 518 2395 574 Α
2424 523 2623 589 quippe
2665 526 2909 591 producti
2943 541 3136 579 nomen
3173 537 3389 594 propter
3420 528 3799 594 productorem
3829 531 3991 584 intel-

764 609 1021 671 primum,
1076 614 1325 669 essetque
1378 609 1785 661 COIH’PIIit'lIlIIIS
1853 624 1915 661 ac
1970 612 2141 677 magis
2199 627 2324 678 pro-

760 694 937 758 prium
967 694 1273 744 dimlr'tntem
1307 694 1471 745 Deum
1501 697 1700 761 dicere,
1756 698 1968 749 Patrem
2003 700 2208 751 scilicet
2263 715 2325 751 ac

767 781 984 838 Filium.
1006 782 1082 831 vel
1116 782 1327 834 Patrem
1359 793 1411 834 et
1442 784 1704 851 Spiritum
1738 805 1748 837 :
1780 802 1951 854 eoque
1974 787 2129 841 Pater
2159 804 2325 841 causa

762 871 976 922 illorum
1004 872 1121 923 sine
1159 873 1356 934 medio,
1404 876 1699 940 eademque
1732 877 1938 931 ratione
1976 888 2140 941 esset,
2176 880 2325 932 ordi-

763 975 995 1023 nemque
1012 962 1185 1013 solum
1202 977 1377 1015 causa!
1421 978 1479 1014 ae
1500 963 1736 1016 eausalia
1756 966 2069 1032 simpliciter
2086 968 2325 1022 haberet.

834 1054 986 1105 Esset
1026 1064 1285 1120 prmterea
1313 1054 1623 1108 indiﬂ'ereus
1669 1071 1955 1109 numerare
2001 1056 2238 1119 Patrem,
2276 1069 2330 1112 et

764 1142 993 1205 Filium,
1023 1154 1075 1196 et
1106 1145 1395 1211 Spiritum,
1447 1148 1560 1199 sive
1595 1148 1835 1205 Patrem,
1861 1156 1912 1199 et
1946 1149 2228 1214 Spiritum,
2278 1160 2331 1203 et

763 1234 961 1286 Filium
996 1254 1006 1287 :
1056 1238 1183 1295 imo,
1214 1238 1354 1288 sicut
1387 1238 1621 1303 Spiritus
1674 1238 1791 1289 Filii
1828 1240 2030 1291 dicitur
2066 1240 2326 1305 Spiritus,

761 1333 809 1374 et
849 1322 1048 1389 imago.
1090 1324 1466 1391 natur—alisque
1506 1336 1557 1376 et
1587 1328 1701 1376 viva
1752 1326 1943 1387 virtus,
1984 1339 2034 1379 ct
2066 1332 2330 1396 Operatio,

764 1422 813 1463 et
844 1430 963 1478 qure
996 1414 1048 1464 in
1093 1416 1444 1480 sequentibus
1479 1416 1771 1468 dicentur:
1824 1419 1893 1469 ita
1928 1419 2091 1471 etiam
2136 1420 2327 1484 Filius,

765 1501 999 1568 Spiritus
1028 1503 1198 1555 Filius
1254 1506 1586 1569 :cquabiliter
1629 1515 1790 1569 atque
1835 1507 2203 1561 indiﬂerenter
2246 1525 2329 1563 se-

764 1593 1003 1645 cundum
1055 1594 1167 1645 haec
1215 1595 1395 1645 omnia
1446 1611 1473 1647 a
1525 1597 1697 1649 sacris
1754 1595 1971 1649 Litteris
2016 1599 2331 1666 sanctisque

763 1682 1017 1735 Patribus
1049 1685 1338 1736 dit-eretur.
1374 1682 1503 1735 Nam
1536 1686 1579 1737 si
1619 1687 1868 1738 similiter
1900 1701 1961 1739 se
1999 1687 2063 1740 ad
2098 1687 2328 1740 invicem

762 1773 1048 1835 baberent,
1081 1789 1232 1840 mque
1264 1776 1471 1826 scilicet
1526 1793 1589 1828 ex
1624 1776 1779 1829 Patre
1821 1762 1936 1830 sine
1979 1779 2158 1831 medio
2204 1781 2331 1833 sub-

709 1918 713 1923 .
761 1862 1036 1923 sistentes,
1068 1864 1277 1931 sibique
1320 1868 1551 1917 invicem
1605 1868 2104 1923 consubstantiales
2144 1880 2198 1923 et
2234 1888 2330 1922 no-

762 1954 903 2005 mina
938 1954 1182 2021 profecto
1217 1957 1379 2008 simili
1420 1958 1628 2010 ratione
1658 1974 1721 2011 ex
1774 1960 1947 2012 altero
1991 1961 2055 2013 ad
2096 1963 2327 2015 alterum

759 2055 1159 2099 converterent.
1195 2047 1325 2111 ριιειι
1365 2050 1507 2101 enim
1543 2052 2031 2106 consubstantialia
2084 2064 2232 2116 sunt,
2268 2071 2331 2109 ac

758 2135 860 2187 sibi
888 2139 1207 2205 coaequalia,
1260 2151 1656 2193 convertuntur
1704 2144 1766 2194 ad
1815 2144 2063 2197 invicem.
2119 2147 2184 2197 At
2227 2147 2331 2199 hoc

761 2228 985 2280 minime
1021 2230 1281 2282 hactenus
1320 2232 1621 2293 inventum,
1689 2234 1794 2283 imo
1826 2233 2051 2285 Omnino
2106 2234 2331 2288 interdi-

757 2327 903 2369 ctum
935 2320 1311 2393 est.'Namqui-.
1344 2321 1638 2389 Gregorius
1686 2323 1961 2389 Nyssenus
2013 2340 2178 2391 super
2205 2341 2326 2378 ora-

756 2411 899 2463 tione
933 2411 1235 2473 Dominica,
1261 2411 1337 2464 sic
1368 2414 1443 2463 ait
1478 2429 1491 2465 :
1529 2432 1545 2460 ι
1590 2412 1757 2464 Filius
1786 2422 1966 2467 autem
2001 2415 2174 2467 sancti
2206 2417 2331 2484 Spi-

758 2503 898 2555 ritus
931 2518 1107 2570 neque
1139 2514 1221 2555 est
1264 2520 1438 2571 neque
1462 2504 1684 2565 dicitur,
1717 2523 1735 2555 ι
1770 2520 1944 2571 neque
1996 2508 2331 2561 convertitur

757 2593 1048 2653 h.i|rilu:ilis
1076 2594 1208 2656 lucc,
1252 2606 1302 2645 ut
1347 2597 1415 2646 ita
1452 2596 1653 2658 dicam,
1691 2598 2101 2662 consequentia.

828 2683 1094 2734 Praeterea
1127 2684 1424 2736 absurdum
1453 2694 1555 2747 est,
1580 2700 1641 2736 ex
1666 2685 1784 2737 solo
1808 2683 1964 2737 Patre
1993 2695 2183 2752 putare
2208 2702 2329 2741 esse

757 2771 1023 2839 Spiritum
1062 2782 1335 2836 sanetum,
1365 2788 1427 2825 ac
1463 2774 1711 2825 eumdem
1754 2788 1851 2841 per
1892 2772 2088 2826 Filium
2144 2790 2331 2839 proce-

754 2864 903 2915 dere.
946 2862 1067 2916 Ilacc
1107 2865 1251 2915 cnim
1283 2864 1626 2929 apertissime
1654 2864 1753 2915 sibi
1788 2864 2018 2917 invicem
2052 2870 2329 2920 contraria

755 2962 908 3013 sunt,
942 2968 1003 3003 ae.
1036 2968 1093 3005 se
1152 2954 1380 3005 invictam
1420 2954 1731 3005 destruunt.
1765 2953 1895 3005 Nam
1933 2957 2075 3020 quod
2127 2956 2330 3009 dicitur

757 3059 851 3110 per
897 3042 1118 3105 Filium,
1175 3042 1447 3095 mediante
1508 3041 1665 3103 Filio,
1719 3058 1838 3095 esse
1882 3043 2133 3097 dicitur:
2180 3048 2327 3113 quod

2430 614 2619 681 ligitur
2669 619 2944 684 primum,
3003 629 3165 684 atque
3219 626 3614 684 consequenter
3679 616 3873 670 Filium
3925 634 3989 670 ex

2445 708 2767 771 productore
2801 724 2891 773 per
2926 712 3245 776 producturo
3293 709 3461 761 nasci.
3498 705 3640 759 Nihil
3675 709 3817 760 enim
3867 724 3992 773 pro-

2432 795 2598 857 hibet,
2624 798 2897 865 inquiunt,
2922 801 3086 851 etiam
3126 801 3227 850 huc
3258 798 3363 851 dici
3393 815 3406 860 ;
3435 798 3553 851 sine
3580 798 3759 851 medio
3790 799 3996 853 scilicet

2432 887 2692 950 Spiritum
2725 903 2785 941 ex
2821 888 2999 950 Patre,
3036 890 3191 957 quasi
3223 904 3285 941 ex
3314 890 3641 954 productore
3658 890 3947 957 procedere
3972 927 3988 953 ,

2430 975 2627 1028 Filium
2654 994 2781 1031 vero
2819 995 2885 1033 es
2938 981 3282 1046 productore,
3317 981 3409 1048 qui
3443 988 3511 1047 _et
3547 978 3705 1033 Pater
3748 988 3850 1041 est,
3901 994 3995 1047 per

2432 1062 2691 1130 Spiritum
2724 1067 2893 1118 nasci.
2934 1086 2951 1117 ι

2434 1146 2465 1174 ⁹
2503 1149 2606 1203 Sed
2640 1153 2807 1219 liquet
2836 1154 3094 1219 profecto,
3125 1170 3240 1217 eos,
3270 1156 3359 1223 qui
3394 1154 3636 1220 Spiritus
3668 1168 3763 1221 per
3794 1152 3992 1204 Filium

2433 1244 2832 1306 processionem
2887 1245 2955 1296 ita
3013 1255 3351 1312 pervertunt,
3412 1243 3697 1295 Trinitatis
3749 1244 3993 1295 ordinem

2434 1332 2639 1391 tollere,
2669 1332 3155 1401 confusionemqne
3184 1337 3577 1400 proprietatum
3611 1334 3993 1398 personalimu,

2433 1422 2657 1475 sublatis
2715 1423 2839 1473 item
2878 1425 3147 1490 personis,
3180 1423 3549 1475 introducere.
3586 1421 3781 1488 Liquet
3834 1422 3994 1475 simul

2432 1524 2524 1563 eos
2545 1511 2746 1563 sanctis
2772 1511 3042 1574 Patribus,
3066 1511 3318 1564 Ecdesise
3351 1512 3645 1578 magistris,
3674 1526 3996 1578 repugnare,

2434 1602 2559 1653 dum
2613 1602 2729 1654 sine
2788 1602 2964 1653 medio
3016 1603 3276 1669 Spiritum
3314 1617 3376 1654 ex
3412 1600 3572 1653 Patre
3614 1617 3735 1654 esse
3788 1604 3995 1665 volunt,

2433 1691 2805 1759 Spiritumque
2838 1691 2973 1743 Filio
3038 1700 3375 1757 praeponunt,
3435 1691 3679 1757 nihilque
3713 1692 3998 1757 prohibere

2433 1782 2642 1845 dicunt,
2676 1781 2838 1834 etiam
2872 1779 3067 1834 Filium
3098 1797 3161 1835 ex
3198 1781 3524 1848 productore
3558 1796 3650 1846 per
3674 1783 3995 1846 productum

2436 1870 2624 1931 nasci;
2658 1886 2721 1923 ex
2760 1886 2869 1938 quo
2899 1872 3091 1923 Filium
3135 1871 3436 1924 secundum
3492 1871 3739 1923 ordinem
3780 1871 4000 1923 tertium

2435 1974 2462 2011 a
2493 1959 2651 2012 Patre
2681 1959 3034 2024 confitentur,
3059 1968 3311 2028 putantes
3338 1975 3396 2013 se
3442 1969 3658 2027 propter
3690 1961 4004 2027 pronuntia-

2435 2050 2635 2102 tionem
2660 2051 2961 2112 nominum,
2988 2064 3286 2117 eorumque
3318 2050 3689 2117 intelligentia:
3717 2050 4004 2103 subtilita-

2436 2146 2564 2198 tem,
2614 2148 2673 2189 ιιι
2727 2138 3021 2199 voluerint,
3074 2137 3318 2189 divinum
3377 2138 3560 2200 etiam,
3603 2147 3657 2191 et
3717 2148 4001 2203 aeternum,

2434 2237 2597 2294 atque
2658 2228 2993 2281 immobilem
3063 2237 3273 2281 mutare
3322 2228 3565 2279 ordinent
3631 2244 3812 2296 posse,
3860 2230 4001 2297 quod

2435 2330 2610 2383 neque
2638 2316 2687 2368 iu
2720 2318 2987 2370 creaturis
3021 2318 3135 2370 fieri
3205 2317 3466 2385 possibile
3504 2329 3608 2371 est.
3641 2316 3827 2388 Neque
3854 2321 3999 2372 enim

2435 2406 2488 2456 in
2530 2405 2635 2467 his,
2694 2406 2738 2460 si
2766 2407 2985 2461 causale
3039 2422 3216 2461 causa:
3262 2408 3661 2475 przetulerimus
3696 2409 3748 2461 iu
3789 2412 4002 2475 ordine,

2432 2514 2517 2560 ac,
2571 2500 2637 2552 de
2669 2501 2853 2554 calore
2894 2500 3245 2563 disserentes,
3285 2502 3422 2570 ignis
3451 2503 3625 2569 primo
3672 2504 3999 2556 mentionem

2433 2590 2750 2653 fecerimus,
2800 2594 2909 2659 jam
2963 2595 3121 2645 etiam
3179 2594 3442 2646 continuo
3473 2593 3621 2646 calor
3649 2594 3787 2660 ignis
3840 2609 4003 2648 causa

2432 2682 2558 2744 erit,
2594 2693 2685 2736 aut
2715 2684 2844 2736 solis
2870 2684 3085 2747 radius;
3116 2699 3289 2751 neque
3311 2683 3567 2737 dictionis
3590 2694 3789 2737 nostr-.e
3836 2684 4006 2751 gratia

2434 2784 2523 2823 res
2576 2772 2740 2823 etiam
2783 2786 2942 2825 suum
3006 2771 3253 2824 ordinem
3294 2772 3603 2823 inurutaut.
3655 2772 3759 2824 Sed
3812 2773 3882 2824 ita
3917 2772 4005 2825 isti

2434 2862 2661 2913 nimium
2697 2863 2863 2931 inepti
2934 2875 2986 2915 et
3029 2862 3233 2930 garruli
3282 2864 3705 2916 ratiOeinaIOrcs
3749 2864 4005 2916 sentiant.

2504 2952 2572 3005 At
2626 2967 2755 3005 vero
2806 2953 2976 3006 sancti
3011 2954 3200 3005 Patres
3251 2950 3465 3003 ordinis
3492 2953 3647 3004 istam
3688 2952 4033 3016 novitatem,

2436 3042 2608 3109 ipsius
2667 3043 2988 3095 substantia:
3044 3043 3428 3108 privationem,
3470 3042 3635 3094 totius
3672 3041 3793 3094 fidei
3846 3057 4007 3109 nega—

755 3146 935 3187 aute-n
968 3150 1028 3186 ex
1066 3134 1201 3192 solo,
1239 3133 1355 3185 sine
1385 3132 1562 3183 medio
1610 3133 1875 3198 Spiritum
1923 3150 1986 3187 ex
2012 3134 2171 3189 Patre
2199 3153 2325 3204 pro-
2356 3138 2399 3194 C
2440 3134 2637 3185 tionem
2663 3148 2785 3186 csse
2819 3134 3002 3193 aiunt,
3041 3133 3481 3200 liunomiumque
3523 3143 3839 3191 causantur.
3867 3134 4009 3202 quod

752 3224 944 3277 cedere
976 3223 1262 3290 signifirat.
1301 3223 1405 3274 Sed
1440 3225 1540 3275 ista
1573 3235 1755 3290 postea
1793 3224 2115 3280 videbimus.

825 3314 958 3365 Illud
998 3314 1159 3367 modo
1192 3332 1253 3366 ex
1291 3315 1533 3382 his,qn."c
1558 3330 1720 3382 supra
1751 3314 2008 3379 diximus,
2044 3325 2327 3371 ostensum

751 3415 856 3463 est.
921 3407 1063 3471 quod
1102 3406 1175 3465 bi,
1205 3407 1295 3472 qui
1332 3416 1553 3473 propter
1603 3407 2106 3473 pronuntiationem
2159 3410 2333 3462 nomi-

753 3510 907 3558 num,
963 3511 1183 3562 suaeque
1243 3497 1440 3549 mentis
1496 3498 2009 3563 prasumptioncm,
2076 3500 2125 3553 id
2186 3500 2331 3569 quod

753 3588 953 3637 dii-tum
976 3593 1080 3645 est,
1104 3600 1197 3651 per
1224 3585 1425 3638 Filium
1450 3588 1742 3653 procedere
1767 3589 2027 3656 Spiritum
2051 3599 2329 3656 sanctum,

754 3693 861 3730 non
923 3679 1139 3745 proprie
1183 3694 1245 3732 ac
1295 3680 1732 3734 substantialiter
1788 3683 1989 3736 dictum
2028 3697 2329 3752 exponunt,

753 3770 990 3837 solisque
1028 3771 1205 3824 verbis
1228 3770 1532 3823 divinarum
1567 3770 1635 3824 ad
1686 3787 1743 3826 se
1776 3772 2006 3827 invicem
2063 3791 2331 3845 persona-

752 3878 869 3913 rum
894 3862 1138 3913 ordinem
1171 3878 1289 3916 esse
1324 3872 1597 3922 asserunt,
1632 3874 1875 3930 peccant.
1920 3865 2089 3919 Aiunt
2117 3870 2261 3921 enim
2312 3889 2324 3923 :

757 3971 774 4002 ι
806 3951 1072 4017 Quoniam
1104 3952 1273 4017 prima
1305 3969 1553 4020 persona,
1603 3953 1762 4006 Pater
1827 3957 2051 4015 scilicet.
2095 3968 2145 4011 et
2176 3959 2332 4011 Pater

751 4054 804 4098 et
849 4046 1142 4113 productor
1191 4042 1416 4108 dicitur,
1451 4055 1501 4098 et
1548 4046 1719 4100 Filius
1760 4049 1979 4114 quidem
2014 4050 2076 4100 ad
2115 4050 2329 4103 Patrem

751 4139 1050 4190 secundum
1078 4154 1137 4190 ea
1168 4153 1288 4205 qua:
1312 4138 1376 4190 ad
1407 4138 1609 4207 aliquid
1633 4138 1913 4201 dicuntur,
1943 4144 2332 4195 corm-nienter

753 4228 1031 4291 redditur;
1093 4227 1288 4279 Filium
1344 4228 1488 4281 enim
1538 4229 1807 4290 dicuntcs,
1864 4241 1918 4282 et
1970 4230 2180 4284 Patrem
2224 4248 2330 4286 nua

750 4322 1124 4389 intelligimus.
1186 4320 1424 4387 Spiritus
1486 4332 1691 4386 autem,
1754 4324 1855 4376 etsi
1902 4340 1930 4376 a
1988 4325 2149 4379 Patre
2213 4341 2333 4379 esse

747 4414 969 4477 dicitur,
995 4414 1059 4465 ad
1090 4415 1473 4482 productorem
1509 4422 1687 4468 tamen
1728 4416 1943 4481 prOprie
1967 4454 1981 4476 ,
2011 4416 2077 4468 ad
2113 4417 2329 4471 Patrem

2441 3223 2687 3277 ordinem
2731 3225 2783 3275 in
2819 3224 2926 3276 Deo
2953 3239 3060 3277 non
3094 3224 3408 3293 suscipiat;
3466 3240 3721 3293 cumque,
3759 3225 3847 3293 qui
3906 3228 4011 3279 imo

2435 3325 2612 3367 mutat
2688 3316 3096 3378 substantiam,
3167 3313 3258 3368 Dei
3330 3315 3667 3368 ordinatioui
3752 3316 4011 3385 refragari

2433 3404 2720 3468 definiunt,
2783 3408 2957 3474 ipsum
2995 3406 3286 3459 Dominum
3339 3408 3631 3459 tradidisse
3664 3407 3911 3460 ordinem
3958 3410 4010 3461 in

2434 3498 2690 3552 salutaris
2720 3499 2976 3566 baptismi
3015 3499 3311 3552 traditione
3340 3509 3671 3562 asserentes,
3707 3501 4007 3553 secundum

2434 3606 2593 3659 quem
2659 3592 2762 3644 alia
2799 3607 2860 3643 ex
2899 3592 3151 3658 personis
3198 3594 3395 3659 prima,
3445 3592 3551 3643 alia
3606 3594 3863 3655 secunda,
3907 3594 4013 3645 alia

2435 3682 2590 3734 tertia
2620 3682 2891 3750 personali
2927 3681 3119 3735 ordine
3143 3691 3225 3735 est
3256 3698 3271 3733 :
3303 3682 3548 3749 niltilque
3584 3681 3802 3736 ditferre
3834 3684 4010 3747 aiunt,

2435 3782 2620 3826 utrum
2652 3777 2776 3843 quis
2810 3775 3078 3844 Spiritum
3113 3789 3363 3834 sanctum
3396 3780 3459 3833 ad
3504 3791 3808 3833 creaturam
3844 3782 4014 3834 dedu-

2434 3873 2541 3926 cat,
2577 3880 2643 3918 an
2673 3866 2824 3920 illum
2862 3865 3021 3933 Filio,
3051 3870 3130 3921 vel
3166 3870 3312 3923 Patri
3366 3871 3639 3939 przeferat,
3682 3888 3789 3925 non
3836 3873 4011 3926 sedum

2439 3958 2701 4023 temporis
2759 3959 2989 4022 ratione,
3032 3961 3126 4013 sed
3157 3962 3386 4014 ordinis.
3433 3962 3701 4025 Quocirca
3743 3963 3846 4014 rite
3902 3978 4018 4014 ma—

2434 4047 2600 4115 gister
2646 4048 2757 4117 (15)
2812 4062 2908 4102 eos
2960 4048 3244 4118 fugiendos
3312 4051 3405 4115 ait,
3474 4052 3569 4119 qui
3629 4062 3684 4104 et
3743 4052 4013 4116 ordinem,

2434 4154 2593 4207 quem
2652 4140 2877 4191 tradidit
2933 4142 3089 4195 nobis
3148 4141 3431 4199 Dominus.
3483 4143 3799 4206 immutant,
3834 4144 4013 4211 utqui

2436 4231 2725 4285 manifeste
2756 4233 2971 4286 veritati
3009 4234 3371 4298 reluctantur,
3405 4245 3459 4289 et
3494 4235 3691 4288 Filium
3721 4234 4017 4303 pra-ferunt

2433 4320 2601 4385 Patri,
2646 4324 2727 4375 vel
2763 4321 2899 4377 Filio
2939 4334 3264 4394 prmponuut
3295 4326 3563 4395 Spiritum
3602 4338 3871 4380 sanctum.

2506 4411 2830 4483 Quanquam
2893 4414 3045 4482 juxta
3103 4418 3439 4483 superiorem
3502 4416 4017 4490 ratiocinationem,

746 4519 927 4562 autem
982 4506 1275 4597 improprie
1312 4505 1576 4569 refertur,
1634 4522 1757 4559 cum
1807 4504 1967 4561 Pater
2016 4512 2175 4563 etiam
2209 4527 2331 4579 pro-
2358 4508 2696 4588 unoniam
2733 4520 2829 4572 per
2858 4503 3057 4559 Filium
3092 4508 3274 4560 omnia
3310 4508 3451 4560 facta
3485 4507 3781 4574 Scriptura:
3814 4516 4019 4560 sancta:

744 4602 940 4655 ductor
968 4600 1058 4661 sit,
1092 4608 1144 4651 et
1166 4596 1539 4666 intelligatur.
1565 4596 1657 4650 Est
1695 4599 1837 4651 enim
1868 4599 2033 4663 idem,
2065 4612 2117 4654 et
2146 4600 2325 4660 Pater,

743 4701 795 4744 et
832 4693 1148 4759 productor.
1192 4708 1208 4739 ι

816 4782 910 4834 llis
971 4792 1151 4834 autem
1201 4782 1270 4834 ita
1308 4781 1522 4848 positis,
1582 4782 1653 4834 ita
1710 4781 1949 4836 inferunt
2001 4803 2014 4836 :
2078 4801 2095 4835 ε
2139 4784 2326 4855 Itaque

743 4875 1188 4952 quainloquidem
1248 4875 1515 4941 Spiritum
1561 4889 1623 4925 ex
1668 4872 1826 4927 Patre
1880 4874 2137 4938 dicimus,
2181 4894 2325 4945 quo-

743 4968 887 5019 niam
926 4967 1139 5019 Patrem
1175 4966 1442 5027 dicentes,
1479 4977 1531 5019 et
1562 4965 1757 5019 Filium
1799 4982 1903 5029 una
1942 4967 2320 5038 intelligimus,

743 5062 947 5114 ii'eirco
979 5060 1178 5113 dicitur
1224 5059 1463 5128 Spiritus
1496 5076 1591 5127 per
1626 5060 1865 5112 medium
1905 5059 2129 5124 Filium,
2158 5073 2324 5131 atque

741 5170 836 5221 per
873 5152 1066 5204 Filium
1094 5169 1155 5203 ex
1196 5151 1355 5203 Patre
1379 5151 1695 5218 procedere.
1731 5149 1866 5204 Cum
1907 5162 2089 5206 autem
2128 5171 2323 5210 rursus

743 5248 980 5314 prinnnn
1049 5246 1434 5312 productorcm
1504 5241 1759 5303 dicimus,
1821 5243 2010 5296 eadem
2080 5246 2326 5308 ratione,

742 5337 1002 5407 quoniam
1042 5337 1426 5405 pt0:illt'lort_‘l‘t
1452 5335 1720 5396 dicentes,
1757 5348 1863 5386 una
1892 5335 2053 5387 etiam
2084 5335 2157 5395 id.
2184 5338 2328 5404 quod

744 5432 1019 5501 producit,
1044 5432 1382 5498 cogitamus:
1407 5426 1693 5494 siquando
1718 5425 1887 5479 Filius
1911 5442 1973 5479 ex
2004 5429 2334 5495 productore

745 5525 983 5587 dic-itur,
1042 5532 1172 5574 tunc
1230 5520 1399 5573 Filius
1460 5535 1555 5586 per
1615 5518 1855 5572 medium
1893 5517 2181 5586 Spiritum,
2236 5536 2330 5575 seu

746 5614 1079 5684 producturo
1143 5629 1208 5667 ex
1276 5612 1605 5682 pwductore
1661 5627 1782 5667 esse
1840 5611 2054 5681 proprie
2094 5612 2325 5680 dicetur,

828 5803 945 5874 (lii;
994 5805 1047 5855 5.
1087 5802 1186 5854 lius
1218 5804 1317 5860 |‘.t'.s

2432 4598 2635 4652 inducti
2669 4599 2994 4674 auctoritate
3021 4598 3298 4652 credimus
3328 4618 3340 4652 :
3380 4596 3579 4650 Filium
3619 4614 3746 4651 vero
3774 4614 3900 4651 cum
3932 4600 4013 4651 di-

2430 4691 2632 4752 cimus,
2658 4688 2873 4743 Patrem
2904 4704 3123 4758 quoque
3159 4705 3266 4743 una
3314 4690 3696 4758 intelligimus,
3730 4690 3863 4743 nihil
3893 4707 4019 4759 pro-

2435 4781 2643 4834 bibebit
2672 4781 2877 4843 dicere,
2914 4795 2945 4833 a
2983 4778 3120 4833 Filio
3149 4795 3244 4849 per
3272 4779 3490 4833 Patrem
3516 4789 3799 4835 creaturas
3831 4796 4019 4834 mana-

2429 4874 2592 4934 visse,
2633 4881 2692 4925 ut
2724 4872 3038 4925 necessario
3088 4871 3197 4939 jam
3234 4880 3287 4925 et
3317 4873 3475 4924 Pater
3502 4871 3622 4924 Filii
3693 4879 3748 4925 ct
3782 4872 4018 4940 Spiritus

2427 4966 2641 5019 medius
2695 4964 2787 5019 sit.
2843 4963 2908 5015 Et
2955 4964 3217 5032 quoniam
3271 4978 3299 5017 a
3343 4962 3486 5017 Filio
3519 4964 3837 5019 Paracletus
3879 4965 4018 5019 mitti

2428 5057 2748 5125 perhibetur
2776 5074 2788 5109 :
2816 5053 2939 5107 Filii
2967 5064 3148 5107 autem
3178 5054 3511 5108 mentionem
3536 5053 3819 5119 facientes,
3840 5067 4020 5109 mente

2429 5149 2591 5203 simul
2621 5159 2673 5201 et
2705 5148 2921 5200 Patrem
2954 5146 3507 5212 comprehendimus;
3567 5148 3756 5201 eadem
3809 5148 4019 5200 ratione

2431 5249 2483 5294 et
2520 5255 2614 5308 per
2642 5240 2858 5293 Patrem
2899 5238 3038 5291 mitti
3080 5235 3315 5305 Spiritus
3355 5237 3587 5291 dicetur.
3640 5238 3817 5305 Atque
3846 5238 4008 5307 idem

2438 5335 2609 5389 ferme
2657 5334 2778 5398 erit,
2828 5348 2892 5386 ac
2934 5335 2978 5388 si
3028 5334 3152 5401 quis
3185 5333 3467 5385 architecti
3513 5331 3804 5398 cujuslibet
3849 5328 4019 5384 filium

2440 5440 2501 5478 ex
2537 5425 2838 5478 architecto
2868 5439 2962 5491 per
2996 5424 3217 5476 domum
3248 5421 3461 5475 diceret
3496 5432 3707 5485 natum,
3773 5424 3900 5488 quia
3936 5437 4023 5475 ar-

2443 5518 2710 5574 chitectus
2756 5516 2820 5569 ad
2861 5516 3083 5567 domum
3116 5512 3370 5567 refertur.
3405 5511 3536 5565 Nam
3568 5512 3727 5567 simul
3754 5523 3913 5579 atque
3935 5528 4022 5567 ar-

2447 5611 2739 5668 chitectum
2764 5605 3107 5677 cogitaveris,
3141 5614 3193 5661 et
3223 5605 3421 5660 domus
3457 5604 3623 5659 simul
3658 5602 3913 5658 occurrit.
