  <div class='ocr_page' id='page_1' title='image "/cluster/home/n/w/nwhite01/storage/ocr_20150623/152/nnc1.0046980377/026.png"; bbox 0 0 4462 6440; ppageno 0'>
   <div class='ocr_carea' id='block_1_1' title="bbox 433 368 3666 449">
    <p class='ocr_par' dir='ltr' id='par_1_1' title="bbox 433 368 3666 449">
     <span class='ocr_line' id='line_1_1' title="bbox 433 368 3666 449; baseline 0 -20"><span class='ocrx_word' id='word_1_1' title='bbox 433 380 507 449; x_wconf 68' lang='lat'><strong>33</strong></span> <span class='ocrx_word' id='word_1_2' title='bbox 1544 371 1935 431; x_wconf 79' lang='lat' dir='ltr'><strong>ADVERSUS</strong></span> <span class='ocrx_word' id='word_1_3' title='bbox 1968 369 2278 428; x_wconf 58' lang='lat' dir='ltr'><strong>GRriZCOS</strong></span> <span class='ocrx_word' id='word_1_4' title='bbox 2324 370 2445 427; x_wconf 78' lang='lat' dir='ltr'><strong>LIB</strong></span> <span class='ocrx_word' id='word_1_5' title='bbox 2513 368 2556 427; x_wconf 87' lang='lat' dir='ltr'><strong>l.</strong></span> <span class='ocrx_word' id='word_1_6' title='bbox 3599 369 3666 431; x_wconf 66' lang='grc'><strong>34</strong></span> 
     </span>
    </p>
   </div>
   <div class='ocr_carea' id='block_1_2' title="bbox 511 475 3667 553">
    <p class='ocr_par' dir='ltr' id='par_1_2' title="bbox 511 475 3667 553">
     <span class='ocr_line' id='line_1_2' title="bbox 511 475 3667 553; baseline -0.005 -9"><span class='ocrx_word' id='word_1_7' title='bbox 511 494 568 545; x_wconf 89' lang='lat' dir='ltr'><strong>ld</strong></span> <span class='ocrx_word' id='word_1_8' title='bbox 601 499 779 543; x_wconf 87' lang='lat' dir='ltr'><strong>autem</strong></span> <span class='ocrx_word' id='word_1_9' title='bbox 813 488 1026 541; x_wconf 92' lang='lat' dir='ltr'><strong>illorum</strong></span> <span class='ocrx_word' id='word_1_10' title='bbox 1065 485 1454 541; x_wconf 83' lang='lat' dir='ltr'><strong>absurditalem</strong></span> <span class='ocrx_word' id='word_1_11' title='bbox 1505 490 1555 540; x_wconf 92' lang='lat' dir='ltr'><strong>in</strong></span> <span class='ocrx_word' id='word_1_12' title='bbox 1591 490 1779 553; x_wconf 84' lang='lat' dir='ltr'><strong>primis</strong></span> <span class='ocrx_word' id='word_1_13' title='bbox 1808 490 2003 553; x_wconf 75' lang='lat' dir='ltr'><strong>arguit,</strong></span> <span class='ocrx_word' id='word_1_14' title='bbox 2036 488 2080 540; x_wconf 70' lang='grc' dir='ltr'><strong>Α</strong></span> <span class='ocrx_word' id='word_1_15' title='bbox 2112 482 2344 532; x_wconf 74' lang='lat' dir='ltr'><strong>medium</strong></span> <span class='ocrx_word' id='word_1_16' title='bbox 2402 480 2594 531; x_wconf 77' lang='lat' dir='ltr'><strong>Filium</strong></span> <span class='ocrx_word' id='word_1_17' title='bbox 2651 492 2713 530; x_wconf 70' lang='lat' dir='ltr'><strong>ex</strong></span> <span class='ocrx_word' id='word_1_18' title='bbox 2757 475 2913 528; x_wconf 68' lang='lat' dir='ltr'><strong>I’Jllt‘,</strong></span> <span class='ocrx_word' id='word_1_19' title='bbox 2959 491 3073 528; x_wconf 65' lang='lat' dir='ltr'><strong>esse</strong></span> <span class='ocrx_word' id='word_1_20' title='bbox 3108 477 3285 537; x_wconf 82' lang='lat' dir='ltr'><strong>habet,</strong></span> <span class='ocrx_word' id='word_1_21' title='bbox 3334 478 3495 543; x_wconf 65' lang='lat' dir='ltr'><strong>liquet</strong></span> <span class='ocrx_word' id='word_1_22' title='bbox 3540 496 3667 547; x_wconf 80' lang='lat' dir='ltr'><strong>pio-</strong></span> 
     </span>
    </p>
   </div>
   <div class='ocr_carea' id='block_1_3' title="bbox 440 574 1987 648">
    <p class='ocr_par' dir='ltr' id='par_1_3' title="bbox 440 574 1987 648">
     <span class='ocr_line' id='line_1_3' title="bbox 440 574 1987 648; baseline -0.006 -18"><span class='ocrx_word' id='word_1_23' title='bbox 440 581 583 648; x_wconf 87' lang='lat' dir='ltr'><strong>quod</strong></span> <span class='ocrx_word' id='word_1_24' title='bbox 610 578 841 643; x_wconf 84' lang='lat' dir='ltr'><strong>theologi</strong></span> <span class='ocrx_word' id='word_1_25' title='bbox 870 578 1164 628; x_wconf 73' lang='lat' dir='ltr'><strong>secundum</strong></span> <span class='ocrx_word' id='word_1_26' title='bbox 1197 588 1258 626; x_wconf 85' lang='lat' dir='ltr'><strong>ea</strong></span> <span class='ocrx_word' id='word_1_27' title='bbox 1280 590 1399 641; x_wconf 72' lang='lat' dir='ltr'><strong>quae</strong></span> <span class='ocrx_word' id='word_1_28' title='bbox 1428 590 1588 640; x_wconf 98' lang='lat' dir='ltr'><strong>supra</strong></span> <span class='ocrx_word' id='word_1_29' title='bbox 1619 574 1987 640; x_wconf 75' lang='lat' dir='ltr'><strong>exposuimus,</strong></span> 
     </span>
    </p>
   </div>
   <div class='ocr_carea' id='block_1_4' title="bbox 440 658 1997 735">
    <p class='ocr_par' dir='ltr' id='par_1_4' title="bbox 440 658 1997 735">
     <span class='ocr_line' id='line_1_4' title="bbox 440 658 1997 735; baseline -0.006 -16"><span class='ocrx_word' id='word_1_30' title='bbox 440 666 743 735; x_wconf 82' lang='lat' dir='ltr'><strong>aliquando</strong></span> <span class='ocrx_word' id='word_1_31' title='bbox 787 680 852 715; x_wconf 79' lang='lat' dir='ltr'><strong>ex</strong></span> <span class='ocrx_word' id='word_1_32' title='bbox 900 662 1007 715; x_wconf 89' lang='lat' dir='ltr'><strong>Deo</strong></span> <span class='ocrx_word' id='word_1_33' title='bbox 1038 677 1131 730; x_wconf 91' lang='lat' dir='ltr'><strong>per</strong></span> <span class='ocrx_word' id='word_1_34' title='bbox 1164 663 1420 725; x_wconf 89' lang='lat' dir='ltr'><strong>Verbum,</strong></span> <span class='ocrx_word' id='word_1_35' title='bbox 1455 664 1746 730; x_wconf 79' lang='lat' dir='ltr'><strong>aliquando</strong></span> <span class='ocrx_word' id='word_1_36' title='bbox 1782 676 1874 727; x_wconf 87' lang='lat' dir='ltr'><strong>per</strong></span> <span class='ocrx_word' id='word_1_37' title='bbox 1912 658 1997 710; x_wconf 84' lang='lat' dir='ltr'><strong>Fi-</strong></span> 
     </span>
    </p>
   </div>
   <div class='ocr_carea' id='block_1_5' title="bbox 440 744 1996 819">
    <p class='ocr_par' dir='ltr' id='par_1_5' title="bbox 440 744 1996 819">
     <span class='ocr_line' id='line_1_5' title="bbox 440 744 1996 819; baseline -0.008 -11"><span class='ocrx_word' id='word_1_38' title='bbox 440 756 571 808; x_wconf 92' lang='lat' dir='ltr'><strong>lium</strong></span> <span class='ocrx_word' id='word_1_39' title='bbox 605 770 670 806; x_wconf 79' lang='lat' dir='ltr'><strong>ex</strong></span> <span class='ocrx_word' id='word_1_40' title='bbox 709 754 815 804; x_wconf 86' lang='lat' dir='ltr'><strong>Deo</strong></span> <span class='ocrx_word' id='word_1_41' title='bbox 847 751 1109 819; x_wconf 74' lang='lat' dir='ltr'><strong>Spiritum</strong></span> <span class='ocrx_word' id='word_1_42' title='bbox 1132 765 1250 803; x_wconf 88' lang='lat' dir='ltr'><strong>esse</strong></span> <span class='ocrx_word' id='word_1_43' title='bbox 1272 751 1443 802; x_wconf 91' lang='lat' dir='ltr'><strong>aiunt.</strong></span> <span class='ocrx_word' id='word_1_44' title='bbox 1465 749 1597 800; x_wconf 82' lang='lat' dir='ltr'><strong>Nam</strong></span> <span class='ocrx_word' id='word_1_45' title='bbox 1622 748 1665 801; x_wconf 79' lang='lat' dir='ltr'><strong>si</strong></span> <span class='ocrx_word' id='word_1_46' title='bbox 1692 744 1996 812; x_wconf 77' lang='lat' dir='ltr'><strong>bujusmodi</strong></span> 
     </span>
    </p>
   </div>
   <div class='ocr_carea' id='block_1_6' title="bbox 440 835 1996 895">
    <p class='ocr_par' dir='ltr' id='par_1_6' title="bbox 440 835 1996 895">
     <span class='ocr_line' id='line_1_6' title="bbox 440 835 1996 895; baseline -0.01 0"><span class='ocrx_word' id='word_1_47' title='bbox 440 841 920 895; x_wconf 88' lang='lat' dir='ltr'><strong>ratiocinationem</strong></span> <span class='ocrx_word' id='word_1_48' title='bbox 989 851 1170 889; x_wconf 83' lang='lat' dir='ltr'><strong>veram</strong></span> <span class='ocrx_word' id='word_1_49' title='bbox 1226 850 1346 889; x_wconf 72' lang='lat' dir='ltr'><strong>cs~e</strong></span> <span class='ocrx_word' id='word_1_50' title='bbox 1394 835 1815 890; x_wconf 72' lang='lat' dir='ltr'><strong>arbitrarentur,</strong></span> <span class='ocrx_word' id='word_1_51' title='bbox 1875 844 1996 882; x_wconf 90' lang='lat' dir='ltr'><strong>cum</strong></span> 
     </span>
    </p>
   </div>
   <div class='ocr_carea' id='block_1_7' title="bbox 439 920 1998 996">
    <p class='ocr_par' dir='ltr' id='par_1_7' title="bbox 439 920 1998 996">
     <span class='ocr_line' id='line_1_7' title="bbox 439 920 1998 996; baseline -0.012 -13"><span class='ocrx_word' id='word_1_52' title='bbox 439 932 729 989; x_wconf 72' lang='lat' dir='ltr'><strong>dixissent,</strong></span> <span class='ocrx_word' id='word_1_53' title='bbox 764 945 857 996; x_wconf 88' lang='lat' dir='ltr'><strong>per</strong></span> <span class='ocrx_word' id='word_1_54' title='bbox 905 926 1162 988; x_wconf 80' lang='lat' dir='ltr'><strong>Verbum,</strong></span> <span class='ocrx_word' id='word_1_55' title='bbox 1194 940 1470 991; x_wconf 76' lang='lat' dir='ltr'><strong>nunquam</strong></span> <span class='ocrx_word' id='word_1_56' title='bbox 1504 939 1564 975; x_wconf 76' lang='lat' dir='ltr'><strong>ex</strong></span> <span class='ocrx_word' id='word_1_57' title='bbox 1605 922 1711 973; x_wconf 72' lang='lat' dir='ltr'><strong>Deo</strong></span> <span class='ocrx_word' id='word_1_58' title='bbox 1737 920 1998 980; x_wconf 73' lang='lat' dir='ltr'><strong>(lii-enni,</strong></span> 
     </span>
    </p>
   </div>
   <div class='ocr_carea' id='block_1_8' title="bbox 441 1007 2002 1086">
    <p class='ocr_par' dir='ltr' id='par_1_8' title="bbox 441 1007 2002 1086">
     <span class='ocr_line' id='line_1_8' title="bbox 441 1007 2002 1086; baseline -0.01 -15"><span class='ocrx_word' id='word_1_59' title='bbox 441 1022 535 1071; x_wconf 85' lang='lat' dir='ltr'><strong>sed</strong></span> <span class='ocrx_word' id='word_1_60' title='bbox 572 1033 665 1086; x_wconf 88' lang='lat' dir='ltr'><strong>per</strong></span> <span class='ocrx_word' id='word_1_61' title='bbox 698 1016 951 1077; x_wconf 93' lang='lat' dir='ltr'><strong>Verbum,</strong></span> <span class='ocrx_word' id='word_1_62' title='bbox 982 1030 1045 1068; x_wconf 75' lang='lat' dir='ltr'><strong>es</strong></span> <span class='ocrx_word' id='word_1_63' title='bbox 1079 1022 1277 1065; x_wconf 88' lang='lat' dir='ltr'><strong>tuente.</strong></span> <span class='ocrx_word' id='word_1_64' title='bbox 1312 1011 1547 1063; x_wconf 84' lang='lat' dir='ltr'><strong>Verbum</strong></span> <span class='ocrx_word' id='word_1_65' title='bbox 1585 1010 1807 1076; x_wconf 89' lang='lat' dir='ltr'><strong>quippe,</strong></span> <span class='ocrx_word' id='word_1_66' title='bbox 1849 1007 2002 1074; x_wconf 76' lang='lat' dir='ltr'><strong>juxta</strong></span> 
     </span>
    </p>
   </div>
   <div class='ocr_carea' id='block_1_9' title="bbox 450 1099 2002 1166">
    <p class='ocr_par' dir='ltr' id='par_1_9' title="bbox 450 1099 2002 1166">
     <span class='ocr_line' id='line_1_9' title="bbox 450 1099 2002 1166; baseline -0.007 -8"><span class='ocrx_word' id='word_1_67' title='bbox 450 1118 718 1159; x_wconf 66' lang='lat' dir='ltr'><strong>retonent</strong></span> <span class='ocrx_word' id='word_1_68' title='bbox 749 1105 1008 1164; x_wconf 86' lang='lat' dir='ltr'><strong>nominis,</strong></span> <span class='ocrx_word' id='word_1_69' title='bbox 1060 1119 1163 1156; x_wconf 90' lang='lat' dir='ltr'><strong>non</strong></span> <span class='ocrx_word' id='word_1_70' title='bbox 1212 1104 1276 1155; x_wconf 85' lang='lat' dir='ltr'><strong>ad</strong></span> <span class='ocrx_word' id='word_1_71' title='bbox 1317 1101 1504 1166; x_wconf 86' lang='lat' dir='ltr'><strong>Deum,</strong></span> <span class='ocrx_word' id='word_1_72' title='bbox 1533 1101 1624 1153; x_wconf 83' lang='lat' dir='ltr'><strong>sed</strong></span> <span class='ocrx_word' id='word_1_73' title='bbox 1658 1099 1721 1150; x_wconf 86' lang='lat' dir='ltr'><strong>ad</strong></span> <span class='ocrx_word' id='word_1_74' title='bbox 1770 1107 2002 1150; x_wconf 65' lang='lat' dir='ltr'><strong>menttm</strong></span> 
     </span>
    </p>
   </div>
   <div class='ocr_carea' id='block_1_10' title="bbox 443 1192 2007 1249">
    <p class='ocr_par' dir='ltr' id='par_1_10' title="bbox 443 1192 2007 1249">
     <span class='ocr_line' id='line_1_10' title="bbox 443 1192 2007 1249; baseline -0.007 0"><span class='ocrx_word' id='word_1_75' title='bbox 443 1198 699 1249; x_wconf 77' lang='lat' dir='ltr'><strong>refertur.</strong></span> <span class='ocrx_word' id='word_1_76' title='bbox 750 1194 850 1248; x_wconf 79' lang='lat' dir='ltr'><strong>Per</strong></span> <span class='ocrx_word' id='word_1_77' title='bbox 912 1194 1104 1247; x_wconf 83' lang='lat' dir='ltr'><strong>Filium</strong></span> <span class='ocrx_word' id='word_1_78' title='bbox 1150 1204 1327 1246; x_wconf 87' lang='lat' dir='ltr'><strong>autem</strong></span> <span class='ocrx_word' id='word_1_79' title='bbox 1382 1208 1505 1244; x_wconf 92' lang='lat' dir='ltr'><strong>cum</strong></span> <span class='ocrx_word' id='word_1_80' title='bbox 1557 1192 1822 1246; x_wconf 85' lang='lat' dir='ltr'><strong>dicerent,</strong></span> <span class='ocrx_word' id='word_1_81' title='bbox 1869 1202 2007 1239; x_wconf 61' lang='lat' dir='ltr'><strong>nunc</strong></span> 
     </span>
    </p>
   </div>
   <div class='ocr_carea' id='block_1_11' title="bbox 446 1276 2008 1351">
    <p class='ocr_par' dir='ltr' id='par_1_11' title="bbox 446 1276 2008 1351">
     <span class='ocr_line' id='line_1_11' title="bbox 446 1276 2008 1351; baseline -0.006 -15"><span class='ocrx_word' id='word_1_82' title='bbox 446 1300 609 1351; x_wconf 83' lang='lat' dir='ltr'><strong>quam</strong></span> <span class='ocrx_word' id='word_1_83' title='bbox 668 1284 999 1350; x_wconf 75' lang='lat' dir='ltr'><strong>adjerisseut</strong></span> <span class='ocrx_word' id='word_1_84' title='bbox 1050 1299 1063 1334; x_wconf 90' lang='lat'><strong>:</strong></span> <span class='ocrx_word' id='word_1_85' title='bbox 1118 1283 1191 1333; x_wconf 76' lang='lat' dir='ltr'><strong>Ex</strong></span> <span class='ocrx_word' id='word_1_86' title='bbox 1250 1282 1355 1334; x_wconf 70' lang='grc' dir='ltr'><strong>[τεο</strong></span> <span class='ocrx_word' id='word_1_87' title='bbox 1399 1295 1490 1347; x_wconf 71' lang='lat' dir='ltr'><strong>per</strong></span> <span class='ocrx_word' id='word_1_88' title='bbox 1537 1278 1750 1339; x_wconf 86' lang='lat' dir='ltr'><strong>Filium,</strong></span> <span class='ocrx_word' id='word_1_89' title='bbox 1788 1276 1880 1329; x_wconf 69' lang='lat' dir='ltr'><strong>sc-d</strong></span> <span class='ocrx_word' id='word_1_90' title='bbox 1916 1290 2008 1342; x_wconf 83' lang='lat' dir='ltr'><strong>per</strong></span> 
     </span>
    </p>
   </div>
   <div class='ocr_carea' id='block_1_12' title="bbox 458 1371 2008 1456">
    <p class='ocr_par' dir='ltr' id='par_1_12' title="bbox 458 1371 2008 1456">
     <span class='ocr_line' id='line_1_12' title="bbox 458 1371 2008 1456; baseline -0.006 -27"><span class='ocrx_word' id='word_1_91' title='bbox 458 1388 789 1430; x_wconf 88' lang='lat' dir='ltr'><strong>creaturam.</strong></span> <span class='ocrx_word' id='word_1_92' title='bbox 824 1376 994 1441; x_wconf 89' lang='lat' dir='ltr'><strong>llujus</strong></span> <span class='ocrx_word' id='word_1_93' title='bbox 1017 1377 1213 1456; x_wconf 87' lang='lat' dir='ltr'><strong>quippe</strong></span> <span class='ocrx_word' id='word_1_94' title='bbox 1236 1374 1396 1437; x_wconf 82' lang='lat' dir='ltr'><strong>Deus,</strong></span> <span class='ocrx_word' id='word_1_95' title='bbox 1430 1372 1569 1425; x_wconf 77' lang='lat' dir='ltr'><strong>Deus</strong></span> <span class='ocrx_word' id='word_1_96' title='bbox 1599 1381 1716 1432; x_wconf 86' lang='lat' dir='ltr'><strong>est;</strong></span> <span class='ocrx_word' id='word_1_97' title='bbox 1747 1371 1854 1421; x_wconf 93' lang='lat' dir='ltr'><strong>imo</strong></span> <span class='ocrx_word' id='word_1_98' title='bbox 1883 1384 2008 1420; x_wconf 75' lang='lat' dir='ltr'><strong>vero</strong></span> 
     </span>
    </p>
   </div>
   <div class='ocr_carea' id='block_1_13' title="bbox 462 1457 2010 1531">
    <p class='ocr_par' dir='ltr' id='par_1_13' title="bbox 462 1457 2010 1531">
     <span class='ocr_line' id='line_1_13' title="bbox 462 1457 2010 1531; baseline -0.007 -15"><span class='ocrx_word' id='word_1_99' title='bbox 462 1479 640 1530; x_wconf 83' lang='lat' dir='ltr'><strong>neque</strong></span> <span class='ocrx_word' id='word_1_100' title='bbox 686 1465 733 1514; x_wconf 91' lang='lat' dir='ltr'><strong>id</strong></span> <span class='ocrx_word' id='word_1_101' title='bbox 779 1465 1054 1531; x_wconf 83' lang='lat' dir='ltr'><strong>quidpiam</strong></span> <span class='ocrx_word' id='word_1_102' title='bbox 1092 1464 1402 1529; x_wconf 91' lang='lat' dir='ltr'><strong>prohiberet</strong></span> <span class='ocrx_word' id='word_1_103' title='bbox 1442 1460 1548 1512; x_wconf 86' lang='lat' dir='ltr'><strong>dici</strong></span> <span class='ocrx_word' id='word_1_104' title='bbox 1580 1457 1775 1509; x_wconf 87' lang='lat' dir='ltr'><strong>Filium</strong></span> <span class='ocrx_word' id='word_1_105' title='bbox 1803 1471 1865 1507; x_wconf 78' lang='lat' dir='ltr'><strong>ex</strong></span> <span class='ocrx_word' id='word_1_106' title='bbox 1904 1457 2010 1509; x_wconf 86' lang='lat' dir='ltr'><strong>Deo</strong></span> 
     </span>
    </p>
   </div>
   <div class='ocr_carea' id='block_1_14' title="bbox 448 1542 2013 1618">
    <p class='ocr_par' dir='ltr' id='par_1_14' title="bbox 448 1542 2013 1618">
     <span class='ocr_line' id='line_1_14' title="bbox 448 1542 2013 1618; baseline -0.008 -14"><span class='ocrx_word' id='word_1_107' title='bbox 448 1566 543 1618; x_wconf 87' lang='lat' dir='ltr'><strong>per</strong></span> <span class='ocrx_word' id='word_1_108' title='bbox 571 1560 855 1603; x_wconf 80' lang='lat' dir='ltr'><strong>creaturas</strong></span> <span class='ocrx_word' id='word_1_109' title='bbox 884 1551 1056 1602; x_wconf 83' lang='lat' dir='ltr'><strong>nasci.</strong></span> <span class='ocrx_word' id='word_1_110' title='bbox 1087 1549 1227 1602; x_wconf 91' lang='lat' dir='ltr'><strong>Deus</strong></span> <span class='ocrx_word' id='word_1_111' title='bbox 1259 1550 1405 1601; x_wconf 81' lang='lat' dir='ltr'><strong>enim</strong></span> <span class='ocrx_word' id='word_1_112' title='bbox 1438 1547 1500 1597; x_wconf 87' lang='lat' dir='ltr'><strong>ad</strong></span> <span class='ocrx_word' id='word_1_113' title='bbox 1530 1556 1811 1598; x_wconf 85' lang='lat' dir='ltr'><strong>creaturas</strong></span> <span class='ocrx_word' id='word_1_114' title='bbox 1846 1542 2013 1595; x_wconf 86' lang='lat' dir='ltr'><strong>reler-</strong></span> 
     </span>
    </p>
   </div>
   <div class='ocr_carea' id='block_1_15' title="bbox 446 1631 2011 1699">
    <p class='ocr_par' dir='ltr' id='par_1_15' title="bbox 446 1631 2011 1699">
     <span class='ocr_line' id='line_1_15' title="bbox 446 1631 2011 1699; baseline -0.006 -8"><span class='ocrx_word' id='word_1_115' title='bbox 446 1650 556 1691; x_wconf 89' lang='lat' dir='ltr'><strong>tur.</strong></span> <span class='ocrx_word' id='word_1_116' title='bbox 587 1638 732 1690; x_wconf 86' lang='lat' dir='ltr'><strong>idem</strong></span> <span class='ocrx_word' id='word_1_117' title='bbox 767 1649 947 1689; x_wconf 87' lang='lat' dir='ltr'><strong>autem</strong></span> <span class='ocrx_word' id='word_1_118' title='bbox 981 1638 1145 1699; x_wconf 89' lang='lat' dir='ltr'><strong>Deus,</strong></span> <span class='ocrx_word' id='word_1_119' title='bbox 1172 1649 1225 1691; x_wconf 84' lang='lat' dir='ltr'><strong>et</strong></span> <span class='ocrx_word' id='word_1_120' title='bbox 1266 1636 1425 1689; x_wconf 87' lang='lat' dir='ltr'><strong>Pater</strong></span> <span class='ocrx_word' id='word_1_121' title='bbox 1457 1635 1576 1686; x_wconf 80' lang='lat' dir='ltr'><strong>Filii</strong></span> <span class='ocrx_word' id='word_1_122' title='bbox 1607 1648 1727 1686; x_wconf 87' lang='lat' dir='ltr'><strong>esse</strong></span> <span class='ocrx_word' id='word_1_123' title='bbox 1758 1631 2011 1698; x_wconf 78' lang='lat' dir='ltr'><strong>intelligi-</strong></span> 
     </span>
    </p>
   </div>
   <div class='ocr_carea' id='block_1_16' title="bbox 448 1722 2013 1793">
    <p class='ocr_par' dir='ltr' id='par_1_16' title="bbox 448 1722 2013 1793">
     <span class='ocr_line' id='line_1_16' title="bbox 448 1722 2013 1793; baseline -0.005 -14"><span class='ocrx_word' id='word_1_124' title='bbox 448 1738 559 1779; x_wconf 91' lang='lat' dir='ltr'><strong>tur.</strong></span> <span class='ocrx_word' id='word_1_125' title='bbox 586 1728 691 1780; x_wconf 87' lang='lat' dir='ltr'><strong>Sed</strong></span> <span class='ocrx_word' id='word_1_126' title='bbox 725 1727 1036 1793; x_wconf 84' lang='lat' dir='ltr'><strong>hujusmodi</strong></span> <span class='ocrx_word' id='word_1_127' title='bbox 1096 1741 1270 1793; x_wconf 82' lang='lat' dir='ltr'><strong>nugas</strong></span> <span class='ocrx_word' id='word_1_128' title='bbox 1324 1735 1485 1793; x_wconf 88' lang='lat' dir='ltr'><strong>atque</strong></span> <span class='ocrx_word' id='word_1_129' title='bbox 1524 1724 1757 1790; x_wconf 74' lang='lat' dir='ltr'><strong>ineptias</strong></span> <span class='ocrx_word' id='word_1_130' title='bbox 1784 1722 1923 1772; x_wconf 82' lang='lat' dir='ltr'><strong>absit</strong></span> <span class='ocrx_word' id='word_1_131' title='bbox 1959 1728 2013 1771; x_wconf 91' lang='lat' dir='ltr'><strong>ut</strong></span> 
     </span>
    </p>
   </div>
   <div class='ocr_carea' id='block_1_17' title="bbox 2113 558 3668 638">
    <p class='ocr_par' dir='ltr' id='par_1_17' title="bbox 2113 558 3668 638">
     <span class='ocr_line' id='line_1_17' title="bbox 2113 558 3668 638; baseline 0.001 -18"><span class='ocrx_word' id='word_1_132' title='bbox 2113 569 2272 630; x_wconf 78' lang='lat' dir='ltr'><strong>ferto,</strong></span> <span class='ocrx_word' id='word_1_133' title='bbox 2328 570 2553 621; x_wconf 74' lang='lat' dir='ltr'><strong>sublatis</strong></span> <span class='ocrx_word' id='word_1_134' title='bbox 2616 568 3060 621; x_wconf 58' lang='lat' dir='ltr'><strong>sulstiutlalibus</strong></span> <span class='ocrx_word' id='word_1_135' title='bbox 3100 558 3495 635; x_wconf 64' lang='lat' dir='ltr'><strong>[hypOstaticisl</strong></span> <span class='ocrx_word' id='word_1_136' title='bbox 3540 588 3668 638; x_wconf 87' lang='lat' dir='ltr'><strong>pro-</strong></span> 
     </span>
    </p>
   </div>
   <div class='ocr_carea' id='block_1_18' title="bbox 2108 658 3666 724">
    <p class='ocr_par' dir='ltr' id='par_1_18' title="bbox 2108 658 3666 724">
     <span class='ocr_line' id='line_1_18' title="bbox 2108 658 3666 724; baseline 0.001 -15"><span class='ocrx_word' id='word_1_137' title='bbox 2108 658 2391 720; x_wconf 83' lang='lat' dir='ltr'><strong>cessibus,</strong></span> <span class='ocrx_word' id='word_1_138' title='bbox 2449 672 2707 724; x_wconf 78' lang='lat' dir='ltr'><strong>personas</strong></span> <span class='ocrx_word' id='word_1_139' title='bbox 2769 672 2987 724; x_wconf 87' lang='lat' dir='ltr'><strong>quoque</strong></span> <span class='ocrx_word' id='word_1_140' title='bbox 3074 659 3237 708; x_wconf 83' lang='lat' dir='ltr'><strong>simul</strong></span> <span class='ocrx_word' id='word_1_141' title='bbox 3302 658 3666 722; x_wconf 75' lang='lat' dir='ltr'><strong>auferendus,</strong></span> 
     </span>
    </p>
   </div>
   <div class='ocr_carea' id='block_1_19' title="bbox 2106 745 3670 815">
    <p class='ocr_par' dir='ltr' id='par_1_19' title="bbox 2106 745 3670 815">
     <span class='ocr_line' id='line_1_19' title="bbox 2106 745 3670 815; baseline 0.003 -19"><span class='ocrx_word' id='word_1_142' title='bbox 2106 761 2278 813; x_wconf 81' lang='lat' dir='ltr'><strong>neque</strong></span> <span class='ocrx_word' id='word_1_143' title='bbox 2306 747 2414 815; x_wconf 84' lang='lat' dir='ltr'><strong>jam</strong></span> <span class='ocrx_word' id='word_1_144' title='bbox 2446 747 2689 797; x_wconf 81' lang='lat' dir='ltr'><strong>ordinem</strong></span> <span class='ocrx_word' id='word_1_145' title='bbox 2721 747 2906 808; x_wconf 89' lang='lat' dir='ltr'><strong>ullum,</strong></span> <span class='ocrx_word' id='word_1_146' title='bbox 2946 762 3118 813; x_wconf 84' lang='lat' dir='ltr'><strong>neque</strong></span> <span class='ocrx_word' id='word_1_147' title='bbox 3147 745 3468 799; x_wconf 80' lang='lat' dir='ltr'><strong>Trinitatem</strong></span> <span class='ocrx_word' id='word_1_148' title='bbox 3514 751 3670 801; x_wconf 79' lang='lat' dir='ltr'><strong>nobis</strong></span> 
     </span>
    </p>
   </div>
   <div class='ocr_carea' id='block_1_20' title="bbox 2109 836 3669 902">
    <p class='ocr_par' dir='ltr' id='par_1_20' title="bbox 2109 836 3669 902">
     <span class='ocr_line' id='line_1_20' title="bbox 2109 836 3669 902; baseline 0.003 -15"><span class='ocrx_word' id='word_1_149' title='bbox 2109 836 2374 902; x_wconf 87' lang='lat' dir='ltr'><strong>reliquam</strong></span> <span class='ocrx_word' id='word_1_150' title='bbox 2428 850 2566 887; x_wconf 80' lang='lat' dir='ltr'><strong>esse.</strong></span> <span class='ocrx_word' id='word_1_151' title='bbox 2608 838 2872 898; x_wconf 69' lang='lat' dir='ltr'><strong>Quucitea</strong></span> <span class='ocrx_word' id='word_1_152' title='bbox 2927 842 3026 887; x_wconf 86' lang='lat' dir='ltr'><strong>rite</strong></span> <span class='ocrx_word' id='word_1_153' title='bbox 3069 838 3274 889; x_wconf 71' lang='lat' dir='ltr'><strong>dictum</strong></span> <span class='ocrx_word' id='word_1_154' title='bbox 3326 848 3407 889; x_wconf 88' lang='lat' dir='ltr'><strong>est</strong></span> <span class='ocrx_word' id='word_1_155' title='bbox 3461 842 3669 893; x_wconf 73' lang='lat' dir='ltr'><strong>ut&#39;ilzltis</strong></span> 
     </span>
    </p>
   </div>
   <div class='ocr_carea' id='block_1_21' title="bbox 2106 923 3659 991">
    <p class='ocr_par' dir='ltr' id='par_1_21' title="bbox 2106 923 3659 991">
     <span class='ocr_line' id='line_1_21' title="bbox 2106 923 3659 991; baseline 0.003 -17"><span class='ocrx_word' id='word_1_156' title='bbox 2106 923 2291 990; x_wconf 75' lang='lat' dir='ltr'><strong>ejusce</strong></span> <span class='ocrx_word' id='word_1_157' title='bbox 2342 923 2632 976; x_wconf 75' lang='lat' dir='ltr'><strong>ttm&#39;italctlr</strong></span> <span class='ocrx_word' id='word_1_158' title='bbox 2699 925 2864 991; x_wconf 80' lang='lat' dir='ltr'><strong>ipsius</strong></span> <span class='ocrx_word' id='word_1_159' title='bbox 2899 940 3018 977; x_wconf 80' lang='lat' dir='ltr'><strong>esse</strong></span> <span class='ocrx_word' id='word_1_160' title='bbox 3054 925 3366 977; x_wconf 72' lang='lat' dir='ltr'><strong>substantiae</strong></span> <span class='ocrx_word' id='word_1_161' title='bbox 3416 926 3659 979; x_wconf 84' lang='lat' dir='ltr'><strong>abol.tio-</strong></span> 
     </span>
    </p>
   </div>
   <div class='ocr_carea' id='block_1_22' title="bbox 2110 1014 3175 1080">
    <p class='ocr_par' dir='ltr' id='par_1_22' title="bbox 2110 1014 3175 1080">
     <span class='ocr_line' id='line_1_22' title="bbox 2110 1014 3175 1080; baseline 0.003 -16"><span class='ocrx_word' id='word_1_162' title='bbox 2110 1029 2252 1075; x_wconf 85' lang='lat' dir='ltr'><strong>trem,</strong></span> <span class='ocrx_word' id='word_1_163' title='bbox 2286 1016 2558 1080; x_wconf 82' lang='lat' dir='ltr'><strong>totiusque</strong></span> <span class='ocrx_word' id='word_1_164' title='bbox 2586 1014 2706 1065; x_wconf 79' lang='lat' dir='ltr'><strong>iidei</strong></span> <span class='ocrx_word' id='word_1_165' title='bbox 2741 1015 3175 1080; x_wconf 68' lang='lat' dir='ltr'><strong>abuegatioucm.</strong></span> 
     </span>
    </p>
   </div>
   <div class='ocr_carea' id='block_1_23' title="bbox 2131 1102 3670 1170">
    <p class='ocr_par' dir='ltr' id='par_1_23' title="bbox 2131 1102 3670 1170">
     <span class='ocr_line' id='line_1_23' title="bbox 2131 1102 3670 1170; baseline 0.003 -16"><span class='ocrx_word' id='word_1_166' title='bbox 2131 1123 2147 1141; x_wconf 73' lang='grc' dir='ltr'><strong>ο</strong></span> <span class='ocrx_word' id='word_1_167' title='bbox 2185 1102 2363 1170; x_wconf 62' lang='lat' dir='ltr'><strong>Neque</strong></span> <span class='ocrx_word' id='word_1_168' title='bbox 2414 1120 2542 1155; x_wconf 74' lang='lat' dir='ltr'><strong>vero</strong></span> <span class='ocrx_word' id='word_1_169' title='bbox 2578 1106 2678 1156; x_wconf 87' lang='lat' dir='ltr'><strong>ista</strong></span> <span class='ocrx_word' id='word_1_170' title='bbox 2732 1108 2926 1168; x_wconf 84' lang='lat' dir='ltr'><strong>solum,</strong></span> <span class='ocrx_word' id='word_1_171' title='bbox 2977 1122 3096 1169; x_wconf 73' lang='lat' dir='ltr'><strong>qua:</strong></span> <span class='ocrx_word' id='word_1_172' title='bbox 3131 1106 3388 1168; x_wconf 56' lang='lat' dir='ltr'><strong>diximus,</strong></span> <span class='ocrx_word' id='word_1_173' title='bbox 3428 1108 3670 1159; x_wconf 89' lang='lat' dir='ltr'><strong>ordinem</strong></span> 
     </span>
    </p>
   </div>
   <div class='ocr_carea' id='block_1_24' title="bbox 2114 1191 3675 1264">
    <p class='ocr_par' dir='ltr' id='par_1_24' title="bbox 2114 1191 3675 1264">
     <span class='ocr_line' id='line_1_24' title="bbox 2114 1191 3675 1264; baseline 0.003 -21"><span class='ocrx_word' id='word_1_174' title='bbox 2114 1191 2165 1243; x_wconf 87' lang='lat' dir='ltr'><strong>iii</strong></span> <span class='ocrx_word' id='word_1_175' title='bbox 2212 1203 2395 1243; x_wconf 86' lang='lat' dir='ltr'><strong>samta</strong></span> <span class='ocrx_word' id='word_1_176' title='bbox 2444 1191 2705 1245; x_wconf 85' lang='lat' dir='ltr'><strong>Trinitate</strong></span> <span class='ocrx_word' id='word_1_177' title='bbox 2750 1197 3153 1255; x_wconf 71' lang='lat' dir='ltr'><strong>coumwmlant,</strong></span> <span class='ocrx_word' id='word_1_178' title='bbox 3214 1212 3675 1264; x_wconf 80' lang='lat' dir='ltr'><strong>personarumque</strong></span> 
     </span>
    </p>
   </div>
   <div class='ocr_carea' id='block_1_25' title="bbox 2115 1281 3677 1350">
    <p class='ocr_par' dir='ltr' id='par_1_25' title="bbox 2115 1281 3677 1350">
     <span class='ocr_line' id='line_1_25' title="bbox 2115 1281 3677 1350; baseline 0.005 -21"><span class='ocrx_word' id='word_1_179' title='bbox 2115 1293 2451 1346; x_wconf 85' lang='lat' dir='ltr'><strong>processum,</strong></span> <span class='ocrx_word' id='word_1_180' title='bbox 2502 1297 2593 1346; x_wconf 90' lang='lat' dir='ltr'><strong>per</strong></span> <span class='ocrx_word' id='word_1_181' title='bbox 2670 1298 2830 1348; x_wconf 79' lang='lat' dir='ltr'><strong>qui-ui</strong></span> <span class='ocrx_word' id='word_1_182' title='bbox 2869 1281 3037 1336; x_wconf 78' lang='lat' dir='ltr'><strong>Filius</strong></span> <span class='ocrx_word' id='word_1_183' title='bbox 3073 1285 3285 1350; x_wconf 87' lang='lat' dir='ltr'><strong>quidem</strong></span> <span class='ocrx_word' id='word_1_184' title='bbox 3332 1287 3449 1337; x_wconf 90' lang='lat' dir='ltr'><strong>sine</strong></span> <span class='ocrx_word' id='word_1_185' title='bbox 3501 1288 3677 1338; x_wconf 76' lang='lat' dir='ltr'><strong>medio</strong></span> 
     </span>
    </p>
   </div>
   <div class='ocr_carea' id='block_1_26' title="bbox 2114 1368 3675 1438">
    <p class='ocr_par' dir='ltr' id='par_1_26' title="bbox 2114 1368 3675 1438">
     <span class='ocr_line' id='line_1_26' title="bbox 2114 1368 3675 1438; baseline 0.006 -23"><span class='ocrx_word' id='word_1_186' title='bbox 2114 1381 2177 1417; x_wconf 74' lang='lat' dir='ltr'><strong>ex</strong></span> <span class='ocrx_word' id='word_1_187' title='bbox 2235 1369 2407 1432; x_wconf 87' lang='lat' dir='ltr'><strong>primo</strong></span> <span class='ocrx_word' id='word_1_188' title='bbox 2450 1379 2559 1429; x_wconf 90' lang='lat' dir='ltr'><strong>est;</strong></span> <span class='ocrx_word' id='word_1_189' title='bbox 2612 1368 2849 1436; x_wconf 83' lang='lat' dir='ltr'><strong>Spiritus</strong></span> <span class='ocrx_word' id='word_1_190' title='bbox 2886 1381 3062 1421; x_wconf 86' lang='lat' dir='ltr'><strong>autem</strong></span> <span class='ocrx_word' id='word_1_191' title='bbox 3101 1381 3325 1424; x_wconf 79' lang='lat' dir='ltr'><strong>sanctus</strong></span> <span class='ocrx_word' id='word_1_192' title='bbox 3372 1390 3436 1424; x_wconf 77' lang='lat' dir='ltr'><strong>ex</strong></span> <span class='ocrx_word' id='word_1_193' title='bbox 3501 1375 3675 1438; x_wconf 87' lang='lat' dir='ltr'><strong>primo</strong></span> 
     </span>
    </p>
   </div>
   <div class='ocr_carea' id='block_1_27' title="bbox 2116 1457 3679 1527">
    <p class='ocr_par' dir='ltr' id='par_1_27' title="bbox 2116 1457 3679 1527">
     <span class='ocr_line' id='line_1_27' title="bbox 2116 1457 3679 1527; baseline 0.005 -23"><span class='ocrx_word' id='word_1_194' title='bbox 2116 1469 2209 1520; x_wconf 87' lang='lat' dir='ltr'><strong>per</strong></span> <span class='ocrx_word' id='word_1_195' title='bbox 2252 1457 2509 1518; x_wconf 90' lang='lat' dir='ltr'><strong>medium,</strong></span> <span class='ocrx_word' id='word_1_196' title='bbox 2537 1459 2628 1509; x_wconf 87' lang='lat' dir='ltr'><strong>sed</strong></span> <span class='ocrx_word' id='word_1_197' title='bbox 2657 1474 2719 1509; x_wconf 76' lang='lat' dir='ltr'><strong>ex</strong></span> <span class='ocrx_word' id='word_1_198' title='bbox 2753 1459 2871 1509; x_wconf 79' lang='lat' dir='ltr'><strong>aliis</strong></span> <span class='ocrx_word' id='word_1_199' title='bbox 2897 1460 3167 1524; x_wconf 79' lang='lat' dir='ltr'><strong>plurimis,</strong></span> <span class='ocrx_word' id='word_1_200' title='bbox 3196 1478 3312 1527; x_wconf 69' lang='lat' dir='ltr'><strong>qum</strong></span> <span class='ocrx_word' id='word_1_201' title='bbox 3345 1476 3372 1512; x_wconf 91' lang='lat' dir='ltr'><strong>a</strong></span> <span class='ocrx_word' id='word_1_202' title='bbox 3407 1462 3679 1526; x_wconf 83' lang='lat' dir='ltr'><strong>magistris</strong></span> 
     </span>
    </p>
   </div>
   <div class='ocr_carea' id='block_1_28' title="bbox 2116 1542 3680 1612">
    <p class='ocr_par' dir='ltr' id='par_1_28' title="bbox 2116 1542 3680 1612">
     <span class='ocr_line' id='line_1_28' title="bbox 2116 1542 3680 1612; baseline 0.008 -21"><span class='ocrx_word' id='word_1_203' title='bbox 2116 1542 2258 1594; x_wconf 67' lang='lat' dir='ltr'><strong>dicta</strong></span> <span class='ocrx_word' id='word_1_204' title='bbox 2296 1554 2445 1605; x_wconf 91' lang='lat' dir='ltr'><strong>sunt,</strong></span> <span class='ocrx_word' id='word_1_205' title='bbox 2478 1548 2735 1598; x_wconf 73' lang='lat' dir='ltr'><strong>discimus</strong></span> <span class='ocrx_word' id='word_1_206' title='bbox 2777 1556 2829 1597; x_wconf 92' lang='lat' dir='ltr'><strong>et</strong></span> <span class='ocrx_word' id='word_1_207' title='bbox 2857 1546 2975 1597; x_wconf 75' lang='lat' dir='ltr'><strong>Fliii</strong></span> <span class='ocrx_word' id='word_1_208' title='bbox 3013 1550 3680 1612; x_wconf 67' lang='lat' dir='ltr'><strong>inrdiatiune:u,etsancti</strong></span> 
     </span>
    </p>
   </div>
   <div class='ocr_carea' id='block_1_29' title="bbox 2121 1630 3536 1705">
    <p class='ocr_par' dir='ltr' id='par_1_29' title="bbox 2121 1630 3536 1705">
     <span class='ocr_line' id='line_1_29' title="bbox 2121 1630 3536 1705; baseline 0.006 -24"><span class='ocrx_word' id='word_1_209' title='bbox 2121 1630 2355 1696; x_wconf 83' lang='lat' dir='ltr'><strong>Spiritus</strong></span> <span class='ocrx_word' id='word_1_210' title='bbox 2383 1639 2678 1687; x_wconf 76' lang='lat' dir='ltr'><strong>naturalem</strong></span> <span class='ocrx_word' id='word_1_211' title='bbox 2718 1638 3171 1704; x_wconf 78' lang='lat' dir='ltr'><strong>essentialemque</strong></span> <span class='ocrx_word' id='word_1_212' title='bbox 3202 1653 3536 1705; x_wconf 68' lang='lat' dir='ltr'><strong>processum.</strong></span> 
     </span>
    </p>
   </div>
   <div class='ocr_carea' id='block_1_30' title="bbox 2192 1719 3681 1789">
    <p class='ocr_par' dir='ltr' id='par_1_30' title="bbox 2192 1719 3681 1789">
     <span class='ocr_line' id='line_1_30' title="bbox 2192 1719 3681 1789; baseline 0.006 -20"><span class='ocrx_word' id='word_1_213' title='bbox 2192 1719 2416 1788; x_wconf 60' lang='lat' dir='ltr'><strong>Magnus</strong></span> <span class='ocrx_word' id='word_1_214' title='bbox 2445 1723 2639 1789; x_wconf 78' lang='lat' dir='ltr'><strong>quippe</strong></span> <span class='ocrx_word' id='word_1_215' title='bbox 2678 1724 3010 1777; x_wconf 78' lang='lat' dir='ltr'><strong>Athanasius</strong></span> <span class='ocrx_word' id='word_1_216' title='bbox 3043 1726 3094 1777; x_wconf 91' lang='lat' dir='ltr'><strong>in</strong></span> <span class='ocrx_word' id='word_1_217' title='bbox 3139 1743 3195 1778; x_wconf 92' lang='grc' dir='ltr'><strong>ιιι</strong></span> <span class='ocrx_word' id='word_1_218' title='bbox 3229 1725 3428 1778; x_wconf 83' lang='lat' dir='ltr'><strong>Contra</strong></span> <span class='ocrx_word' id='word_1_219' title='bbox 3459 1729 3681 1778; x_wconf 80' lang='lat' dir='ltr'><strong>.triunes</strong></span> 
     </span>
    </p>
   </div>
   <div class='ocr_carea' id='block_1_31' title="bbox 450 1808 3686 1883">
    <p class='ocr_par' dir='ltr' id='par_1_31' title="bbox 450 1808 3686 1883">
     <span class='ocr_line' id='line_1_31' title="bbox 450 1808 3686 1883; baseline -0.001 -14"><span class='ocrx_word' id='word_1_220' title='bbox 450 1816 772 1869; x_wconf 85' lang='lat' dir='ltr'><strong>doctoribus</strong></span> <span class='ocrx_word' id='word_1_221' title='bbox 813 1817 984 1869; x_wconf 85' lang='lat' dir='ltr'><strong>sacris</strong></span> <span class='ocrx_word' id='word_1_222' title='bbox 1022 1830 1258 1883; x_wconf 89' lang='lat' dir='ltr'><strong>unquam</strong></span> <span class='ocrx_word' id='word_1_223' title='bbox 1292 1814 1342 1866; x_wconf 94' lang='lat' dir='ltr'><strong>iu</strong></span> <span class='ocrx_word' id='word_1_224' title='bbox 1371 1822 1603 1865; x_wconf 79' lang='lat' dir='ltr'><strong>mentem</strong></span> <span class='ocrx_word' id='word_1_225' title='bbox 1631 1810 1837 1863; x_wconf 86' lang='lat' dir='ltr'><strong>venisse</strong></span> <span class='ocrx_word' id='word_1_226' title='bbox 1871 1820 2022 1877; x_wconf 88' lang='lat' dir='ltr'><strong>pute-</strong></span> <span class='ocrx_word' id='word_1_227' title='bbox 2058 1811 2100 1865; x_wconf 80' lang='grc' dir='ltr'><strong><em>Β</em></strong></span> <span class='ocrx_word' id='word_1_228' title='bbox 2130 1808 2287 1869; x_wconf 88' lang='lat' dir='ltr'><strong>libro,</strong></span> <span class='ocrx_word' id='word_1_229' title='bbox 2335 1810 2489 1877; x_wconf 81' lang='lat' dir='ltr'><strong>cujus</strong></span> <span class='ocrx_word' id='word_1_230' title='bbox 2527 1812 2737 1863; x_wconf 89' lang='lat' dir='ltr'><strong>initium</strong></span> <span class='ocrx_word' id='word_1_231' title='bbox 2778 1824 2859 1864; x_wconf 87' lang='lat' dir='ltr'><strong>est</strong></span> <span class='ocrx_word' id='word_1_232' title='bbox 2893 1832 2905 1865; x_wconf 90' lang='lat'><strong>:</strong></span> <span class='ocrx_word' id='word_1_233' title='bbox 2938 1816 3042 1878; x_wconf 85' lang='lat' dir='ltr'><strong>Qui</strong></span> <span class='ocrx_word' id='word_1_234' title='bbox 3090 1818 3205 1866; x_wconf 76' lang='lat' dir='ltr'><strong>Arii</strong></span> <span class='ocrx_word' id='word_1_235' title='bbox 3242 1828 3509 1867; x_wconf 75' lang='lat' dir='ltr'><strong>sectantur</strong></span> <span class='ocrx_word' id='word_1_236' title='bbox 3543 1819 3686 1867; x_wconf 80' lang='lat' dir='ltr'><strong>iusti-</strong></span> 
     </span>
    </p>
   </div>
   <div class='ocr_carea' id='block_1_32' title="bbox 449 1901 2019 1974">
    <p class='ocr_par' dir='ltr' id='par_1_32' title="bbox 449 1901 2019 1974">
     <span class='ocr_line' id='line_1_32' title="bbox 449 1901 2019 1974; baseline -0.006 -15"><span class='ocrx_word' id='word_1_237' title='bbox 449 1922 610 1969; x_wconf 87' lang='lat' dir='ltr'><strong>mus,</strong></span> <span class='ocrx_word' id='word_1_238' title='bbox 692 1922 759 1958; x_wconf 91' lang='lat' dir='ltr'><strong>ne</strong></span> <span class='ocrx_word' id='word_1_239' title='bbox 810 1908 981 1974; x_wconf 81' lang='lat' dir='ltr'><strong>magis</strong></span> <span class='ocrx_word' id='word_1_240' title='bbox 1024 1907 1294 1974; x_wconf 75' lang='lat' dir='ltr'><strong>supinistas</strong></span> <span class='ocrx_word' id='word_1_241' title='bbox 1344 1904 1463 1956; x_wconf 91' lang='lat' dir='ltr'><strong>illos</strong></span> <span class='ocrx_word' id='word_1_242' title='bbox 1519 1916 1677 1969; x_wconf 87' lang='lat' dir='ltr'><strong>quam</strong></span> <span class='ocrx_word' id='word_1_243' title='bbox 1733 1901 2019 1969; x_wconf 85' lang='lat' dir='ltr'><strong>magistros</strong></span> 
     </span>
    </p>
   </div>
   <div class='ocr_carea' id='block_1_33' title="bbox 451 1992 2020 2065">
    <p class='ocr_par' dir='ltr' id='par_1_33' title="bbox 451 1992 2020 2065">
     <span class='ocr_line' id='line_1_33' title="bbox 451 1992 2020 2065; baseline -0.004 -18"><span class='ocrx_word' id='word_1_244' title='bbox 451 1996 674 2065; x_wconf 81' lang='lat' dir='ltr'><strong>pietatis</strong></span> <span class='ocrx_word' id='word_1_245' title='bbox 727 1996 1106 2056; x_wconf 88' lang='lat' dir='ltr'><strong>ostendamus,</strong></span> <span class='ocrx_word' id='word_1_246' title='bbox 1140 1994 1245 2047; x_wconf 90' lang='lat' dir='ltr'><strong>alia</strong></span> <span class='ocrx_word' id='word_1_247' title='bbox 1275 2008 1369 2061; x_wconf 89' lang='lat' dir='ltr'><strong>per</strong></span> <span class='ocrx_word' id='word_1_248' title='bbox 1404 1993 1507 2045; x_wconf 82' lang='lat' dir='ltr'><strong>alia</strong></span> <span class='ocrx_word' id='word_1_249' title='bbox 1546 1992 1809 2051; x_wconf 88' lang='lat' dir='ltr'><strong>dicentes,</strong></span> <span class='ocrx_word' id='word_1_250' title='bbox 1858 1998 2020 2057; x_wconf 88' lang='lat' dir='ltr'><strong>atque</strong></span> 
     </span>
    </p>
   </div>
   <div class='ocr_carea' id='block_1_34' title="bbox 450 2080 2020 2152">
    <p class='ocr_par' dir='ltr' id='par_1_34' title="bbox 450 2080 2020 2152">
     <span class='ocr_line' id='line_1_34' title="bbox 450 2080 2020 2152; baseline -0.004 -15"><span class='ocrx_word' id='word_1_251' title='bbox 450 2100 516 2137; x_wconf 78' lang='lat' dir='ltr'><strong>ex</strong></span> <span class='ocrx_word' id='word_1_252' title='bbox 568 2098 632 2136; x_wconf 91' lang='lat' dir='ltr'><strong>ea</strong></span> <span class='ocrx_word' id='word_1_253' title='bbox 680 2094 830 2152; x_wconf 77' lang='lat' dir='ltr'><strong>parte</strong></span> <span class='ocrx_word' id='word_1_254' title='bbox 865 2092 1108 2137; x_wconf 87' lang='lat' dir='ltr'><strong>nostram</strong></span> <span class='ocrx_word' id='word_1_255' title='bbox 1152 2083 1575 2149; x_wconf 77' lang='lat' dir='ltr'><strong>intelligentiam</strong></span> <span class='ocrx_word' id='word_1_256' title='bbox 1619 2080 2020 2139; x_wconf 73' lang='lat' dir='ltr'><strong>ohnuliilauti-s,</strong></span> 
     </span>
    </p>
   </div>
   <div class='ocr_carea' id='block_1_35' title="bbox 454 2171 2021 2243">
    <p class='ocr_par' dir='ltr' id='par_1_35' title="bbox 454 2171 2021 2243">
     <span class='ocr_line' id='line_1_35' title="bbox 454 2171 2021 2243; baseline -0.004 -16"><span class='ocrx_word' id='word_1_257' title='bbox 454 2189 598 2243; x_wconf 88' lang='lat' dir='ltr'><strong>quos</strong></span> <span class='ocrx_word' id='word_1_258' title='bbox 632 2174 919 2242; x_wconf 89' lang='lat' dir='ltr'><strong>oportebat</strong></span> <span class='ocrx_word' id='word_1_259' title='bbox 952 2174 1189 2227; x_wconf 86' lang='lat' dir='ltr'><strong>obscura</strong></span> <span class='ocrx_word' id='word_1_260' title='bbox 1214 2172 1524 2227; x_wconf 88' lang='lat' dir='ltr'><strong>elucidandi</strong></span> <span class='ocrx_word' id='word_1_261' title='bbox 1564 2171 1853 2239; x_wconf 81' lang='lat' dir='ltr'><strong>magistros</strong></span> <span class='ocrx_word' id='word_1_262' title='bbox 1881 2184 2021 2232; x_wconf 86' lang='lat' dir='ltr'><strong>esse,</strong></span> 
     </span>
    </p>
   </div>
   <div class='ocr_carea' id='block_1_36' title="bbox 454 2259 2023 2332">
    <p class='ocr_par' dir='ltr' id='par_1_36' title="bbox 454 2259 2023 2332">
     <span class='ocr_line' id='line_1_36' title="bbox 454 2259 2023 2332; baseline -0.003 -16"><span class='ocrx_word' id='word_1_263' title='bbox 454 2276 514 2316; x_wconf 93' lang='lat' dir='ltr'><strong>ut</strong></span> <span class='ocrx_word' id='word_1_264' title='bbox 551 2280 742 2318; x_wconf 78' lang='lat' dir='ltr'><strong>revera</strong></span> <span class='ocrx_word' id='word_1_265' title='bbox 775 2272 924 2319; x_wconf 91' lang='lat' dir='ltr'><strong>sunt.</strong></span> <span class='ocrx_word' id='word_1_266' title='bbox 963 2264 1148 2332; x_wconf 88' lang='lat' dir='ltr'><strong>Neque</strong></span> <span class='ocrx_word' id='word_1_267' title='bbox 1175 2278 1306 2317; x_wconf 85' lang='lat' dir='ltr'><strong>sane</strong></span> <span class='ocrx_word' id='word_1_268' title='bbox 1338 2264 1496 2315; x_wconf 86' lang='lat' dir='ltr'><strong>nobis</strong></span> <span class='ocrx_word' id='word_1_269' title='bbox 1523 2262 1764 2330; x_wconf 73' lang='lat' dir='ltr'><strong>expedit,</strong></span> <span class='ocrx_word' id='word_1_270' title='bbox 1798 2275 1917 2327; x_wconf 79' lang='lat' dir='ltr'><strong>qua:</strong></span> <span class='ocrx_word' id='word_1_271' title='bbox 1956 2259 2023 2312; x_wconf 78' lang='lat' dir='ltr'><strong>ab</strong></span> 
     </span>
    </p>
   </div>
   <div class='ocr_carea' id='block_1_37' title="bbox 458 2351 2019 2422">
    <p class='ocr_par' dir='ltr' id='par_1_37' title="bbox 458 2351 2019 2422">
     <span class='ocr_line' id='line_1_37' title="bbox 458 2351 2019 2422; baseline -0.004 -14"><span class='ocrx_word' id='word_1_272' title='bbox 458 2355 582 2408; x_wconf 81' lang='lat' dir='ltr'><strong>illis</strong></span> <span class='ocrx_word' id='word_1_273' title='bbox 604 2356 791 2422; x_wconf 74' lang='lat' dir='ltr'><strong>aperte</strong></span> <span class='ocrx_word' id='word_1_274' title='bbox 843 2366 897 2408; x_wconf 92' lang='lat' dir='ltr'><strong>et</strong></span> <span class='ocrx_word' id='word_1_275' title='bbox 916 2355 1120 2407; x_wconf 86' lang='lat' dir='ltr'><strong>utiliter</strong></span> <span class='ocrx_word' id='word_1_276' title='bbox 1139 2354 1281 2407; x_wconf 85' lang='lat' dir='ltr'><strong>dicta</strong></span> <span class='ocrx_word' id='word_1_277' title='bbox 1307 2362 1451 2414; x_wconf 90' lang='lat' dir='ltr'><strong>sunt,</strong></span> <span class='ocrx_word' id='word_1_278' title='bbox 1476 2367 1728 2421; x_wconf 79' lang='lat' dir='ltr'><strong>perverse</strong></span> <span class='ocrx_word' id='word_1_279' title='bbox 1750 2351 2019 2417; x_wconf 86' lang='lat' dir='ltr'><strong>accipere:</strong></span> 
     </span>
    </p>
   </div>
   <div class='ocr_carea' id='block_1_38' title="bbox 458 2440 2025 2515">
    <p class='ocr_par' dir='ltr' id='par_1_38' title="bbox 458 2440 2025 2515">
     <span class='ocr_line' id='line_1_38' title="bbox 458 2440 2025 2515; baseline -0.004 -15"><span class='ocrx_word' id='word_1_280' title='bbox 458 2460 526 2500; x_wconf 79' lang='lat' dir='ltr'><strong>ex</strong></span> <span class='ocrx_word' id='word_1_281' title='bbox 564 2462 673 2515; x_wconf 90' lang='lat' dir='ltr'><strong>quo</strong></span> <span class='ocrx_word' id='word_1_282' title='bbox 704 2458 758 2499; x_wconf 93' lang='lat' dir='ltr'><strong>et</strong></span> <span class='ocrx_word' id='word_1_283' title='bbox 796 2446 902 2499; x_wconf 90' lang='lat' dir='ltr'><strong>illis</strong></span> <span class='ocrx_word' id='word_1_284' title='bbox 934 2446 1239 2513; x_wconf 88' lang='lat' dir='ltr'><strong>irrogamus</strong></span> <span class='ocrx_word' id='word_1_285' title='bbox 1281 2443 1533 2511; x_wconf 85' lang='lat' dir='ltr'><strong>injurias,</strong></span> <span class='ocrx_word' id='word_1_286' title='bbox 1587 2454 1639 2496; x_wconf 89' lang='lat' dir='ltr'><strong>et</strong></span> <span class='ocrx_word' id='word_1_287' title='bbox 1687 2440 1843 2495; x_wconf 88' lang='lat' dir='ltr'><strong>nobis</strong></span> <span class='ocrx_word' id='word_1_288' title='bbox 1893 2440 2025 2509; x_wconf 90' lang='lat' dir='ltr'><strong>ipsis</strong></span> 
     </span>
    </p>
   </div>
   <div class='ocr_carea' id='block_1_39' title="bbox 458 2536 1409 2606">
    <p class='ocr_par' dir='ltr' id='par_1_39' title="bbox 458 2536 1409 2606">
     <span class='ocr_line' id='line_1_39' title="bbox 458 2536 1409 2606; baseline -0.001 -16"><span class='ocrx_word' id='word_1_289' title='bbox 458 2537 802 2606; x_wconf 85' lang='lat' dir='ltr'><strong>dispendium</strong></span> <span class='ocrx_word' id='word_1_290' title='bbox 835 2537 1029 2590; x_wconf 89' lang='lat' dir='ltr'><strong>salutis</strong></span> <span class='ocrx_word' id='word_1_291' title='bbox 1057 2536 1409 2605; x_wconf 88' lang='lat' dir='ltr'><strong>acquirimus.</strong></span> 
     </span>
    </p>
   </div>
   <div class='ocr_carea' id='block_1_40' title="bbox 540 2620 2027 2695">
    <p class='ocr_par' dir='ltr' id='par_1_40' title="bbox 540 2620 2027 2695">
     <span class='ocr_line' id='line_1_40' title="bbox 540 2620 2027 2695; baseline -0.004 -16"><span class='ocrx_word' id='word_1_292' title='bbox 540 2626 698 2679; x_wconf 78' lang='lat' dir='ltr'><strong>Certe</strong></span> <span class='ocrx_word' id='word_1_293' title='bbox 730 2626 968 2680; x_wconf 83' lang='lat' dir='ltr'><strong>lucidius</strong></span> <span class='ocrx_word' id='word_1_294' title='bbox 1001 2626 1308 2695; x_wconf 76' lang='lat' dir='ltr'><strong>promenda:</strong></span> <span class='ocrx_word' id='word_1_295' title='bbox 1340 2623 1583 2677; x_wconf 76' lang='lat' dir='ltr'><strong>veritatis</strong></span> <span class='ocrx_word' id='word_1_296' title='bbox 1628 2621 1872 2690; x_wconf 81' lang='lat' dir='ltr'><strong>magistri</strong></span> <span class='ocrx_word' id='word_1_297' title='bbox 1905 2620 2027 2673; x_wconf 88' lang='lat' dir='ltr'><strong>aliis</strong></span> 
     </span>
    </p>
   </div>
   <div class='ocr_carea' id='block_1_41' title="bbox 459 2713 2028 2783">
    <p class='ocr_par' dir='ltr' id='par_1_41' title="bbox 459 2713 2028 2783">
     <span class='ocr_line' id='line_1_41' title="bbox 459 2713 2028 2783; baseline -0.004 -14"><span class='ocrx_word' id='word_1_298' title='bbox 459 2730 587 2769; x_wconf 88' lang='lat' dir='ltr'><strong>curn</strong></span> <span class='ocrx_word' id='word_1_299' title='bbox 625 2724 829 2780; x_wconf 87' lang='lat' dir='ltr'><strong>essent,</strong></span> <span class='ocrx_word' id='word_1_300' title='bbox 864 2716 1135 2769; x_wconf 78' lang='lat' dir='ltr'><strong>dixissent</strong></span> <span class='ocrx_word' id='word_1_301' title='bbox 1169 2715 1376 2783; x_wconf 80' lang='lat' dir='ltr'><strong>utique.</strong></span> <span class='ocrx_word' id='word_1_302' title='bbox 1414 2715 1457 2768; x_wconf 91' lang='lat' dir='ltr'><strong>si</strong></span> <span class='ocrx_word' id='word_1_303' title='bbox 1513 2715 1585 2766; x_wconf 89' lang='lat' dir='ltr'><strong>ita</strong></span> <span class='ocrx_word' id='word_1_304' title='bbox 1617 2713 1881 2765; x_wconf 63' lang='lat' dir='ltr'><strong>veraciter</strong></span> <span class='ocrx_word' id='word_1_305' title='bbox 1908 2726 2028 2764; x_wconf 88' lang='lat' dir='ltr'><strong>esse</strong></span> 
     </span>
    </p>
   </div>
   <div class='ocr_carea' id='block_1_42' title="bbox 464 2800 2027 2874">
    <p class='ocr_par' dir='ltr' id='par_1_42' title="bbox 464 2800 2027 2874">
     <span class='ocr_line' id='line_1_42' title="bbox 464 2800 2027 2874; baseline -0.004 -15"><span class='ocrx_word' id='word_1_306' title='bbox 464 2806 847 2874; x_wconf 83' lang='lat' dir='ltr'><strong>putavissent,</strong></span> <span class='ocrx_word' id='word_1_307' title='bbox 904 2805 1168 2874; x_wconf 72' lang='lat' dir='ltr'><strong>Spiritum</strong></span> <span class='ocrx_word' id='word_1_308' title='bbox 1225 2820 1289 2857; x_wconf 80' lang='lat' dir='ltr'><strong>ex</strong></span> <span class='ocrx_word' id='word_1_309' title='bbox 1340 2804 1494 2858; x_wconf 89' lang='lat' dir='ltr'><strong>Patre</strong></span> <span class='ocrx_word' id='word_1_310' title='bbox 1543 2819 1635 2873; x_wconf 88' lang='lat' dir='ltr'><strong>per</strong></span> <span class='ocrx_word' id='word_1_311' title='bbox 1670 2802 1863 2856; x_wconf 83' lang='lat' dir='ltr'><strong>Filium</strong></span> <span class='ocrx_word' id='word_1_312' title='bbox 1922 2800 2027 2853; x_wconf 88' lang='lat' dir='ltr'><strong>dici</strong></span> 
     </span>
    </p>
   </div>
   <div class='ocr_carea' id='block_1_43' title="bbox 465 2893 2031 2963">
    <p class='ocr_par' dir='ltr' id='par_1_43' title="bbox 465 2893 2031 2963">
     <span class='ocr_line' id='line_1_43' title="bbox 465 2893 2031 2963; baseline -0.003 -14"><span class='ocrx_word' id='word_1_313' title='bbox 465 2899 869 2960; x_wconf 82' lang='lat' dir='ltr'><strong>tantummodo,</strong></span> <span class='ocrx_word' id='word_1_314' title='bbox 932 2912 1038 2949; x_wconf 91' lang='lat' dir='ltr'><strong>non</strong></span> <span class='ocrx_word' id='word_1_315' title='bbox 1078 2906 1256 2948; x_wconf 89' lang='lat' dir='ltr'><strong>tamen</strong></span> <span class='ocrx_word' id='word_1_316' title='bbox 1295 2910 1410 2948; x_wconf 86' lang='lat' dir='ltr'><strong>esse</strong></span> <span class='ocrx_word' id='word_1_317' title='bbox 1447 2910 1509 2949; x_wconf 89' lang='lat' dir='ltr'><strong>ac</strong></span> <span class='ocrx_word' id='word_1_318' title='bbox 1541 2895 1852 2963; x_wconf 87' lang='lat' dir='ltr'><strong>procedere.</strong></span> <span class='ocrx_word' id='word_1_319' title='bbox 1886 2893 2031 2958; x_wconf 86' lang='lat' dir='ltr'><strong>Quo-</strong></span> 
     </span>
    </p>
   </div>
   <div class='ocr_carea' id='block_1_44' title="bbox 463 2986 2030 3054">
    <p class='ocr_par' dir='ltr' id='par_1_44' title="bbox 463 2986 2030 3054">
     <span class='ocr_line' id='line_1_44' title="bbox 463 2986 2030 3054; baseline 0 -15"><span class='ocrx_word' id='word_1_320' title='bbox 463 2986 621 3039; x_wconf 89' lang='lat' dir='ltr'><strong>niam</strong></span> <span class='ocrx_word' id='word_1_321' title='bbox 665 3001 793 3039; x_wconf 89' lang='lat' dir='ltr'><strong>vero</strong></span> <span class='ocrx_word' id='word_1_322' title='bbox 831 2987 880 3040; x_wconf 92' lang='lat' dir='ltr'><strong>id</strong></span> <span class='ocrx_word' id='word_1_323' title='bbox 932 3002 1039 3040; x_wconf 89' lang='lat' dir='ltr'><strong>non</strong></span> <span class='ocrx_word' id='word_1_324' title='bbox 1077 2987 1355 3050; x_wconf 80' lang='lat' dir='ltr'><strong>dixerunt,</strong></span> <span class='ocrx_word' id='word_1_325' title='bbox 1403 2987 1795 3054; x_wconf 84' lang='lat' dir='ltr'><strong>expositionem</strong></span> <span class='ocrx_word' id='word_1_326' title='bbox 1842 2986 2030 3053; x_wconf 86' lang='lat' dir='ltr'><strong>hujus-</strong></span> 
     </span>
    </p>
   </div>
   <div class='ocr_carea' id='block_1_45' title="bbox 2124 1899 3685 1970">
    <p class='ocr_par' dir='ltr' id='par_1_45' title="bbox 2124 1899 3685 1970">
     <span class='ocr_line' id='line_1_45' title="bbox 2124 1899 3685 1970; baseline 0.006 -22"><span class='ocrx_word' id='word_1_327' title='bbox 2124 1899 2286 1955; x_wconf 86' lang='lat' dir='ltr'><strong>niam.</strong></span> <span class='ocrx_word' id='word_1_328' title='bbox 2320 1911 2372 1950; x_wconf 85' lang='lat' dir='ltr'><strong>ut</strong></span> <span class='ocrx_word' id='word_1_329' title='bbox 2402 1902 2625 1970; x_wconf 67' lang='lat' dir='ltr'><strong>intelligi</strong></span> <span class='ocrx_word' id='word_1_330' title='bbox 2655 1905 2837 1964; x_wconf 82' lang='lat' dir='ltr'><strong>datur,</strong></span> <span class='ocrx_word' id='word_1_331' title='bbox 2874 1907 3204 1956; x_wconf 70' lang='lat' dir='ltr'><strong>decreverunt</strong></span> <span class='ocrx_word' id='word_1_332' title='bbox 3233 1908 3391 1957; x_wconf 78' lang='lat' dir='ltr'><strong>senth</strong></span> <span class='ocrx_word' id='word_1_333' title='bbox 3427 1923 3474 1969; x_wconf 76' lang='grc' dir='ltr'>(ιι</span> <span class='ocrx_word' id='word_1_334' title='bbox 3497 1918 3685 1957; x_wconf 69' lang='lat' dir='ltr'><strong>ostntat:</strong></span> 
     </span>
    </p>
   </div>
   <div class='ocr_carea' id='block_1_46' title="bbox 2122 1986 3687 2059">
    <p class='ocr_par' dir='ltr' id='par_1_46' title="bbox 2122 1986 3687 2059">
     <span class='ocr_line' id='line_1_46' title="bbox 2122 1986 3687 2059; baseline 0.006 -22"><span class='ocrx_word' id='word_1_335' title='bbox 2122 1986 2261 2053; x_wconf 73' lang='lat' dir='ltr'><strong>ﬁeri,</strong></span> <span class='ocrx_word' id='word_1_336' title='bbox 2322 1999 2838 2059; x_wconf 72' lang='lat' dir='ltr'><strong>transyressorcsqne</strong></span> <span class='ocrx_word' id='word_1_337' title='bbox 2894 1995 3148 2056; x_wconf 70' lang='lat' dir='ltr'><strong>veritatis,</strong></span> <span class='ocrx_word' id='word_1_338' title='bbox 3201 1994 3271 2045; x_wconf 88' lang='lat' dir='ltr'><strong>ila</strong></span> <span class='ocrx_word' id='word_1_339' title='bbox 3321 1996 3395 2046; x_wconf 85' lang='lat' dir='ltr'><strong>ait</strong></span> <span class='ocrx_word' id='word_1_340' title='bbox 3438 2011 3451 2046; x_wconf 88' lang='lat'><strong>:</strong></span> <span class='ocrx_word' id='word_1_341' title='bbox 3494 2013 3510 2044; x_wconf 76' lang='grc' dir='ltr'><strong>ι</strong></span> <span class='ocrx_word' id='word_1_342' title='bbox 3572 1995 3687 2047; x_wconf 71' lang='lat' dir='ltr'><strong>Non</strong></span> 
     </span>
    </p>
   </div>
   <div class='ocr_carea' id='block_1_47' title="bbox 2127 2077 3688 2151">
    <p class='ocr_par' dir='ltr' id='par_1_47' title="bbox 2127 2077 3688 2151">
     <span class='ocr_line' id='line_1_47' title="bbox 2127 2077 3688 2151; baseline 0.008 -24"><span class='ocrx_word' id='word_1_343' title='bbox 2127 2077 2360 2144; x_wconf 81' lang='lat' dir='ltr'><strong>spiritus</strong></span> <span class='ocrx_word' id='word_1_344' title='bbox 2405 2078 2633 2133; x_wconf 75' lang='lat' dir='ltr'><strong>Verbum</strong></span> <span class='ocrx_word' id='word_1_345' title='bbox 2664 2082 2946 2151; x_wconf 84' lang='lat' dir='ltr'><strong>conjungit</strong></span> <span class='ocrx_word' id='word_1_346' title='bbox 2994 2082 3160 2144; x_wconf 82' lang='lat' dir='ltr'><strong>Patri,</strong></span> <span class='ocrx_word' id='word_1_347' title='bbox 3194 2084 3284 2135; x_wconf 74' lang='lat' dir='ltr'><strong>sed</strong></span> <span class='ocrx_word' id='word_1_348' title='bbox 3314 2086 3414 2136; x_wconf 88' lang='lat' dir='ltr'><strong>hoc</strong></span> <span class='ocrx_word' id='word_1_349' title='bbox 3456 2102 3480 2135; x_wconf 85' lang='lat' dir='ltr'><strong>:i</strong></span> <span class='ocrx_word' id='word_1_350' title='bbox 3516 2086 3688 2139; x_wconf 81' lang='lat' dir='ltr'><strong>Verbo</strong></span> 
     </span>
    </p>
   </div>
   <div class='ocr_carea' id='block_1_48' title="bbox 2127 2171 3688 2243">
    <p class='ocr_par' dir='ltr' id='par_1_48' title="bbox 2127 2171 3688 2243">
     <span class='ocr_line' id='line_1_48' title="bbox 2127 2171 3688 2243; baseline 0.008 -24"><span class='ocrx_word' id='word_1_351' title='bbox 2127 2171 2308 2235; x_wconf 82' lang='lat' dir='ltr'><strong>potius</strong></span> <span class='ocrx_word' id='word_1_352' title='bbox 2342 2172 2538 2237; x_wconf 87' lang='lat' dir='ltr'><strong>accipit</strong></span> <span class='ocrx_word' id='word_1_353' title='bbox 2590 2173 2851 2241; x_wconf 85' lang='lat' dir='ltr'><strong>Spiritus.</strong></span> <span class='ocrx_word' id='word_1_354' title='bbox 2910 2194 2927 2224; x_wconf 79' lang='grc' dir='ltr'><strong>ι</strong></span> <span class='ocrx_word' id='word_1_355' title='bbox 2984 2174 3045 2226; x_wconf 84' lang='grc' dir='ltr'>Ει</span> <span class='ocrx_word' id='word_1_356' title='bbox 3080 2186 3198 2243; x_wconf 77' lang='lat' dir='ltr'><strong>post</strong></span> <span class='ocrx_word' id='word_1_357' title='bbox 3233 2192 3447 2242; x_wconf 82' lang='lat' dir='ltr'><strong>pauca:</strong></span> <span class='ocrx_word' id='word_1_358' title='bbox 3491 2195 3509 2226; x_wconf 77' lang='grc' dir='ltr'><strong>ι</strong></span> <span class='ocrx_word' id='word_1_359' title='bbox 3553 2179 3688 2242; x_wconf 74' lang='lat' dir='ltr'><strong>Quia</strong></span> 
     </span>
    </p>
   </div>
   <div class='ocr_carea' id='block_1_49' title="bbox 2124 2259 3693 2333">
    <p class='ocr_par' dir='ltr' id='par_1_49' title="bbox 2124 2259 3693 2333">
     <span class='ocr_line' id='line_1_49' title="bbox 2124 2259 3693 2333; baseline 0.009 -24"><span class='ocrx_word' id='word_1_360' title='bbox 2124 2259 2270 2310; x_wconf 89' lang='lat' dir='ltr'><strong>enim</strong></span> <span class='ocrx_word' id='word_1_361' title='bbox 2326 2260 2559 2314; x_wconf 88' lang='lat' dir='ltr'><strong>Verbum</strong></span> <span class='ocrx_word' id='word_1_362' title='bbox 2614 2264 2665 2315; x_wconf 87' lang='lat' dir='ltr'><strong>in</strong></span> <span class='ocrx_word' id='word_1_363' title='bbox 2710 2262 2871 2316; x_wconf 83' lang='lat' dir='ltr'><strong>Patre</strong></span> <span class='ocrx_word' id='word_1_364' title='bbox 2936 2274 3040 2325; x_wconf 82' lang='lat' dir='ltr'><strong>est,</strong></span> <span class='ocrx_word' id='word_1_365' title='bbox 3114 2268 3349 2333; x_wconf 72' lang='lat' dir='ltr'><strong>Spiritus</strong></span> <span class='ocrx_word' id='word_1_366' title='bbox 3399 2277 3575 2320; x_wconf 82' lang='lat' dir='ltr'><strong>autem</strong></span> <span class='ocrx_word' id='word_1_367' title='bbox 3627 2286 3693 2323; x_wconf 64' lang='lat' dir='ltr'><strong>ex</strong></span> 
     </span>
    </p>
   </div>
   <div class='ocr_carea' id='block_1_50' title="bbox 2130 2347 3692 2425">
    <p class='ocr_par' dir='ltr' id='par_1_50' title="bbox 2130 2347 3692 2425">
     <span class='ocr_line' id='line_1_50' title="bbox 2130 2347 3692 2425; baseline 0.007 -25"><span class='ocrx_word' id='word_1_368' title='bbox 2130 2347 2304 2403; x_wconf 69' lang='lat' dir='ltr'><strong>Verbo</strong></span> <span class='ocrx_word' id='word_1_369' title='bbox 2340 2354 2522 2417; x_wconf 81' lang='lat' dir='ltr'><strong>datur,</strong></span> <span class='ocrx_word' id='word_1_370' title='bbox 2563 2355 2682 2406; x_wconf 84' lang='lat' dir='ltr'><strong>ideo</strong></span> <span class='ocrx_word' id='word_1_371' title='bbox 2716 2372 2815 2407; x_wconf 87' lang='lat' dir='ltr'><strong>nos</strong></span> <span class='ocrx_word' id='word_1_372' title='bbox 2850 2357 2958 2407; x_wconf 72' lang='lat' dir='ltr'><strong>vult</strong></span> <span class='ocrx_word' id='word_1_373' title='bbox 2992 2358 3237 2423; x_wconf 81' lang='lat' dir='ltr'><strong>accipere</strong></span> <span class='ocrx_word' id='word_1_374' title='bbox 3275 2358 3556 2425; x_wconf 83' lang='lat' dir='ltr'><strong>Spiritum,</strong></span> <span class='ocrx_word' id='word_1_375' title='bbox 3617 2375 3692 2425; x_wconf 85' lang='lat' dir='ltr'><strong>ut,</strong></span> 
     </span>
    </p>
   </div>
   <div class='ocr_carea' id='block_1_51' title="bbox 2128 2443 3694 2520">
    <p class='ocr_par' dir='ltr' id='par_1_51' title="bbox 2128 2443 3694 2520">
     <span class='ocr_line' id='line_1_51' title="bbox 2128 2443 3694 2520; baseline 0.009 -28"><span class='ocrx_word' id='word_1_376' title='bbox 2128 2454 2251 2492; x_wconf 91' lang='lat' dir='ltr'><strong>cum</strong></span> <span class='ocrx_word' id='word_1_377' title='bbox 2293 2443 2440 2495; x_wconf 89' lang='lat' dir='ltr'><strong>illum</strong></span> <span class='ocrx_word' id='word_1_378' title='bbox 2487 2447 2885 2513; x_wconf 84' lang='lat' dir='ltr'><strong>acceperimus,</strong></span> <span class='ocrx_word' id='word_1_379' title='bbox 2925 2457 3051 2500; x_wconf 83' lang='lat' dir='ltr'><strong>tunc</strong></span> <span class='ocrx_word' id='word_1_380' title='bbox 3080 2450 3345 2504; x_wconf 81' lang='lat' dir='ltr'><strong>habentes</strong></span> <span class='ocrx_word' id='word_1_381' title='bbox 3385 2453 3539 2505; x_wconf 52' lang='lat' dir='ltr'><strong>Verbi</strong></span> <span class='ocrx_word' id='word_1_382' title='bbox 3571 2454 3694 2520; x_wconf 62' lang='grc' dir='ltr'><strong>8ιὶ-</strong></span> 
     </span>
    </p>
   </div>
   <div class='ocr_carea' id='block_1_52' title="bbox 2132 2523 3699 2602">
    <p class='ocr_par' dir='ltr' id='par_1_52' title="bbox 2132 2523 3699 2602">
     <span class='ocr_line' id='line_1_52' title="bbox 2132 2523 3699 2602; baseline 0.008 -17"><span class='ocrx_word' id='word_1_383' title='bbox 2132 2534 2320 2596; x_wconf 87' lang='lat' dir='ltr'><strong>ritum,</strong></span> <span class='ocrx_word' id='word_1_384' title='bbox 2356 2537 2497 2602; x_wconf 90' lang='lat' dir='ltr'><strong>quod</strong></span> <span class='ocrx_word' id='word_1_385' title='bbox 2532 2538 2684 2589; x_wconf 82' lang='lat' dir='ltr'><strong>estin</strong></span> <span class='ocrx_word' id='word_1_386' title='bbox 2719 2523 2895 2601; x_wconf 85' lang='lat' dir='ltr'><strong>Patre,</strong></span> <span class='ocrx_word' id='word_1_387' title='bbox 2915 2551 2967 2591; x_wconf 88' lang='lat' dir='ltr'><strong>et</strong></span> <span class='ocrx_word' id='word_1_388' title='bbox 3001 2556 3097 2592; x_wconf 83' lang='lat' dir='ltr'><strong>nos</strong></span> <span class='ocrx_word' id='word_1_389' title='bbox 3120 2558 3282 2593; x_wconf 90' lang='lat' dir='ltr'><strong>unum</strong></span> <span class='ocrx_word' id='word_1_390' title='bbox 3305 2543 3417 2595; x_wconf 72' lang='lat' dir='ltr'><strong>lii-ri</strong></span> <span class='ocrx_word' id='word_1_391' title='bbox 3450 2545 3497 2595; x_wconf 91' lang='lat' dir='ltr'><strong>in</strong></span> <span class='ocrx_word' id='word_1_392' title='bbox 3531 2546 3699 2597; x_wconf 70' lang='lat' dir='ltr'><strong>Verbo</strong></span> 
     </span>
    </p>
   </div>
   <div class='ocr_carea' id='block_1_53' title="bbox 2131 2624 3704 2699">
    <p class='ocr_par' dir='ltr' id='par_1_53' title="bbox 2131 2624 3704 2699">
     <span class='ocr_line' id='line_1_53' title="bbox 2131 2624 3704 2699; baseline 0.01 -25"><span class='ocrx_word' id='word_1_393' title='bbox 2131 2634 2351 2690; x_wconf 68' lang='lat' dir='ltr'><strong>propter</strong></span> <span class='ocrx_word' id='word_1_394' title='bbox 2424 2624 2724 2692; x_wconf 84' lang='lat' dir='ltr'><strong>Spiritum,</strong></span> <span class='ocrx_word' id='word_1_395' title='bbox 2784 2644 2845 2681; x_wconf 85' lang='lat' dir='ltr'><strong>ac</strong></span> <span class='ocrx_word' id='word_1_396' title='bbox 2907 2645 3001 2697; x_wconf 89' lang='lat' dir='ltr'><strong>per</strong></span> <span class='ocrx_word' id='word_1_397' title='bbox 3070 2632 3243 2699; x_wconf 84' lang='lat' dir='ltr'><strong>ipsum</strong></span> <span class='ocrx_word' id='word_1_398' title='bbox 3301 2634 3352 2684; x_wconf 92' lang='lat' dir='ltr'><strong>in</strong></span> <span class='ocrx_word' id='word_1_399' title='bbox 3412 2633 3569 2688; x_wconf 86' lang='lat' dir='ltr'><strong>l&#39;atre</strong></span> <span class='ocrx_word' id='word_1_400' title='bbox 3629 2636 3704 2689; x_wconf 71' lang='lat' dir='ltr'><strong>ri-</strong></span> 
     </span>
    </p>
   </div>
   <div class='ocr_carea' id='block_1_54' title="bbox 2129 2714 2425 2768">
    <p class='ocr_par' dir='ltr' id='par_1_54' title="bbox 2129 2714 2425 2768">
     <span class='ocr_line' id='line_1_54' title="bbox 2129 2714 2425 2768; baseline -0.007 0"><span class='ocrx_word' id='word_1_401' title='bbox 2129 2714 2371 2768; x_wconf 86' lang='lat' dir='ltr'><strong>deamur.</strong></span> <span class='ocrx_word' id='word_1_402' title='bbox 2385 2736 2395 2749; x_wconf 89' lang='grc'><strong>·</strong></span> <span class='ocrx_word' id='word_1_403' title='bbox 2409 2735 2425 2765; x_wconf 79' lang='grc' dir='ltr'><strong>ι</strong></span> 
     </span>
    </p>
   </div>
   <div class='ocr_carea' id='block_1_55' title="bbox 2205 2804 3703 2879">
    <p class='ocr_par' dir='ltr' id='par_1_55' title="bbox 2205 2804 3703 2879">
     <span class='ocr_line' id='line_1_55' title="bbox 2205 2804 3703 2879; baseline 0.008 -23"><span class='ocrx_word' id='word_1_404' title='bbox 2205 2804 2351 2857; x_wconf 85' lang='lat' dir='ltr'><strong>ldem</strong></span> <span class='ocrx_word' id='word_1_405' title='bbox 2383 2806 2433 2858; x_wconf 93' lang='lat' dir='ltr'><strong>iu</strong></span> <span class='ocrx_word' id='word_1_406' title='bbox 2490 2808 2718 2875; x_wconf 74' lang='lat' dir='ltr'><strong>epistola</strong></span> <span class='ocrx_word' id='word_1_407' title='bbox 2749 2809 2812 2861; x_wconf 85' lang='lat' dir='ltr'><strong>ad</strong></span> <span class='ocrx_word' id='word_1_408' title='bbox 2861 2809 3211 2878; x_wconf 84' lang='lat' dir='ltr'><strong>Serapionem</strong></span> <span class='ocrx_word' id='word_1_409' title='bbox 3247 2812 3312 2864; x_wconf 89' lang='lat' dir='ltr'><strong>de</strong></span> <span class='ocrx_word' id='word_1_410' title='bbox 3342 2823 3528 2865; x_wconf 74' lang='lat' dir='ltr'><strong>sancto</strong></span> <span class='ocrx_word' id='word_1_411' title='bbox 3574 2816 3703 2879; x_wconf 72' lang='lat' dir='ltr'><strong>Spi-</strong></span> 
     </span>
    </p>
   </div>
   <div class='ocr_carea' id='block_1_56' title="bbox 2135 2894 3708 2970">
    <p class='ocr_par' dir='ltr' id='par_1_56' title="bbox 2135 2894 3708 2970">
     <span class='ocr_line' id='line_1_56' title="bbox 2135 2894 3708 2970; baseline 0.008 -24"><span class='ocrx_word' id='word_1_412' title='bbox 2135 2894 2260 2958; x_wconf 88' lang='lat' dir='ltr'><strong>ritu,</strong></span> <span class='ocrx_word' id='word_1_413' title='bbox 2292 2911 2410 2964; x_wconf 65' lang='lat' dir='ltr'><strong>qurc</strong></span> <span class='ocrx_word' id='word_1_414' title='bbox 2447 2897 2633 2965; x_wconf 87' lang='lat' dir='ltr'><strong>incipit</strong></span> <span class='ocrx_word' id='word_1_415' title='bbox 2666 2916 2680 2953; x_wconf 89' lang='lat'><strong>:</strong></span> <span class='ocrx_word' id='word_1_416' title='bbox 2718 2899 2931 2953; x_wconf 74' lang='lat' dir='ltr'><strong>Littera:</strong></span> <span class='ocrx_word' id='word_1_417' title='bbox 2982 2905 3122 2953; x_wconf 80' lang='lat' dir='ltr'><strong>sacri</strong></span> <span class='ocrx_word' id='word_1_418' title='bbox 3158 2906 3211 2954; x_wconf 87' lang='lat' dir='ltr'><strong>in</strong></span> <span class='ocrx_word' id='word_1_419' title='bbox 3242 2920 3331 2954; x_wconf 81' lang='lat' dir='ltr'><strong>nos</strong></span> <span class='ocrx_word' id='word_1_420' title='bbox 3362 2906 3449 2970; x_wconf 65' lang='grc' dir='ltr'><em>σίγα</em></span> <span class='ocrx_word' id='word_1_421' title='bbox 3469 2919 3581 2957; x_wconf 78' lang='lat' dir='ltr'><strong>ctus</strong></span> <span class='ocrx_word' id='word_1_422' title='bbox 3631 2909 3708 2959; x_wconf 84' lang='lat' dir='ltr'><strong>iui</strong></span> 
     </span>
    </p>
   </div>
   <div class='ocr_carea' id='block_1_57' title="bbox 2132 2984 3713 3061">
    <p class='ocr_par' dir='ltr' id='par_1_57' title="bbox 2132 2984 3713 3061">
     <span class='ocr_line' id='line_1_57' title="bbox 2132 2984 3713 3061; baseline 0.004 -28"><span class='ocrx_word' id='word_1_423' title='bbox 2132 2984 2260 3035; x_wconf 82' lang='lat' dir='ltr'><strong>milii</strong></span> <span class='ocrx_word' id='word_1_424' title='bbox 2283 2985 2333 3035; x_wconf 85' lang='lat' dir='ltr'><strong>in</strong></span> <span class='ocrx_word' id='word_1_425' title='bbox 2371 3002 2539 3038; x_wconf 81' lang='lat' dir='ltr'><strong>eremo</strong></span> <span class='ocrx_word' id='word_1_426' title='bbox 2566 2989 2783 3041; x_wconf 79' lang='lat' dir='ltr'><strong>reddita:</strong></span> <span class='ocrx_word' id='word_1_427' title='bbox 2811 3000 2952 3051; x_wconf 80' lang='lat' dir='ltr'><strong>sunt,</strong></span> <span class='ocrx_word' id='word_1_428' title='bbox 2975 2992 3046 3043; x_wconf 83' lang='lat' dir='ltr'><strong>ita</strong></span> <span class='ocrx_word' id='word_1_429' title='bbox 3073 2993 3147 3042; x_wconf 86' lang='lat' dir='ltr'><strong>ait</strong></span> <span class='ocrx_word' id='word_1_430' title='bbox 3176 3009 3189 3043; x_wconf 89' lang='lat'><strong>:</strong></span> <span class='ocrx_word' id='word_1_431' title='bbox 3224 3009 3241 3039; x_wconf 74' lang='grc' dir='ltr'><strong>ι</strong></span> <span class='ocrx_word' id='word_1_432' title='bbox 3276 2992 3551 3058; x_wconf 80' lang='lat' dir='ltr'><strong>Ignorant,</strong></span> <span class='ocrx_word' id='word_1_433' title='bbox 3578 3012 3713 3061; x_wconf 87' lang='lat' dir='ltr'><strong>quo-</strong></span> 
     </span>
    </p>
   </div>
   <div class='ocr_carea' id='block_1_58' title="bbox 464 3072 3713 3170">
    <p class='ocr_par' dir='ltr' id='par_1_58' title="bbox 464 3072 3713 3170">
     <span class='ocr_line' id='line_1_58' title="bbox 464 3072 3713 3170; baseline 0.003 -41"><span class='ocrx_word' id='word_1_434' title='bbox 464 3076 616 3129; x_wconf 82' lang='lat' dir='ltr'><strong>modi</strong></span> <span class='ocrx_word' id='word_1_435' title='bbox 669 3076 892 3130; x_wconf 90' lang='lat' dir='ltr'><strong>omnino</strong></span> <span class='ocrx_word' id='word_1_436' title='bbox 948 3076 1189 3129; x_wconf 88' lang='lat' dir='ltr'><strong>tenuisse</strong></span> <span class='ocrx_word' id='word_1_437' title='bbox 1241 3076 1685 3143; x_wconf 89' lang='lat' dir='ltr'><strong>cornprobautur.</strong></span> <span class='ocrx_word' id='word_1_438' title='bbox 1730 3075 1930 3143; x_wconf 86' lang='lat' dir='ltr'><strong>Nempe</strong></span> <span class='ocrx_word' id='word_1_439' title='bbox 1979 3082 2031 3124; x_wconf 89' lang='lat' dir='ltr'><strong>et</strong></span> <span class='ocrx_word' id='word_1_440' title='bbox 2068 3113 2110 3170; x_wconf 60' lang='grc' dir='ltr'>α</span> <span class='ocrx_word' id='word_1_441' title='bbox 2145 3072 2288 3123; x_wconf 87' lang='lat' dir='ltr'><strong>niam</strong></span> <span class='ocrx_word' id='word_1_442' title='bbox 2340 3084 2395 3125; x_wconf 90' lang='lat' dir='ltr'><strong>ut</strong></span> <span class='ocrx_word' id='word_1_443' title='bbox 2443 3075 2535 3142; x_wconf 86' lang='lat' dir='ltr'><strong>qui</strong></span> <span class='ocrx_word' id='word_1_444' title='bbox 2580 3077 2825 3129; x_wconf 85' lang='lat' dir='ltr'><strong>dividunt</strong></span> <span class='ocrx_word' id='word_1_445' title='bbox 2869 3093 2898 3130; x_wconf 90' lang='lat' dir='ltr'><strong>a</strong></span> <span class='ocrx_word' id='word_1_446' title='bbox 2939 3077 3100 3131; x_wconf 84' lang='lat' dir='ltr'><strong>Patre</strong></span> <span class='ocrx_word' id='word_1_447' title='bbox 3138 3078 3356 3143; x_wconf 80' lang='lat' dir='ltr'><strong>Filium,</strong></span> <span class='ocrx_word' id='word_1_448' title='bbox 3391 3098 3556 3133; x_wconf 90' lang='lat' dir='ltr'><strong>unum</strong></span> <span class='ocrx_word' id='word_1_449' title='bbox 3591 3101 3713 3138; x_wconf 78' lang='lat' dir='ltr'><strong>esse</strong></span> 
     </span>
    </p>
   </div>
   <div class='ocr_carea' id='block_1_59' title="bbox 465 3162 2039 3233">
    <p class='ocr_par' dir='ltr' id='par_1_59' title="bbox 465 3162 2039 3233">
     <span class='ocr_line' id='line_1_59' title="bbox 465 3162 2039 3233; baseline 0 -16"><span class='ocrx_word' id='word_1_450' title='bbox 465 3162 838 3218; x_wconf 81' lang='lat' dir='ltr'><strong>Damascenus</strong></span> <span class='ocrx_word' id='word_1_451' title='bbox 856 3165 919 3217; x_wconf 92' lang='lat' dir='ltr'><strong>de</strong></span> <span class='ocrx_word' id='word_1_452' title='bbox 937 3164 1098 3218; x_wconf 81' lang='lat' dir='ltr'><strong>Patre</strong></span> <span class='ocrx_word' id='word_1_453' title='bbox 1129 3166 1204 3218; x_wconf 89' lang='lat' dir='ltr'><strong>ait</strong></span> <span class='ocrx_word' id='word_1_454' title='bbox 1222 3162 1358 3233; x_wconf 74' lang='lat'><strong>(16):</strong></span> <span class='ocrx_word' id='word_1_455' title='bbox 1386 3183 1402 3214; x_wconf 78' lang='grc' dir='ltr'><strong>ι</strong></span> <span class='ocrx_word' id='word_1_456' title='bbox 1424 3162 1540 3233; x_wconf 89' lang='lat' dir='ltr'><strong>Ipse</strong></span> <span class='ocrx_word' id='word_1_457' title='bbox 1555 3165 1767 3233; x_wconf 89' lang='lat' dir='ltr'><strong>quidem</strong></span> <span class='ocrx_word' id='word_1_458' title='bbox 1785 3174 1865 3218; x_wconf 88' lang='lat' dir='ltr'><strong>est</strong></span> <span class='ocrx_word' id='word_1_459' title='bbox 1889 3180 2039 3217; x_wconf 89' lang='lat' dir='ltr'><strong>meus</strong></span> 
     </span>
    </p>
   </div>
   <div class='ocr_carea' id='block_1_60' title="bbox 466 3252 2039 3323">
    <p class='ocr_par' dir='ltr' id='par_1_60' title="bbox 466 3252 2039 3323">
     <span class='ocr_line' id='line_1_60' title="bbox 466 3252 2039 3323; baseline -0.001 -16"><span class='ocrx_word' id='word_1_460' title='bbox 466 3255 621 3308; x_wconf 88' lang='lat' dir='ltr'><strong>verbi</strong></span> <span class='ocrx_word' id='word_1_461' title='bbox 667 3254 919 3322; x_wconf 78' lang='lat' dir='ltr'><strong>abyssus,</strong></span> <span class='ocrx_word' id='word_1_462' title='bbox 957 3254 1105 3306; x_wconf 82' lang='lat' dir='ltr'><strong>verbi</strong></span> <span class='ocrx_word' id='word_1_463' title='bbox 1159 3255 1390 3323; x_wconf 78' lang='lat' dir='ltr'><strong>genitor,</strong></span> <span class='ocrx_word' id='word_1_464' title='bbox 1426 3264 1480 3307; x_wconf 91' lang='lat' dir='ltr'><strong>et</strong></span> <span class='ocrx_word' id='word_1_465' title='bbox 1512 3269 1608 3323; x_wconf 91' lang='lat' dir='ltr'><strong>per</strong></span> <span class='ocrx_word' id='word_1_466' title='bbox 1640 3254 1866 3307; x_wconf 82' lang='lat' dir='ltr'><strong>verbum</strong></span> <span class='ocrx_word' id='word_1_467' title='bbox 1915 3252 2039 3321; x_wconf 82' lang='lat' dir='ltr'><strong>Spi-</strong></span> 
     </span>
    </p>
   </div>
   <div class='ocr_carea' id='block_1_61' title="bbox 466 3346 2045 3417">
    <p class='ocr_par' dir='ltr' id='par_1_61' title="bbox 466 3346 2045 3417">
     <span class='ocr_line' id='line_1_61' title="bbox 466 3346 2045 3417; baseline 0.001 -16"><span class='ocrx_word' id='word_1_468' title='bbox 466 3350 611 3401; x_wconf 83' lang='lat' dir='ltr'><strong>ritus</strong></span> <span class='ocrx_word' id='word_1_469' title='bbox 661 3347 973 3416; x_wconf 88' lang='lat' dir='ltr'><strong>produetor.</strong></span> <span class='ocrx_word' id='word_1_470' title='bbox 1018 3366 1037 3399; x_wconf 81' lang='grc' dir='ltr'><strong>ι</strong></span> <span class='ocrx_word' id='word_1_471' title='bbox 1096 3346 1285 3402; x_wconf 86' lang='lat' dir='ltr'><strong>Dicere</strong></span> <span class='ocrx_word' id='word_1_472' title='bbox 1337 3348 1501 3417; x_wconf 76' lang='lat' dir='ltr'><strong>igitur</strong></span> <span class='ocrx_word' id='word_1_473' title='bbox 1552 3348 1847 3401; x_wconf 88' lang='lat' dir='ltr'><strong>secundum</strong></span> <span class='ocrx_word' id='word_1_474' title='bbox 1910 3349 2045 3402; x_wconf 87' lang='lat' dir='ltr'><strong>istos</strong></span> 
     </span>
    </p>
   </div>
   <div class='ocr_carea' id='block_1_62' title="bbox 467 3440 2044 3509">
    <p class='ocr_par' dir='ltr' id='par_1_62' title="bbox 467 3440 2044 3509">
     <span class='ocr_line' id='line_1_62' title="bbox 467 3440 2044 3509; baseline -0.001 -14"><span class='ocrx_word' id='word_1_475' title='bbox 467 3440 757 3502; x_wconf 83' lang='lat' dir='ltr'><strong>debuerat.</strong></span> <span class='ocrx_word' id='word_1_476' title='bbox 792 3443 941 3495; x_wconf 83' lang='lat' dir='ltr'><strong>verbi</strong></span> <span class='ocrx_word' id='word_1_477' title='bbox 987 3451 1407 3506; x_wconf 88' lang='lat' dir='ltr'><strong>commentator,</strong></span> <span class='ocrx_word' id='word_1_478' title='bbox 1439 3442 1602 3495; x_wconf 83' lang='lat' dir='ltr'><strong>tacito</strong></span> <span class='ocrx_word' id='word_1_479' title='bbox 1643 3443 1894 3509; x_wconf 79' lang='lat' dir='ltr'><strong>genitoris</strong></span> <span class='ocrx_word' id='word_1_480' title='bbox 1944 3458 2044 3494; x_wconf 84' lang='lat' dir='ltr'><strong>no-</strong></span> 
     </span>
    </p>
   </div>
   <div class='ocr_carea' id='block_1_63' title="bbox 472 3529 2044 3594">
    <p class='ocr_par' dir='ltr' id='par_1_63' title="bbox 472 3529 2044 3594">
     <span class='ocr_line' id='line_1_63' title="bbox 472 3529 2044 3594; baseline 0.001 -11"><span class='ocrx_word' id='word_1_481' title='bbox 472 3532 641 3583; x_wconf 90' lang='lat' dir='ltr'><strong>mine.</strong></span> <span class='ocrx_word' id='word_1_482' title='bbox 680 3529 915 3585; x_wconf 85' lang='lat' dir='ltr'><strong>Verbum</strong></span> <span class='ocrx_word' id='word_1_483' title='bbox 963 3534 1109 3586; x_wconf 89' lang='lat' dir='ltr'><strong>enim</strong></span> <span class='ocrx_word' id='word_1_484' title='bbox 1142 3533 1205 3585; x_wconf 87' lang='lat' dir='ltr'><strong>ad</strong></span> <span class='ocrx_word' id='word_1_485' title='bbox 1260 3541 1493 3586; x_wconf 82' lang='lat' dir='ltr'><strong>tuentem</strong></span> <span class='ocrx_word' id='word_1_486' title='bbox 1529 3533 1786 3594; x_wconf 78' lang='lat' dir='ltr'><strong>refertur.</strong></span> <span class='ocrx_word' id='word_1_487' title='bbox 1821 3548 1928 3586; x_wconf 92' lang='lat' dir='ltr'><strong>non</strong></span> <span class='ocrx_word' id='word_1_488' title='bbox 1977 3531 2044 3585; x_wconf 80' lang='lat' dir='ltr'><strong>ad</strong></span> 
     </span>
    </p>
   </div>
   <div class='ocr_carea' id='block_1_64' title="bbox 472 3622 2048 3693">
    <p class='ocr_par' dir='ltr' id='par_1_64' title="bbox 472 3622 2048 3693">
     <span class='ocr_line' id='line_1_64' title="bbox 472 3622 2048 3693; baseline 0.003 -23"><span class='ocrx_word' id='word_1_489' title='bbox 472 3623 797 3691; x_wconf 80' lang='lat' dir='ltr'><strong>genitorem.</strong></span> <span class='ocrx_word' id='word_1_490' title='bbox 831 3622 1127 3692; x_wconf 87' lang='lat' dir='ltr'><strong>Oportebat</strong></span> <span class='ocrx_word' id='word_1_491' title='bbox 1173 3624 1321 3688; x_wconf 90' lang='lat' dir='ltr'><strong>item,</strong></span> <span class='ocrx_word' id='word_1_492' title='bbox 1351 3639 1474 3677; x_wconf 89' lang='lat' dir='ltr'><strong>eum</strong></span> <span class='ocrx_word' id='word_1_493' title='bbox 1518 3626 1895 3693; x_wconf 84' lang='lat' dir='ltr'><strong>prodoctorem</strong></span> <span class='ocrx_word' id='word_1_494' title='bbox 1928 3626 2048 3693; x_wconf 87' lang='lat' dir='ltr'><strong>Spi-</strong></span> 
     </span>
    </p>
   </div>
   <div class='ocr_carea' id='block_1_65' title="bbox 474 3713 2044 3785">
    <p class='ocr_par' dir='ltr' id='par_1_65' title="bbox 474 3713 2044 3785">
     <span class='ocr_line' id='line_1_65' title="bbox 474 3713 2044 3785; baseline 0.003 -21"><span class='ocrx_word' id='word_1_495' title='bbox 474 3713 612 3765; x_wconf 92' lang='lat' dir='ltr'><strong>ritus</strong></span> <span class='ocrx_word' id='word_1_496' title='bbox 659 3729 753 3782; x_wconf 90' lang='lat' dir='ltr'><strong>per</strong></span> <span class='ocrx_word' id='word_1_497' title='bbox 805 3728 863 3766; x_wconf 88' lang='lat' dir='ltr'><strong>se</strong></span> <span class='ocrx_word' id='word_1_498' title='bbox 917 3716 1093 3767; x_wconf 92' lang='lat' dir='ltr'><strong>solum</strong></span> <span class='ocrx_word' id='word_1_499' title='bbox 1126 3716 1327 3781; x_wconf 86' lang='lat' dir='ltr'><strong>dicere,</strong></span> <span class='ocrx_word' id='word_1_500' title='bbox 1385 3731 1716 3785; x_wconf 85' lang='lat' dir='ltr'><strong>suppresso,</strong></span> <span class='ocrx_word' id='word_1_501' title='bbox 1753 3718 1894 3784; x_wconf 87' lang='lat' dir='ltr'><strong>quod</strong></span> <span class='ocrx_word' id='word_1_502' title='bbox 1951 3718 2044 3780; x_wconf 87' lang='lat' dir='ltr'><strong>ait,</strong></span> 
     </span>
    </p>
   </div>
   <div class='ocr_carea' id='block_1_66' title="bbox 480 3802 2045 3876">
    <p class='ocr_par' dir='ltr' id='par_1_66' title="bbox 480 3802 2045 3876">
     <span class='ocr_line' id='line_1_66' title="bbox 480 3802 2045 3876; baseline 0.002 -22"><span class='ocrx_word' id='word_1_503' title='bbox 480 3821 501 3854; x_wconf 75' lang='grc' dir='ltr'><strong>ι</strong></span> <span class='ocrx_word' id='word_1_504' title='bbox 544 3802 647 3857; x_wconf 85' lang='lat' dir='ltr'><strong>Per</strong></span> <span class='ocrx_word' id='word_1_505' title='bbox 679 3807 927 3860; x_wconf 72' lang='lat' dir='ltr'><strong>verbum.</strong></span> <span class='ocrx_word' id='word_1_506' title='bbox 971 3826 989 3857; x_wconf 78' lang='grc' dir='ltr'><strong>ι</strong></span> <span class='ocrx_word' id='word_1_507' title='bbox 1030 3805 1271 3875; x_wconf 84' lang='lat' dir='ltr'><strong>Spiritus</strong></span> <span class='ocrx_word' id='word_1_508' title='bbox 1302 3808 1501 3875; x_wconf 86' lang='lat' dir='ltr'><strong>quippe</strong></span> <span class='ocrx_word' id='word_1_509' title='bbox 1548 3808 1613 3861; x_wconf 88' lang='lat' dir='ltr'><strong>ad</strong></span> <span class='ocrx_word' id='word_1_510' title='bbox 1664 3811 2045 3876; x_wconf 87' lang='lat' dir='ltr'><strong>productorem</strong></span> 
     </span>
    </p>
   </div>
   <div class='ocr_carea' id='block_1_67' title="bbox 475 3897 2050 3974">
    <p class='ocr_par' dir='ltr' id='par_1_67' title="bbox 475 3897 2050 3974">
     <span class='ocr_line' id='line_1_67' title="bbox 475 3897 2050 3974; baseline 0.002 -26"><span class='ocrx_word' id='word_1_511' title='bbox 475 3897 729 3953; x_wconf 83' lang='lat' dir='ltr'><strong>refertur.</strong></span> <span class='ocrx_word' id='word_1_512' title='bbox 759 3898 913 3954; x_wconf 86' lang='lat' dir='ltr'><strong>Nune</strong></span> <span class='ocrx_word' id='word_1_513' title='bbox 945 3916 1090 3963; x_wconf 82' lang='lat' dir='ltr'><strong>vero,</strong></span> <span class='ocrx_word' id='word_1_514' title='bbox 1126 3902 1344 3970; x_wconf 90' lang='lat' dir='ltr'><strong>quando</strong></span> <span class='ocrx_word' id='word_1_515' title='bbox 1373 3902 1749 3974; x_wconf 82' lang='lat' dir='ltr'><strong>productorem</strong></span> <span class='ocrx_word' id='word_1_516' title='bbox 1794 3916 1885 3967; x_wconf 88' lang='lat' dir='ltr'><strong>per</strong></span> <span class='ocrx_word' id='word_1_517' title='bbox 1916 3915 2050 3965; x_wconf 54' lang='grc' dir='ltr'><strong>,ιρι--</strong></span> 
     </span>
    </p>
   </div>
   <div class='ocr_carea' id='block_1_68' title="bbox 475 3989 2049 4059">
    <p class='ocr_par' dir='ltr' id='par_1_68' title="bbox 475 3989 2049 4059">
     <span class='ocr_line' id='line_1_68' title="bbox 475 3989 2049 4059; baseline 0.001 -17"><span class='ocrx_word' id='word_1_518' title='bbox 475 3989 629 4050; x_wconf 85' lang='lat' dir='ltr'><strong>bum,</strong></span> <span class='ocrx_word' id='word_1_519' title='bbox 653 3992 727 4043; x_wconf 87' lang='lat' dir='ltr'><strong>ait</strong></span> <span class='ocrx_word' id='word_1_520' title='bbox 766 4008 778 4044; x_wconf 93' lang='lat'><strong>:</strong></span> <span class='ocrx_word' id='word_1_521' title='bbox 810 3989 1047 4044; x_wconf 82' lang='lat' dir='ltr'><strong>Verbum</strong></span> <span class='ocrx_word' id='word_1_522' title='bbox 1086 4001 1265 4045; x_wconf 89' lang='lat' dir='ltr'><strong>autem</strong></span> <span class='ocrx_word' id='word_1_523' title='bbox 1307 4006 1482 4059; x_wconf 89' lang='lat' dir='ltr'><strong>neque</strong></span> <span class='ocrx_word' id='word_1_524' title='bbox 1518 3991 1584 4044; x_wconf 86' lang='lat' dir='ltr'><strong>ad</strong></span> <span class='ocrx_word' id='word_1_525' title='bbox 1606 3999 1836 4059; x_wconf 84' lang='lat' dir='ltr'><strong>patrem.</strong></span> <span class='ocrx_word' id='word_1_526' title='bbox 1877 4006 2049 4057; x_wconf 85' lang='lat' dir='ltr'><strong>neque</strong></span> 
     </span>
    </p>
   </div>
   <div class='ocr_carea' id='block_1_69' title="bbox 477 4074 2046 4146">
    <p class='ocr_par' dir='ltr' id='par_1_69' title="bbox 477 4074 2046 4146">
     <span class='ocr_line' id='line_1_69' title="bbox 477 4074 2046 4146; baseline -0.003 -16"><span class='ocrx_word' id='word_1_527' title='bbox 477 4078 545 4130; x_wconf 84' lang='lat' dir='ltr'><strong>ad</strong></span> <span class='ocrx_word' id='word_1_528' title='bbox 573 4078 951 4146; x_wconf 83' lang='lat' dir='ltr'><strong>productorem</strong></span> <span class='ocrx_word' id='word_1_529' title='bbox 986 4079 1269 4131; x_wconf 71' lang='lat' dir='ltr'><strong>relativum</strong></span> <span class='ocrx_word' id='word_1_530' title='bbox 1291 4086 1395 4141; x_wconf 92' lang='lat' dir='ltr'><strong>est,</strong></span> <span class='ocrx_word' id='word_1_531' title='bbox 1427 4079 1705 4146; x_wconf 82' lang='lat' dir='ltr'><strong>solamque</strong></span> <span class='ocrx_word' id='word_1_532' title='bbox 1729 4076 1959 4129; x_wconf 75' lang='lat' dir='ltr'><strong>refertur</strong></span> <span class='ocrx_word' id='word_1_533' title='bbox 1982 4074 2046 4126; x_wconf 88' lang='lat' dir='ltr'><strong>ad</strong></span> 
     </span>
    </p>
   </div>
   <div class='ocr_carea' id='block_1_70' title="bbox 479 4166 2049 4236">
    <p class='ocr_par' dir='ltr' id='par_1_70' title="bbox 479 4166 2049 4236">
     <span class='ocr_line' id='line_1_70' title="bbox 479 4166 2049 4236; baseline -0.003 -16"><span class='ocrx_word' id='word_1_534' title='bbox 479 4178 755 4230; x_wconf 88' lang='lat' dir='ltr'><strong>mentem;</strong></span> <span class='ocrx_word' id='word_1_535' title='bbox 790 4183 1003 4221; x_wconf 88' lang='lat' dir='ltr'><strong>onmem</strong></span> <span class='ocrx_word' id='word_1_536' title='bbox 1038 4167 1283 4236; x_wconf 82' lang='lat' dir='ltr'><strong>profecto</strong></span> <span class='ocrx_word' id='word_1_537' title='bbox 1334 4166 1645 4235; x_wconf 89' lang='lat' dir='ltr'><strong>hujusmodi</strong></span> <span class='ocrx_word' id='word_1_538' title='bbox 1682 4166 2049 4219; x_wconf 79' lang='lat' dir='ltr'><strong>curiositatem</strong></span> 
     </span>
    </p>
   </div>
   <div class='ocr_carea' id='block_1_71' title="bbox 480 4259 1836 4327">
    <p class='ocr_par' dir='ltr' id='par_1_71' title="bbox 480 4259 1836 4327">
     <span class='ocr_line' id='line_1_71' title="bbox 480 4259 1836 4327; baseline -0.002 -15"><span class='ocrx_word' id='word_1_539' title='bbox 480 4269 542 4312; x_wconf 89' lang='lat' dir='ltr'><strong>ut</strong></span> <span class='ocrx_word' id='word_1_540' title='bbox 561 4260 795 4312; x_wconf 74' lang='lat' dir='ltr'><strong>maxime</strong></span> <span class='ocrx_word' id='word_1_541' title='bbox 818 4259 1095 4313; x_wconf 72' lang='lat' dir='ltr'><strong>ridendum</strong></span> <span class='ocrx_word' id='word_1_542' title='bbox 1123 4274 1187 4313; x_wconf 90' lang='lat' dir='ltr'><strong>ac</strong></span> <span class='ocrx_word' id='word_1_543' title='bbox 1211 4260 1573 4327; x_wconf 84' lang='lat' dir='ltr'><strong>perniciosam</strong></span> <span class='ocrx_word' id='word_1_544' title='bbox 1608 4269 1836 4311; x_wconf 86' lang='lat' dir='ltr'><strong>resecat.</strong></span> 
     </span>
    </p>
   </div>
   <div class='ocr_carea' id='block_1_72' title="bbox 569 4350 2049 4418">
    <p class='ocr_par' dir='ltr' id='par_1_72' title="bbox 569 4350 2049 4418">
     <span class='ocr_line' id='line_1_72' title="bbox 569 4350 2049 4418; baseline -0.003 -14"><span class='ocrx_word' id='word_1_545' title='bbox 569 4351 832 4404; x_wconf 69' lang='lat' dir='ltr'><strong>Praiterea</strong></span> <span class='ocrx_word' id='word_1_546' title='bbox 864 4366 1013 4414; x_wconf 81' lang='lat' dir='ltr'><strong>vero,</strong></span> <span class='ocrx_word' id='word_1_547' title='bbox 1049 4358 1101 4403; x_wconf 89' lang='lat' dir='ltr'><strong>et</strong></span> <span class='ocrx_word' id='word_1_548' title='bbox 1136 4350 1281 4418; x_wconf 84' lang='lat' dir='ltr'><strong>quod</strong></span> <span class='ocrx_word' id='word_1_549' title='bbox 1312 4350 1530 4413; x_wconf 86' lang='lat' dir='ltr'><strong>dicitur,</strong></span> <span class='ocrx_word' id='word_1_550' title='bbox 1561 4350 1794 4417; x_wconf 83' lang='lat' dir='ltr'><strong>preprie,</strong></span> <span class='ocrx_word' id='word_1_551' title='bbox 1845 4357 1895 4401; x_wconf 87' lang='lat' dir='ltr'><strong>et</strong></span> <span class='ocrx_word' id='word_1_552' title='bbox 1947 4364 2049 4400; x_wconf 87' lang='lat' dir='ltr'><strong>ron</strong></span> 
     </span>
    </p>
   </div>
   <div class='ocr_carea' id='block_1_73' title="bbox 2146 3161 3708 3240">
    <p class='ocr_par' dir='ltr' id='par_1_73' title="bbox 2146 3161 3708 3240">
     <span class='ocr_line' id='line_1_73' title="bbox 2146 3161 3708 3240; baseline 0.01 -27"><span class='ocrx_word' id='word_1_553' title='bbox 2146 3161 2310 3215; x_wconf 79' lang='lat' dir='ltr'><strong>Deum</strong></span> <span class='ocrx_word' id='word_1_554' title='bbox 2339 3165 2562 3218; x_wconf 88' lang='lat' dir='ltr'><strong>tollunt:</strong></span> <span class='ocrx_word' id='word_1_555' title='bbox 2602 3167 2694 3229; x_wconf 89' lang='lat' dir='ltr'><strong>ita,</strong></span> <span class='ocrx_word' id='word_1_556' title='bbox 2719 3168 2858 3234; x_wconf 86' lang='lat' dir='ltr'><strong>quod</strong></span> <span class='ocrx_word' id='word_1_557' title='bbox 2892 3185 2920 3220; x_wconf 87' lang='lat' dir='ltr'><strong>a</strong></span> <span class='ocrx_word' id='word_1_558' title='bbox 2951 3169 3125 3222; x_wconf 87' lang='lat' dir='ltr'><strong>Verbo</strong></span> <span class='ocrx_word' id='word_1_559' title='bbox 3147 3173 3403 3226; x_wconf 87' lang='lat' dir='ltr'><strong>dirimunt</strong></span> <span class='ocrx_word' id='word_1_560' title='bbox 3429 3175 3708 3240; x_wconf 81' lang='lat' dir='ltr'><strong>Spiritum,</strong></span> 
     </span>
    </p>
   </div>
   <div class='ocr_carea' id='block_1_74' title="bbox 2144 3254 3603 3321">
    <p class='ocr_par' dir='ltr' id='par_1_74' title="bbox 2144 3254 3603 3321">
     <span class='ocr_line' id='line_1_74' title="bbox 2144 3254 3603 3321; baseline 0.008 -16"><span class='ocrx_word' id='word_1_561' title='bbox 2144 3267 2249 3305; x_wconf 89' lang='lat' dir='ltr'><strong>non</strong></span> <span class='ocrx_word' id='word_1_562' title='bbox 2274 3254 2385 3321; x_wconf 88' lang='lat' dir='ltr'><strong>jam</strong></span> <span class='ocrx_word' id='word_1_563' title='bbox 2422 3271 2581 3308; x_wconf 89' lang='lat' dir='ltr'><strong>unam</strong></span> <span class='ocrx_word' id='word_1_564' title='bbox 2622 3259 2673 3309; x_wconf 93' lang='lat' dir='ltr'><strong>in</strong></span> <span class='ocrx_word' id='word_1_565' title='bbox 2700 3257 2967 3320; x_wconf 79' lang='lat' dir='ltr'><strong>&#39;l&#39;riuitate</strong></span> <span class='ocrx_word' id='word_1_566' title='bbox 3001 3257 3262 3313; x_wconf 84' lang='lat' dir='ltr'><strong>Deitatetn</strong></span> <span class='ocrx_word' id='word_1_567' title='bbox 3301 3274 3538 3315; x_wconf 80' lang='lat' dir='ltr'><strong>serVaut.</strong></span> <span class='ocrx_word' id='word_1_568' title='bbox 3586 3284 3603 3316; x_wconf 81' lang='grc' dir='ltr'><strong>ι</strong></span> 
     </span>
    </p>
   </div>
   <div class='ocr_carea' id='block_1_75' title="bbox 2215 3338 3717 3420">
    <p class='ocr_par' dir='ltr' id='par_1_75' title="bbox 2215 3338 3717 3420">
     <span class='ocr_line' id='line_1_75' title="bbox 2215 3338 3717 3420; baseline 0.011 -27"><span class='ocrx_word' id='word_1_569' title='bbox 2215 3342 2357 3396; x_wconf 65' lang='grc' dir='ltr'>Ιαιειιι</span> <span class='ocrx_word' id='word_1_570' title='bbox 2392 3361 2581 3399; x_wconf 85' lang='lat' dir='ltr'><strong>rursus</strong></span> <span class='ocrx_word' id='word_1_571' title='bbox 2620 3347 2671 3399; x_wconf 92' lang='lat' dir='ltr'><strong>iu</strong></span> <span class='ocrx_word' id='word_1_572' title='bbox 2710 3338 2815 3400; x_wconf 78' lang='lat' dir='ltr'><strong>alia</strong></span> <span class='ocrx_word' id='word_1_573' title='bbox 2885 3351 2948 3403; x_wconf 84' lang='lat' dir='ltr'><strong>de</strong></span> <span class='ocrx_word' id='word_1_574' title='bbox 2988 3364 3178 3404; x_wconf 84' lang='lat' dir='ltr'><strong>sancto</strong></span> <span class='ocrx_word' id='word_1_575' title='bbox 3212 3354 3414 3420; x_wconf 83' lang='lat' dir='ltr'><strong>Spiritu</strong></span> <span class='ocrx_word' id='word_1_576' title='bbox 3461 3358 3525 3408; x_wconf 82' lang='lat' dir='ltr'><strong>ad</strong></span> <span class='ocrx_word' id='word_1_577' title='bbox 3566 3374 3717 3409; x_wconf 80' lang='lat' dir='ltr'><strong>cum-</strong></span> 
     </span>
    </p>
   </div>
   <div class='ocr_carea' id='block_1_76' title="bbox 2146 3436 3148 3506">
    <p class='ocr_par' dir='ltr' id='par_1_76' title="bbox 2146 3436 3148 3506">
     <span class='ocr_line' id='line_1_76' title="bbox 2146 3436 3148 3506; baseline 0.009 -19"><span class='ocrx_word' id='word_1_578' title='bbox 2146 3436 2265 3488; x_wconf 87' lang='lat' dir='ltr'><strong>dem</strong></span> <span class='ocrx_word' id='word_1_579' title='bbox 2303 3438 2555 3504; x_wconf 73' lang='lat' dir='ltr'><strong>epistula,</strong></span> <span class='ocrx_word' id='word_1_580' title='bbox 2602 3440 2759 3506; x_wconf 87' lang='lat' dir='ltr'><strong>cujus</strong></span> <span class='ocrx_word' id='word_1_581' title='bbox 2815 3442 3025 3493; x_wconf 90' lang='lat' dir='ltr'><strong>initium</strong></span> <span class='ocrx_word' id='word_1_582' title='bbox 3066 3456 3148 3496; x_wconf 82' lang='lat' dir='ltr'><strong>est</strong></span> 
     </span>
    </p>
   </div>
   <div class='ocr_carea' id='block_1_77' title="bbox 2155 3527 2345 3581">
    <p class='ocr_par' dir='ltr' id='par_1_77' title="bbox 2155 3527 2345 3581">
     <span class='ocr_line' id='line_1_77' title="bbox 2155 3527 2345 3581; baseline 0.021 -4"><span class='ocrx_word' id='word_1_583' title='bbox 2155 3527 2289 3581; x_wconf 79' lang='lat' dir='ltr'><strong>beris</strong></span> <span class='ocrx_word' id='word_1_584' title='bbox 2328 3544 2345 3581; x_wconf 92' lang='lat'><strong><em>:</em></strong></span> 
     </span>
    </p>
   </div>
   <div class='ocr_carea' id='block_1_78' title="bbox 3192 3444 3717 3500">
    <p class='ocr_par' dir='ltr' id='par_1_78' title="bbox 3192 3444 3717 3500">
     <span class='ocr_line' id='line_1_78' title="bbox 3192 3444 3717 3500; baseline 0.008 -5"><span class='ocrx_word' id='word_1_585' title='bbox 3192 3460 3206 3495; x_wconf 88' lang='lat'>:</span> <span class='ocrx_word' id='word_1_586' title='bbox 3255 3444 3506 3498; x_wconf 58' lang='lat' dir='ltr'><strong>Fortune</strong></span> <span class='ocrx_word' id='word_1_587' title='bbox 3548 3467 3717 3500; x_wconf 82' lang='lat' dir='ltr'><strong>intra-</strong></span> 
     </span>
    </p>
   </div>
   <div class='ocr_carea' id='block_1_79' title="bbox 2390 3530 3722 3599">
    <p class='ocr_par' dir='ltr' id='par_1_79' title="bbox 2390 3530 3722 3599">
     <span class='ocr_line' id='line_1_79' title="bbox 2390 3530 3722 3599; baseline 0.012 -21"><span class='ocrx_word' id='word_1_588' title='bbox 2390 3549 2407 3578; x_wconf 73' lang='grc' dir='ltr'><strong>ι</strong></span> <span class='ocrx_word' id='word_1_589' title='bbox 2459 3530 2573 3582; x_wconf 70' lang='lat' dir='ltr'><strong>Non</strong></span> <span class='ocrx_word' id='word_1_590' title='bbox 2622 3533 2804 3595; x_wconf 79' lang='lat' dir='ltr'><strong>enim,</strong></span> <span class='ocrx_word' id='word_1_591' title='bbox 2867 3538 3077 3599; x_wconf 85' lang='lat' dir='ltr'><strong>inquit,</strong></span> <span class='ocrx_word' id='word_1_592' title='bbox 3129 3546 3279 3587; x_wconf 78' lang='lat' dir='ltr'><strong>extra</strong></span> <span class='ocrx_word' id='word_1_593' title='bbox 3350 3536 3579 3591; x_wconf 84' lang='lat' dir='ltr'><strong>Verbum</strong></span> <span class='ocrx_word' id='word_1_594' title='bbox 3639 3555 3722 3596; x_wconf 63' lang='lat' dir='ltr'><strong>est</strong></span> 
     </span>
    </p>
   </div>
   <div class='ocr_carea' id='block_1_80' title="bbox 2120 3620 3719 3698">
    <p class='ocr_par' dir='ltr' id='par_1_80' title="bbox 2120 3620 3719 3698">
     <span class='ocr_line' id='line_1_80' title="bbox 2120 3620 3719 3698; baseline 0.008 -28"><span class='ocrx_word' id='word_1_595' title='bbox 2120 3620 2402 3688; x_wconf 80' lang='lat' dir='ltr'><strong>Spiritus,</strong></span> <span class='ocrx_word' id='word_1_596' title='bbox 2433 3623 2525 3673; x_wconf 85' lang='lat' dir='ltr'><strong>sed</strong></span> <span class='ocrx_word' id='word_1_597' title='bbox 2569 3622 2621 3673; x_wconf 84' lang='lat' dir='ltr'><strong>in</strong></span> <span class='ocrx_word' id='word_1_598' title='bbox 2671 3622 2845 3675; x_wconf 86' lang='lat' dir='ltr'><strong>Verbo</strong></span> <span class='ocrx_word' id='word_1_599' title='bbox 2887 3640 3011 3675; x_wconf 88' lang='lat' dir='ltr'><strong>cum</strong></span> <span class='ocrx_word' id='word_1_600' title='bbox 3057 3625 3147 3686; x_wconf 84' lang='lat' dir='ltr'><strong>sit,</strong></span> <span class='ocrx_word' id='word_1_601' title='bbox 3179 3626 3230 3677; x_wconf 90' lang='lat' dir='ltr'><strong>in</strong></span> <span class='ocrx_word' id='word_1_602' title='bbox 3271 3628 3377 3680; x_wconf 84' lang='lat' dir='ltr'><strong>Deo</strong></span> <span class='ocrx_word' id='word_1_603' title='bbox 3413 3644 3504 3696; x_wconf 81' lang='lat' dir='ltr'><strong>per</strong></span> <span class='ocrx_word' id='word_1_604' title='bbox 3546 3633 3719 3698; x_wconf 82' lang='lat' dir='ltr'><strong>ipsum</strong></span> 
     </span>
    </p>
   </div>
   <div class='ocr_carea' id='block_1_81' title="bbox 2147 3710 3722 3787">
    <p class='ocr_par' dir='ltr' id='par_1_81' title="bbox 2147 3710 3722 3787">
     <span class='ocr_line' id='line_1_81' title="bbox 2147 3710 3722 3787; baseline 0.008 -26"><span class='ocrx_word' id='word_1_605' title='bbox 2147 3720 2252 3763; x_wconf 80' lang='lat' dir='ltr'><strong>est.</strong></span> <span class='ocrx_word' id='word_1_606' title='bbox 2304 3729 2321 3760; x_wconf 76' lang='grc' dir='ltr'><strong>ι</strong></span> <span class='ocrx_word' id='word_1_607' title='bbox 2362 3710 2423 3761; x_wconf 74' lang='lat' dir='ltr'><strong>Et</strong></span> <span class='ocrx_word' id='word_1_608' title='bbox 2461 3722 2579 3777; x_wconf 72' lang='lat' dir='ltr'><strong>p0st</strong></span> <span class='ocrx_word' id='word_1_609' title='bbox 2647 3728 2815 3779; x_wconf 87' lang='lat' dir='ltr'><strong>pauca</strong></span> <span class='ocrx_word' id='word_1_610' title='bbox 2862 3730 2873 3765; x_wconf 88' lang='lat'><em>:</em></span> <span class='ocrx_word' id='word_1_611' title='bbox 2917 3731 2934 3763; x_wconf 75' lang='grc' dir='ltr'><strong>ι</strong></span> <span class='ocrx_word' id='word_1_612' title='bbox 2994 3714 3128 3767; x_wconf 82' lang='lat' dir='ltr'><strong>Cum</strong></span> <span class='ocrx_word' id='word_1_613' title='bbox 3171 3728 3350 3769; x_wconf 73' lang='lat' dir='ltr'><strong>autem</strong></span> <span class='ocrx_word' id='word_1_614' title='bbox 3394 3720 3629 3787; x_wconf 81' lang='lat' dir='ltr'><strong>Spiritus</strong></span> <span class='ocrx_word' id='word_1_615' title='bbox 3670 3724 3722 3774; x_wconf 87' lang='lat' dir='ltr'><strong>in</strong></span> 
     </span>
    </p>
   </div>
   <div class='ocr_carea' id='block_1_82' title="bbox 2152 3801 3722 3875">
    <p class='ocr_par' dir='ltr' id='par_1_82' title="bbox 2152 3801 3722 3875">
     <span class='ocr_line' id='line_1_82' title="bbox 2152 3801 3722 3875; baseline 0.009 -23"><span class='ocrx_word' id='word_1_616' title='bbox 2152 3801 2327 3854; x_wconf 85' lang='lat' dir='ltr'><strong>Verbo</strong></span> <span class='ocrx_word' id='word_1_617' title='bbox 2359 3804 2445 3866; x_wconf 84' lang='lat' dir='ltr'><strong>sit,</strong></span> <span class='ocrx_word' id='word_1_618' title='bbox 2483 3804 2648 3870; x_wconf 86' lang='lat' dir='ltr'><strong>liquet</strong></span> <span class='ocrx_word' id='word_1_619' title='bbox 2678 3806 2942 3871; x_wconf 76' lang='lat' dir='ltr'><strong>profecto,</strong></span> <span class='ocrx_word' id='word_1_620' title='bbox 2978 3807 3029 3858; x_wconf 92' lang='lat' dir='ltr'><strong>in</strong></span> <span class='ocrx_word' id='word_1_621' title='bbox 3061 3806 3168 3860; x_wconf 86' lang='lat' dir='ltr'><strong>Deo</strong></span> <span class='ocrx_word' id='word_1_622' title='bbox 3202 3824 3297 3875; x_wconf 85' lang='lat' dir='ltr'><strong>per</strong></span> <span class='ocrx_word' id='word_1_623' title='bbox 3328 3808 3559 3864; x_wconf 70' lang='lat' dir='ltr'><strong>Verbum</strong></span> <span class='ocrx_word' id='word_1_624' title='bbox 3603 3829 3722 3866; x_wconf 82' lang='lat' dir='ltr'><strong>esse</strong></span> 
     </span>
    </p>
   </div>
   <div class='ocr_carea' id='block_1_83' title="bbox 2152 3893 2497 3960">
    <p class='ocr_par' dir='ltr' id='par_1_83' title="bbox 2152 3893 2497 3960">
     <span class='ocr_line' id='line_1_83' title="bbox 2152 3893 2497 3960; baseline 0 -16"><span class='ocrx_word' id='word_1_625' title='bbox 2152 3893 2434 3960; x_wconf 76' lang='lat' dir='ltr'><strong>SpiriluItt.</strong></span> <span class='ocrx_word' id='word_1_626' title='bbox 2480 3913 2497 3944; x_wconf 74' lang='grc' dir='ltr'><strong>ι</strong></span> 
     </span>
    </p>
   </div>
   <div class='ocr_carea' id='block_1_84' title="bbox 2227 3977 3722 4059">
    <p class='ocr_par' dir='ltr' id='par_1_84' title="bbox 2227 3977 3722 4059">
     <span class='ocr_line' id='line_1_84' title="bbox 2227 3977 3722 4059; baseline 0.005 -24"><span class='ocrx_word' id='word_1_627' title='bbox 2227 3982 2461 4036; x_wconf 74' lang='lat' dir='ltr'><strong>Sauitus</strong></span> <span class='ocrx_word' id='word_1_628' title='bbox 2522 3977 2706 4038; x_wconf 72' lang='lat' dir='ltr'><strong>autem</strong></span> <span class='ocrx_word' id='word_1_629' title='bbox 2762 3984 2991 4041; x_wconf 86' lang='lat' dir='ltr'><strong>Basilius</strong></span> <span class='ocrx_word' id='word_1_630' title='bbox 3056 3988 3108 4040; x_wconf 92' lang='lat' dir='ltr'><strong>in</strong></span> <span class='ocrx_word' id='word_1_631' title='bbox 3169 3990 3401 4057; x_wconf 85' lang='lat' dir='ltr'><strong>quodam</strong></span> <span class='ocrx_word' id='word_1_632' title='bbox 3462 3992 3722 4059; x_wconf 81' lang='lat' dir='ltr'><strong>capitulo,</strong></span> 
     </span>
    </p>
   </div>
   <div class='ocr_carea' id='block_1_85' title="bbox 2152 4078 3718 4151">
    <p class='ocr_par' dir='ltr' id='par_1_85' title="bbox 2152 4078 3718 4151">
     <span class='ocr_line' id='line_1_85' title="bbox 2152 4078 3718 4151; baseline 0.003 -23"><span class='ocrx_word' id='word_1_633' title='bbox 2152 4078 2308 4142; x_wconf 86' lang='lat' dir='ltr'><strong>cujus</strong></span> <span class='ocrx_word' id='word_1_634' title='bbox 2335 4078 2615 4144; x_wconf 71' lang='lat' dir='ltr'><strong>inscriptio</strong></span> <span class='ocrx_word' id='word_1_635' title='bbox 2642 4087 2725 4129; x_wconf 87' lang='lat' dir='ltr'><strong>est</strong></span> <span class='ocrx_word' id='word_1_636' title='bbox 2764 4096 2777 4131; x_wconf 73' lang='grc' dir='ltr'><strong>ι</strong></span> <span class='ocrx_word' id='word_1_637' title='bbox 2816 4079 3222 4147; x_wconf 75' lang='lat' dir='ltr'><strong>Coiiglori/icari</strong></span> <span class='ocrx_word' id='word_1_638' title='bbox 3280 4097 3397 4131; x_wconf 83' lang='lat' dir='ltr'><strong>cunt</strong></span> <span class='ocrx_word' id='word_1_639' title='bbox 3454 4081 3558 4132; x_wconf 57' lang='lat' dir='ltr'><strong>Dio</strong></span> <span class='ocrx_word' id='word_1_640' title='bbox 3606 4083 3718 4151; x_wconf 80' lang='lat' dir='ltr'><strong>Spi-</strong></span> 
     </span>
    </p>
   </div>
   <div class='ocr_carea' id='block_1_86' title="bbox 2156 4168 3731 4240">
    <p class='ocr_par' dir='ltr' id='par_1_86' title="bbox 2156 4168 3731 4240">
     <span class='ocr_line' id='line_1_86' title="bbox 2156 4168 3731 4240; baseline 0.004 -22"><span class='ocrx_word' id='word_1_641' title='bbox 2156 4169 2335 4229; x_wconf 82' lang='lat' dir='ltr'><strong>ritum,</strong></span> <span class='ocrx_word' id='word_1_642' title='bbox 2394 4168 2468 4220; x_wconf 82' lang='lat' dir='ltr'><strong>ail</strong></span> <span class='ocrx_word' id='word_1_643' title='bbox 2505 4187 2516 4221; x_wconf 87' lang='lat'>:</span> <span class='ocrx_word' id='word_1_644' title='bbox 2557 4188 2572 4218; x_wconf 84' lang='lat' dir='ltr'><strong>I</strong></span> <span class='ocrx_word' id='word_1_645' title='bbox 2609 4169 2758 4233; x_wconf 74' lang='lat' dir='ltr'><strong>Quod</strong></span> <span class='ocrx_word' id='word_1_646' title='bbox 2825 4181 3004 4223; x_wconf 87' lang='lat' dir='ltr'><strong>autem</strong></span> <span class='ocrx_word' id='word_1_647' title='bbox 3046 4173 3097 4224; x_wconf 87' lang='lat' dir='ltr'><strong>iii</strong></span> <span class='ocrx_word' id='word_1_648' title='bbox 3130 4172 3330 4224; x_wconf 78' lang='lat' dir='ltr'><strong>eisth-tu</strong></span> <span class='ocrx_word' id='word_1_649' title='bbox 3366 4173 3565 4225; x_wconf 61' lang='lat' dir='ltr'><strong>diiiuis</strong></span> <span class='ocrx_word' id='word_1_650' title='bbox 3602 4192 3731 4240; x_wconf 87' lang='lat' dir='ltr'><strong>ope-</strong></span> 
     </span>
    </p>
   </div>
   <div class='ocr_carea' id='block_1_87' title="bbox 2156 4257 3730 4329">
    <p class='ocr_par' dir='ltr' id='par_1_87' title="bbox 2156 4257 3730 4329">
     <span class='ocr_line' id='line_1_87' title="bbox 2156 4257 3730 4329; baseline 0.004 -18"><span class='ocrx_word' id='word_1_651' title='bbox 2156 4261 2306 4312; x_wconf 81' lang='lat' dir='ltr'><strong>ribus</strong></span> <span class='ocrx_word' id='word_1_652' title='bbox 2367 4257 2607 4312; x_wconf 78' lang='lat' dir='ltr'><strong>Triuiias</strong></span> <span class='ocrx_word' id='word_1_653' title='bbox 2651 4261 3009 4329; x_wconf 76' lang='lat' dir='ltr'><strong>gloriﬁcatur,</strong></span> <span class='ocrx_word' id='word_1_654' title='bbox 3042 4265 3201 4315; x_wconf 82' lang='lat' dir='ltr'><strong>unius</strong></span> <span class='ocrx_word' id='word_1_655' title='bbox 3238 4266 3535 4316; x_wconf 59' lang='lat' dir='ltr'><strong>divinitatis</strong></span> <span class='ocrx_word' id='word_1_656' title='bbox 3578 4278 3730 4318; x_wconf 77' lang='lat' dir='ltr'><strong>testi-</strong></span> 
     </span>
    </p>
   </div>
   <div class='ocr_carea' id='block_1_88' title="bbox 2159 4352 3733 4421">
    <p class='ocr_par' dir='ltr' id='par_1_88' title="bbox 2159 4352 3733 4421">
     <span class='ocr_line' id='line_1_88' title="bbox 2159 4352 3733 4421; baseline 0.006 -20"><span class='ocrx_word' id='word_1_657' title='bbox 2159 4352 2401 4404; x_wconf 71' lang='lat' dir='ltr'><strong>monium</strong></span> <span class='ocrx_word' id='word_1_658' title='bbox 2444 4362 2653 4404; x_wconf 85' lang='lat' dir='ltr'><strong>eertum</strong></span> <span class='ocrx_word' id='word_1_659' title='bbox 2693 4361 2775 4405; x_wconf 82' lang='lat' dir='ltr'><strong>est</strong></span> <span class='ocrx_word' id='word_1_660' title='bbox 2800 4372 2821 4417; x_wconf 86' lang='grc'><strong>,·</strong></span> <span class='ocrx_word' id='word_1_661' title='bbox 2869 4356 3008 4421; x_wconf 91' lang='lat' dir='ltr'><strong>quod</strong></span> <span class='ocrx_word' id='word_1_662' title='bbox 3074 4370 3242 4421; x_wconf 85' lang='lat' dir='ltr'><strong>m-quc</strong></span> <span class='ocrx_word' id='word_1_663' title='bbox 3298 4358 3414 4409; x_wconf 79' lang='lat' dir='ltr'><strong>sine</strong></span> <span class='ocrx_word' id='word_1_664' title='bbox 3466 4355 3603 4409; x_wconf 71' lang='lat' dir='ltr'><strong>Filio</strong></span> <span class='ocrx_word' id='word_1_665' title='bbox 3637 4359 3733 4411; x_wconf 83' lang='lat' dir='ltr'><strong>l’a-</strong></span> 
     </span>
    </p>
   </div>
   <div class='ocr_carea' id='block_1_89' title="bbox 486 4442 3431 4513">
    <p class='ocr_par' dir='ltr' id='par_1_89' title="bbox 486 4442 3431 4513">
     <span class='ocr_line' id='line_1_89' title="bbox 486 4442 3431 4513; baseline 0 -18"><span class='ocrx_word' id='word_1_666' title='bbox 486 4446 733 4513; x_wconf 89' lang='lat' dir='ltr'><strong>proprie,</strong></span> <span class='ocrx_word' id='word_1_667' title='bbox 767 4454 819 4497; x_wconf 90' lang='lat' dir='ltr'><strong>et</strong></span> <span class='ocrx_word' id='word_1_668' title='bbox 846 4444 988 4512; x_wconf 89' lang='lat' dir='ltr'><strong>quod</strong></span> <span class='ocrx_word' id='word_1_669' title='bbox 1016 4443 1314 4497; x_wconf 80' lang='lat' dir='ltr'><strong>secandum</strong></span> <span class='ocrx_word' id='word_1_670' title='bbox 1350 4457 1408 4496; x_wconf 85' lang='lat' dir='ltr'><strong>se</strong></span> <span class='ocrx_word' id='word_1_671' title='bbox 1460 4452 1513 4495; x_wconf 90' lang='lat' dir='ltr'><strong>et</strong></span> <span class='ocrx_word' id='word_1_672' title='bbox 1553 4444 1804 4495; x_wconf 84' lang='lat' dir='ltr'><strong>accidens</strong></span> <span class='ocrx_word' id='word_1_673' title='bbox 1836 4444 1887 4493; x_wconf 91' lang='lat' dir='ltr'><strong>in</strong></span> <span class='ocrx_word' id='word_1_674' title='bbox 1915 4442 2051 4494; x_wconf 69' lang='lat' dir='ltr'><strong>tilVi-</strong></span> <span class='ocrx_word' id='word_1_675' title='bbox 2082 4452 2136 4508; x_wconf 76' lang='grc' dir='ltr'><strong><em>υ</em></strong></span> <span class='ocrx_word' id='word_1_676' title='bbox 2167 4454 2247 4495; x_wconf 74' lang='lat' dir='ltr'><strong>ter</strong></span> <span class='ocrx_word' id='word_1_677' title='bbox 2279 4452 2559 4510; x_wconf 81' lang='lat' dir='ltr'><strong>Operatur,</strong></span> <span class='ocrx_word' id='word_1_678' title='bbox 2586 4460 2763 4513; x_wconf 88' lang='lat' dir='ltr'><strong>neque</strong></span> <span class='ocrx_word' id='word_1_679' title='bbox 2802 4446 2920 4498; x_wconf 87' lang='lat' dir='ltr'><strong>sine</strong></span> <span class='ocrx_word' id='word_1_680' title='bbox 2952 4447 3157 4512; x_wconf 78' lang='lat' dir='ltr'><strong>Spiritu</strong></span> <span class='ocrx_word' id='word_1_681' title='bbox 3194 4445 3377 4498; x_wconf 77' lang='lat' dir='ltr'><strong>Filius.</strong></span> <span class='ocrx_word' id='word_1_682' title='bbox 3414 4466 3431 4495; x_wconf 74' lang='grc' dir='ltr'><strong>ι</strong></span> 
     </span>
    </p>
   </div>
   <div class='ocr_carea' id='block_1_90' title="bbox 482 4531 2056 4604">
    <p class='ocr_par' dir='ltr' id='par_1_90' title="bbox 482 4531 2056 4604">
     <span class='ocr_line' id='line_1_90' title="bbox 482 4531 2056 4604; baseline -0.003 -14"><span class='ocrx_word' id='word_1_683' title='bbox 482 4536 573 4590; x_wconf 88' lang='lat' dir='ltr'><strong>nis</strong></span> <span class='ocrx_word' id='word_1_684' title='bbox 618 4536 863 4604; x_wconf 83' lang='lat' dir='ltr'><strong>personis</strong></span> <span class='ocrx_word' id='word_1_685' title='bbox 917 4534 1140 4588; x_wconf 84' lang='lat' dir='ltr'><strong>habebit</strong></span> <span class='ocrx_word' id='word_1_686' title='bbox 1192 4536 1391 4588; x_wconf 90' lang='lat' dir='ltr'><strong>locum.</strong></span> <span class='ocrx_word' id='word_1_687' title='bbox 1438 4531 1665 4602; x_wconf 89' lang='lat' dir='ltr'><strong>Proprie</strong></span> <span class='ocrx_word' id='word_1_688' title='bbox 1719 4534 1863 4587; x_wconf 91' lang='lat' dir='ltr'><strong>enim</strong></span> <span class='ocrx_word' id='word_1_689' title='bbox 1912 4533 2056 4601; x_wconf 89' lang='lat' dir='ltr'><strong>quod</strong></span> 
     </span>
    </p>
   </div>
   <div class='ocr_carea' id='block_1_91' title="bbox 484 4627 2059 4697">
    <p class='ocr_par' dir='ltr' id='par_1_91' title="bbox 484 4627 2059 4697">
     <span class='ocr_line' id='line_1_91' title="bbox 484 4627 2059 4697; baseline -0.003 -13"><span class='ocrx_word' id='word_1_690' title='bbox 484 4630 747 4684; x_wconf 87' lang='lat' dir='ltr'><strong>dicuntur</strong></span> <span class='ocrx_word' id='word_1_691' title='bbox 780 4640 831 4682; x_wconf 86' lang='lat' dir='ltr'><strong>et</strong></span> <span class='ocrx_word' id='word_1_692' title='bbox 880 4628 1181 4682; x_wconf 87' lang='lat' dir='ltr'><strong>secundum</strong></span> <span class='ocrx_word' id='word_1_693' title='bbox 1217 4643 1297 4691; x_wconf 82' lang='lat' dir='ltr'><strong>se,</strong></span> <span class='ocrx_word' id='word_1_694' title='bbox 1347 4627 1413 4681; x_wconf 91' lang='lat' dir='ltr'><strong>ad</strong></span> <span class='ocrx_word' id='word_1_695' title='bbox 1452 4628 1704 4682; x_wconf 84' lang='lat' dir='ltr'><strong>accidens</strong></span> <span class='ocrx_word' id='word_1_696' title='bbox 1747 4628 2059 4697; x_wconf 87' lang='lat' dir='ltr'><strong>opponitur.</strong></span> 
     </span>
    </p>
   </div>
   <div class='ocr_carea' id='block_1_92' title="bbox 484 4717 2061 4789">
    <p class='ocr_par' dir='ltr' id='par_1_92' title="bbox 484 4717 2061 4789">
     <span class='ocr_line' id='line_1_92' title="bbox 484 4717 2061 4789; baseline -0.003 -14"><span class='ocrx_word' id='word_1_697' title='bbox 484 4718 737 4789; x_wconf 79' lang='lat' dir='ltr'><strong>Insuper,</strong></span> <span class='ocrx_word' id='word_1_698' title='bbox 788 4728 843 4773; x_wconf 87' lang='lat' dir='ltr'><strong>et</strong></span> <span class='ocrx_word' id='word_1_699' title='bbox 895 4719 1040 4788; x_wconf 90' lang='lat' dir='ltr'><strong>quod</strong></span> <span class='ocrx_word' id='word_1_700' title='bbox 1088 4734 1117 4771; x_wconf 92' lang='lat' dir='ltr'><strong>a</strong></span> <span class='ocrx_word' id='word_1_701' title='bbox 1169 4717 1329 4772; x_wconf 85' lang='lat' dir='ltr'><strong>Patre</strong></span> <span class='ocrx_word' id='word_1_702' title='bbox 1377 4734 1484 4772; x_wconf 90' lang='lat' dir='ltr'><strong>non</strong></span> <span class='ocrx_word' id='word_1_703' title='bbox 1526 4720 1742 4788; x_wconf 88' lang='lat' dir='ltr'><strong>proprie</strong></span> <span class='ocrx_word' id='word_1_704' title='bbox 1798 4720 2061 4786; x_wconf 87' lang='lat' dir='ltr'><strong>Spiritum</strong></span> 
     </span>
    </p>
   </div>
   <div class='ocr_carea' id='block_1_93' title="bbox 486 4812 2065 4880">
    <p class='ocr_par' dir='ltr' id='par_1_93' title="bbox 486 4812 2065 4880">
     <span class='ocr_line' id='line_1_93' title="bbox 486 4812 2065 4880; baseline -0.001 -13"><span class='ocrx_word' id='word_1_705' title='bbox 486 4828 614 4867; x_wconf 85' lang='lat' dir='ltr'><strong>esse</strong></span> <span class='ocrx_word' id='word_1_706' title='bbox 635 4822 909 4874; x_wconf 83' lang='lat' dir='ltr'><strong>asserunt,</strong></span> <span class='ocrx_word' id='word_1_707' title='bbox 944 4827 972 4864; x_wconf 91' lang='lat' dir='ltr'><strong>a</strong></span> <span class='ocrx_word' id='word_1_708' title='bbox 995 4812 1358 4880; x_wconf 84' lang='lat' dir='ltr'><strong>Patrcutique</strong></span> <span class='ocrx_word' id='word_1_709' title='bbox 1385 4826 1490 4865; x_wconf 91' lang='lat' dir='ltr'><strong>non</strong></span> <span class='ocrx_word' id='word_1_710' title='bbox 1520 4813 1684 4865; x_wconf 87' lang='lat' dir='ltr'><strong>discet</strong></span> <span class='ocrx_word' id='word_1_711' title='bbox 1701 4822 1938 4865; x_wconf 86' lang='lat' dir='ltr'><strong>neretur.</strong></span> <span class='ocrx_word' id='word_1_712' title='bbox 1962 4813 2065 4865; x_wconf 88' lang='lat' dir='ltr'><strong>Sed</strong></span> 
     </span>
    </p>
   </div>
   <div class='ocr_carea' id='block_1_94' title="bbox 489 4904 2069 4979">
    <p class='ocr_par' dir='ltr' id='par_1_94' title="bbox 489 4904 2069 4979">
     <span class='ocr_line' id='line_1_94' title="bbox 489 4904 2069 4979; baseline -0.001 -19"><span class='ocrx_word' id='word_1_713' title='bbox 489 4906 622 4979; x_wconf 59' lang='lat' dir='ltr'><strong>ista,</strong></span> <span class='ocrx_word' id='word_1_714' title='bbox 654 4916 715 4958; x_wconf 88' lang='lat' dir='ltr'><strong>ut</strong></span> <span class='ocrx_word' id='word_1_715' title='bbox 741 4907 1001 4969; x_wconf 75' lang='lat' dir='ltr'><strong>diximus,</strong></span> <span class='ocrx_word' id='word_1_716' title='bbox 1038 4904 1412 4975; x_wconf 69' lang='lat' dir='ltr'><strong>intelligentia:</strong></span> <span class='ocrx_word' id='word_1_717' title='bbox 1439 4906 1811 4974; x_wconf 79' lang='lat' dir='ltr'><strong>theologorum</strong></span> <span class='ocrx_word' id='word_1_718' title='bbox 1843 4908 2069 4958; x_wconf 76' lang='lat' dir='ltr'><strong>omnino</strong></span> 
     </span>
    </p>
   </div>
   <div class='ocr_carea' id='block_1_95' title="bbox 488 4996 2070 5068">
    <p class='ocr_par' dir='ltr' id='par_1_95' title="bbox 488 4996 2070 5068">
     <span class='ocr_line' id='line_1_95' title="bbox 488 4996 2070 5068; baseline -0.001 -17"><span class='ocrx_word' id='word_1_719' title='bbox 488 4996 876 5063; x_wconf 79' lang='lat' dir='ltr'><strong>adversantur,</strong></span> <span class='ocrx_word' id='word_1_720' title='bbox 935 4999 1025 5068; x_wconf 92' lang='lat' dir='ltr'><strong>qui</strong></span> <span class='ocrx_word' id='word_1_721' title='bbox 1062 4998 1435 5053; x_wconf 89' lang='lat' dir='ltr'><strong>monumentis</strong></span> <span class='ocrx_word' id='word_1_722' title='bbox 1478 4998 1594 5052; x_wconf 81' lang='lat' dir='ltr'><strong>suis</strong></span> <span class='ocrx_word' id='word_1_723' title='bbox 1635 4998 1848 5051; x_wconf 82' lang='lat' dir='ltr'><strong>divinas</strong></span> <span class='ocrx_word' id='word_1_724' title='bbox 1885 5012 2070 5066; x_wconf 88' lang='lat' dir='ltr'><strong>perso-</strong></span> 
     </span>
    </p>
   </div>
   <div class='ocr_carea' id='block_1_96' title="bbox 490 5089 2068 5160">
    <p class='ocr_par' dir='ltr' id='par_1_96' title="bbox 490 5089 2068 5160">
     <span class='ocr_line' id='line_1_96' title="bbox 490 5089 2068 5160; baseline 0 -18"><span class='ocrx_word' id='word_1_725' title='bbox 490 5103 593 5143; x_wconf 85' lang='lat' dir='ltr'><strong>nas</strong></span> <span class='ocrx_word' id='word_1_726' title='bbox 635 5091 1032 5144; x_wconf 88' lang='lat' dir='ltr'><strong>discreverunt.</strong></span> <span class='ocrx_word' id='word_1_727' title='bbox 1061 5089 1219 5155; x_wconf 85' lang='lat' dir='ltr'><strong>Quod</strong></span> <span class='ocrx_word' id='word_1_728' title='bbox 1265 5105 1396 5160; x_wconf 83' lang='lat' dir='ltr'><strong>ergo</strong></span> <span class='ocrx_word' id='word_1_729' title='bbox 1419 5090 1529 5159; x_wconf 88' lang='lat' dir='ltr'><strong>jam</strong></span> <span class='ocrx_word' id='word_1_730' title='bbox 1561 5090 1767 5144; x_wconf 77' lang='lat' dir='ltr'><strong>dictum</strong></span> <span class='ocrx_word' id='word_1_731' title='bbox 1801 5097 1903 5154; x_wconf 89' lang='lat' dir='ltr'><strong>est,</strong></span> <span class='ocrx_word' id='word_1_732' title='bbox 1938 5106 2068 5144; x_wconf 90' lang='lat' dir='ltr'><strong>con-</strong></span> 
     </span>
    </p>
   </div>
   <div class='ocr_carea' id='block_1_97' title="bbox 492 5181 2066 5255">
    <p class='ocr_par' dir='ltr' id='par_1_97' title="bbox 492 5181 2066 5255">
     <span class='ocr_line' id='line_1_97' title="bbox 492 5181 2066 5255; baseline -0.002 -15"><span class='ocrx_word' id='word_1_733' title='bbox 492 5193 603 5240; x_wconf 86' lang='lat' dir='ltr'><strong>stat</strong></span> <span class='ocrx_word' id='word_1_734' title='bbox 644 5199 709 5239; x_wconf 74' lang='lat' dir='ltr'><strong>ex</strong></span> <span class='ocrx_word' id='word_1_735' title='bbox 750 5184 853 5247; x_wconf 86' lang='lat' dir='ltr'><strong>liis,</strong></span> <span class='ocrx_word' id='word_1_736' title='bbox 882 5199 1004 5254; x_wconf 76' lang='lat' dir='ltr'><strong>qua:</strong></span> <span class='ocrx_word' id='word_1_737' title='bbox 1038 5184 1432 5255; x_wconf 67' lang='lat' dir='ltr'><strong>praediximus;</strong></span> <span class='ocrx_word' id='word_1_738' title='bbox 1478 5183 1569 5252; x_wconf 87' lang='lat' dir='ltr'><strong>qui</strong></span> <span class='ocrx_word' id='word_1_739' title='bbox 1612 5181 1858 5237; x_wconf 88' lang='lat' dir='ltr'><strong>ordinem</strong></span> <span class='ocrx_word' id='word_1_740' title='bbox 1908 5184 2066 5244; x_wconf 88' lang='lat' dir='ltr'><strong>tollit,</strong></span> 
     </span>
    </p>
   </div>
   <div class='ocr_carea' id='block_1_98' title="bbox 500 5279 2071 5347">
    <p class='ocr_par' dir='ltr' id='par_1_98' title="bbox 500 5279 2071 5347">
     <span class='ocr_line' id='line_1_98' title="bbox 500 5279 2071 5347; baseline -0.002 -16"><span class='ocrx_word' id='word_1_741' title='bbox 500 5293 631 5331; x_wconf 89' lang='lat' dir='ltr'><strong>eum</strong></span> <span class='ocrx_word' id='word_1_742' title='bbox 661 5279 841 5347; x_wconf 90' lang='lat' dir='ltr'><strong>ipsum</strong></span> <span class='ocrx_word' id='word_1_743' title='bbox 878 5293 1097 5347; x_wconf 87' lang='lat' dir='ltr'><strong>quoque</strong></span> <span class='ocrx_word' id='word_1_744' title='bbox 1130 5292 1485 5347; x_wconf 88' lang='lat' dir='ltr'><strong>personarum</strong></span> <span class='ocrx_word' id='word_1_745' title='bbox 1517 5291 1853 5346; x_wconf 83' lang='lat' dir='ltr'><strong>processum.</strong></span> <span class='ocrx_word' id='word_1_746' title='bbox 1888 5291 1949 5330; x_wconf 91' lang='lat' dir='ltr'><strong>ac</strong></span> <span class='ocrx_word' id='word_1_747' title='bbox 1980 5292 2071 5344; x_wconf 88' lang='lat' dir='ltr'><strong>per</strong></span> 
     </span>
    </p>
   </div>
   <div class='ocr_carea' id='block_1_99' title="bbox 499 5354 2073 5439">
    <p class='ocr_par' dir='ltr' id='par_1_99' title="bbox 499 5354 2073 5439">
     <span class='ocr_line' id='line_1_99' title="bbox 499 5354 2073 5439; baseline -0.003 -14"><span class='ocrx_word' id='word_1_748' title='bbox 499 5354 873 5437; x_wconf 71' lang='lat' dir='ltr'><strong>consequeiis,</strong></span> <span class='ocrx_word' id='word_1_749' title='bbox 912 5384 1178 5439; x_wconf 84' lang='lat' dir='ltr'><strong>personas</strong></span> <span class='ocrx_word' id='word_1_750' title='bbox 1226 5370 1389 5422; x_wconf 82' lang='lat' dir='ltr'><strong>etiam</strong></span> <span class='ocrx_word' id='word_1_751' title='bbox 1438 5368 1584 5438; x_wconf 85' lang='lat' dir='ltr'><strong>ipsas</strong></span> <span class='ocrx_word' id='word_1_752' title='bbox 1613 5367 2073 5423; x_wconf 73' lang='lat' dir='ltr'><strong>sustulisse.l\&#39;am</strong></span> 
     </span>
    </p>
   </div>
   <div class='ocr_carea' id='block_1_100' title="bbox 502 5457 2071 5527">
    <p class='ocr_par' dir='ltr' id='par_1_100' title="bbox 502 5457 2071 5527">
     <span class='ocr_line' id='line_1_100' title="bbox 502 5457 2071 5527; baseline -0.002 -15"><span class='ocrx_word' id='word_1_753' title='bbox 502 5460 811 5513; x_wconf 85' lang='lat' dir='ltr'><strong>secundum</strong></span> <span class='ocrx_word' id='word_1_754' title='bbox 863 5472 1155 5527; x_wconf 82' lang='lat' dir='ltr'><strong>processus</strong></span> <span class='ocrx_word' id='word_1_755' title='bbox 1213 5458 1296 5512; x_wconf 91' lang='lat' dir='ltr'><strong>sui</strong></span> <span class='ocrx_word' id='word_1_756' title='bbox 1345 5458 1641 5516; x_wconf 86' lang='lat' dir='ltr'><strong>rationein.</strong></span> <span class='ocrx_word' id='word_1_757' title='bbox 1693 5458 1796 5512; x_wconf 91' lang='lat' dir='ltr'><strong>alia</strong></span> <span class='ocrx_word' id='word_1_758' title='bbox 1853 5457 2071 5526; x_wconf 82' lang='lat' dir='ltr'><strong>quidem</strong></span> 
     </span>
    </p>
   </div>
   <div class='ocr_carea' id='block_1_101' title="bbox 527 5548 2073 5620">
    <p class='ocr_par' dir='ltr' id='par_1_101' title="bbox 527 5548 2073 5620">
     <span class='ocr_line' id='line_1_101' title="bbox 527 5548 2073 5620; baseline -0.002 -16"><span class='ocrx_word' id='word_1_759' title='bbox 527 5551 617 5605; x_wconf 84' lang='lat' dir='ltr'><strong>ine</strong></span> <span class='ocrx_word' id='word_1_760' title='bbox 684 5551 859 5605; x_wconf 87' lang='lat' dir='ltr'><strong>medio</strong></span> <span class='ocrx_word' id='word_1_761' title='bbox 916 5551 1163 5620; x_wconf 88' lang='lat' dir='ltr'><strong>procedit</strong></span> <span class='ocrx_word' id='word_1_762' title='bbox 1241 5565 1305 5604; x_wconf 76' lang='lat' dir='ltr'><strong>ex</strong></span> <span class='ocrx_word' id='word_1_763' title='bbox 1371 5548 1567 5617; x_wconf 89' lang='lat' dir='ltr'><strong>Patre,</strong></span> <span class='ocrx_word' id='word_1_764' title='bbox 1617 5549 1720 5605; x_wconf 85' lang='lat' dir='ltr'><strong>alia</strong></span> <span class='ocrx_word' id='word_1_765' title='bbox 1791 5566 1914 5605; x_wconf 70' lang='lat' dir='ltr'><strong>vero</strong></span> <span class='ocrx_word' id='word_1_766' title='bbox 1980 5565 2073 5618; x_wconf 88' lang='lat' dir='ltr'><strong>per</strong></span> 
     </span>
    </p>
   </div>
   <div class='ocr_carea' id='block_1_102' title="bbox 574 5760 1349 5833">
    <p class='ocr_par' dir='ltr' id='par_1_102' title="bbox 574 5760 1349 5833">
     <span class='ocr_line' id='line_1_102' title="bbox 574 5760 1349 5833; baseline -0.005 -17"><span class='ocrx_word' id='word_1_767' title='bbox 574 5764 686 5833; x_wconf 81' lang='grc'><strong>(16)</strong></span> <span class='ocrx_word' id='word_1_768' title='bbox 738 5762 809 5816; x_wconf 81' lang='lat' dir='ltr'><strong>De</strong></span> <span class='ocrx_word' id='word_1_769' title='bbox 834 5762 936 5831; x_wconf 77' lang='lat' dir='ltr'><strong>[ide</strong></span> <span class='ocrx_word' id='word_1_770' title='bbox 971 5761 1180 5816; x_wconf 79' lang='lat' dir='ltr'><strong>ert/rod.</strong></span> <span class='ocrx_word' id='word_1_771' title='bbox 1216 5775 1263 5815; x_wconf 80' lang='grc' dir='ltr'><strong>ι’.</strong></span> 
     </span>
    </p>
   </div>
   <div class='ocr_carea' id='block_1_103' title="bbox 2236 4536 3734 4606">
    <p class='ocr_par' dir='ltr' id='par_1_103' title="bbox 2236 4536 3734 4606">
     <span class='ocr_line' id='line_1_103' title="bbox 2236 4536 3734 4606; baseline 0.003 -18"><span class='ocrx_word' id='word_1_772' title='bbox 2236 4537 2377 4588; x_wconf 72' lang='lat' dir='ltr'><strong>Idem</strong></span> <span class='ocrx_word' id='word_1_773' title='bbox 2440 4536 2493 4587; x_wconf 91' lang='lat' dir='ltr'><strong>in</strong></span> <span class='ocrx_word' id='word_1_774' title='bbox 2538 4536 2644 4587; x_wconf 87' lang='lat' dir='ltr'><strong>alio</strong></span> <span class='ocrx_word' id='word_1_775' title='bbox 2691 4536 2953 4603; x_wconf 83' lang='lat' dir='ltr'><strong>capitulo,</strong></span> <span class='ocrx_word' id='word_1_776' title='bbox 2989 4538 3129 4606; x_wconf 91' lang='lat' dir='ltr'><strong>quod</strong></span> <span class='ocrx_word' id='word_1_777' title='bbox 3170 4537 3486 4590; x_wconf 77' lang='lat' dir='ltr'><strong>inscribitur</strong></span> <span class='ocrx_word' id='word_1_778' title='bbox 3524 4557 3535 4590; x_wconf 92' lang='lat'><strong>:</strong></span> <span class='ocrx_word' id='word_1_779' title='bbox 3582 4541 3734 4601; x_wconf 78' lang='lat' dir='ltr'><strong>()md</strong></span> 
     </span>
    </p>
   </div>
   <div class='ocr_carea' id='block_1_104' title="bbox 2165 4627 3734 4694">
    <p class='ocr_par' dir='ltr' id='par_1_104' title="bbox 2165 4627 3734 4694">
     <span class='ocr_line' id='line_1_104' title="bbox 2165 4627 3734 4694; baseline 0.003 -13"><span class='ocrx_word' id='word_1_780' title='bbox 2165 4645 2228 4682; x_wconf 75' lang='lat' dir='ltr'><strong>ex</strong></span> <span class='ocrx_word' id='word_1_781' title='bbox 2256 4631 2435 4681; x_wconf 83' lang='lat' dir='ltr'><strong>divina</strong></span> <span class='ocrx_word' id='word_1_782' title='bbox 2473 4639 2669 4680; x_wconf 85' lang='lat' dir='ltr'><strong>natura</strong></span> <span class='ocrx_word' id='word_1_783' title='bbox 2716 4627 2993 4682; x_wconf 81' lang='lat' dir='ltr'><strong>Trinitatis</strong></span> <span class='ocrx_word' id='word_1_784' title='bbox 3043 4634 3219 4681; x_wconf 73' lang='lat' dir='ltr'><strong>unitas</strong></span> <span class='ocrx_word' id='word_1_785' title='bbox 3256 4632 3577 4694; x_wconf 79' lang='lat' dir='ltr'><strong>insinuatur,</strong></span> <span class='ocrx_word' id='word_1_786' title='bbox 3612 4645 3685 4685; x_wconf 87' lang='lat' dir='ltr'><strong>ait</strong></span> <span class='ocrx_word' id='word_1_787' title='bbox 3722 4652 3734 4685; x_wconf 87' lang='lat'>:</span> 
     </span>
    </p>
   </div>
   <div class='ocr_carea' id='block_1_105' title="bbox 2175 4716 3740 4790">
    <p class='ocr_par' dir='ltr' id='par_1_105' title="bbox 2175 4716 3740 4790">
     <span class='ocr_line' id='line_1_105' title="bbox 2175 4716 3740 4790; baseline 0.005 -23"><span class='ocrx_word' id='word_1_788' title='bbox 2175 4736 2192 4767; x_wconf 75' lang='grc' dir='ltr'><strong>ι</strong></span> <span class='ocrx_word' id='word_1_789' title='bbox 2234 4718 2520 4786; x_wconf 82' lang='lat' dir='ltr'><strong>Nunquam</strong></span> <span class='ocrx_word' id='word_1_790' title='bbox 2561 4719 2663 4772; x_wconf 79' lang='lat' dir='ltr'><strong>fuit</strong></span> <span class='ocrx_word' id='word_1_791' title='bbox 2702 4716 2859 4771; x_wconf 85' lang='lat' dir='ltr'><strong>Pater</strong></span> <span class='ocrx_word' id='word_1_792' title='bbox 2894 4720 3009 4772; x_wconf 89' lang='lat' dir='ltr'><strong>sine</strong></span> <span class='ocrx_word' id='word_1_793' title='bbox 3040 4718 3200 4783; x_wconf 78' lang='lat' dir='ltr'><strong>Filio,</strong></span> <span class='ocrx_word' id='word_1_794' title='bbox 3234 4736 3409 4786; x_wconf 83' lang='lat' dir='ltr'><strong>neque</strong></span> <span class='ocrx_word' id='word_1_795' title='bbox 3449 4723 3565 4775; x_wconf 86' lang='lat' dir='ltr'><strong>sine</strong></span> <span class='ocrx_word' id='word_1_796' title='bbox 3617 4724 3740 4790; x_wconf 85' lang='lat' dir='ltr'><strong>Spi-</strong></span> 
     </span>
    </p>
   </div>
   <div class='ocr_carea' id='block_1_106' title="bbox 2170 4807 2567 4862">
    <p class='ocr_par' dir='ltr' id='par_1_106' title="bbox 2170 4807 2567 4862">
     <span class='ocr_line' id='line_1_106' title="bbox 2170 4807 2567 4862; baseline -0.005 -1"><span class='ocrx_word' id='word_1_797' title='bbox 2170 4810 2278 4862; x_wconf 85' lang='lat' dir='ltr'><strong>ritu</strong></span> <span class='ocrx_word' id='word_1_798' title='bbox 2317 4807 2503 4862; x_wconf 81' lang='lat' dir='ltr'><strong>Filius.</strong></span> <span class='ocrx_word' id='word_1_799' title='bbox 2549 4828 2567 4859; x_wconf 76' lang='grc' dir='ltr'><strong>ι</strong></span> 
     </span>
    </p>
   </div>
   <div class='ocr_carea' id='block_1_107' title="bbox 2243 4902 3746 4974">
    <p class='ocr_par' dir='ltr' id='par_1_107' title="bbox 2243 4902 3746 4974">
     <span class='ocr_line' id='line_1_107' title="bbox 2243 4902 3746 4974; baseline 0.001 -19"><span class='ocrx_word' id='word_1_800' title='bbox 2243 4903 2385 4955; x_wconf 90' lang='lat' dir='ltr'><strong>Idem</strong></span> <span class='ocrx_word' id='word_1_801' title='bbox 2425 4908 2475 4953; x_wconf 86' lang='grc' dir='ltr'><strong>ιιι</strong></span> <span class='ocrx_word' id='word_1_802' title='bbox 2509 4916 2629 4968; x_wconf 80' lang='lat' dir='ltr'><strong>cap.</strong></span> <span class='ocrx_word' id='word_1_803' title='bbox 2671 4902 2755 4961; x_wconf 78' lang='grc'><strong>16.</strong></span> <span class='ocrx_word' id='word_1_804' title='bbox 2790 4902 2853 4955; x_wconf 90' lang='lat' dir='ltr'><strong>ad</strong></span> <span class='ocrx_word' id='word_1_805' title='bbox 2888 4903 3323 4972; x_wconf 77' lang='lat' dir='ltr'><strong>Amphilochium</strong></span> <span class='ocrx_word' id='word_1_806' title='bbox 3358 4922 3367 4955; x_wconf 96' lang='lat'>:</span> <span class='ocrx_word' id='word_1_807' title='bbox 3407 4923 3423 4954; x_wconf 73' lang='grc' dir='ltr'><strong>ι</strong></span> <span class='ocrx_word' id='word_1_808' title='bbox 3465 4904 3533 4959; x_wconf 74' lang='lat' dir='ltr'><strong>L&#39;t</strong></span> <span class='ocrx_word' id='word_1_809' title='bbox 3580 4905 3746 4974; x_wconf 80' lang='lat' dir='ltr'><strong>igitur</strong></span> 
     </span>
    </p>
   </div>
   <div class='ocr_carea' id='block_1_108' title="bbox 2174 4991 3748 5066">
    <p class='ocr_par' dir='ltr' id='par_1_108' title="bbox 2174 4991 3748 5066">
     <span class='ocr_line' id='line_1_108' title="bbox 2174 4991 3748 5066; baseline 0.002 -19"><span class='ocrx_word' id='word_1_810' title='bbox 2174 5008 2233 5047; x_wconf 92' lang='lat' dir='ltr'><strong>se</strong></span> <span class='ocrx_word' id='word_1_811' title='bbox 2268 4992 2428 5045; x_wconf 84' lang='lat' dir='ltr'><strong>habet</strong></span> <span class='ocrx_word' id='word_1_812' title='bbox 2455 4992 2519 5045; x_wconf 89' lang='lat' dir='ltr'><strong>ad</strong></span> <span class='ocrx_word' id='word_1_813' title='bbox 2563 4991 2775 5045; x_wconf 82' lang='lat' dir='ltr'><strong>Patrem</strong></span> <span class='ocrx_word' id='word_1_814' title='bbox 2810 4992 2996 5055; x_wconf 77' lang='lat' dir='ltr'><strong>Filius,</strong></span> <span class='ocrx_word' id='word_1_815' title='bbox 3033 4994 3104 5047; x_wconf 88' lang='lat' dir='ltr'><strong>ita</strong></span> <span class='ocrx_word' id='word_1_816' title='bbox 3143 5005 3195 5048; x_wconf 89' lang='lat' dir='ltr'><strong>et</strong></span> <span class='ocrx_word' id='word_1_817' title='bbox 3230 4997 3295 5048; x_wconf 84' lang='lat' dir='ltr'><strong>ad</strong></span> <span class='ocrx_word' id='word_1_818' title='bbox 3334 4994 3528 5048; x_wconf 84' lang='lat' dir='ltr'><strong>Filium</strong></span> <span class='ocrx_word' id='word_1_819' title='bbox 3576 4996 3748 5066; x_wconf 77' lang='lat' dir='ltr'><strong>Spiri-</strong></span> 
     </span>
    </p>
   </div>
   <div class='ocr_carea' id='block_1_109' title="bbox 2176 5086 3750 5158">
    <p class='ocr_par' dir='ltr' id='par_1_109' title="bbox 2176 5086 3750 5158">
     <span class='ocr_line' id='line_1_109' title="bbox 2176 5086 3750 5158; baseline 0 -19"><span class='ocrx_word' id='word_1_820' title='bbox 2176 5096 2287 5147; x_wconf 90' lang='lat' dir='ltr'><strong>tus,</strong></span> <span class='ocrx_word' id='word_1_821' title='bbox 2328 5086 2481 5152; x_wconf 81' lang='lat' dir='ltr'><strong>juxta</strong></span> <span class='ocrx_word' id='word_1_822' title='bbox 2524 5087 2814 5140; x_wconf 78' lang='lat' dir='ltr'><strong>verborum</strong></span> <span class='ocrx_word' id='word_1_823' title='bbox 2859 5086 3279 5148; x_wconf 55' lang='lat' dir='ltr'><strong>connexiouem,</strong></span> <span class='ocrx_word' id='word_1_824' title='bbox 3324 5088 3482 5140; x_wconf 88' lang='lat' dir='ltr'><strong>nobis</strong></span> <span class='ocrx_word' id='word_1_825' title='bbox 3526 5088 3576 5139; x_wconf 93' lang='lat' dir='ltr'><strong>iu</strong></span> <span class='ocrx_word' id='word_1_826' title='bbox 3621 5090 3750 5158; x_wconf 83' lang='lat' dir='ltr'><strong>bap-</strong></span> 
     </span>
    </p>
   </div>
   <div class='ocr_carea' id='block_1_110' title="bbox 2180 5178 3749 5247">
    <p class='ocr_par' dir='ltr' id='par_1_110' title="bbox 2180 5178 3749 5247">
     <span class='ocr_line' id='line_1_110' title="bbox 2180 5178 3749 5247; baseline 0 -14"><span class='ocrx_word' id='word_1_827' title='bbox 2180 5181 2341 5234; x_wconf 91' lang='lat' dir='ltr'><strong>tismo</strong></span> <span class='ocrx_word' id='word_1_828' title='bbox 2379 5182 2656 5235; x_wconf 80' lang='lat' dir='ltr'><strong>traditam.</strong></span> <span class='ocrx_word' id='word_1_829' title='bbox 2687 5178 2839 5243; x_wconf 88' lang='lat' dir='ltr'><strong>Quod</strong></span> <span class='ocrx_word' id='word_1_830' title='bbox 2876 5180 2919 5233; x_wconf 92' lang='lat' dir='ltr'><strong>si</strong></span> <span class='ocrx_word' id='word_1_831' title='bbox 2962 5178 3197 5247; x_wconf 88' lang='lat' dir='ltr'><strong>Spiritus</strong></span> <span class='ocrx_word' id='word_1_832' title='bbox 3240 5178 3376 5232; x_wconf 84' lang='lat' dir='ltr'><strong>Filio</strong></span> <span class='ocrx_word' id='word_1_833' title='bbox 3427 5184 3567 5234; x_wconf 89' lang='lat' dir='ltr'><strong>setie</strong></span> <span class='ocrx_word' id='word_1_834' title='bbox 3616 5199 3749 5233; x_wconf 84' lang='lat' dir='ltr'><strong>cou-</strong></span> 
     </span>
    </p>
   </div>
   <div class='ocr_carea' id='block_1_111' title="bbox 2180 5268 3754 5338">
    <p class='ocr_par' dir='ltr' id='par_1_111' title="bbox 2180 5268 3754 5338">
     <span class='ocr_line' id='line_1_111' title="bbox 2180 5268 3754 5338; baseline -0.001 -13"><span class='ocrx_word' id='word_1_835' title='bbox 2180 5273 2452 5333; x_wconf 88' lang='lat' dir='ltr'><strong>nectitur,</strong></span> <span class='ocrx_word' id='word_1_836' title='bbox 2508 5270 2656 5325; x_wconf 73' lang='lat' dir='ltr'><strong>Patri</strong></span> <span class='ocrx_word' id='word_1_837' title='bbox 2710 5283 2886 5324; x_wconf 89' lang='lat' dir='ltr'><strong>autem</strong></span> <span class='ocrx_word' id='word_1_838' title='bbox 2945 5268 3135 5335; x_wconf 68' lang='lat' dir='ltr'><strong>Filius,</strong></span> <span class='ocrx_word' id='word_1_839' title='bbox 3186 5278 3238 5323; x_wconf 86' lang='lat' dir='ltr'><strong>el.</strong></span> <span class='ocrx_word' id='word_1_840' title='bbox 3296 5268 3560 5338; x_wconf 81' lang='lat' dir='ltr'><strong>Spiritus,</strong></span> <span class='ocrx_word' id='word_1_841' title='bbox 3605 5270 3754 5324; x_wconf 81' lang='lat' dir='ltr'><strong>Patri</strong></span> 
     </span>
    </p>
   </div>
   <div class='ocr_carea' id='block_1_112' title="bbox 2182 5366 2477 5421">
    <p class='ocr_par' dir='ltr' id='par_1_112' title="bbox 2182 5366 2477 5421">
     <span class='ocr_line' id='line_1_112' title="bbox 2182 5366 2477 5421; baseline -0.014 0"><span class='ocrx_word' id='word_1_842' title='bbox 2182 5366 2412 5421; x_wconf 74' lang='lat' dir='ltr'><strong>scilicet.</strong></span> <span class='ocrx_word' id='word_1_843' title='bbox 2460 5384 2477 5417; x_wconf 85' lang='grc' dir='ltr'><strong>ι</strong></span> 
     </span>
    </p>
   </div>
   <div class='ocr_carea' id='block_1_113' title="bbox 2255 5453 3760 5526">
    <p class='ocr_par' dir='ltr' id='par_1_113' title="bbox 2255 5453 3760 5526">
     <span class='ocr_line' id='line_1_113' title="bbox 2255 5453 3760 5526; baseline -0.003 -16"><span class='ocrx_word' id='word_1_844' title='bbox 2255 5458 2400 5513; x_wconf 89' lang='lat' dir='ltr'><strong>ldern</strong></span> <span class='ocrx_word' id='word_1_845' title='bbox 2435 5459 2522 5510; x_wconf 90' lang='lat' dir='ltr'><strong>ubi</strong></span> <span class='ocrx_word' id='word_1_846' title='bbox 2566 5472 2729 5526; x_wconf 76' lang='lat' dir='ltr'><strong>Supra</strong></span> <span class='ocrx_word' id='word_1_847' title='bbox 2775 5474 2787 5510; x_wconf 89' lang='lat'>:</span> <span class='ocrx_word' id='word_1_848' title='bbox 2830 5474 2846 5504; x_wconf 73' lang='grc' dir='ltr'>ί</span> <span class='ocrx_word' id='word_1_849' title='bbox 2882 5454 3037 5509; x_wconf 73' lang='lat' dir='ltr'><strong>Unus</strong></span> <span class='ocrx_word' id='word_1_850' title='bbox 3065 5461 3246 5507; x_wconf 84' lang='lat' dir='ltr'><strong>autem</strong></span> <span class='ocrx_word' id='word_1_851' title='bbox 3278 5464 3331 5508; x_wconf 87' lang='lat' dir='ltr'><strong>et</strong></span> <span class='ocrx_word' id='word_1_852' title='bbox 3364 5453 3598 5523; x_wconf 88' lang='lat' dir='ltr'><strong>Spiritus</strong></span> <span class='ocrx_word' id='word_1_853' title='bbox 3633 5470 3760 5508; x_wconf 88' lang='lat' dir='ltr'><strong>san-</strong></span> 
     </span>
    </p>
   </div>
   <div class='ocr_carea' id='block_1_114' title="bbox 2186 5546 3763 5621">
    <p class='ocr_par' dir='ltr' id='par_1_114' title="bbox 2186 5546 3763 5621">
     <span class='ocr_line' id='line_1_114' title="bbox 2186 5546 3763 5621; baseline -0.002 -18"><span class='ocrx_word' id='word_1_854' title='bbox 2186 5564 2302 5608; x_wconf 70' lang='lat' dir='ltr'><strong>elus</strong></span> <span class='ocrx_word' id='word_1_855' title='bbox 2329 5551 2577 5606; x_wconf 74' lang='lat' dir='ltr'><strong>uniPatii</strong></span> <span class='ocrx_word' id='word_1_856' title='bbox 2600 5568 2693 5621; x_wconf 56' lang='lat' dir='ltr'><strong>per</strong></span> <span class='ocrx_word' id='word_1_857' title='bbox 2721 5567 2885 5604; x_wconf 89' lang='lat' dir='ltr'><strong>unum</strong></span> <span class='ocrx_word' id='word_1_858' title='bbox 2911 5546 3104 5601; x_wconf 78' lang='lat' dir='ltr'><strong>Filium</strong></span> <span class='ocrx_word' id='word_1_859' title='bbox 3124 5551 3485 5605; x_wconf 82' lang='lat' dir='ltr'><strong>connectitur.</strong></span> <span class='ocrx_word' id='word_1_860' title='bbox 3517 5567 3533 5597; x_wconf 78' lang='grc' dir='ltr'><strong>ι</strong></span> <span class='ocrx_word' id='word_1_861' title='bbox 3564 5548 3625 5600; x_wconf 76' lang='lat' dir='ltr'><strong>L&#39;t</strong></span> <span class='ocrx_word' id='word_1_862' title='bbox 3646 5557 3763 5617; x_wconf 82' lang='lat' dir='ltr'><strong>post</strong></span> 
     </span>
    </p>
   </div>
  </div>
