4462 6440
803 382 875 441 35
933 396 938 403 '
2065 393 2465 454 MANUELIS
2501 396 2565 454 ΕΑ

2280 395 2465 454 'ELIS
2501 396 2805 455 cauca;
3976 408 4042 479 αδ

805 531 1008 584 pauca:
1038 535 1052 565 ι
1082 516 1172 567 Est
1194 517 1351 582 igitur
1372 520 1471 569 iter
1489 520 1552 569 ad
1574 522 1899 584 agnitioni-nt
1930 526 2016 578 Dei
2038 528 2105 579 ab
2130 544 2237 579 uno
2257 527 2375 595 Spi-
2409 513 2452 566 Α
2483 524 2567 561 0‘5

2284 530 2375 595 ινδ,
2409 513 2452 566 Α
2483 510 2749 572 essentitr,
2786 524 2959 577 neque
2992 511 3227 574 habitus,
3267 529 3442 581 neque
3488 518 3743 574 discretio
3787 538 4046 591 persona-

807 608 910 656 lllll
934 621 1025 670 per
1051 622 1214 656 unum
1233 604 1452 664 Filium.
1476 609 1541 658 ad
1572 626 1735 663 unum
1762 612 2173 681 l'atrcm,atqt:e
2192 635 2220 667 e
2240 633 2371 669 corr-

802 694 962 745 v't-rso
1001 698 1266 747 naturalis
1320 700 1554 761 leuitas,
1587 703 1958 769 naturalisque
1990 707 2369 772 sanctificatio,

800 798 859 832 ae
886 784 1027 847 regia
1052 784 1311 847 dignitas,
1340 801 1401 835 ex
1439 785 1598 837 l’atre
1623 804 1713 854 per
1744 788 2093 856 L‘nigenitutn
2110 792 2174 845 ad
2200 793 2370 861 Spiri-

801 884 909 919 tnnr
964 883 1227 936 penetrat.
1284 871 1355 923 lla
1392 886 1441 924 et
1494 893 1739 942 persona:
1787 884 2157 942 cunSentiunt.
2210 894 2371 951 atque

799 961 943 1009 unici
986 960 1319 1025 principatus
1358 964 1501 1028 pium
1535 965 1726 1029 dogma
1763 983 1867 1016 non
1905 968 2125 1020 decidit.
2169 988 2186 1018 ι

867 1028 1231 1079 Darnascenus
1298 1032 1348 1080 in
1427 1028 1624 1095 quarto
1689 1034 2122 1103 Tlieologicoruin
2196 1038 2369 1106 ipsius

790 1117 1075 1181 capitulo:
1117 1134 1133 1165 ι
1176 1116 1338 1179 Deus,
1398 1121 1591 1187 inquit,
1650 1125 1886 1191 Spiritus
1969 1138 2190 1181 Sﬂlli'lUN‘
2249 1141 2363 1191 est,

796 1207 1012 1255 lucilius
1070 1207 1292 1272 iugi-niti
1338 1224 1401 1261 ac
1444 1213 1648 1275 geniti;
1721 1224 1773 1264 et
1826 1232 1919 1281 per
1966 1216 2159 1269 Filium
2216 1220 2362 1273 Patri

788 1297 1153 1345 connectitur.
1215 1316 1232 1345 ι
1274 1298 1327 1348 Si
1384 1301 1550 1366 igitur
1599 1319 1694 1368 per
1748 1304 1860 1358 haec
1911 1311 2091 1358 otnnia
2142 1307 2259 1360 Fdii
2312 1311 2363 1361 in

790 1394 977 1435 sancta
1034 1382 1303 1437 Tt'itritalc
1352 1391 1611 1441 mediatio
1671 1394 1869 1455 elucet,
1926 1398 2198 1461 quomodo
2245 1400 2364 1450 sine

788 1471 965 1521 nrei'io
992 1488 1052 1522 cx
1084 1472 1241 1525 l‘atre
1273 1475 1511 1542 Spiritus
1546 1490 1648 1539 est,
1685 1492 1776 1532 aut
1804 1490 2078 1549 quomodo
2112 1489 2200 1549 qui
2244 1490 2363 1539 sine

787 1562 962 1613 int-dio
1011 1575 1325 1616 asseverant
1375 1566 1641 1632 Spiritum
1677 1586 1703 1620 ιι
1746 1570 1881 1621 Filio
1933 1589 2036 1625 non
2084 1576 2364 1627 dividunt?

783 1652 1069 1712 Qttonrudo
1110 1669 1269 1705 unam
1332 1656 1381 1707 in
1424 1656 1692 1710 Tt'iuitate
1746 1661 2006 1715 licitatcm
2050 1679 2106 1716 se
2144 1683 2361 1719 servare

782 1744 1149 1793 Conlitetrtur?
1180 1744 1464 1806 Quomodo
1506 1749 1808 1801 secundum
1856 1753 1979 1805 il’lus
2041 1764 2191 1806 extra
2231 1754 2359 1807 Ver-

781 1836 907 1887 bum
943 1838 1181 1903 Spiritus
1224 1856 1331 1892 non
1368 1844 1494 1894 est?
1523 1846 1813 1907 Quomodo
1875 1848 1924 1899 id
1961 1866 2179 1901 servare
2213 1862 2362 1917 pote—

777 1939 923 1987 runt,
979 1931 1121 1993 quod
1176 1930 1379 1981 dicitur
1431 1949 1446 1984 :
1499 1933 1682 1998 Neque
1734 1935 1929 1989 Filium
1982 1940 2099 1991 sine
2153 1939 2358 2006 Spiritu

779 2015 978 2074 facere.
1021 2020 1163 2070 sicut
1211 2036 1387 2085 neque
1440 2023 1556 2073 sine
1605 2024 1743 2075 Filio
1794 2025 2358 2094 Patrem?Quotnodo

776 2108 1010 2159 nouerit
1040 2124 1157 2160 sine
1198 2110 1405 2175 Spiritu
1454 2111 1677 2165 Filius?
1726 2117 2014 2180 Quourodo
2049 2122 2360 2173 sanctitiea-

773 2199 919 2249 tione
970 2200 1227 2257 naturali.
1265 2210 1318 2252 et
1366 2203 1599 2253 naturali
1654 2206 1893 2260 bonitate
1940 2224 2002 2260 ex
2056 2210 2217 2261 Patre
2266 2226 2358 2277 per

781 2287 1128 2354 l'nigenitum
1156 2290 1220 2340 ad
1250 2289 1510 2356 Spiritum
1539 2304 1785 2346 sanctum
1820 2298 2147 2365 pertingere,
2176 2313 2357 2366 perso-

773 2394 868 2431 nas
927 2379 1082 2441 juxta
1140 2381 1399 2432 traditum
1453 2383 1699 2457 ordinem
1756 2387 2203 2449 confitebuntur,
2261 2393 2351 2454 qui

772 2468 1037 2534 Spiritum
1098 2484 1159 2521 ex
1213 2469 1379 2523 Patre
1436 2472 1552 2523 solo
1600 2488 1720 2526 esse
1768 2476 1995 2528 dirum?
2047 2477 2354 2545 linicn'quc

770 2559 1108 2625 principatus
1152 2561 1300 2626 pium
1350 2563 1566 2627 dogma,
1603 2565 1877 2629 quomodo
1922 2581 2028 2618 non
2065 2568 2170 2621 illis
2202 2568 2348 2622 deci-

767 2648 898 2699 det?
930 2650 1190 2709 anenam
1216 2666 1343 2703 vero
1368 2653 1696 2715 necessitas,
1734 2670 2012 2718 nunruarn
2043 2657 2120 2707 vel
2150 2656 2343 2722 fuisse,

768 2740 845 2791 vel
887 2740 999 2791 lore
1048 2742 1164 2792 sine
1220 2742 1426 2808 Spiritu
1480 2743 1722 2796 Filium?
1764 2745 1896 2797 Nam
1940 2748 1983 2798 si
2023 2758 2149 2799 sunt
2186 2752 2346 2803 amlro

763 2845 823 2880 ex
859 2830 1017 2883 Patre
1052 2830 1169 2882 sine
1213 2834 1415 2893 rrredio,
1454 2851 1558 2885 non
1600 2836 1702 2885 ista
1740 2837 1909 2901 magis
1946 2836 2010 2889 de
2048 2838 2254 2904 Spiritu
2283 2839 2345 2891 ad

764 2919 983 2985 filium,
1042 2939 1205 2989 quani
1256 2924 1322 2975 de
1358 2924 1493 2976 l-‘slio
1537 2927 1600 2976 ad
1648 2926 1911 2993 Spiritum
1965 2929 2231 2981 dicentur.
2290 2930 2346 2982 Si

763 3014 907 3065 enim
944 3014 1041 3064 ista
1079 3023 1301 3081 prepter
1324 3016 1957 3070 consubstantialitaletn
2005 3021 2343 3083 dieerentnr,

2480 614 2596 649 rum
2642 609 2744 650 est.
2786 598 2891 649 Aut
2942 600 3105 665 igitur
3158 617 3262 652 una
3315 620 3545 668 persona
3579 620 3718 661 esset
3777 610 3945 664 Filius
3994 626 4049 666 et

2476 690 2742 754 Spiritus,
2799 699 2893 743 aut
2946 693 3256 745 nullatenus
3295 699 3358 745 ad
3417 697 3644 749 invicem
3676 716 3733 752 se
3768 702 4045 755 haberent.

2475 780 2603 843 Quae
2631 782 2774 831 enim
2809 782 2938 832 nihil
2974 783 3036 832 ad
3064 798 3119 833 se
3149 783 3379 835 invicem
3414 786 3631 843 habent.
3657 790 3788 841 nihil
3826 808 4048 844 tit-cisse

2474 880 2579 929 est,
2610 870 2738 921 dum
2791 874 3023 923 alterum
3074 871 3418 940 intelligitur,
3461 884 3515 927 et
3569 878 3837 945 reliquum
3884 878 4047 934 simil

2474 959 2723 1027 intelligi.

2541 1046 2837 1109 Ca'tcrum,
2874 1050 3017 1102 sicut
3067 1066 3189 1101 cum
3232 1052 3449 1103 Patrem
3490 1054 3811 1120 cogitamus,
3859 1067 3912 1107 et
3958 1056 4044 1109 Fi-

2472 1137 2575 1187 lius
2609 1139 2925 1190 necessario
2975 1140 3353 1207 subsequitur,
3390 1158 3512 1194 cum
3560 1144 3644 1196 hic
3692 1160 3755 1197 cx
3805 1162 3871 1198 eo
3916 1150 4042 1197 sub-

2470 1230 2727 1279 stantiam
2756 1231 2980 1295 reperit,
3036 1231 3124 1283 iile
3157 1233 3391 1293 dederit,
3424 1244 3587 1301 atque
3624 1237 3749 1288 lzinc
3789 1237 3947 1287 simul
3988 1246 4040 1287 et

2466 1330 2631 1365 causa
2661 1324 2712 1367 et
2742 1318 2959 1369 rattsale
2990 1319 3313 1383 intelligitur
3360 1338 3373 1370 :
3408 1323 3475 1373 ita
3514 1325 3699 1384 etiam,
3729 1325 3855 1374 dmn
3892 1327 4038 1387 rogi-

2469 1412 2612 1453 tatur
2662 1402 2853 1467 Filius,
2902 1410 3160 1473 quoniam
3196 1411 3357 1466 simul
3402 1422 3453 1462 et
3488 1411 3749 1478 Spiritum
3795 1416 4035 1481 Cogitare

2467 1495 2777 1545 necessario
2807 1497 3072 1562 COgimur,
3105 1500 3327 1550 omnino
3357 1501 3565 1552 ordinis
3593 1513 3756 1568 atque
3806 1504 3869 1553 ad
3903 1506 4038 1554 inv?-

2466 1595 2580 1631 eenr
2620 1583 2837 1634 habitus
2873 1586 3010 1636 ratio
3035 1601 3197 1638 causa
3232 1599 3332 1643 est.
3362 1604 3638 1657 perquam
3665 1607 3727 1642 ex
3756 1590 3914 1644 Patre
3940 1610 3986 1659 IN
4010 1609 4035 1645 r

2465 1668 2656 1721 F.liurn
2693 1687 2815 1725 esse
2844 1672 3080 1741 Spiritus
3108 1676 3268 1728 habet
3308 1695 3321 1730 :
3360 1690 3412 1730 et
3443 1680 3741 1731 secundum
3768 1697 3927 1747 quam
3962 1698 4029 1735 ex

2467 1760 2640 1822 primo
2669 1776 2761 1827 per
2798 1762 3036 1814 medium
3070 1771 3124 1815 et
3148 1781 3292 1824 esse,
3319 1775 3371 1817 et
3396 1767 3689 1833 procedere
3711 1783 3738 1819 a
3770 1770 4033 1837 theologis

2465 1848 2752 1909 asseritur,
2814 1859 2978 1915 atque
3033 1852 3098 1900 ad
3152 1851 3382 1903 invicem
3430 1862 3483 1904 et
3526 1855 3931 1918 discernuntur,
3980 1864 4034 1908 et

2466 1940 2799 1989 referuntur.

2539 2027 2733 2079 Verum
2784 2030 3064 2081 enimvero
3100 2033 3209 2095 ipsa
3246 2045 3460 2096 queque
3485 2046 3512 2083 a
3541 2033 3742 2084 sanctis
3781 2030 4032 2086 Patribus

2460 2119 2525 2170 de
2583 2128 2770 2171 sancta
2838 2117 3107 2171 Trinitate
3165 2120 3320 2172 nobis
3368 2122 3563 2173 tradita
3627 2123 3894 2189 exempla,
3952 2123 4031 2175 vel

2458 2209 2866 2269 similitudines,
2931 2209 3246 2275 praedictum
3311 2211 3617 2262 divinarum
3674 2226 4027 2279 perSonarum

2456 2300 2699 2350 Ordinem
2794 2300 3529 2368 consubstantialit'itenrque
3623 2306 4024 2356 commendarit.

2458 2387 2702 2455 Denique
2751 2400 2803 2442 et
2860 2388 3158 2457 Gregorius
3189 2392 3427 2443 eximius
3462 2392 3514 2443 in
3548 2393 3663 2445 suis
3708 2394 4027 2461 Iheologicis

2456 2478 2799 2531 sernmnibus
2880 2480 2955 2533 ait
2993 2498 3004 2533 :
3042 2499 3059 2532 ι
3093 2481 3315 2536 Oculum
3348 2492 3401 2535 et
3431 2482 3650 2547 fontem,
3694 2484 4027 2552 ﬂuviumque

2453 2567 2957 2631 animadvertimus,
3026 2590 3044 2621 ι
3100 2570 3314 2623 oculum
3372 2572 3616 2637 quidem,
3678 2572 3729 2624 in
3791 2573 4025 2639 inrigare

2454 2658 2629 2709 Patris
2678 2660 2998 2726 accipiens,
3062 2661 3265 2713 fontem
3325 2674 3529 2724 autem,
3580 2660 3735 2723 Filii;
3796 2663 4021 2715 fluvium

2451 2765 2577 2801 Vero
2603 2762 2795 2803 sancto
2828 2752 3048 2818 Spiritui
3082 2753 3395 2818 assignans.
3444 2752 3597 2804 Sicut
3641 2756 3806 2818 igitur
3844 2755 3893 2805 in
3929 2756 4024 2805 trio

2452 2840 2551 2890 bus
2597 2840 2680 2892 his
2729 2841 2863 2893 ordo
2917 2840 3228 2909 inspicitur,
3276 2842 3573 2893 secundum
3625 2858 3781 2909 quem
3813 2844 4021 2911 aliquid

2449 2930 2565 2981 sine
2597 2932 2773 2982 nredio
2813 2946 2877 2983 ex
2925 2934 3101 3000 prinro
3132 2948 3225 2999 per
3260 2934 3525 2995 lllt‘dllllll,
3561 2951 3623 2988 ac
3669 2951 3763 3007 per
3812 2936 4016 2989 fontem

2447 3020 2667 3084 ﬂuvius,
2703 3036 2810 3073 non
2846 3022 3001 3088 quasi
3030 3038 3123 3090 per
3154 3024 3580 3077 instrumentum
3614 3026 3891 3093 prodit-ns,
3927 3042 4021 3095 per

760 3105 991 3157 omnino
1031 3106 1250 3158 illorum
1309 3107 1372 3159 ad
1436 3123 1493 3161 se
1554 3109 1782 3162 invicem
1836 3112 2121 3165 conversio
2169 3113 2415 3200 licret.C
2452 3112 2627 3178 ipsum
2690 3113 3054 3165 substantiam
3120 3114 3312 3178 habet,
3377 3126 3430 3167 et
3486 3132 3589 3167 una
3655 3117 3875 3185 quidem
3933 3133 4020 3172 res

760 3198 956 3262 quippe
988 3196 1302 3263 liujusmodi
1330 3210 1727 3252 convertuntur
1763 3220 1775 3252 :
1817 3202 1908 3254 sed
1956 3212 2170 3255 constat
2222 3219 2344 3271 pro-

761 3291 920 3353 l’ecto,
951 3301 1167 3359 propter
1204 3290 1456 3343 ordinem
1490 3303 1653 3359 atque
1710 3293 1952 3345 habiturn
2000 3295 2066 3345 ad
2107 3296 2340 3349 invitent

758 3381 859 3433 ista
911 3382 1058 3432 dicta
1118 3398 1261 3443 isse,
1298 3384 1599 3435 secundum
1648 3398 1809 3449 quem
1857 3400 2102 3449 ρίτδτιιιίε
2146 3389 2341 3438 divitue

754 3470 1120 3523 substantiam
1182 3474 1510 3537 sempiterno
1564 3474 1785 3535 habent,
1841 3476 1989 3542 iuxta
2042 3492 2337 3542 processus

754 3562 1138 3623 tlill'erentiam,
1213 3564 1303 3627 qtti
1359 3564 1522 3614 etiam
1577 3564 1875 3618 immobilis
1946 3577 2061 3630 est;
2110 3567 2235 3633 quia
2286 3574 2339 3618 et

755 3651 1065 3703 substantia
1104 3652 1401 3705 imnrobilis
1432 3668 1535 3705 est.
1566 3655 1775 3709 Idcirco
1793 3658 1953 3709 etiam
1982 3658 2184 3708 dictum
2210 3666 2333 3708 est:

754 3742 923 3794 Fiiius
979 3753 1158 3794 autem
1213 3755 1439 3796 sanctus
1495 3745 1729 3813 Spiritus
1795 3762 1967 3811 neque
2014 3758 2118 3808 est,
2163 3761 2338 3814 neque

749 3838 978 3899 dicitur,
1018 3854 1197 3907 neque
1255 3841 1597 3892 convertitur
1651 3840 2087 3894 habitualis‘ista
2139 3854 2334 3893 consc-

748 3932 993 3994 quentia.

819 4024 982 4075 (Ir-rte
1011 4039 1242 4092 magnus
1267 4038 1485 4091 quoque
1516 4024 1875 4090 Athanasius,
1908 4027 1957 4080 in
1989 4036 2138 4081 temo
2170 4044 2330 4098 quem

748 4116 811 4166 ad
858 4114 1233 4169 Antiochenos
1275 4116 1498 4183 scripsit
1535 4134 1549 4169 :
1582 4117 1841 4185 Oportet,
1894 4120 2097 4185 inquit,
2127 4131 2179 4173 ct
2237 4138 2333 4177 cos

745 4208 1231 4269 anathematizare,
1283 4212 1376 4277 qui
1426 4219 1680 4262 asserunt
1733 4210 1993 4278 Spiritum
2077 4224 2328 4265 sanctum

744 4315 770 4348 a
805 4298 1010 4351 Christi
1068 4299 1306 4351 eSsentia
1368 4299 1601 4352 divisum
1669 4314 1812 4353 esse.
1867 4318 1883 4350 ι
1930 4298 2173 4364 Qualiter
2229 4302 2329 4366 igi-

744 4401 832 4442 tur
894 4401 942 4442 ct
977 4392 1069 4459 qui
1111 4392 1375 4459 Spiritum
1439 4402 1747 4445 creaturam
1786 4408 1904 4447 esse
1960 4395 2235 4457 sentiunt,
2272 4404 2326 4448 et

2448 3202 2751 3269 eademque
2784 3201 3091 3254 substantia
3136 3203 3241 3257 illis
3286 3204 3458 3265 inest;
3502 3220 3641 3272 aqua
3686 3206 3830 3257 enim
3869 3214 4017 3267 sunt,

2445 3292 2633 3341 ordine
2668 3305 2797 3341 vero
2838 3293 3157 3344 sirbstantia:
3210 3292 3279 3343 ab
3316 3292 3547 3345 invii-em
3586 3292 3839 3345 dir'Ierunt
3874 3313 3885 3346 :
3931 3308 4023 3360 pa-

2446 3382 2529 3433 rili
2584 3381 2765 3444 n'odo,
2837 3384 3232 3450 praisupposita
3280 3400 3383 3434 una
3438 3383 3489 3434 in
3542 3396 3730 3436 sancta
3761 3385 3786 3434 Ἰ
3808 3385 4025 3436 rinitate

2443 3472 2703 3531 essentia,
2771 3474 2927 3524 tertia
2985 3488 3218 3540 persona
3265 3488 3329 3524 ex
3393 3473 3588 3537 prima,
3643 3489 3736 3540 per
3785 3472 4019 3524 mediam

2444 3565 2767 3615 naturaliter
2818 3574 2979 3629 atque
3016 3564 3381 3615 essentialiter
3418 3565 3781 3616 substantiam
3812 3563 4017 3617 habet:

2442 3652 2580 3704 unde
2615 3664 2667 3705 et
2699 3670 2791 3721 per
2826 3654 2973 3707 illam
3028 3654 3328 3721 procedere
3369 3656 3592 3707 dicitur.

2515 3745 2627 3797 Hoc
2691 3756 2745 3799 et
2784 3744 3023 3798 Joannes
3075 3745 3465 3809 Datnaseentts,
3524 3747 3589 3799 de
3635 3744 3837 3814 Spiritu
3890 3763 4021 3800 con-

2445 3836 2661 3913 cinens,
2692 3836 2768 3889 ait
2808 3837 2921 3905 (l6)
2956 3854 2968 3887 :
3010 3856 3026 3887 ι
3059 3838 3135 3890 Τυ
3186 3853 3420 3905 namque.
3458 3837 3651 3889 ﬂuvius
3689 3837 3913 3891 llr-italis
3952 3854 4016 3891 cx

2439 3928 2597 3983 Patre
2629 3947 2720 4000 per
2751 3930 2946 3984 Filium
2991 3933 3310 3998 procedens.
3361 3950 3379 3982 ι
3414 3930 3559 3983 Idem
3620 3932 3781 3984 etiarn
3837 3931 4015 3984 'l'treo-

2438 4025 2591 4093 logus
2649 4044 2660 4077 :
2712 4042 2728 4073 ι
2789 4024 3015 4086 Solem,
3070 4023 3281 4092 inquit,
3337 4023 3737 4087 animadverti,
3802 4026 4011 4076 radium

2437 4130 2489 4169 et
2544 4118 2743 4168 lucent.
2805 4136 2829 4167 ι
2876 4117 3030 4168 Sicut
3065 4132 3193 4183 ergo
3244 4116 3333 4166 lux
3379 4130 3444 4166 ex
3482 4115 3595 4167 sole
3642 4132 3733 4183 per
3779 4117 4016 4169 medium

2436 4207 2800 4262 Sulrstautiatn
2834 4208 3013 4267 habet,
3053 4207 3374 4258 naturaliter
3404 4208 3611 4259 scilicet
3638 4218 3798 4276 atque
3831 4223 4019 4261 essen-

2435 4302 2659 4352 tialiter.
2688 4297 3195 4351 Ceusubstantialis
3223 4300 3368 4350 enim
3418 4308 3500 4352 cst
3534 4299 3711 4361 radio,
3753 4301 3871 4354 sine
3908 4318 4016 4368 quo

2436 4394 2524 4444 lux
2570 4392 2813 4459 profecto
2868 4406 2975 4443 non
3012 4400 3158 4443 esset
3206 4392 3328 4443 :ita
3376 4402 3427 4443 et
3462 4392 3527 4443 de
3580 4404 3769 4445 saneto
3812 4376 4014 4459 S,i:itu

739 4482 829 4544 qui
864 4482 1011 4533 illum
1066 4494 1342 4548 utcunque
1385 4483 1520 4533 alias
1564 4484 1833 4547 dividunt,
1870 4485 1994 4538 huic
2044 4487 2327 4541 sententia:
2366 4485 2403 4535 Β
2433 4485 2747 4544 dicendum,
2792 4483 2883 4550 qui
2944 4498 3008 4534 ex
3066 4481 3224 4535 Patre
3275 4497 3373 4550 per
3405 4480 3601 4535 Filium
3650 4483 3942 4551 procedtre
3985 4500 4014 4536 a

738 4573 960 4623 cbnoxii
990 4582 1142 4625 sunt.
1168 4572 1274 4624 Sed
1310 4572 1602 4625 dicendum
1642 4577 2018 4643 potius,juxta
2048 4576 2331 4641 Basiliutn,

738 4666 886 4717 nullo
931 4668 1093 4718 modo
1121 4667 1199 4718 las
1243 4681 1365 4719 esse
1396 4668 1479 4720 vel
1528 4670 1831 4720 sectionem
1874 4669 2039 4721 ullam
2070 4671 2151 4721 Vel
2191 4671 2334 4723 divi-

735 4759 951 4809 sionem
994 4758 1242 4826 cogitare
1297 4776 1308 4809 :
1360 4760 1516 4827 quasi
1548 4762 1628 4811 vel
1670 4758 1843 4813 Fdius
1890 4761 2007 4813 sine
2054 4764 2214 4814 l’atre
2254 4764 2334 4814 in-

736 4850 1037 4917 telligatur,
1080 4852 1163 4904 vrl
1202 4867 1230 4905 a
1264 4850 1404 4904 Filio
1433 4850 1674 4921 Spiritus
1708 4854 2114 4920 disseprrretnr;
2156 4870 2329 4920 neque

732 4940 925 4993 (iCCL'I'C
984 4942 1222 5008 penitus,
1270 4952 1325 4995 ut
1377 4954 1468 4994 aut
1512 4942 1671 4995 l‘aler
1714 4944 1832 4996 sine
1881 4941 2037 5006 Filio,
2072 4952 2162 4995 aut
2204 4946 2321 4997 sine

733 5029 943 5096 Spiritu
1012 5029 1185 5084 Friius
1243 5048 1481 5098 nnqram
1553 5032 1737 5097 fuerit,
1793 5032 1945 5099 juxta
2002 5033 2316 5102 theologum

729 5120 1053 5189 Gregorium
1112 5125 1163 5177 in
1196 5140 1449 5179 sermone
1497 5126 1563 5179 de
1602 5125 1943 5180 Pentecoste.
1987 5125 2105 5179 Nisi
2146 5128 2315 5193 enim,

730 5222 787 5265 ut
839 5214 1045 5266 dictum
1105 5224 1212 5278 est,
1267 5217 1573 5280 personalis
1624 5217 1833 5270 ordinis
1885 5217 2029 5270 ratio
2078 5227 2314 5286 COgeret,

726 5308 1022 5356 secundum
1061 5320 1245 5373 quem,
1298 5318 1355 5359 ut
1386 5324 1442 5361 se
1479 5310 1545 5359 ad
1597 5308 1835 5362 invicem
1889 5308 2093 5362 habent
2133 5309 2318 5362 distri-

723 5395 948 5448 butione
980 5413 1335 5465 processuum
1369 5410 1607 5460 constat.
1638 5400 1766 5453 nihil
1801 5401 2117 5470 prohiberet
2149 5400 2315 5454 etiam

721 5488 839 5541 siue
889 5486 1099 5557 Spiritu
1131 5490 1358 5559 intelligi
1414 5489 1639 5543 Filium.
1687 5490 1821 5545 Nam
1851 5492 2008 5561 juxta
2046 5494 2314 5548 unitatem

789 5694 901 5761 (l6)
956 5694 1205 5749 Gennal.
1273 5706 1408 5750 sect.
1479 5696 1511 5747 5
1587 5698 1689 5751 hoc
1767 5697 2085 5767 Theophani
2152 5698 2307 5752 attri-

718 5762 853 5820 buit.

2435 4575 2707 4643 theologis
2742 4573 3081 4626 coner-ditur.

2505 4666 2599 4719 llis
2632 4665 3029 4719 consentientia
3058 4675 3111 4717 et
3142 4664 3522 4717 Damascenus
3559 4664 3611 4717 in
3646 4665 3762 4716 suis
3810 4664 4020 4716 theolo-

2433 4757 2571 4819 gicis
2602 4756 2856 4823 capitulis
2885 4756 3129 4822 loquitur
3164 4756 3357 4807 dicens
3388 4754 3501 4822 (l7)
3542 4772 3553 4807 :
3595 4774 3611 4804 ι
3659 4753 3897 4822 Spiritus
3922 4769 4015 4820 per

2432 4847 2628 4901 Filium
2669 4858 2928 4916 tanquam
2975 4864 3041 4901 ex
3091 4848 3202 4901 sole
3251 4847 3439 4899 radius
3474 4864 3486 4901 :
3520 4862 3613 4914 per
3644 4847 3852 4898 radium
3888 4860 4015 4897 vero

2432 4942 2587 4993 nobis
2622 4942 2799 5009 fulgur
2828 4942 3084 4994 traditur.
3123 4959 3140 4990 ι
3181 4938 3415 4993 Prorsus
3441 4952 3570 4991 vero
3613 4952 3887 5005 nunquam
3922 4954 4016 5004 per

2431 5033 2604 5086 l’atris
2655 5033 2886 5095 radium,
2944 5030 3141 5083 Filium
3198 5030 3481 5091 videlicet,
3535 5028 3716 5097 fulgor
3775 5028 4014 5097 Spiritus

2427 5128 2674 5188 daretur,
2712 5124 2814 5177 nisi
2857 5140 2950 5193 per
2991 5124 3168 5193 ipsum
3216 5121 3535 5175 naturaliter
3588 5122 4005 5188 haberetesse;

2427 5220 2562 5271 alias
2592 5220 2793 5288 quippe
2821 5234 2916 5286 per
2949 5219 3372 5271 inStrurnenttrzn
3413 5224 3576 5268 esset.

2500 5305 2641 5360 Idem
2674 5318 2933 5377 prieterea
2967 5304 3283 5375 Theologus
3318 5323 3331 5359 :
3366 5321 3383 5357 ι
3424 5303 3728 5369 Iudividuia,
3763 5303 3807 5358 si
3834 5303 4015 5357 brevi-

2428 5411 2511 5455 ter
2538 5399 2832 5455 dicendum
2865 5400 2958 5465 sit,
2990 5400 3042 5453 in
3074 5399 3310 5454 dividuis
3348 5397 3524 5453 deitas
3546 5408 3648 5461 est,
3687 5412 3748 5452 ac
3774 5396 3920 5450 velut
3961 5398 4012 5449 in

2426 5497 2600 5550 tribus
2628 5494 2838 5551 solibus
2870 5493 3168 5562 contiguis,
3203 5508 3309 5546 una
3341 5501 3423 5547 est
3454 5491 3592 5545 lucis
3631 5500 4013 5560 contempera-

2420 5767 2433 5817 Ι
2491 5695 2603 5759 (17)
2646 5694 2895 5750 Gennad.
2931 5705 3063 5750 seet.
3122 5697 3154 5748 3
3188 5695 3320 5750 citat
3374 5694 3599 5766 capital.
3646 5692 3713 5747 33
3752 5690 3991 5761 theolOg.

2443 5773 2659 5817 ).ι;;ιέιιιῑι
2685 5771 2761 5817 Li.

2443 5773 2659 5819 ).t:na~.e.
2685 5771 2761 5820 t.i.
