4462 6440
435 418 500 483 37
1553 428 1847 490 ADVEHF
1864 428 1955 489 US
1993 427 2197 487 GRrEt'.

1923 428 1955 487 5
1993 427 2314 487 GRAECOS
2360 432 2507 492 LIB.
2555 450 2598 491 t.
3618 436 3685 499 38

437 530 535 584 lin.
575 546 594 579 i
642 528 697 583 Si
740 529 903 595 igitur
943 546 1001 586 se
1033 532 1265 587 invicem
1313 536 1598 591 continere
1629 542 1728 593 hoc
1757 548 1862 602 est,
1896 549 1993 594 ter~
2031 539 2071 595 Α
2106 554 2227 594 Sina
2264 541 2489 595 Judauis
2536 542 2839 611 alloquens,
2874 542 2932 597 Si
2971 550 3167 607 autem,
3204 543 3399 612 inquit-
3438 548 3489 596 in
3521 547 3685 612 digito

434 620 570 671 tium
602 634 668 672 ex
701 620 875 687 primo
906 636 998 690 per
1027 623 1261 676 medium
1290 640 1449 689 esse;
1481 628 1638 681 aliter
1672 632 1870 696 quippe
1899 647 2004 684 non

432 716 580 759 esset
627 706 867 763 Trinitas
907 712 1075 776 Deus,
1117 729 1290 782 neque
1327 716 1605 770 individua
1652 719 1864 786 Deitas;
1900 739 2003 776 una

431 798 575 850 enim
602 807 685 852 est
703 798 922 853 luminis
953 807 1378 873 conteiupcratio
1400 808 1569 876 liquet
1588 810 1827 877 profectu
1858 828 1872 866 :
1899 828 2002 866 una

431 902 553 940 cum
582 891 1165 949 consulismntialitate
1193 905 1356 951 etiam
1394 915 1751 966 personarum
1794 906 2002 959 servari

430 977 703 1043 Oidineni,
743 984 1041 1037 secundum
1082 999 1244 1054 quem
1280 990 1434 1043 tertia
1481 1004 1563 1046 est
1603 1008 1667 1046 ex
1704 996 1876 1063 prima
1912 1014 2004 1066 per

432 1071 691 1126 mediam.

502 1164 787 1231 Nysseniis
815 1168 979 1222 etiam
1012 1170 1063 1222 in
1092 1170 1231 1225 libro
1269 1173 1339 1227 De
1376 1187 1557 1230 sancto
1586 1178 1786 1249 Spiritu
1822 1193 2004 1238 contra

429 1255 677 1309 Macedon
705 1276 853 1323 auos,
906 1261 1406 1319 incomniatahileni
1465 1284 1821 1335 personarum
1868 1276 2003 1328 divi-

429 1360 624 1399 narum
664 1352 964 1403 secundum
992 1356 1306 1409 .essentiam
1369 1359 1732 1430 ordinemque
1786 1363 1999 1418 illaruai

430 1438 496 1491 ad
521 1440 755 1494 invicem
790 1444 1034 1506 tradens.
1065 1463 1270 1516 eosque
1296 1450 1640 1512 insimulatis.
1665 1457 1756 1522 qni
1787 1470 2003 1525 piopter

431 1534 771 1597 personalein
807 1537 1078 1600 ordinem,
1115 1540 1320 1607 ﬁliique
1360 1545 1765 1610 mediationen),
1826 1550 2005 1601 immi-

433 1623 713 1678 nutioiieni
748 1627 1092 1683 introducere
1126 1634 1409 1693 auderent.
1442 1637 1649 1691 addidit
1691 1658 1703 1692 :
1752 1658 1773 1690 i
1823 1641 1999 1694 Veluti

427 1712 473 1764 si
505 1727 629 1779 quis
666 1714 717 1765 in
748 1715 923 1770 tribus
976 1719 1276 1775 luminibus
1317 1722 1549 1776 divisam
1582 1726 1798 1780 intuens
1842 1728 1999 1783 ﬂam-

429 1818 857 1869 ma.n;causam
914 1824 1043 1861 vero
1094 1813 1237 1864 tertii
1287 1814 1508 1868 luminis
1554 1818 1782 1885 primani
1845 1820 1997 1873 ﬂaui-

428 1910 567 1950 mam
596 1911 721 1950 esse
747 1912 1156 1968 supponainus;
1200 1919 1321 1972 quze
1379 1922 1441 1961 ex
1479 1908 1863 1965 distributione
1903 1929 1998 1982 per

426 1988 669 2041 medium
718 2004 1032 2057 supremum
1082 1995 1393 2050 intenderit.
1448 1997 1681 2063 Deinde,
1731 2003 1780 2055 in
1830 2006 2000 2072 prima

426 2076 647 2132 ﬂamma
679 2079 918 2134 calorem
958 2084 1237 2139 abundare
1264 2098 1456 2154 parat;
1506 2090 1558 2143 in
1594 2096 1841 2159 sequenti
1872 2112 2002 2151 vero

424 2170 771 2235 decrescere,
822 2189 1053 2243 eamque
1088 2177 1527 2234 immutationem
1569 2184 1621 2236 in
1668 2187 1848 2240 minus
1881 2205 2002 2243 vcr-

424 2279 587 2334 gerc;
621 2273 835 2319 tertiam
871 2283 937 2321 ne
990 2269 1166 2338 ignem
1218 2273 1437 2340 quidem
1481 2275 1594 2344 jam
1625 2277 1753 2343 dici,
1786 2284 1999 2337 etiamsi

425 2353 680 2411 similiter
731 2359 939 2424 ardeat,
989 2370 1043 2415 et
1092 2362 1294 2425 luceat,
1346 2374 1397 2419 et
1442 2377 1643 2422 cuneta
1691 2386 1813 2439 qua:
1869 2383 2001 2428 sunt

425 2444 569 2513 ignis
608 2457 889 2514 operetur.
937 2467 955 2499 ι

494 2534 559 2589 Et
587 2552 650 2590 ex
686 2538 788 2591 hoc
825 2538 985 2608 igitur
1014 2542 1263 2612 exemplo
1284 2544 1472 2615 liquet.
1501 2550 1719 2605 tertium
1738 2568 1799 2606 ex
1826 2557 2000 2624 primo

425 2639 525 2692 per
572 2627 809 2681 medium
855 2634 1223 2688 essentialiter
1262 2652 1383 2691 esse
1432 2639 1653 2696 habere.
1688 2642 1761 2697 Ex
1811 2648 2033 2700 distri-‘

427 2714 655 2771 butione
685 2717 830 2771 enim
863 2722 1027 2774 medii
1058 2738 1378 2792 supremum
1412 2728 1629 2784 incendi
1663 2733 1864 2787 dictum
1886 2747 1995 2802 est;

424 2816 591 2876 atque
661 2826 769 2864 una
817 2813 1037 2880 quidem
1090 2817 1321 2874 ﬂamina:
1373 2823 1680 2878 substantia
1728 2836 1839 2893 est;
1893 2845 1996 2882 iinn

426 2906 630 2964 tamen,
679 2904 822 2968 quod
880 2908 1178 2962 secundum
1232 2914 1591 2969 substantiam
1656 2920 1845 2973 cst—in
1892 2921 2000 2974 ullo

425 2991 592 3044 trium
639 2996 820 3051 minus
857 2997 1172 3068 insp'citur.

499 3082 761 3140 Summus
811 3091 973 3143 etiam
1021 3094 1448 3163 Cbrysostomns
1490 3100 1542 3153 in
1573 3102 1781 3170 psalmo
1823 3120 1994 3159 XCIII:

2113 630 2155 680 I)
2191 635 2206 683 i
2235 632 2387 698 ejicio
2417 634 2700 694 ιΙιειηοιιῗιι,
2758 636 2992 700 pio/ecta
3017 636 3245 699 pervenit
3276 637 3324 684 in
3357 651 3443 707 vos
3470 652 3685 702 regnum

2112 721 2203 773 Dei
2237 724 2301 775 ".
2336 722 2572 789 [lignum
2613 725 2716 776 hoc
2753 725 2804 777 in
2848 726 2964 779 loco
2998 726 3260 795 Spiritum
3301 741 3431 777 sane.
3462 741 3550 777 um
3585 736 3681 787 ait,

2109 813 2522 879 quodaminodo
2569 813 2754 866 divina
2801 816 3035 867 essentia
3092 826 3366 868 exprtnni.
3408 825 3568 881 atque
3618 830 3683 867 ex

2105 915 2164 951 ea
2200 901 2521 953 naturaliter
2550 901 2873 969 pendentem
2903 942 2919 962 ,
2992 904 3132 954 sicut
3172 912 3221 953 et
3254 904 3459 970 digitus
3489 918 3550 953 es
3584 902 3684 954 liti-

2107 1002 2269 1039 maizn
2313 989 2510 1055 pendet
2540 1003 2727 1041 manu.
2763 987 3054 1041 Braeliiuni
3089 991 3288 1055 quippe
3321 989 3434 1049 Dei,
3466 1002 3512 1040 ei
3553 990 3687 1041 des-

2107 1085 2300 1135 teram,
2363 1073 2557 1128 Filium
2616 1091 2786 1129 sacra:
2842 1075 3065 1129 Littera:
3119 1077 3425 1142 appellant,
3481 1085 3538 1128 ut
3601 1085 3684 1128 est

2107 1165 2235 1218 illud
2283 1180 2296 1217 :
2344 1162 2579 1217 Sahtavit
2624 1168 2721 1218 sibi
2764 1169 2978 1218 dextera
3010 1167 3145 1232 ejus,
3174 1178 3220 1218 et
3266 1166 3534 1217 brachium
3565 1182 3687 1217 stm-

2108 1266 2246 1309 ctum
2291 1272 2409 1324 ejus
2442 1257 2507 1309 ¹⁶.
2549 1258 2625 1311 Ac
2678 1273 2897 1310 rursum
2952 1298 2963 1310 .
3019 1258 3257 1315 Domine.
3304 1259 3567 1310 excelsum
3609 1267 3684 1308 est

2107 1350 2381 1401 brachium
2423 1358 2591 1411 tuum,
2627 1360 2675 1402 et
2728 1351 3020 1402 nescierunt
3055 1368 3071 1402 :
3105 1353 3323 1403 scientes
3355 1364 3527 1402 autem
3561 1368 3687 1403 cou-

2107 1442 2395 1509 fuudentur
2437 1444 2500 1493 "’.
2541 1442 2693 1495 Sicut
2724 1458 2854 1511 ergo
2896 1444 3181 1496 liiacliinm
3232 1445 3548 1495 naturaliter
3585 1443 3681 1496 tuti

2107 1528 2318 1596 corpori
2353 1538 2664 1597 eoaptatum
2708 1537 2812 1591 est,
2881 1540 3080 1583 cuneta
3138 1546 3402 1599 oneratis,
3456 1545 3684 1596 qumque

2106 1625 2273 1676 tuenti
2308 1624 2417 1677 \Esa
2466 1621 2693 1685 fuerint,
2750 1624 2904 1680 uu'zit
2952 1633 3155 1683 autem,
3207 1634 3466 1675 consuete
3513 1621 3683 1689 dgito

2106 1715 2171 1767 all
2222 1714 2326 1767 hoc
2382 1723 2569 1778 utens;
2622 1718 2694 1764 ita
2743 1722 2796 1765 et
2846 1712 3078 1764 Verbum
3116 1714 3205 1764 Dii
3244 1730 3303 1765 ex
3344 1716 3483 1779 ipso.
3525 1722 3573 1764 et
3628 1714 3681 1762 in

2108 1805 2229 1872 ipso
2274 1804 2598 1857 naturaliter
2640 1813 2803 1873 atque
2865 1806 3229 1859 cssriitialitcr
3256 1816 3590 1873 co:iptatum,
3628 1814 3685 1853 ut

2106 1897 2177 1949 ita
2209 1895 2460 1960 dixerim,
2505 1906 2668 1963 atque
2729 1906 2975 1950 exortum
3031 1898 3339 1965 cogitainus
3380 1916 3393 1951 :
3440 1899 3490 1950 in
3544 1896 3683 1950 Filio

2105 1997 2288 2041 autem
2326 1987 2647 2040 naturaliter
2696 1989 2844 2053 item,
2887 1997 2939 2041 et
2982 1989 3355 2042 essentialitcr
3392 1998 3683 2056 penetran-

2108 2087 2213 2131 tem
2253 2093 2281 2131 a
2323 2075 2485 2131 Patre
2541 2077 2806 2146 Spiritum
2852 2090 3127 2138 sanetum,
3171 2095 3264 2147 per
3293 2096 3454 2147 quem
3496 2084 3681 2132 omnia

2106 2170 2376 2238 inniigcns
2402 2170 2725 2224 sanctilieat.
2754 2167 2869 2222 Non
2901 2168 3067 2237 igitur
3089 2170 3298 2222 alienus
3341 2184 3405 2223 ac
3443 2179 3681 2223 remotus

2104 2275 2133 2313 a
2173 2260 2353 2312 divina
2400 2260 2638 2312 essentia
2682 2260 2896 2312 videtur
2934 2259 3174 2323 Spiritus
3218 2269 3464 2321 sanctus,
3497 2260 3587 2310 sed
3623 2260 3672 2310 ii:

2105 2347 2243 2416 ipsa,
2274 2357 2437 2415 atque
2463 2363 2526 2400 ex
2563 2349 2679 2415 ipsa
2730 2347 3055 2400 naturaliter
3098 2354 3183 2400 est
3216 2364 3229 2399 :
3269 2347 3412 2401 sicut
3447 2361 3629 2429 neque
3652 2362 3680 2400 a

2104 2456 2336 2509 Corpore
2385 2441 2589 2509 digitus
2630 2440 2730 2509 ipsi
2796 2440 2980 2493 manui
3039 2439 3311 2505 ingenitus
3362 2449 3525 2506 atque
3574 2456 3681 2494 una

2104 2544 2352 2589 emittis.
2386 2534 2448 2585 Et
2471 2548 2667 2587 manus
2706 2539 2921 2587 rursum
2952 2534 3256 2600 incorpore
3285 2546 3391 2585 non
3427 2533 3654 2588 alterius

2102 2642 2266 2696 quam
2292 2626 2463 2694 ipsius
2496 2626 2813 2679 substantias
2850 2624 3140 2678 exsistens.
3165 2644 3182 2674 ι

2176 2716 2286 2770 Πιτο
2333 2718 2384 2769 in
2421 2717 2544 2770 loco
2590 2732 2684 2785 per
2736 2716 3035 2784 Scriptura:
3089 2718 3375 2785 imaginem
3426 2715 3679 2771 Ecclesia:

2104 2811 2364 2877 magister
2395 2811 2659 2872 Ostendit,
2692 2820 2742 2862 et
2776 2824 3132 2877 personarum
3171 2811 3437 2873 ordinem,
3474 2826 3582 2876 quo
3612 2825 3675 2864 ex

2112 2902 2344 2955 invicem
2409 2901 2678 2970 pendent,
2734 2915 2857 2969 puta
2912 2918 3106 2955 manus
3159 2904 3412 2970 corpori,
3468 2902 3677 2969 digitus

2101 3004 2281 3046 autem
2335 2995 2518 3046 inaniii
2597 2994 2674 3045 vel
2731 2993 2955 3047 brachio
2995 2994 3269 3046 misereat
3327 2996 3675 3048 gseciindum

2103 3102 2263 3154 quem
2295 3088 2540 3140 ordinent
2575 3087 2741 3139 etiam
2787 3086 2979 3139 tertius
3006 3102 3069 3140 ex
3104 3087 3280 3153 primo
3308 3103 3403 3154 per
3437 3087 3673 3139 medium

429 3196 449 3227 ι
493 3176 719 3232 Fontem
747 3182 968 3247 quidem
1016 3187 1249 3253 appellat
1292 3186 1532 3254 Patrem,
1568 3190 1766 3247 ﬂumen
1814 3210 1995 3253 autem
2026 3218 2067 3272 ο
2102 3187 2183 3234 εει

1913 3216 1995 3253 ειη
2026 3218 2067 3272 C
2102 3187 2204 3240 est,
2242 3177 2715 3247 quemadmodum
2739 3187 2791 3229 et
2828 3177 3050 3272 digitus,
3083 3178 3417 3272 naturali-ad
3451 3192 3507 3231 se
3540 3192 3675 3229 coii-

421 3266 645 3323 Fiiium.
678 3285 872 3337 aquam
907 3289 1035 3326 vero
1076 3275 1321 3329 ﬂuminis
1370 3277 1631 3348 Spiritum
1661 3296 1935 3350 sanctum,
1976 3306 1993 3337 ι

423 3362 802 3415 testimonium
836 3379 1126 3421 assumens
1168 3370 1404 3432 Domini,
1450 3374 1541 3441 qui
1581 3375 1657 3427 ait
1690 3392 1702 3424 τ
1736 3375 1837 3440 Qui
1864 3378 2002 3431 bibe-

374 3478 377 3481 »
426 3452 496 3501 rit
514 3465 578 3502 ea:
596 3468 929 3522 nqua,quam
947 3472 1040 3525 ego
1061 3458 1197 3511 dabo
1216 3461 1283 3522 ei,
1305 3478 1406 3515 non
1426 3464 1562 3516 sitiet
1589 3467 1640 3517 in
1658 3476 1911 3521 aeternum
1935 3470 1998 3526 ".

422 3540 582 3605 Quod
641 3558 929 3611 exponens
980 3548 1347 3618 Evangelista,
1398 3553 1509 3607 Hoc
1557 3566 1752 3622 autem,
1804 3560 1999 3628 inquit,

422 3633 634 3685 dicebat
659 3635 723 3687 de
751 3634 955 3705 Spiritu
1001 3656 1149 3708 quem
1186 3649 1448 3711 accepturi
1480 3657 1628 3700 erant
1655 3651 1919 3705 credentes
1948 3653 2001 3707 in

422 3740 544 3776 eum
574 3727 636 3779 ιδ.
667 3725 820 3782 Sicut
846 3746 973 3801 ergo
1013 3748 1152 3799 aqua
1186 3734 1351 3789 fontis
1398 3752 1494 3806 per
1526 3740 1744 3795 ﬂuvium
1783 3752 1976 3798 natura

424 3817 550 3869 liter
578 3833 828 3884 manans,
867 3836 963 3889 per
1008 3823 1185 3891 ipsum
1224 3827 1589 3881 substantiam
1620 3831 1802 3894 habet,
1837 3844 1999 3902 atque

422 3925 550 3965 cum
594 3912 789 3968 ordine
818 3929 925 3967 una
983 3924 1036 3967 et
1065 3917 1254 3971 eadem
1288 3933 1440 3987 aqua:
1466 3922 1792 3989 substantia,
1827 3941 1995 3994 quan-

430 4014 544 4056 tum
582 4003 633 4055 in
669 4005 929 4061 Immanis
987 4006 1380 4077 fragilibusque.
1414 4013 1573 4067 rebus
1608 4009 1867 4082 possibile
1894 4027 1997 4080 est,

424 4105 692 4157 apparere
727 4095 987 4159 cernitur,
1030 4096 1103 4147 ita
1125 4105 1179 4149 et
1216 4097 1283 4150 de
1322 4095 1460 4151 Filio
1482 4113 1545 4153 ac
1574 4110 1765 4155 saneto
1795 4102 1997 4171 Spiritu

422 4182 717 4238 dicendum

498 4274 599 4327 Alii
626 4286 809 4330 autem
854 4286 1170 4331 sanctorum
1220 4277 1438 4333 Patrum
1483 4283 1685 4349 ignem,
1722 4284 1994 4340 ﬂammam

420 4376 479 4421 et
527 4367 728 4431 lucem,
779 4367 832 4420 in
862 4368 1098 4437 imagine
1134 4368 1415 4425 Trinitatis
1453 4387 1887 4444 assumpserunt,
1930 4394 1995 4432 cx

422 4457 624 4526 quibus
655 4461 847 4511 eadem
873 4460 1132 4529 colligere
1170 4462 1314 4515 licet.
1342 4463 1539 4517 Beatus
1578 4466 1705 4518 item
1733 4468 1992 4537 Cyrillus,

419 4547 476 4599 in
529 4545 813 4601 Thesauris
859 4549 994 4615 suis,
1047 4551 1307 4611 radicem,
1383 4568 1592 4605 ramum
1651 4547 2351 4627 lruetuiuqneDPWlilWS
2388 4551 2595 4604 δάάίιίίι
2647 4570 2659 4604 τ

420 4652 523 4706 pro
567 4639 925 4694 siuiiiiiudine
991 4644 1264 4708 suinps't;
1311 4654 1473 4711 atque
1527 4645 1740 4701 Patrem
1790 4666 1994 4717 rosam,

419 4729 610 4782 ﬂorem
672 4729 899 4795 Filium,
977 4732 1274 4801 odorisque
1330 4736 1685 4803 ﬂagrantiam
1733 4738 1993 4808 Spiritum

417 4831 670 4876 sanctum
691 4822 1019 4890 appellavit;
1057 4823 1289 4893 Filiiqiie
1323 4824 1584 4896 Spiritum
1607 4830 1677 4882 ita
1697 4847 1817 4885 esse
1838 4833 1996 4898 dixit,

417 4912 579 4981 quasi
611 4928 865 4980 vaporem
912 4931 977 4969 ex
1025 4931 1186 4983 aqua,
1221 4933 1285 4973 ac
1318 4919 1483 4973 vt-luti
1508 4921 1823 4989 qualitatem
1856 4927 1993 4992 ejus.

419 5002 581 5056 Sicut
607 5003 772 5070 igitur
808 5005 1020 5059 fructus
1050 5022 1113 5060 ex
1149 5008 1333 5062 radice
1365 5025 1460 5078 per
1486 5026 1697 5065 rammn
1733 5017 1997 5070 naturali-

418 5103 503 5148 ter
547 5100 828 5163 prodiens,
881 5098 1247 5153 substantiam
1287 5119 1353 5156 ex
1409 5103 1590 5159 radice
1636 5122 1730 5175 per
1780 5123 1990 5162 ramum

414 5186 645 5253 accipit,
699 5201 805 5240 non
841 5203 907 5241 ex
958 5190 1168 5253 radice,
1214 5193 1334 5247 sine
1367 5198 1579 5261 medio;
1621 5197 1830 5251 sublata
1866 5215 1994 5253 vero

413 5279 555 5329 rami
606 5278 980 5355 mediatione,
1061 5282 1272 5336 fructus
1328 5297 1582 5340 constare
1629 5304 1733 5341 non
1771 5293 1989 5358 peterit,

410 5379 581 5436 atque
631 5385 739 5424 una
806 5380 858 5426 et
906 5374 1173 5427 naturalis
1224 5377 1458 5444 qualitas
1508 5390 1560 5433 et
1607 5381 1737 5433 ordo
1778 5383 1987 5448 elucet;

416 5460 608 5514 itidem
642 5471 696 5514 et
726 5462 795 5515 de
828 5473 1017 5517 sancto
1049 5462 1252 5533 Spiritu
1284 5468 1597 5534 dicendum,
1632 5471 1683 5525 in
1722 5486 1984 5540 quantum

411 5553 652 5619 exempli
690 5554 950 5619 permittit
980 5557 1287 5614 inﬁrmitas.

490 5640 690 5697 Beatus
724 5644 864 5700 idem
912 5647 1149 5718 Cyrillus
1183 5651 1234 5705 in
1287 5650 1570 5709 Thesauri:
1610 5657 1723 5711 ait:
1769 5677 1787 5709 ι
1831 5659 1989 5715 Cliri-

492 5820 537 5851 "
565 5818 725 5874 Joan.
763 5836 837 5886 iv,
871 5823 954 5877 l5.
1037 5828 1081 5860 ιθ
1110 5826 1268 5882 Joan.
1298 5844 1395 5890 vii,
1433 5829 1519 5884 59.

1606 5834 1645 5866 ¹⁵
1682 5833 1811 5885 Luc.
1848 5851 1906 5899 tt,
1952 5838 2031 5893 19.

2114 3269 2366 3330 laesione,
2405 3278 2458 3320 ct
2488 3268 2818 3336 substantia,
2862 3283 2925 3320 ac
2961 3267 3162 3321 virtute
3206 3269 3549 3336 periingente
3584 3283 3678 3335 per

2113 3362 2422 3416 brachium.
2457 3357 2604 3413 Sicut
2640 3352 2695 3412 et
2720 3374 2952 3427 magnus
2982 3360 3055 3411 ait
3090 3360 3345 3421 Basilius,
3373 3361 3677 3413 naturalem

2110 3453 2408 3507 bonitatem
2478 3450 2789 3519 regiamqtie
2862 3449 3182 3519 dignitatem
3239 3466 3301 3502 ex
3365 3448 3521 3503 Patre
3584 3463 3681 3517 per

2112 3543 2456 3611 l’nigenitmn
2479 3542 2541 3593 ad
2569 3538 2830 3607 Spiritum
2856 3543 3179 3608 pertingere.
3214 3541 3396 3608 Neque
3432 3543 3533 3596 hoc
3586 3557 3678 3595 so-

2110 3636 2245 3693 lum,
2280 3635 2370 3687 sed
2411 3643 2463 3686 et
2498 3627 2677 3685 omnia
2720 3649 2782 3686 ex
2826 3631 2983 3685 Patre
3021 3648 3114 3700 per
3155 3632 3352 3686 Fdium
3400 3634 3451 3687 in
3489 3644 3679 3687 Sancto

2110 3726 2313 3791 Spititn
2359 3734 2413 3777 et
2463 3724 2726 3791 producta
2783 3740 2926 3783 esse.
2974 3734 3029 3777 et
3076 3736 3350 3789 Constare,
3408 3729 3677 3795 tlicologia

2107 3818 2310 3872 docuit.
2368 3817 2545 3884 Ipsum
2597 3832 2725 3883 ergo
2773 3833 3129 3886 personarum
3186 3818 3433 3873 ordinem
3489 3822 3682 3873 doctor

2106 3908 2344 3963 ostendit
2393 3924 2694 3977 canumque
2714 3910 3179 3962 consubstantiale
3211 3912 3337 3963 hinc
3370 3914 3682 3965 necessario

2110 4001 2431 4054 insinuavit.
2485 4000 2595 4054 Una
2648 4003 2793 4053 enim
2833 4010 2917 4054 est
2967 4003 3241 4069 corporis,
3277 4012 3331 4056 et
3372 4006 3600 4067 brachii,
3630 4017 3682 4060 et

2106 4091 2263 4160 digiti
2327 4092 2592 4145 naturalis
2620 4094 3042 4161 essentialisque
3087 4095 3392 4148 substantia
3436 4111 3449 4146 :
3486 4112 3679 4164 quam-

2107 4187 2189 4238 vis
2216 4201 2389 4254 neque.
2428 4202 2620 4239 manus
2647 4197 2719 4240 Sil.
2745 4188 2948 4255 digitus
3003 4204 3180 4256 neque
3215 4189 3422 4257 dig‘tus
3460 4206 3680 4253 manus,

2107 4282 2234 4350 quia
2274 4296 2454 4349 neque
2507 4297 2703 4335 manus
2754 4298 2849 4351 per
2881 4284 3109 4353 digitum
3157 4299 3374 4352 corpori
3428 4299 3682 4354 coaptaia

2104 4381 2207 4425 est.
2258 4370 2529 4435 Quocirca
2577 4382 2800 4426 ostenso
2856 4375 3019 4427 etiam
3066 4392 3164 4443 per
3196 4376 3336 4429 hanc
3388 4377 3679 4443 imaginem

2106 4475 2463 4526 personarum
2491 4461 2555 4513 ad
2594 4476 2653 4515 se
2696 4464 2924 4516 invicem
2954 4466 3170 4525 ordine,
3207 4468 3680 4524 consubstantiale

2712 4550 2832 4606 Non
2861 4554 3046 4623 igitur,
3089 4555 3285 4624 inquit.
3320 4558 3530 4611 alienus
3589 4575 3680 4611 ne-

2095 4658 2200 4708 que
2242 4651 2482 4695 remotus
2514 4657 2543 4696 a
2596 4644 2780 4699 divina
2849 4647 3087 4700 essentia
3148 4658 3230 4701 est
3268 4648 3504 4717 Spiritus
3551 4667 3680 4706 san-

2095 4741 2236 4786 etiis.
2287 4750 2307 4783 ι

2168 4844 2327 4899 Certe
2361 4856 2414 4899 et
2453 4847 2646 4901 beatus
2702 4849 3059 4915 Augustinus,
3100 4868 3261 4920 quem
3314 4869 3582 4908 summum
3627 4871 3678 4911 et

2096 4935 2621 4990 excellentissimum
2650 4938 2928 4992 doctorem
2956 4942 3294 4996 universales
3323 4945 3511 5012 synodi
3540 4938 3677 5011 pra:-

2104 5027 2445 5090 dicaverunt,
2500 5029 2641 5083 sicut
2690 5046 2756 5083 ex
2807 5033 2975 5100 gestis
3022 5036 3375 5103 synodalibus
3438 5047 3674 5093 constat.

2103 5118 2397 5172 humanam
2456 5132 2687 5174 mentem
2724 5138 2823 5191 pro
2874 5125 3030 5178 l’atre
3080 5129 3129 5179 in
3182 5128 3413 5191 imagine
3465 5135 3674 5192 sumit;

2109 5206 2343 5262 Verbum
2392 5220 2597 5271 autem,
2636 5215 2779 5279 quod
2808 5214 3029 5268 insitum
3089 5225 3252 5283 atque
3299 5219 3550 5271 intimum
3589 5221 3660 5270 di-

2103 5301 2267 5360 citur,
2307 5316 2405 5368 pro
2430 5301 2588 5366 Filio;
2618 5304 2708 5371 qui
2741 5314 2793 5357 et
2820 5308 2957 5372 apud
2992 5306 3253 5359 Joannem
3283 5312 3673 5376 evangelistam

2104 5392 2193 5445 Dei
2256 5391 2487 5446 Verbum
2546 5396 2726 5449 dictus
2792 5408 2875 5450 est
2916 5415 2927 5451 :
2964 5397 3248 5468 Patrisque
3323 5404 3587 5467 deﬁnitio,
3622 5417 3677 5460 et

2102 5482 2355 5544 Verbum,
2387 5494 2439 5535 et
2471 5502 2689 5551 germen
2744 5503 2796 5541 ct
2864 5490 3112 5545 voluntas
3152 5503 3201 5545 et
3248 5495 3591 5561 signaculum
3645 5511 3674 5551 a

2095 5576 2646 5648 Gregmio'l‘lieolngo
2680 5583 2978 5647 appellatus
3027 5596 3107 5637 est
3162 5589 3459 5641 secundum
3511 5605 3676 5658 quam

2110 5669 2343 5721 maxime
2405 5671 2691 5739 imaginem
2725 5676 2774 5725 in
2811 5676 3028 5734 homine
3066 5679 3155 5730 [lci
3185 5682 3363 5750 imago
3410 5696 3673 5737 servetur.

2084 5838 2169 5893 ‘20.
2292 5843 2331 5872 ”
2376 5842 2516 5897 l‘sal.
2557 5864 2718 5905 XCV”.
2773 5852 2813 5902 1.
2933 5857 2972 5885 ’⁷
3010 5856 3149 5909 l‘s'al.
3196 5873 3343 5914 XL'll.
3393 5859 3444 5911 ί.
