  <div class='ocr_page' id='page_1' title='image "/cluster/home/n/w/nwhite01/storage/ocr_20150623/152/nnc1.0046980377/029.png"; bbox 0 0 4462 6440; ppageno 0'>
   <div class='ocr_carea' id='block_1_1' title="bbox 851 393 2613 503">
    <p class='ocr_par' dir='ltr' id='par_1_1' title="bbox 851 440 2613 503">
     <span class='ocr_line' id='line_1_1' title="bbox 851 440 2613 503; baseline -0.003 0"><span class='ocrx_word' id='word_1_1' title='bbox 851 441 920 503; x_wconf 76' lang='grc'>39</span> <span class='ocrx_word' id='word_1_2' title='bbox 2119 440 2512 500; x_wconf 81' lang='lat' dir='ltr'><strong>MANUELIS</strong></span> <span class='ocrx_word' id='word_1_3' title='bbox 2535 442 2613 499; x_wconf 79' lang='lat' dir='ltr'><strong>CA</strong></span> 
     </span>
    </p>
   </div>
   <div class='ocr_carea' id='block_1_2' title="bbox 2341 393 4103 503">
    <p class='ocr_par' dir='ltr' id='par_1_2' title="bbox 2346 393 4103 503">
     <span class='ocr_line' id='line_1_2' title="bbox 2346 393 4103 503; baseline 0.002 -5"><span class='ocrx_word' id='word_1_4' title='bbox 2346 441 2512 500; x_wconf 83' lang='lat' dir='ltr'><strong>ELIS</strong></span> <span class='ocrx_word' id='word_1_5' title='bbox 2535 441 2836 500; x_wconf 64' lang='lat' dir='ltr'><strong>CALECE</strong></span> <span class='ocrx_word' id='word_1_6' title='bbox 3424 393 3428 396; x_wconf 24' lang='lat'>.</span> <span class='ocrx_word' id='word_1_7' title='bbox 3661 495 3663 497; x_wconf 90' lang='lat'><strong>.</strong></span> <span class='ocrx_word' id='word_1_8' title='bbox 3992 436 4000 445; x_wconf 80' lang='grc'><strong>’</strong></span> <span class='ocrx_word' id='word_1_9' title='bbox 4037 441 4103 503; x_wconf 68' lang='grc'><strong>40</strong></span> 
     </span>
    </p>
   </div>
   <div class='ocr_carea' id='block_1_3' title="bbox 856 545 4104 619">
    <p class='ocr_par' dir='ltr' id='par_1_3' title="bbox 856 545 4104 619">
     <span class='ocr_line' id='line_1_3' title="bbox 856 545 4104 619; baseline 0.002 -20"><span class='ocrx_word' id='word_1_10' title='bbox 856 551 1196 602; x_wconf 86' lang='lat' dir='ltr'><strong>Voluntatem</strong></span> <span class='ocrx_word' id='word_1_11' title='bbox 1235 559 1364 599; x_wconf 87' lang='lat' dir='ltr'><strong>vero</strong></span> <span class='ocrx_word' id='word_1_12' title='bbox 1396 560 1513 612; x_wconf 71' lang='lat' dir='ltr'><strong>qua:</strong></span> <span class='ocrx_word' id='word_1_13' title='bbox 1541 545 1866 599; x_wconf 88' lang='lat' dir='ltr'><strong>natnraliter</strong></span> <span class='ocrx_word' id='word_1_14' title='bbox 1889 546 2143 600; x_wconf 88' lang='lat' dir='ltr'><strong>omnibus</strong></span> <span class='ocrx_word' id='word_1_15' title='bbox 2179 550 2426 601; x_wconf 87' lang='lat' dir='ltr'><strong>rati0na-</strong></span> <span class='ocrx_word' id='word_1_16' title='bbox 2464 555 2504 609; x_wconf 82' lang='grc' dir='ltr'><strong>Α</strong></span> <span class='ocrx_word' id='word_1_17' title='bbox 2539 548 2683 602; x_wconf 85' lang='lat' dir='ltr'><strong>diuis</strong></span> <span class='ocrx_word' id='word_1_18' title='bbox 2717 550 2765 599; x_wconf 91' lang='lat' dir='ltr'><strong>in</strong></span> <span class='ocrx_word' id='word_1_19' title='bbox 2797 550 2874 602; x_wconf 82' lang='lat' dir='ltr'><strong>eis</strong></span> <span class='ocrx_word' id='word_1_20' title='bbox 2924 557 3025 611; x_wconf 83' lang='lat' dir='ltr'><strong>est,</strong></span> <span class='ocrx_word' id='word_1_21' title='bbox 3065 548 3114 601; x_wconf 99' lang='lat' dir='ltr'><strong>id</strong></span> <span class='ocrx_word' id='word_1_22' title='bbox 3151 548 3256 602; x_wconf 89' lang='lat' dir='ltr'><strong>Deo</strong></span> <span class='ocrx_word' id='word_1_23' title='bbox 3307 548 3461 618; x_wconf 84' lang='lat' dir='ltr'><strong>longe</strong></span> <span class='ocrx_word' id='word_1_24' title='bbox 3491 549 3706 619; x_wconf 78' lang='lat' dir='ltr'><strong>dignius</strong></span> <span class='ocrx_word' id='word_1_25' title='bbox 3759 553 4104 611; x_wconf 84' lang='lat' dir='ltr'><strong>ascribimus.</strong></span> 
     </span>
    </p>
   </div>
   <div class='ocr_carea' id='block_1_4' title="bbox 849 637 2438 703">
    <p class='ocr_par' dir='ltr' id='par_1_4' title="bbox 849 637 2438 703">
     <span class='ocr_line' id='line_1_4' title="bbox 849 637 2438 703; baseline -0.002 -11"><span class='ocrx_word' id='word_1_26' title='bbox 849 642 992 692; x_wconf 86' lang='lat' dir='ltr'><strong>libus</strong></span> <span class='ocrx_word' id='word_1_27' title='bbox 1043 637 1572 690; x_wconf 84' lang='lat' dir='ltr'><strong>etintellectualiltus</strong></span> <span class='ocrx_word' id='word_1_28' title='bbox 1609 639 1768 698; x_wconf 78' lang='lat' dir='ltr'><strong>inest,</strong></span> <span class='ocrx_word' id='word_1_29' title='bbox 1815 637 2001 688; x_wconf 89' lang='lat' dir='ltr'><strong>divino</strong></span> <span class='ocrx_word' id='word_1_30' title='bbox 2040 637 2266 703; x_wconf 86' lang='lat' dir='ltr'><strong>Spiritui</strong></span> <span class='ocrx_word' id='word_1_31' title='bbox 2306 639 2438 689; x_wconf 84' lang='lat' dir='ltr'><strong>assi-</strong></span> 
     </span>
    </p>
   </div>
   <div class='ocr_carea' id='block_1_5' title="bbox 849 725 2443 794">
    <p class='ocr_par' dir='ltr' id='par_1_5' title="bbox 849 725 2443 794">
     <span class='ocr_line' id='line_1_5' title="bbox 849 725 2443 794; baseline 0 -16"><span class='ocrx_word' id='word_1_32' title='bbox 849 740 998 794; x_wconf 75' lang='lat' dir='ltr'><strong>gnat,</strong></span> <span class='ocrx_word' id='word_1_33' title='bbox 1026 728 1217 794; x_wconf 87' lang='lat' dir='ltr'><strong>partim</strong></span> <span class='ocrx_word' id='word_1_34' title='bbox 1248 725 1464 792; x_wconf 78' lang='lat' dir='ltr'><strong>quidem</strong></span> <span class='ocrx_word' id='word_1_35' title='bbox 1495 741 1558 777; x_wconf 90' lang='lat' dir='ltr'><strong>ex</strong></span> <span class='ocrx_word' id='word_1_36' title='bbox 1585 725 1785 778; x_wconf 78' lang='lat' dir='ltr'><strong>divinis</strong></span> <span class='ocrx_word' id='word_1_37' title='bbox 1814 725 2055 789; x_wconf 76' lang='lat' dir='ltr'><strong>Litteris,</strong></span> <span class='ocrx_word' id='word_1_38' title='bbox 2078 727 2311 794; x_wconf 51' lang='lat' dir='ltr'><strong>ekempli</strong></span> <span class='ocrx_word' id='word_1_39' title='bbox 2340 727 2443 778; x_wconf 84' lang='lat' dir='ltr'><strong>ltit-</strong></span> 
     </span>
    </p>
   </div>
   <div class='ocr_carea' id='block_1_6' title="bbox 843 816 2440 888">
    <p class='ocr_par' dir='ltr' id='par_1_6' title="bbox 843 816 2440 888">
     <span class='ocr_line' id='line_1_6' title="bbox 843 816 2440 888; baseline -0.004 -16"><span class='ocrx_word' id='word_1_40' title='bbox 843 822 932 888; x_wconf 81' lang='lat' dir='ltr'><strong>jus</strong></span> <span class='ocrx_word' id='word_1_41' title='bbox 975 819 1289 872; x_wconf 57' lang='lat' dir='ltr'><strong>occasiones</strong></span> <span class='ocrx_word' id='word_1_42' title='bbox 1317 831 1562 874; x_wconf 86' lang='lat' dir='ltr'><strong>sumens.</strong></span> <span class='ocrx_word' id='word_1_43' title='bbox 1597 816 1815 881; x_wconf 89' lang='lat' dir='ltr'><strong>partim,</strong></span> <span class='ocrx_word' id='word_1_44' title='bbox 1869 817 1996 881; x_wconf 86' lang='lat' dir='ltr'><strong>quia</strong></span> <span class='ocrx_word' id='word_1_45' title='bbox 2041 816 2440 879; x_wconf 83' lang='lat' dir='ltr'><strong>intclb‘ctualis,</strong></span> 
     </span>
    </p>
   </div>
   <div class='ocr_carea' id='block_1_7' title="bbox 849 904 2443 974">
    <p class='ocr_par' dir='ltr' id='par_1_7' title="bbox 849 904 2443 974">
     <span class='ocr_line' id='line_1_7' title="bbox 849 904 2443 974; baseline -0.001 -14"><span class='ocrx_word' id='word_1_46' title='bbox 849 921 901 960; x_wconf 84' lang='lat' dir='ltr'><strong>t&#39;l</strong></span> <span class='ocrx_word' id='word_1_47' title='bbox 928 909 1230 968; x_wconf 81' lang='lat' dir='ltr'><strong>rationalis,</strong></span> <span class='ocrx_word' id='word_1_48' title='bbox 1262 922 1324 959; x_wconf 86' lang='lat' dir='ltr'><strong>ac</strong></span> <span class='ocrx_word' id='word_1_49' title='bbox 1350 907 1538 957; x_wconf 87' lang='lat' dir='ltr'><strong>volens</strong></span> <span class='ocrx_word' id='word_1_50' title='bbox 1568 904 1709 957; x_wconf 77' lang='lat' dir='ltr'><strong>Deus</strong></span> <span class='ocrx_word' id='word_1_51' title='bbox 1736 914 1789 958; x_wconf 87' lang='lat' dir='ltr'><strong>et</strong></span> <span class='ocrx_word' id='word_1_52' title='bbox 1825 907 2023 958; x_wconf 89' lang='lat' dir='ltr'><strong>dicitur</strong></span> <span class='ocrx_word' id='word_1_53' title='bbox 2044 913 2224 959; x_wconf 89' lang='lat' dir='ltr'><strong>etest.</strong></span> <span class='ocrx_word' id='word_1_54' title='bbox 2259 906 2443 974; x_wconf 87' lang='lat' dir='ltr'><strong>Neque</strong></span> 
     </span>
    </p>
   </div>
   <div class='ocr_carea' id='block_1_8' title="bbox 849 997 2442 1065">
    <p class='ocr_par' dir='ltr' id='par_1_8' title="bbox 849 997 2442 1065">
     <span class='ocr_line' id='line_1_8' title="bbox 849 997 2442 1065; baseline 0.001 -16"><span class='ocrx_word' id='word_1_55' title='bbox 849 1001 990 1051; x_wconf 74' lang='lat' dir='ltr'><strong>enim</strong></span> <span class='ocrx_word' id='word_1_56' title='bbox 1036 1001 1242 1050; x_wconf 80' lang='lat' dir='ltr'><strong>ratione</strong></span> <span class='ocrx_word' id='word_1_57' title='bbox 1299 1007 1349 1048; x_wconf 92' lang='lat' dir='ltr'><strong>et</strong></span> <span class='ocrx_word' id='word_1_58' title='bbox 1404 999 1680 1048; x_wconf 86' lang='lat' dir='ltr'><strong>voluntate</strong></span> <span class='ocrx_word' id='word_1_59' title='bbox 1712 997 1931 1063; x_wconf 81' lang='lat' dir='ltr'><strong>praedita</strong></span> <span class='ocrx_word' id='word_1_60' title='bbox 1989 1013 2225 1064; x_wconf 83' lang='lat' dir='ltr'><strong>unquam</strong></span> <span class='ocrx_word' id='word_1_61' title='bbox 2252 1009 2442 1065; x_wconf 88' lang='lat' dir='ltr'><strong>protu-</strong></span> 
     </span>
    </p>
   </div>
   <div class='ocr_carea' id='block_1_9' title="bbox 851 1086 2442 1154">
    <p class='ocr_par' dir='ltr' id='par_1_9' title="bbox 851 1086 2442 1154">
     <span class='ocr_line' id='line_1_9' title="bbox 851 1086 2442 1154; baseline 0.003 -17"><span class='ocrx_word' id='word_1_62' title='bbox 851 1086 1028 1151; x_wconf 67' lang='lat' dir='ltr'><strong>lisset,</strong></span> <span class='ocrx_word' id='word_1_63' title='bbox 1083 1088 1184 1140; x_wconf 88' lang='lat' dir='ltr'><strong>nisi</strong></span> <span class='ocrx_word' id='word_1_64' title='bbox 1244 1087 1356 1138; x_wconf 68' lang='grc' dir='ltr'><strong>Ιιῑριε</strong></span> <span class='ocrx_word' id='word_1_65' title='bbox 1385 1086 1536 1154; x_wconf 82' lang='lat' dir='ltr'><strong>prius</strong></span> <span class='ocrx_word' id='word_1_66' title='bbox 1583 1087 1634 1137; x_wconf 91' lang='lat' dir='ltr'><strong>in</strong></span> <span class='ocrx_word' id='word_1_67' title='bbox 1667 1100 1723 1138; x_wconf 90' lang='lat' dir='ltr'><strong>se</strong></span> <span class='ocrx_word' id='word_1_68' title='bbox 1782 1086 1938 1154; x_wconf 81' lang='lat' dir='ltr'><strong>longe</strong></span> <span class='ocrx_word' id='word_1_69' title='bbox 1989 1087 2442 1141; x_wconf 73' lang='lat' dir='ltr'><strong>excellentissime</strong></span> 
     </span>
    </p>
   </div>
   <div class='ocr_carea' id='block_1_10' title="bbox 857 1179 1102 1230">
    <p class='ocr_par' dir='ltr' id='par_1_10' title="bbox 857 1179 1102 1230">
     <span class='ocr_line' id='line_1_10' title="bbox 857 1179 1102 1230; baseline 0 0"><span class='ocrx_word' id='word_1_70' title='bbox 857 1179 1102 1230; x_wconf 83' lang='lat' dir='ltr'><strong>haberet.</strong></span> 
     </span>
    </p>
   </div>
   <div class='ocr_carea' id='block_1_11' title="bbox 924 1266 2442 1332">
    <p class='ocr_par' dir='ltr' id='par_1_11' title="bbox 924 1266 2442 1332">
     <span class='ocr_line' id='line_1_11' title="bbox 924 1266 2442 1332; baseline 0.001 -14"><span class='ocrx_word' id='word_1_71' title='bbox 924 1267 1394 1332; x_wconf 87' lang='lat' dir='ltr'><strong>Quemadmodum</strong></span> <span class='ocrx_word' id='word_1_72' title='bbox 1420 1283 1546 1321; x_wconf 88' lang='lat' dir='ltr'><strong>vero</strong></span> <span class='ocrx_word' id='word_1_73' title='bbox 1565 1269 1679 1320; x_wconf 81' lang='lat' dir='ltr'><strong>Patr</strong></span> <span class='ocrx_word' id='word_1_74' title='bbox 1697 1267 1740 1319; x_wconf 91' lang='lat' dir='ltr'><strong>is</strong></span> <span class='ocrx_word' id='word_1_75' title='bbox 1755 1266 2015 1329; x_wconf 82' lang='lat' dir='ltr'><strong>definitio,</strong></span> <span class='ocrx_word' id='word_1_76' title='bbox 2042 1278 2094 1321; x_wconf 89' lang='lat' dir='ltr'><strong>et</strong></span> <span class='ocrx_word' id='word_1_77' title='bbox 2111 1266 2344 1320; x_wconf 84' lang='lat' dir='ltr'><strong>Verbum</strong></span> <span class='ocrx_word' id='word_1_78' title='bbox 2362 1269 2442 1321; x_wconf 91' lang='lat' dir='ltr'><strong>in-</strong></span> 
     </span>
    </p>
   </div>
   <div class='ocr_carea' id='block_1_12' title="bbox 851 1355 2441 1423">
    <p class='ocr_par' dir='ltr' id='par_1_12' title="bbox 851 1355 2441 1423">
     <span class='ocr_line' id='line_1_12' title="bbox 851 1355 2441 1423; baseline 0.003 -17"><span class='ocrx_word' id='word_1_79' title='bbox 851 1355 1036 1415; x_wconf 85' lang='lat' dir='ltr'><strong>situm,</strong></span> <span class='ocrx_word' id='word_1_80' title='bbox 1065 1355 1358 1406; x_wconf 76' lang='lat' dir='ltr'><strong>essentiale</strong></span> <span class='ocrx_word' id='word_1_81' title='bbox 1402 1370 1462 1408; x_wconf 89' lang='lat' dir='ltr'><strong>ac</strong></span> <span class='ocrx_word' id='word_1_82' title='bbox 1495 1356 1852 1409; x_wconf 87' lang='lat' dir='ltr'><strong>substantiale</strong></span> <span class='ocrx_word' id='word_1_83' title='bbox 1897 1365 2016 1409; x_wconf 92' lang='lat' dir='ltr'><strong>est:</strong></span> <span class='ocrx_word' id='word_1_84' title='bbox 2051 1357 2122 1409; x_wconf 91' lang='lat' dir='ltr'><strong>ita</strong></span> <span class='ocrx_word' id='word_1_85' title='bbox 2155 1367 2210 1409; x_wconf 89' lang='lat' dir='ltr'><strong>et</strong></span> <span class='ocrx_word' id='word_1_86' title='bbox 2245 1357 2441 1423; x_wconf 85' lang='lat' dir='ltr'><strong>hujus-</strong></span> 
     </span>
    </p>
   </div>
   <div class='ocr_carea' id='block_1_13' title="bbox 853 1444 2439 1515">
    <p class='ocr_par' dir='ltr' id='par_1_13' title="bbox 853 1444 2439 1515">
     <span class='ocr_line' id='line_1_13' title="bbox 853 1444 2439 1515; baseline 0.001 -20"><span class='ocrx_word' id='word_1_87' title='bbox 853 1445 1000 1495; x_wconf 88' lang='lat' dir='ltr'><strong>modi</strong></span> <span class='ocrx_word' id='word_1_88' title='bbox 1062 1444 1320 1496; x_wconf 83' lang='lat' dir='ltr'><strong>voluntas</strong></span> <span class='ocrx_word' id='word_1_89' title='bbox 1351 1453 1457 1504; x_wconf 89' lang='lat' dir='ltr'><strong>est,</strong></span> <span class='ocrx_word' id='word_1_90' title='bbox 1481 1446 1780 1497; x_wconf 84' lang='lat' dir='ltr'><strong>secundum</strong></span> <span class='ocrx_word' id='word_1_91' title='bbox 1807 1461 1974 1511; x_wconf 88' lang='lat' dir='ltr'><strong>quam</strong></span> <span class='ocrx_word' id='word_1_92' title='bbox 2003 1446 2144 1500; x_wconf 82' lang='lat' dir='ltr'><strong>Deus</strong></span> <span class='ocrx_word' id='word_1_93' title='bbox 2203 1448 2439 1515; x_wconf 87' lang='lat' dir='ltr'><strong>seipsnm</strong></span> 
     </span>
    </p>
   </div>
   <div class='ocr_carea' id='block_1_14' title="bbox 857 1533 2440 1604">
    <p class='ocr_par' dir='ltr' id='par_1_14' title="bbox 857 1533 2440 1604">
     <span class='ocr_line' id='line_1_14' title="bbox 857 1533 2440 1604; baseline 0.002 -21"><span class='ocrx_word' id='word_1_94' title='bbox 857 1536 990 1594; x_wconf 80' lang='lat' dir='ltr'><strong>\ult,</strong></span> <span class='ocrx_word' id='word_1_95' title='bbox 1047 1533 1187 1585; x_wconf 89' lang='lat' dir='ltr'><strong>sicttt</strong></span> <span class='ocrx_word' id='word_1_96' title='bbox 1221 1542 1274 1586; x_wconf 86' lang='lat' dir='ltr'><strong>et</strong></span> <span class='ocrx_word' id='word_1_97' title='bbox 1332 1536 1631 1586; x_wconf 88' lang='lat' dir='ltr'><strong>secundum</strong></span> <span class='ocrx_word' id='word_1_98' title='bbox 1685 1533 1921 1587; x_wconf 85' lang='lat' dir='ltr'><strong>Verbum</strong></span> <span class='ocrx_word' id='word_1_99' title='bbox 1973 1549 2156 1594; x_wconf 83' lang='lat' dir='ltr'><strong>suum,</strong></span> <span class='ocrx_word' id='word_1_100' title='bbox 2199 1537 2440 1604; x_wconf 86' lang='lat' dir='ltr'><strong>seipsum</strong></span> 
     </span>
    </p>
   </div>
   <div class='ocr_carea' id='block_1_15' title="bbox 850 1621 2442 1687">
    <p class='ocr_par' dir='ltr' id='par_1_15' title="bbox 850 1621 2442 1687">
     <span class='ocr_line' id='line_1_15' title="bbox 850 1621 2442 1687; baseline 0.003 -14"><span class='ocrx_word' id='word_1_101' title='bbox 850 1623 1119 1687; x_wconf 78' lang='lat' dir='ltr'><strong>inlelligit.</strong></span> <span class='ocrx_word' id='word_1_102' title='bbox 1149 1621 1365 1673; x_wconf 89' lang='lat' dir='ltr'><strong>Nullum</strong></span> <span class='ocrx_word' id='word_1_103' title='bbox 1403 1623 1548 1675; x_wconf 91' lang='lat' dir='ltr'><strong>enim</strong></span> <span class='ocrx_word' id='word_1_104' title='bbox 1609 1632 1690 1676; x_wconf 90' lang='lat' dir='ltr'><strong>est</strong></span> <span class='ocrx_word' id='word_1_105' title='bbox 1722 1624 1773 1675; x_wconf 92' lang='lat' dir='ltr'><strong>in</strong></span> <span class='ocrx_word' id='word_1_106' title='bbox 1825 1623 1932 1676; x_wconf 90' lang='lat' dir='ltr'><strong>Deo</strong></span> <span class='ocrx_word' id='word_1_107' title='bbox 1983 1624 2260 1677; x_wconf 90' lang='lat' dir='ltr'><strong>accidens.</strong></span> <span class='ocrx_word' id='word_1_108' title='bbox 2311 1623 2442 1678; x_wconf 83' lang='lat' dir='ltr'><strong>Ver-</strong></span> 
     </span>
    </p>
   </div>
   <div class='ocr_carea' id='block_1_16' title="bbox 849 1713 2437 1779">
    <p class='ocr_par' dir='ltr' id='par_1_16' title="bbox 849 1713 2437 1779">
     <span class='ocr_line' id='line_1_16' title="bbox 849 1713 2437 1779; baseline 0.003 -16"><span class='ocrx_word' id='word_1_109' title='bbox 849 1714 974 1763; x_wconf 86' lang='lat' dir='ltr'><strong>bum</strong></span> <span class='ocrx_word' id='word_1_110' title='bbox 1019 1714 1183 1779; x_wconf 83' lang='lat' dir='ltr'><strong>igitur</strong></span> <span class='ocrx_word' id='word_1_111' title='bbox 1208 1713 1324 1765; x_wconf 91' lang='lat' dir='ltr'><strong>sine</strong></span> <span class='ocrx_word' id='word_1_112' title='bbox 1355 1713 1532 1764; x_wconf 92' lang='lat' dir='ltr'><strong>medio</strong></span> <span class='ocrx_word' id='word_1_113' title='bbox 1556 1728 1618 1765; x_wconf 86' lang='lat' dir='ltr'><strong>ex</strong></span> <span class='ocrx_word' id='word_1_114' title='bbox 1647 1721 1826 1766; x_wconf 90' lang='lat' dir='ltr'><strong>tnenle</strong></span> <span class='ocrx_word' id='word_1_115' title='bbox 1858 1729 1872 1765; x_wconf 89' lang='lat'><strong>:</strong></span> <span class='ocrx_word' id='word_1_116' title='bbox 1898 1714 2153 1766; x_wconf 90' lang='lat' dir='ltr'><strong>voluntas</strong></span> <span class='ocrx_word' id='word_1_117' title='bbox 2168 1723 2344 1766; x_wconf 87' lang='lat' dir='ltr'><strong>autem</strong></span> <span class='ocrx_word' id='word_1_118' title='bbox 2375 1731 2437 1767; x_wconf 88' lang='lat' dir='ltr'><strong>ex</strong></span> 
     </span>
    </p>
   </div>
   <div class='ocr_carea' id='block_1_17' title="bbox 849 1796 2440 1874">
    <p class='ocr_par' dir='ltr' id='par_1_17' title="bbox 849 1796 2440 1874">
     <span class='ocr_line' id='line_1_17' title="bbox 849 1796 2440 1874; baseline 0.002 -21"><span class='ocrx_word' id='word_1_119' title='bbox 849 1813 1028 1856; x_wconf 87' lang='lat' dir='ltr'><strong>mente</strong></span> <span class='ocrx_word' id='word_1_120' title='bbox 1057 1819 1149 1872; x_wconf 89' lang='lat' dir='ltr'><strong>per</strong></span> <span class='ocrx_word' id='word_1_121' title='bbox 1173 1802 1408 1855; x_wconf 77' lang='lat' dir='ltr'><strong>Verbum</strong></span> <span class='ocrx_word' id='word_1_122' title='bbox 1439 1813 1538 1856; x_wconf 84' lang='lat' dir='ltr'><strong>est.</strong></span> <span class='ocrx_word' id='word_1_123' title='bbox 1570 1803 1908 1871; x_wconf 62' lang='lat' dir='ltr'><strong>Impossibile</strong></span> <span class='ocrx_word' id='word_1_124' title='bbox 1933 1810 2016 1858; x_wconf 85' lang='lat' dir='ltr'><strong>e’st</strong></span> <span class='ocrx_word' id='word_1_125' title='bbox 2037 1806 2182 1858; x_wconf 89' lang='lat' dir='ltr'><strong>enim</strong></span> <span class='ocrx_word' id='word_1_126' title='bbox 2209 1796 2440 1874; x_wconf 78' lang='lat' dir='ltr'><strong>quemli-</strong></span> 
     </span>
    </p>
   </div>
   <div class='ocr_carea' id='block_1_18' title="bbox 2549 638 4103 709">
    <p class='ocr_par' dir='ltr' id='par_1_18' title="bbox 2549 638 4103 709">
     <span class='ocr_line' id='line_1_18' title="bbox 2549 638 4103 709; baseline 0.005 -19"><span class='ocrx_word' id='word_1_127' title='bbox 2549 638 2684 690; x_wconf 92' lang='lat' dir='ltr'><strong>Ilinc</strong></span> <span class='ocrx_word' id='word_1_128' title='bbox 2721 641 2863 690; x_wconf 89' lang='lat' dir='ltr'><strong>enim</strong></span> <span class='ocrx_word' id='word_1_129' title='bbox 2896 639 3359 692; x_wconf 86' lang='lat' dir='ltr'><strong>consubstantiale</strong></span> <span class='ocrx_word' id='word_1_130' title='bbox 3391 642 3695 693; x_wconf 88' lang='lat' dir='ltr'><strong>divinarum</strong></span> <span class='ocrx_word' id='word_1_131' title='bbox 3728 657 4103 709; x_wconf 86' lang='lat' dir='ltr'><strong>personarum,</strong></span> 
     </span>
    </p>
   </div>
   <div class='ocr_carea' id='block_1_19' title="bbox 2545 728 4108 800">
    <p class='ocr_par' dir='ltr' id='par_1_19' title="bbox 2545 728 4108 800">
     <span class='ocr_line' id='line_1_19' title="bbox 2545 728 4108 800; baseline 0.006 -22"><span class='ocrx_word' id='word_1_132' title='bbox 2545 728 2902 795; x_wconf 82' lang='lat' dir='ltr'><strong>ordinemque</strong></span> <span class='ocrx_word' id='word_1_133' title='bbox 2936 728 3000 780; x_wconf 91' lang='lat' dir='ltr'><strong>ad</strong></span> <span class='ocrx_word' id='word_1_134' title='bbox 3034 729 3260 781; x_wconf 87' lang='lat' dir='ltr'><strong>invicem</strong></span> <span class='ocrx_word' id='word_1_135' title='bbox 3284 743 3470 782; x_wconf 89' lang='lat' dir='ltr'><strong>earum</strong></span> <span class='ocrx_word' id='word_1_136' title='bbox 3506 730 3641 782; x_wconf 90' lang='lat' dir='ltr'><strong>clam</strong></span> <span class='ocrx_word' id='word_1_137' title='bbox 3677 732 3938 800; x_wconf 71' lang='lat' dir='ltr'><strong>tollimus,</strong></span> <span class='ocrx_word' id='word_1_138' title='bbox 3965 736 4108 788; x_wconf 87' lang='lat' dir='ltr'><strong>sicut</strong></span> 
     </span>
    </p>
   </div>
   <div class='ocr_carea' id='block_1_20' title="bbox 2546 817 4106 886">
    <p class='ocr_par' dir='ltr' id='par_1_20' title="bbox 2546 817 4106 886">
     <span class='ocr_line' id='line_1_20' title="bbox 2546 817 4106 886; baseline 0.002 -14"><span class='ocrx_word' id='word_1_139' title='bbox 2546 819 2598 872; x_wconf 91' lang='lat' dir='ltr'><strong>in</strong></span> <span class='ocrx_word' id='word_1_140' title='bbox 2634 817 2802 879; x_wconf 83' lang='lat' dir='ltr'><strong>fonte,</strong></span> <span class='ocrx_word' id='word_1_141' title='bbox 2837 829 2890 870; x_wconf 87' lang='lat' dir='ltr'><strong>et</strong></span> <span class='ocrx_word' id='word_1_142' title='bbox 2919 819 3109 876; x_wconf 85' lang='lat' dir='ltr'><strong>ﬂuvio.</strong></span> <span class='ocrx_word' id='word_1_143' title='bbox 3147 828 3199 871; x_wconf 92' lang='lat' dir='ltr'><strong>ct</strong></span> <span class='ocrx_word' id='word_1_144' title='bbox 3231 820 3348 871; x_wconf 82' lang='lat' dir='ltr'><strong>viva</strong></span> <span class='ocrx_word' id='word_1_145' title='bbox 3377 834 3515 886; x_wconf 86' lang='lat' dir='ltr'><strong>aqua</strong></span> <span class='ocrx_word' id='word_1_146' title='bbox 3575 820 3754 873; x_wconf 90' lang='lat' dir='ltr'><strong>habet.</strong></span> <span class='ocrx_word' id='word_1_147' title='bbox 3796 820 3932 875; x_wconf 90' lang='lat' dir='ltr'><strong>llinc</strong></span> <span class='ocrx_word' id='word_1_148' title='bbox 3961 824 4106 875; x_wconf 88' lang='lat' dir='ltr'><strong>ordi-</strong></span> 
     </span>
    </p>
   </div>
   <div class='ocr_carea' id='block_1_21' title="bbox 2547 910 4108 980">
    <p class='ocr_par' dir='ltr' id='par_1_21' title="bbox 2547 910 4108 980">
     <span class='ocr_line' id='line_1_21' title="bbox 2547 910 4108 980; baseline 0.004 -22"><span class='ocrx_word' id='word_1_149' title='bbox 2547 910 2629 962; x_wconf 92' lang='lat' dir='ltr'><strong>nis</strong></span> <span class='ocrx_word' id='word_1_150' title='bbox 2659 910 2958 972; x_wconf 87' lang='lat' dir='ltr'><strong>immobile,</strong></span> <span class='ocrx_word' id='word_1_151' title='bbox 2995 910 3309 962; x_wconf 86' lang='lat' dir='ltr'><strong>nullatenus</strong></span> <span class='ocrx_word' id='word_1_152' title='bbox 3368 911 3747 977; x_wconf 88' lang='lat' dir='ltr'><strong>personalibus</strong></span> <span class='ocrx_word' id='word_1_153' title='bbox 3806 914 4108 980; x_wconf 89' lang='lat' dir='ltr'><strong>proprieta-</strong></span> 
     </span>
    </p>
   </div>
   <div class='ocr_carea' id='block_1_22' title="bbox 2545 1001 4105 1068">
    <p class='ocr_par' dir='ltr' id='par_1_22' title="bbox 2545 1001 4105 1068">
     <span class='ocr_line' id='line_1_22' title="bbox 2545 1001 4105 1068; baseline 0.003 -17"><span class='ocrx_word' id='word_1_154' title='bbox 2545 1001 2690 1053; x_wconf 71' lang='lat' dir='ltr'><strong>tibus</strong></span> <span class='ocrx_word' id='word_1_155' title='bbox 2723 1003 2903 1064; x_wconf 88' lang='lat' dir='ltr'><strong>motis;</strong></span> <span class='ocrx_word' id='word_1_156' title='bbox 2940 1016 3116 1068; x_wconf 90' lang='lat' dir='ltr'><strong>neque</strong></span> <span class='ocrx_word' id='word_1_157' title='bbox 3141 1001 3285 1053; x_wconf 89' lang='lat' dir='ltr'><strong>enim</strong></span> <span class='ocrx_word' id='word_1_158' title='bbox 3317 1001 3478 1054; x_wconf 84' lang='lat' dir='ltr'><strong>fontis</strong></span> <span class='ocrx_word' id='word_1_159' title='bbox 3502 1003 3712 1064; x_wconf 90' lang='lat' dir='ltr'><strong>oculus,</strong></span> <span class='ocrx_word' id='word_1_160' title='bbox 3740 1002 3860 1056; x_wconf 87' lang='lat' dir='ltr'><strong>fons</strong></span> <span class='ocrx_word' id='word_1_161' title='bbox 3885 1004 4105 1068; x_wconf 90' lang='lat' dir='ltr'><strong>dicitur;</strong></span> 
     </span>
    </p>
   </div>
   <div class='ocr_carea' id='block_1_23' title="bbox 2545 1089 4108 1158">
    <p class='ocr_par' dir='ltr' id='par_1_23' title="bbox 2545 1089 4108 1158">
     <span class='ocr_line' id='line_1_23' title="bbox 2545 1089 4108 1158; baseline 0.002 -17"><span class='ocrx_word' id='word_1_162' title='bbox 2545 1105 2719 1156; x_wconf 88' lang='lat' dir='ltr'><strong>neque</strong></span> <span class='ocrx_word' id='word_1_163' title='bbox 2753 1091 2893 1150; x_wconf 89' lang='lat' dir='ltr'><strong>fons,</strong></span> <span class='ocrx_word' id='word_1_164' title='bbox 2932 1091 3151 1143; x_wconf 86' lang='lat' dir='ltr'><strong>ﬂuvius.</strong></span> <span class='ocrx_word' id='word_1_165' title='bbox 3190 1089 3376 1158; x_wconf 84' lang='lat' dir='ltr'><strong>Neque</strong></span> <span class='ocrx_word' id='word_1_166' title='bbox 3427 1106 3617 1144; x_wconf 84' lang='lat' dir='ltr'><strong>rursus</strong></span> <span class='ocrx_word' id='word_1_167' title='bbox 3647 1094 3748 1155; x_wconf 91' lang='lat' dir='ltr'><strong>sol,</strong></span> <span class='ocrx_word' id='word_1_168' title='bbox 3783 1094 3968 1146; x_wconf 83' lang='lat' dir='ltr'><strong>radius</strong></span> <span class='ocrx_word' id='word_1_169' title='bbox 4017 1110 4108 1144; x_wconf 88' lang='lat' dir='ltr'><strong>vo-</strong></span> 
     </span>
    </p>
   </div>
   <div class='ocr_carea' id='block_1_24' title="bbox 2544 1181 4112 1248">
    <p class='ocr_par' dir='ltr' id='par_1_24' title="bbox 2544 1181 4112 1248">
     <span class='ocr_line' id='line_1_24' title="bbox 2544 1181 4112 1248; baseline 0.002 -16"><span class='ocrx_word' id='word_1_170' title='bbox 2544 1189 2741 1241; x_wconf 85' lang='lat' dir='ltr'><strong>catur;</strong></span> <span class='ocrx_word' id='word_1_171' title='bbox 2805 1195 2980 1242; x_wconf 90' lang='lat' dir='ltr'><strong>neque</strong></span> <span class='ocrx_word' id='word_1_172' title='bbox 3038 1181 3219 1232; x_wconf 79' lang='lat' dir='ltr'><strong>radius</strong></span> <span class='ocrx_word' id='word_1_173' title='bbox 3280 1195 3343 1232; x_wconf 88' lang='lat' dir='ltr'><strong>ea</strong></span> <span class='ocrx_word' id='word_1_174' title='bbox 3386 1195 3505 1247; x_wconf 72' lang='lat' dir='ltr'><strong>qua:</strong></span> <span class='ocrx_word' id='word_1_175' title='bbox 3569 1197 3663 1248; x_wconf 90' lang='lat' dir='ltr'><strong>per</strong></span> <span class='ocrx_word' id='word_1_176' title='bbox 3714 1183 3857 1234; x_wconf 91' lang='lat' dir='ltr'><strong>hunc</strong></span> <span class='ocrx_word' id='word_1_177' title='bbox 3926 1191 4112 1235; x_wconf 80' lang='lat' dir='ltr'><strong>manat</strong></span> 
     </span>
    </p>
   </div>
   <div class='ocr_carea' id='block_1_25' title="bbox 2544 1268 4106 1336">
    <p class='ocr_par' dir='ltr' id='par_1_25' title="bbox 2544 1268 4106 1336">
     <span class='ocr_line' id='line_1_25' title="bbox 2544 1268 4106 1336; baseline 0.003 -17"><span class='ocrx_word' id='word_1_178' title='bbox 2544 1278 2706 1336; x_wconf 89' lang='lat' dir='ltr'><strong>atque</strong></span> <span class='ocrx_word' id='word_1_179' title='bbox 2729 1268 3050 1322; x_wconf 80' lang='lat' dir='ltr'><strong>diffunditur</strong></span> <span class='ocrx_word' id='word_1_180' title='bbox 3077 1269 3186 1332; x_wconf 88' lang='lat' dir='ltr'><strong>lux,</strong></span> <span class='ocrx_word' id='word_1_181' title='bbox 3249 1285 3370 1323; x_wconf 92' lang='lat' dir='ltr'><strong>cum</strong></span> <span class='ocrx_word' id='word_1_182' title='bbox 3428 1280 3480 1323; x_wconf 90' lang='lat' dir='ltr'><strong>et</strong></span> <span class='ocrx_word' id='word_1_183' title='bbox 3527 1271 3640 1334; x_wconf 90' lang='lat' dir='ltr'><strong>ipse</strong></span> <span class='ocrx_word' id='word_1_184' title='bbox 3671 1278 3816 1324; x_wconf 88' lang='lat' dir='ltr'><strong>certe</strong></span> <span class='ocrx_word' id='word_1_185' title='bbox 3876 1271 3948 1324; x_wconf 87' lang='lat' dir='ltr'><strong>sit</strong></span> <span class='ocrx_word' id='word_1_186' title='bbox 3993 1271 4106 1323; x_wconf 82' lang='lat' dir='ltr'><strong>lux.</strong></span> 
     </span>
    </p>
   </div>
   <div class='ocr_carea' id='block_1_26' title="bbox 2546 1359 4112 1430">
    <p class='ocr_par' dir='ltr' id='par_1_26' title="bbox 2546 1359 4112 1430">
     <span class='ocr_line' id='line_1_26' title="bbox 2546 1359 4112 1430; baseline 0.003 -20"><span class='ocrx_word' id='word_1_187' title='bbox 2546 1359 2807 1410; x_wconf 72' lang='lat' dir='ltr'><strong>Sui-vamli</strong></span> <span class='ocrx_word' id='word_1_188' title='bbox 2866 1369 3042 1411; x_wconf 87' lang='lat' dir='ltr'><strong>tamen</strong></span> <span class='ocrx_word' id='word_1_189' title='bbox 3109 1359 3318 1413; x_wconf 87' lang='lat' dir='ltr'><strong>ordinis</strong></span> <span class='ocrx_word' id='word_1_190' title='bbox 3375 1373 3563 1421; x_wconf 76' lang='lat' dir='ltr'><strong>causa,</strong></span> <span class='ocrx_word' id='word_1_191' title='bbox 3621 1360 3832 1428; x_wconf 82' lang='lat' dir='ltr'><strong>singula</strong></span> <span class='ocrx_word' id='word_1_192' title='bbox 3881 1363 4112 1430; x_wconf 82' lang='lat' dir='ltr'><strong>singulis</strong></span> 
     </span>
    </p>
   </div>
   <div class='ocr_carea' id='block_1_27' title="bbox 2546 1448 4111 1518">
    <p class='ocr_par' dir='ltr' id='par_1_27' title="bbox 2546 1448 4111 1518">
     <span class='ocr_line' id='line_1_27' title="bbox 2546 1448 4111 1518; baseline 0.004 -19"><span class='ocrx_word' id='word_1_193' title='bbox 2546 1449 2773 1499; x_wconf 80' lang='lat' dir='ltr'><strong>nomina</strong></span> <span class='ocrx_word' id='word_1_194' title='bbox 2796 1448 3087 1500; x_wconf 83' lang='lat' dir='ltr'><strong>distributa</strong></span> <span class='ocrx_word' id='word_1_195' title='bbox 3145 1456 3199 1501; x_wconf 92' lang='lat' dir='ltr'><strong>et</strong></span> <span class='ocrx_word' id='word_1_196' title='bbox 3229 1458 3476 1516; x_wconf 87' lang='lat' dir='ltr'><strong>separata</strong></span> <span class='ocrx_word' id='word_1_197' title='bbox 3534 1459 3682 1503; x_wconf 90' lang='lat' dir='ltr'><strong>sunt.</strong></span> <span class='ocrx_word' id='word_1_198' title='bbox 3722 1450 3875 1503; x_wconf 86' lang='lat' dir='ltr'><strong>Sicut</strong></span> <span class='ocrx_word' id='word_1_199' title='bbox 3934 1467 4111 1518; x_wconf 89' lang='lat' dir='ltr'><strong>neque</strong></span> 
     </span>
    </p>
   </div>
   <div class='ocr_carea' id='block_1_28' title="bbox 2543 1537 4112 1610">
    <p class='ocr_par' dir='ltr' id='par_1_28' title="bbox 2543 1537 4112 1610">
     <span class='ocr_line' id='line_1_28' title="bbox 2543 1537 4112 1610; baseline 0.003 -21"><span class='ocrx_word' id='word_1_200' title='bbox 2543 1537 2702 1590; x_wconf 86' lang='lat' dir='ltr'><strong>Pater</strong></span> <span class='ocrx_word' id='word_1_201' title='bbox 2735 1538 2905 1590; x_wconf 87' lang='lat' dir='ltr'><strong>Filius</strong></span> <span class='ocrx_word' id='word_1_202' title='bbox 2940 1547 3041 1600; x_wconf 88' lang='lat' dir='ltr'><strong>cst.</strong></span> <span class='ocrx_word' id='word_1_203' title='bbox 3075 1552 3251 1606; x_wconf 87' lang='lat' dir='ltr'><strong>neque</strong></span> <span class='ocrx_word' id='word_1_204' title='bbox 3307 1538 3474 1592; x_wconf 87' lang='lat' dir='ltr'><strong>Filius</strong></span> <span class='ocrx_word' id='word_1_205' title='bbox 3507 1538 3683 1604; x_wconf 85' lang='lat' dir='ltr'><strong>Pater,</strong></span> <span class='ocrx_word' id='word_1_206' title='bbox 3718 1555 3894 1607; x_wconf 91' lang='lat' dir='ltr'><strong>neque</strong></span> <span class='ocrx_word' id='word_1_207' title='bbox 3938 1541 4112 1610; x_wconf 56' lang='lat' dir='ltr'><strong>Spiri-</strong></span> 
     </span>
    </p>
   </div>
   <div class='ocr_carea' id='block_1_29' title="bbox 2546 1629 3415 1686">
    <p class='ocr_par' dir='ltr' id='par_1_29' title="bbox 2546 1629 3415 1686">
     <span class='ocr_line' id='line_1_29' title="bbox 2546 1629 3415 1686; baseline 0.002 -4"><span class='ocrx_word' id='word_1_208' title='bbox 2546 1639 2632 1684; x_wconf 90' lang='lat' dir='ltr'><strong>tus</strong></span> <span class='ocrx_word' id='word_1_209' title='bbox 2657 1641 2881 1684; x_wconf 90' lang='lat' dir='ltr'><strong>sanctus</strong></span> <span class='ocrx_word' id='word_1_210' title='bbox 2907 1629 3067 1683; x_wconf 84' lang='lat' dir='ltr'><strong>Pater</strong></span> <span class='ocrx_word' id='word_1_211' title='bbox 3100 1641 3194 1684; x_wconf 90' lang='lat' dir='ltr'><strong>aut</strong></span> <span class='ocrx_word' id='word_1_212' title='bbox 3224 1631 3415 1686; x_wconf 87' lang='lat' dir='ltr'><strong>Filius.</strong></span> 
     </span>
    </p>
   </div>
   <div class='ocr_carea' id='block_1_30' title="bbox 2613 1722 4110 1790">
    <p class='ocr_par' dir='ltr' id='par_1_30' title="bbox 2613 1722 4110 1790">
     <span class='ocr_line' id='line_1_30' title="bbox 2613 1722 4110 1790; baseline 0.003 -16"><span class='ocrx_word' id='word_1_213' title='bbox 2613 1723 2789 1788; x_wconf 83' lang='lat' dir='ltr'><strong>Atque</strong></span> <span class='ocrx_word' id='word_1_214' title='bbox 2845 1722 3062 1776; x_wconf 83' lang='lat' dir='ltr'><strong>aliunde</strong></span> <span class='ocrx_word' id='word_1_215' title='bbox 3120 1723 3340 1790; x_wconf 90' lang='lat' dir='ltr'><strong>quidem</strong></span> <span class='ocrx_word' id='word_1_216' title='bbox 3397 1738 3748 1790; x_wconf 88' lang='lat' dir='ltr'><strong>personarum</strong></span> <span class='ocrx_word' id='word_1_217' title='bbox 3810 1725 3939 1777; x_wconf 90' lang='lat' dir='ltr'><strong>unio</strong></span> <span class='ocrx_word' id='word_1_218' title='bbox 3976 1725 4110 1780; x_wconf 92' lang='lat' dir='ltr'><strong>insi-</strong></span> 
     </span>
    </p>
   </div>
   <div class='ocr_carea' id='block_1_31' title="bbox 2543 1811 4110 1881">
    <p class='ocr_par' dir='ltr' id='par_1_31' title="bbox 2543 1811 4110 1881">
     <span class='ocr_line' id='line_1_31' title="bbox 2543 1811 4110 1881; baseline 0.003 -19"><span class='ocrx_word' id='word_1_219' title='bbox 2543 1819 2768 1863; x_wconf 89' lang='lat' dir='ltr'><strong>nuatur.</strong></span> <span class='ocrx_word' id='word_1_220' title='bbox 2819 1811 3053 1865; x_wconf 86' lang='lat' dir='ltr'><strong>Basilius</strong></span> <span class='ocrx_word' id='word_1_221' title='bbox 3113 1812 3312 1880; x_wconf 90' lang='lat' dir='ltr'><strong>quippe</strong></span> <span class='ocrx_word' id='word_1_222' title='bbox 3371 1812 3605 1866; x_wconf 91' lang='lat' dir='ltr'><strong>eximius</strong></span> <span class='ocrx_word' id='word_1_223' title='bbox 3682 1813 3832 1867; x_wconf 90' lang='lat' dir='ltr'><strong>iridis</strong></span> <span class='ocrx_word' id='word_1_224' title='bbox 3865 1815 4110 1881; x_wconf 84' lang='lat' dir='ltr'><strong>exemplo</strong></span> 
     </span>
    </p>
   </div>
   <div class='ocr_carea' id='block_1_32' title="bbox 849 1895 4107 1972">
    <p class='ocr_par' dir='ltr' id='par_1_32' title="bbox 849 1895 4107 1972">
     <span class='ocr_line' id='line_1_32' title="bbox 849 1895 4107 1972; baseline 0.003 -28"><span class='ocrx_word' id='word_1_225' title='bbox 849 1895 935 1946; x_wconf 81' lang='lat' dir='ltr'><strong>bet</strong></span> <span class='ocrx_word' id='word_1_226' title='bbox 988 1895 1265 1963; x_wconf 67' lang='lat' dir='ltr'><strong>QUUdiilit&#39;l</strong></span> <span class='ocrx_word' id='word_1_227' title='bbox 1317 1904 1406 1947; x_wconf 66' lang='lat' dir='ltr'><strong>aut</strong></span> <span class='ocrx_word' id='word_1_228' title='bbox 1453 1896 1861 1963; x_wconf 87' lang='lat' dir='ltr'><strong>qnomodolibet</strong></span> <span class='ocrx_word' id='word_1_229' title='bbox 1918 1896 2052 1949; x_wconf 85' lang='lat' dir='ltr'><strong>velle</strong></span> <span class='ocrx_word' id='word_1_230' title='bbox 2079 1936 2091 1958; x_wconf 90' lang='lat'><strong>,</strong></span> <span class='ocrx_word' id='word_1_231' title='bbox 2139 1896 2241 1949; x_wconf 82' lang='lat' dir='ltr'><strong>nisi</strong></span> <span class='ocrx_word' id='word_1_232' title='bbox 2296 1897 2442 1963; x_wconf 86' lang='lat' dir='ltr'><strong>prius</strong></span> <span class='ocrx_word' id='word_1_233' title='bbox 2477 1903 2518 1958; x_wconf 81' lang='grc' dir='ltr'><strong>Β</strong></span> <span class='ocrx_word' id='word_1_234' title='bbox 2549 1917 2682 1955; x_wconf 87' lang='lat' dir='ltr'><strong>usus</strong></span> <span class='ocrx_word' id='word_1_235' title='bbox 2710 1911 2814 1955; x_wconf 82' lang='lat' dir='ltr'><strong>est.</strong></span> <span class='ocrx_word' id='word_1_236' title='bbox 2851 1900 2905 1954; x_wconf 88' lang='lat' dir='ltr'><strong>In</strong></span> <span class='ocrx_word' id='word_1_237' title='bbox 2937 1918 3061 1970; x_wconf 84' lang='lat' dir='ltr'><strong>qua,</strong></span> <span class='ocrx_word' id='word_1_238' title='bbox 3088 1917 3210 1955; x_wconf 88' lang='lat' dir='ltr'><strong>cum</strong></span> <span class='ocrx_word' id='word_1_239' title='bbox 3238 1903 3411 1956; x_wconf 86' lang='lat' dir='ltr'><strong>unitio</strong></span> <span class='ocrx_word' id='word_1_240' title='bbox 3466 1904 3834 1972; x_wconf 89' lang='lat' dir='ltr'><strong>discretioque</strong></span> <span class='ocrx_word' id='word_1_241' title='bbox 3862 1905 4107 1957; x_wconf 91' lang='lat' dir='ltr'><strong>colorum</strong></span> 
     </span>
    </p>
   </div>
   <div class='ocr_carea' id='block_1_33' title="bbox 849 1983 2439 2055">
    <p class='ocr_par' dir='ltr' id='par_1_33' title="bbox 849 1983 2439 2055">
     <span class='ocr_line' id='line_1_33' title="bbox 849 1983 2439 2055; baseline 0.001 -18"><span class='ocrx_word' id='word_1_242' title='bbox 849 1985 1175 2054; x_wconf 78' lang='lat' dir='ltr'><strong>cogitaverit</strong></span> <span class='ocrx_word' id='word_1_243' title='bbox 1231 1983 1360 2053; x_wconf 92' lang='lat' dir='ltr'><strong>quid</strong></span> <span class='ocrx_word' id='word_1_244' title='bbox 1416 1985 1565 2038; x_wconf 86' lang='lat' dir='ltr'><strong>velit.</strong></span> <span class='ocrx_word' id='word_1_245' title='bbox 1603 1985 1788 2052; x_wconf 87' lang='lat' dir='ltr'><strong>lt:-que</strong></span> <span class='ocrx_word' id='word_1_246' title='bbox 1819 1985 2074 2039; x_wconf 82' lang='lat' dir='ltr'><strong>voluntas</strong></span> <span class='ocrx_word' id='word_1_247' title='bbox 2099 2001 2194 2055; x_wconf 90' lang='lat' dir='ltr'><strong>per</strong></span> <span class='ocrx_word' id='word_1_248' title='bbox 2220 1990 2439 2040; x_wconf 83' lang='lat' dir='ltr'><strong>verbum</strong></span> 
     </span>
    </p>
   </div>
   <div class='ocr_carea' id='block_1_34' title="bbox 859 2074 2441 2145">
    <p class='ocr_par' dir='ltr' id='par_1_34' title="bbox 859 2074 2441 2145">
     <span class='ocr_line' id='line_1_34' title="bbox 859 2074 2441 2145; baseline 0.002 -17"><span class='ocrx_word' id='word_1_249' title='bbox 859 2088 907 2128; x_wconf 90' lang='lat' dir='ltr'><strong>et</strong></span> <span class='ocrx_word' id='word_1_250' title='bbox 943 2092 1007 2128; x_wconf 80' lang='lat' dir='ltr'><strong>ex</strong></span> <span class='ocrx_word' id='word_1_251' title='bbox 1045 2076 1213 2128; x_wconf 90' lang='lat' dir='ltr'><strong>verbo</strong></span> <span class='ocrx_word' id='word_1_252' title='bbox 1246 2077 1511 2144; x_wconf 80' lang='lat' dir='ltr'><strong>procedit.</strong></span> <span class='ocrx_word' id='word_1_253' title='bbox 1562 2074 1685 2130; x_wconf 83' lang='lat' dir='ltr'><strong>ideo</strong></span> <span class='ocrx_word' id='word_1_254' title='bbox 1729 2085 1779 2128; x_wconf 91' lang='lat' dir='ltr'><strong>et</strong></span> <span class='ocrx_word' id='word_1_255' title='bbox 1812 2077 1966 2130; x_wconf 88' lang='lat' dir='ltr'><strong>bruta</strong></span> <span class='ocrx_word' id='word_1_256' title='bbox 2002 2078 2280 2141; x_wconf 85' lang='lat' dir='ltr'><strong>animalia,</strong></span> <span class='ocrx_word' id='word_1_257' title='bbox 2315 2078 2441 2145; x_wconf 89' lang='lat' dir='ltr'><strong>quia</strong></span> 
     </span>
    </p>
   </div>
   <div class='ocr_carea' id='block_1_35' title="bbox 845 2167 2442 2237">
    <p class='ocr_par' dir='ltr' id='par_1_35' title="bbox 845 2167 2442 2237">
     <span class='ocr_line' id='line_1_35' title="bbox 845 2167 2442 2237; baseline 0.002 -18"><span class='ocrx_word' id='word_1_258' title='bbox 845 2168 1013 2220; x_wconf 85' lang='lat' dir='ltr'><strong>verbo</strong></span> <span class='ocrx_word' id='word_1_259' title='bbox 1069 2177 1118 2218; x_wconf 95' lang='lat' dir='ltr'><strong>et</strong></span> <span class='ocrx_word' id='word_1_260' title='bbox 1155 2167 1363 2219; x_wconf 84' lang='lat' dir='ltr'><strong>ratione</strong></span> <span class='ocrx_word' id='word_1_261' title='bbox 1385 2175 1590 2229; x_wconf 86' lang='lat' dir='ltr'><strong>carent,</strong></span> <span class='ocrx_word' id='word_1_262' title='bbox 1626 2181 1798 2234; x_wconf 87' lang='lat' dir='ltr'><strong>neque</strong></span> <span class='ocrx_word' id='word_1_263' title='bbox 1825 2167 2034 2231; x_wconf 87' lang='lat' dir='ltr'><strong>volunt,</strong></span> <span class='ocrx_word' id='word_1_264' title='bbox 2078 2183 2253 2237; x_wconf 88' lang='lat' dir='ltr'><strong>neque</strong></span> <span class='ocrx_word' id='word_1_265' title='bbox 2307 2169 2442 2222; x_wconf 88' lang='lat' dir='ltr'><strong>velle</strong></span> 
     </span>
    </p>
   </div>
   <div class='ocr_carea' id='block_1_36' title="bbox 844 2257 2437 2319">
    <p class='ocr_par' dir='ltr' id='par_1_36' title="bbox 844 2257 2437 2319">
     <span class='ocr_line' id='line_1_36' title="bbox 844 2257 2437 2319; baseline 0.002 -8"><span class='ocrx_word' id='word_1_266' title='bbox 844 2259 1120 2319; x_wconf 70' lang='lat' dir='ltr'><strong>dicuntur,</strong></span> <span class='ocrx_word' id='word_1_267' title='bbox 1150 2259 1243 2310; x_wconf 89' lang='lat' dir='ltr'><strong>sed</strong></span> <span class='ocrx_word' id='word_1_268' title='bbox 1311 2258 1543 2310; x_wconf 84' lang='lat' dir='ltr'><strong>naturali</strong></span> <span class='ocrx_word' id='word_1_269' title='bbox 1612 2267 1758 2310; x_wconf 89' lang='lat' dir='ltr'><strong>motu</strong></span> <span class='ocrx_word' id='word_1_270' title='bbox 1803 2258 2248 2311; x_wconf 84' lang='lat' dir='ltr'><strong>irrationabiliter</strong></span> <span class='ocrx_word' id='word_1_271' title='bbox 2284 2257 2437 2314; x_wconf 89' lang='lat' dir='ltr'><strong>ferri.</strong></span> 
     </span>
    </p>
   </div>
   <div class='ocr_carea' id='block_1_37' title="bbox 844 2347 2437 2419">
    <p class='ocr_par' dir='ltr' id='par_1_37' title="bbox 844 2347 2437 2419">
     <span class='ocr_line' id='line_1_37' title="bbox 844 2347 2437 2419; baseline -0.001 -19"><span class='ocrx_word' id='word_1_272' title='bbox 844 2350 1129 2414; x_wconf 74' lang='lat' dir='ltr'><strong>Quoniam</strong></span> <span class='ocrx_word' id='word_1_273' title='bbox 1164 2351 1324 2419; x_wconf 81' lang='lat' dir='ltr'><strong>igitur</strong></span> <span class='ocrx_word' id='word_1_274' title='bbox 1373 2350 1591 2402; x_wconf 81' lang='lat' dir='ltr'><strong>verbum</strong></span> <span class='ocrx_word' id='word_1_275' title='bbox 1617 2351 1681 2401; x_wconf 91' lang='lat' dir='ltr'><strong>ad</strong></span> <span class='ocrx_word' id='word_1_276' title='bbox 1755 2360 1988 2403; x_wconf 91' lang='lat' dir='ltr'><strong>mentem</strong></span> <span class='ocrx_word' id='word_1_277' title='bbox 2051 2347 2302 2411; x_wconf 80' lang='lat' dir='ltr'><strong>refertur,</strong></span> <span class='ocrx_word' id='word_1_278' title='bbox 2345 2363 2437 2399; x_wconf 85' lang='lat' dir='ltr'><strong>vo-</strong></span> 
     </span>
    </p>
   </div>
   <div class='ocr_carea' id='block_1_38' title="bbox 846 2441 2436 2512">
    <p class='ocr_par' dir='ltr' id='par_1_38' title="bbox 846 2441 2436 2512">
     <span class='ocr_line' id='line_1_38' title="bbox 846 2441 2436 2512; baseline -0.004 -14"><span class='ocrx_word' id='word_1_279' title='bbox 846 2449 1136 2512; x_wconf 88' lang='lat' dir='ltr'><strong>luntasque</strong></span> <span class='ocrx_word' id='word_1_280' title='bbox 1171 2443 1477 2496; x_wconf 90' lang='lat' dir='ltr'><strong>necessario</strong></span> <span class='ocrx_word' id='word_1_281' title='bbox 1532 2457 1595 2494; x_wconf 85' lang='lat' dir='ltr'><strong>ex</strong></span> <span class='ocrx_word' id='word_1_282' title='bbox 1633 2451 1809 2498; x_wconf 86' lang='lat' dir='ltr'><strong>mente</strong></span> <span class='ocrx_word' id='word_1_283' title='bbox 1854 2457 1948 2509; x_wconf 77' lang='lat' dir='ltr'><strong>per</strong></span> <span class='ocrx_word' id='word_1_284' title='bbox 1982 2441 2203 2494; x_wconf 80' lang='lat' dir='ltr'><strong>verbum</strong></span> <span class='ocrx_word' id='word_1_285' title='bbox 2238 2442 2436 2508; x_wconf 89' lang='lat' dir='ltr'><strong>prodit,</strong></span> 
     </span>
    </p>
   </div>
   <div class='ocr_carea' id='block_1_39' title="bbox 853 2535 2318 2606">
    <p class='ocr_par' dir='ltr' id='par_1_39' title="bbox 853 2535 2318 2606">
     <span class='ocr_line' id='line_1_39' title="bbox 853 2535 2318 2606; baseline -0.001 -18"><span class='ocrx_word' id='word_1_286' title='bbox 853 2539 997 2606; x_wconf 88' lang='lat' dir='ltr'><strong>quod</strong></span> <span class='ocrx_word' id='word_1_287' title='bbox 1031 2536 1371 2605; x_wconf 78' lang='lat' dir='ltr'><strong>propositum</strong></span> <span class='ocrx_word' id='word_1_288' title='bbox 1397 2545 1533 2600; x_wconf 86' lang='lat' dir='ltr'><strong>erat,</strong></span> <span class='ocrx_word' id='word_1_289' title='bbox 1561 2535 1685 2588; x_wconf 91' lang='lat' dir='ltr'><strong>hinc</strong></span> <span class='ocrx_word' id='word_1_290' title='bbox 1711 2536 1874 2587; x_wconf 86' lang='lat' dir='ltr'><strong>etiam</strong></span> <span class='ocrx_word' id='word_1_291' title='bbox 1906 2543 2186 2588; x_wconf 87' lang='lat' dir='ltr'><strong>ostensum</strong></span> <span class='ocrx_word' id='word_1_292' title='bbox 2213 2542 2318 2587; x_wconf 89' lang='lat' dir='ltr'><strong>est.</strong></span> 
     </span>
    </p>
   </div>
   <div class='ocr_carea' id='block_1_40' title="bbox 915 2627 2439 2696">
    <p class='ocr_par' dir='ltr' id='par_1_40' title="bbox 915 2627 2439 2696">
     <span class='ocr_line' id='line_1_40' title="bbox 915 2627 2439 2696; baseline -0.002 -16"><span class='ocrx_word' id='word_1_293' title='bbox 915 2633 1091 2696; x_wconf 81' lang='lat' dir='ltr'><strong>Atque</strong></span> <span class='ocrx_word' id='word_1_294' title='bbox 1145 2628 1390 2696; x_wconf 85' lang='lat' dir='ltr'><strong>exempla</strong></span> <span class='ocrx_word' id='word_1_295' title='bbox 1438 2627 1686 2695; x_wconf 72' lang='lat' dir='ltr'><strong>quidem,</strong></span> <span class='ocrx_word' id='word_1_296' title='bbox 1738 2641 1857 2695; x_wconf 75' lang='lat' dir='ltr'><strong>quae</strong></span> <span class='ocrx_word' id='word_1_297' title='bbox 1927 2627 2100 2679; x_wconf 85' lang='lat' dir='ltr'><strong>sancti</strong></span> <span class='ocrx_word' id='word_1_298' title='bbox 2151 2633 2439 2679; x_wconf 78' lang='lat' dir='ltr'><strong>as:umunt</strong></span> 
     </span>
    </p>
   </div>
   <div class='ocr_carea' id='block_1_41' title="bbox 842 2717 2438 2789">
    <p class='ocr_par' dir='ltr' id='par_1_41' title="bbox 842 2717 2438 2789">
     <span class='ocr_line' id='line_1_41' title="bbox 842 2717 2438 2789; baseline -0.004 -16"><span class='ocrx_word' id='word_1_299' title='bbox 842 2721 1152 2789; x_wconf 69' lang='lat' dir='ltr'><strong>huiusmodi</strong></span> <span class='ocrx_word' id='word_1_300' title='bbox 1187 2731 1333 2773; x_wconf 82' lang='lat' dir='ltr'><strong>stitit.</strong></span> <span class='ocrx_word' id='word_1_301' title='bbox 1389 2719 1537 2770; x_wconf 82' lang='lat' dir='ltr'><strong>Sicut</strong></span> <span class='ocrx_word' id='word_1_302' title='bbox 1574 2727 1752 2770; x_wconf 85' lang='lat' dir='ltr'><strong>autem</strong></span> <span class='ocrx_word' id='word_1_303' title='bbox 1807 2717 2009 2770; x_wconf 90' lang='lat' dir='ltr'><strong>ﬂuvius</strong></span> <span class='ocrx_word' id='word_1_304' title='bbox 2039 2717 2151 2786; x_wconf 79' lang='lat' dir='ltr'><strong>(l8)</strong></span> <span class='ocrx_word' id='word_1_305' title='bbox 2207 2733 2313 2768; x_wconf 89' lang='lat' dir='ltr'><strong>non</strong></span> <span class='ocrx_word' id='word_1_306' title='bbox 2355 2724 2438 2770; x_wconf 79' lang='lat' dir='ltr'><strong>est</strong></span> 
     </span>
    </p>
   </div>
   <div class='ocr_carea' id='block_1_42' title="bbox 842 2807 2436 2876">
    <p class='ocr_par' dir='ltr' id='par_1_42' title="bbox 842 2807 2436 2876">
     <span class='ocr_line' id='line_1_42' title="bbox 842 2807 2436 2876; baseline -0.004 -11"><span class='ocrx_word' id='word_1_307' title='bbox 842 2813 960 2866; x_wconf 91' lang='lat' dir='ltr'><strong>sine</strong></span> <span class='ocrx_word' id='word_1_308' title='bbox 983 2812 1158 2864; x_wconf 91' lang='lat' dir='ltr'><strong>medio</strong></span> <span class='ocrx_word' id='word_1_309' title='bbox 1199 2825 1259 2863; x_wconf 87' lang='lat' dir='ltr'><strong>ex</strong></span> <span class='ocrx_word' id='word_1_310' title='bbox 1288 2811 1470 2870; x_wconf 89' lang='lat' dir='ltr'><strong>oculo,</strong></span> <span class='ocrx_word' id='word_1_311' title='bbox 1508 2807 1683 2874; x_wconf 79' lang='lat' dir='ltr'><strong>neque</strong></span> <span class='ocrx_word' id='word_1_312' title='bbox 1740 2808 1829 2860; x_wconf 86' lang='lat' dir='ltr'><strong>lux</strong></span> <span class='ocrx_word' id='word_1_313' title='bbox 1862 2822 1982 2862; x_wconf 85' lang='lat' dir='ltr'><strong>esse</strong></span> <span class='ocrx_word' id='word_1_314' title='bbox 2017 2808 2171 2860; x_wconf 90' lang='lat' dir='ltr'><strong>aliter</strong></span> <span class='ocrx_word' id='word_1_315' title='bbox 2233 2819 2436 2876; x_wconf 88' lang='lat' dir='ltr'><strong>posset,</strong></span> 
     </span>
    </p>
   </div>
   <div class='ocr_carea' id='block_1_43' title="bbox 842 2899 2440 2969">
    <p class='ocr_par' dir='ltr' id='par_1_43' title="bbox 842 2899 2440 2969">
     <span class='ocr_line' id='line_1_43' title="bbox 842 2899 2440 2969; baseline -0.003 -13"><span class='ocrx_word' id='word_1_316' title='bbox 842 2905 942 2956; x_wconf 84' lang='lat' dir='ltr'><strong>nisi</strong></span> <span class='ocrx_word' id='word_1_317' title='bbox 972 2919 1036 2956; x_wconf 89' lang='lat' dir='ltr'><strong>ex</strong></span> <span class='ocrx_word' id='word_1_318' title='bbox 1060 2902 1168 2954; x_wconf 87' lang='lat' dir='ltr'><strong>sole</strong></span> <span class='ocrx_word' id='word_1_319' title='bbox 1194 2917 1286 2969; x_wconf 82' lang='lat' dir='ltr'><strong>per</strong></span> <span class='ocrx_word' id='word_1_320' title='bbox 1308 2905 1539 2962; x_wconf 84' lang='lat' dir='ltr'><strong>radium,</strong></span> <span class='ocrx_word' id='word_1_321' title='bbox 1563 2913 1738 2965; x_wconf 87' lang='lat' dir='ltr'><strong>neque</strong></span> <span class='ocrx_word' id='word_1_322' title='bbox 1769 2901 1888 2951; x_wconf 88' lang='lat' dir='ltr'><strong>viva</strong></span> <span class='ocrx_word' id='word_1_323' title='bbox 1915 2913 2054 2967; x_wconf 87' lang='lat' dir='ltr'><strong>aqua</strong></span> <span class='ocrx_word' id='word_1_324' title='bbox 2076 2899 2302 2952; x_wconf 80' lang='lat' dir='ltr'><strong>exfonte</strong></span> <span class='ocrx_word' id='word_1_325' title='bbox 2325 2899 2440 2951; x_wconf 84' lang='lat' dir='ltr'><strong>sine</strong></span> 
     </span>
    </p>
   </div>
   <div class='ocr_carea' id='block_1_44' title="bbox 844 2990 2437 3062">
    <p class='ocr_par' dir='ltr' id='par_1_44' title="bbox 844 2990 2437 3062">
     <span class='ocr_line' id='line_1_44' title="bbox 844 2990 2437 3062; baseline -0.001 -17"><span class='ocrx_word' id='word_1_326' title='bbox 844 2995 1041 3057; x_wconf 88' lang='lat' dir='ltr'><strong>medio,</strong></span> <span class='ocrx_word' id='word_1_327' title='bbox 1073 2995 1164 3046; x_wconf 91' lang='lat' dir='ltr'><strong>sed</strong></span> <span class='ocrx_word' id='word_1_328' title='bbox 1195 3009 1288 3062; x_wconf 90' lang='lat' dir='ltr'><strong>per</strong></span> <span class='ocrx_word' id='word_1_329' title='bbox 1337 2992 1559 3045; x_wconf 79' lang='lat' dir='ltr'><strong>ﬂuvium</strong></span> <span class='ocrx_word' id='word_1_330' title='bbox 1629 3000 1847 3055; x_wconf 89' lang='lat' dir='ltr'><strong>manat,</strong></span> <span class='ocrx_word' id='word_1_331' title='bbox 1907 3006 2085 3059; x_wconf 87' lang='lat' dir='ltr'><strong>neque</strong></span> <span class='ocrx_word' id='word_1_332' title='bbox 2117 2990 2325 3044; x_wconf 89' lang='lat' dir='ltr'><strong>fructus</strong></span> <span class='ocrx_word' id='word_1_333' title='bbox 2371 3006 2437 3044; x_wconf 90' lang='lat' dir='ltr'><strong>ex</strong></span> 
     </span>
    </p>
   </div>
   <div class='ocr_carea' id='block_1_45' title="bbox 843 3083 2434 3139">
    <p class='ocr_par' dir='ltr' id='par_1_45' title="bbox 843 3083 2434 3139">
     <span class='ocr_line' id='line_1_45' title="bbox 843 3083 2434 3139; baseline -0.001 -2"><span class='ocrx_word' id='word_1_334' title='bbox 843 3086 1027 3138; x_wconf 87' lang='lat' dir='ltr'><strong>radice</strong></span> <span class='ocrx_word' id='word_1_335' title='bbox 1094 3085 1213 3139; x_wconf 89' lang='lat' dir='ltr'><strong>sine</strong></span> <span class='ocrx_word' id='word_1_336' title='bbox 1233 3085 1368 3136; x_wconf 90' lang='lat' dir='ltr'><strong>rami</strong></span> <span class='ocrx_word' id='word_1_337' title='bbox 1391 3084 1586 3137; x_wconf 89' lang='lat' dir='ltr'><strong>medio.</strong></span> <span class='ocrx_word' id='word_1_338' title='bbox 1622 3084 1734 3136; x_wconf 90' lang='lat' dir='ltr'><strong>lloc</strong></span> <span class='ocrx_word' id='word_1_339' title='bbox 1764 3085 1909 3137; x_wconf 88' lang='lat' dir='ltr'><strong>enim</strong></span> <span class='ocrx_word' id='word_1_340' title='bbox 1951 3099 2132 3138; x_wconf 91' lang='lat' dir='ltr'><strong>rerum</strong></span> <span class='ocrx_word' id='word_1_341' title='bbox 2189 3083 2434 3136; x_wconf 82' lang='lat' dir='ltr'><strong>ordinem</strong></span> 
     </span>
    </p>
   </div>
   <div class='ocr_carea' id='block_1_46' title="bbox 839 3173 2432 3243">
    <p class='ocr_par' dir='ltr' id='par_1_46' title="bbox 839 3173 2432 3243">
     <span class='ocr_line' id='line_1_46' title="bbox 839 3173 2432 3243; baseline -0.004 -13"><span class='ocrx_word' id='word_1_342' title='bbox 839 3191 905 3230; x_wconf 90' lang='lat' dir='ltr'><strong>ac</strong></span> <span class='ocrx_word' id='word_1_343' title='bbox 968 3175 1291 3228; x_wconf 65' lang='lat' dir='ltr'><strong>substantiae</strong></span> <span class='ocrx_word' id='word_1_344' title='bbox 1366 3189 1685 3243; x_wconf 74' lang='lat' dir='ltr'><strong>processum</strong></span> <span class='ocrx_word' id='word_1_345' title='bbox 1748 3173 2031 3227; x_wconf 87' lang='lat' dir='ltr'><strong>confundit</strong></span> <span class='ocrx_word' id='word_1_346' title='bbox 2079 3182 2133 3228; x_wconf 91' lang='lat' dir='ltr'><strong>et</strong></span> <span class='ocrx_word' id='word_1_347' title='bbox 2193 3173 2432 3241; x_wconf 83' lang='lat' dir='ltr'><strong>perimit_</strong></span> 
     </span>
    </p>
   </div>
   <div class='ocr_carea' id='block_1_47' title="bbox 2546 1991 4110 2061">
    <p class='ocr_par' dir='ltr' id='par_1_47' title="bbox 2546 1991 4110 2061">
     <span class='ocr_line' id='line_1_47' title="bbox 2546 1991 4110 2061; baseline 0.002 -16"><span class='ocrx_word' id='word_1_348' title='bbox 2546 1991 2788 2045; x_wconf 86' lang='lat' dir='ltr'><strong>suaviter</strong></span> <span class='ocrx_word' id='word_1_349' title='bbox 2839 2000 2893 2045; x_wconf 91' lang='lat' dir='ltr'><strong>et</strong></span> <span class='ocrx_word' id='word_1_350' title='bbox 2921 1992 3132 2046; x_wconf 90' lang='lat' dir='ltr'><strong>modice</strong></span> <span class='ocrx_word' id='word_1_351' title='bbox 3159 2003 3440 2061; x_wconf 88' lang='lat' dir='ltr'><strong>appareat,</strong></span> <span class='ocrx_word' id='word_1_352' title='bbox 3468 2007 3572 2046; x_wconf 90' lang='lat' dir='ltr'><strong>non</strong></span> <span class='ocrx_word' id='word_1_353' title='bbox 3607 2003 3786 2047; x_wconf 90' lang='lat' dir='ltr'><strong>tamen</strong></span> <span class='ocrx_word' id='word_1_354' title='bbox 3822 2009 4110 2061; x_wconf 85' lang='lat' dir='ltr'><strong>processus</strong></span> 
     </span>
    </p>
   </div>
   <div class='ocr_carea' id='block_1_48' title="bbox 2547 2084 4110 2153">
    <p class='ocr_par' dir='ltr' id='par_1_48' title="bbox 2547 2084 4110 2153">
     <span class='ocr_line' id='line_1_48' title="bbox 2547 2084 4110 2153; baseline 0.003 -19"><span class='ocrx_word' id='word_1_355' title='bbox 2547 2084 2652 2136; x_wconf 89' lang='lat' dir='ltr'><strong>ulla</strong></span> <span class='ocrx_word' id='word_1_356' title='bbox 2692 2084 2742 2135; x_wconf 92' lang='lat' dir='ltr'><strong>in</strong></span> <span class='ocrx_word' id='word_1_357' title='bbox 2777 2085 2862 2136; x_wconf 89' lang='lat' dir='ltr'><strong>his</strong></span> <span class='ocrx_word' id='word_1_358' title='bbox 2891 2085 3031 2137; x_wconf 84' lang='lat' dir='ltr'><strong>ratio</strong></span> <span class='ocrx_word' id='word_1_359' title='bbox 3068 2086 3379 2150; x_wconf 84' lang='lat' dir='ltr'><strong>inspicitur.</strong></span> <span class='ocrx_word' id='word_1_360' title='bbox 3413 2085 3646 2139; x_wconf 84' lang='lat' dir='ltr'><strong>Aliunde</strong></span> <span class='ocrx_word' id='word_1_361' title='bbox 3678 2093 3857 2139; x_wconf 89' lang='lat' dir='ltr'><strong>autem</strong></span> <span class='ocrx_word' id='word_1_362' title='bbox 3891 2101 4110 2153; x_wconf 89' lang='lat' dir='ltr'><strong>proces-</strong></span> 
     </span>
    </p>
   </div>
   <div class='ocr_carea' id='block_1_49' title="bbox 2545 2176 4105 2245">
    <p class='ocr_par' dir='ltr' id='par_1_49' title="bbox 2545 2176 4105 2245">
     <span class='ocr_line' id='line_1_49' title="bbox 2545 2176 4105 2245; baseline 0.002 -18"><span class='ocrx_word' id='word_1_363' title='bbox 2545 2189 2640 2228; x_wconf 89' lang='lat' dir='ltr'><strong>sus</strong></span> <span class='ocrx_word' id='word_1_364' title='bbox 2675 2189 2796 2228; x_wconf 89' lang='lat' dir='ltr'><strong>cum</strong></span> <span class='ocrx_word' id='word_1_365' title='bbox 2831 2176 3024 2229; x_wconf 88' lang='lat' dir='ltr'><strong>ordine</strong></span> <span class='ocrx_word' id='word_1_366' title='bbox 3090 2176 3392 2230; x_wconf 89' lang='lat' dir='ltr'><strong>diﬂerentia</strong></span> <span class='ocrx_word' id='word_1_367' title='bbox 3452 2177 3747 2245; x_wconf 89' lang='lat' dir='ltr'><strong>colligitur,</strong></span> <span class='ocrx_word' id='word_1_368' title='bbox 3817 2177 3896 2230; x_wconf 86' lang='lat' dir='ltr'><strong>vel</strong></span> <span class='ocrx_word' id='word_1_369' title='bbox 3955 2177 4105 2245; x_wconf 87' lang='lat' dir='ltr'><strong>plura</strong></span> 
     </span>
    </p>
   </div>
   <div class='ocr_carea' id='block_1_50' title="bbox 2542 2263 4107 2332">
    <p class='ocr_par' dir='ltr' id='par_1_50' title="bbox 2542 2263 4107 2332">
     <span class='ocr_line' id='line_1_50' title="bbox 2542 2263 4107 2332; baseline 0.003 -20"><span class='ocrx_word' id='word_1_370' title='bbox 2542 2277 2662 2316; x_wconf 78' lang='lat' dir='ltr'><strong>esse</strong></span> <span class='ocrx_word' id='word_1_371' title='bbox 2695 2278 2758 2316; x_wconf 88' lang='lat' dir='ltr'><strong>ex</strong></span> <span class='ocrx_word' id='word_1_372' title='bbox 2803 2277 2934 2325; x_wconf 88' lang='lat' dir='ltr'><strong>uno,</strong></span> <span class='ocrx_word' id='word_1_373' title='bbox 2977 2263 3080 2316; x_wconf 91' lang='lat' dir='ltr'><strong>alia</strong></span> <span class='ocrx_word' id='word_1_374' title='bbox 3113 2277 3234 2317; x_wconf 89' lang='lat' dir='ltr'><strong>esse</strong></span> <span class='ocrx_word' id='word_1_375' title='bbox 3282 2280 3346 2317; x_wconf 84' lang='lat' dir='ltr'><strong>ex</strong></span> <span class='ocrx_word' id='word_1_376' title='bbox 3385 2263 3510 2327; x_wconf 89' lang='lat' dir='ltr'><strong>alio,</strong></span> <span class='ocrx_word' id='word_1_377' title='bbox 3573 2264 3624 2316; x_wconf 91' lang='lat' dir='ltr'><strong>in</strong></span> <span class='ocrx_word' id='word_1_378' title='bbox 3663 2278 3823 2317; x_wconf 90' lang='lat' dir='ltr'><strong>unam</strong></span> <span class='ocrx_word' id='word_1_379' title='bbox 3872 2263 4107 2332; x_wconf 83' lang='lat' dir='ltr'><strong>aliquam</strong></span> 
     </span>
    </p>
   </div>
   <div class='ocr_carea' id='block_1_51' title="bbox 2545 2353 4109 2422">
    <p class='ocr_par' dir='ltr' id='par_1_51' title="bbox 2545 2353 4109 2422">
     <span class='ocr_line' id='line_1_51' title="bbox 2545 2353 4109 2422; baseline 0.003 -18"><span class='ocrx_word' id='word_1_380' title='bbox 2545 2353 2786 2407; x_wconf 88' lang='lat' dir='ltr'><strong>veritatis</strong></span> <span class='ocrx_word' id='word_1_381' title='bbox 2825 2353 3239 2407; x_wconf 86' lang='lat' dir='ltr'><strong>similitudinem</strong></span> <span class='ocrx_word' id='word_1_382' title='bbox 3272 2354 3557 2420; x_wconf 90' lang='lat' dir='ltr'><strong>phantasia</strong></span> <span class='ocrx_word' id='word_1_383' title='bbox 3591 2354 3901 2422; x_wconf 79' lang='lat' dir='ltr'><strong>colligente.</strong></span> <span class='ocrx_word' id='word_1_384' title='bbox 3933 2353 4109 2422; x_wconf 86' lang='lat' dir='ltr'><strong>Opor-</strong></span> 
     </span>
    </p>
   </div>
   <div class='ocr_carea' id='block_1_52' title="bbox 2545 2443 4108 2515">
    <p class='ocr_par' dir='ltr' id='par_1_52' title="bbox 2545 2443 4108 2515">
     <span class='ocr_line' id='line_1_52' title="bbox 2545 2443 4108 2515; baseline 0.003 -19"><span class='ocrx_word' id='word_1_385' title='bbox 2545 2451 2619 2496; x_wconf 84' lang='lat' dir='ltr'><strong>tet</strong></span> <span class='ocrx_word' id='word_1_386' title='bbox 2647 2443 2791 2496; x_wconf 89' lang='lat' dir='ltr'><strong>enim</strong></span> <span class='ocrx_word' id='word_1_387' title='bbox 2821 2459 2941 2508; x_wconf 85' lang='lat' dir='ltr'><strong>nos,</strong></span> <span class='ocrx_word' id='word_1_388' title='bbox 2973 2444 3216 2512; x_wconf 73' lang='lat' dir='ltr'><strong>quan‘diu</strong></span> <span class='ocrx_word' id='word_1_389' title='bbox 3271 2444 3322 2497; x_wconf 92' lang='lat' dir='ltr'><strong>in</strong></span> <span class='ocrx_word' id='word_1_390' title='bbox 3377 2445 3584 2498; x_wconf 89' lang='lat' dir='ltr'><strong>umbris</strong></span> <span class='ocrx_word' id='word_1_391' title='bbox 3624 2452 3676 2497; x_wconf 90' lang='lat' dir='ltr'><strong>et</strong></span> <span class='ocrx_word' id='word_1_392' title='bbox 3729 2446 4108 2515; x_wconf 62' lang='lat' dir='ltr'><strong>anigmatibus</strong></span> 
     </span>
    </p>
   </div>
   <div class='ocr_carea' id='block_1_53' title="bbox 2545 2536 4110 2606">
    <p class='ocr_par' dir='ltr' id='par_1_53' title="bbox 2545 2536 4110 2606">
     <span class='ocr_line' id='line_1_53' title="bbox 2545 2536 4110 2606; baseline 0.004 -21"><span class='ocrx_word' id='word_1_393' title='bbox 2545 2537 2800 2598; x_wconf 78' lang='lat' dir='ltr'><strong>vivimus.</strong></span> <span class='ocrx_word' id='word_1_394' title='bbox 2836 2536 2919 2590; x_wconf 93' lang='lat' dir='ltr'><strong>bis</strong></span> <span class='ocrx_word' id='word_1_395' title='bbox 2948 2537 3132 2601; x_wconf 82' lang='lat' dir='ltr'><strong>rebus,</strong></span> <span class='ocrx_word' id='word_1_396' title='bbox 3171 2552 3291 2606; x_wconf 65' lang='lat' dir='ltr'><strong>quae</strong></span> <span class='ocrx_word' id='word_1_397' title='bbox 3317 2538 3471 2592; x_wconf 88' lang='lat' dir='ltr'><strong>nobis</strong></span> <span class='ocrx_word' id='word_1_398' title='bbox 3517 2539 3759 2592; x_wconf 90' lang='lat' dir='ltr'><strong>notiores</strong></span> <span class='ocrx_word' id='word_1_399' title='bbox 3800 2551 3945 2605; x_wconf 86' lang='lat' dir='ltr'><strong>sunt,</strong></span> <span class='ocrx_word' id='word_1_400' title='bbox 3995 2541 4110 2592; x_wconf 84' lang='lat' dir='ltr'><strong>vcl-</strong></span> 
     </span>
    </p>
   </div>
   <div class='ocr_carea' id='block_1_54' title="bbox 2543 2627 4110 2696">
    <p class='ocr_par' dir='ltr' id='par_1_54' title="bbox 2543 2627 4110 2696">
     <span class='ocr_line' id='line_1_54' title="bbox 2543 2627 4110 2696; baseline 0.003 -16"><span class='ocrx_word' id='word_1_401' title='bbox 2543 2631 2617 2680; x_wconf 91' lang='lat' dir='ltr'><strong>uli</strong></span> <span class='ocrx_word' id='word_1_402' title='bbox 2682 2627 3005 2696; x_wconf 84' lang='lat' dir='ltr'><strong>quibusdam</strong></span> <span class='ocrx_word' id='word_1_403' title='bbox 3068 2628 3414 2682; x_wconf 81' lang='lat' dir='ltr'><strong>adminiculis</strong></span> <span class='ocrx_word' id='word_1_404' title='bbox 3463 2629 3526 2683; x_wconf 89' lang='lat' dir='ltr'><strong>ad</strong></span> <span class='ocrx_word' id='word_1_405' title='bbox 3591 2630 3757 2684; x_wconf 89' lang='lat' dir='ltr'><strong>Deum</strong></span> <span class='ocrx_word' id='word_1_406' title='bbox 3801 2631 3940 2683; x_wconf 90' lang='lat' dir='ltr'><strong>niti:</strong></span> <span class='ocrx_word' id='word_1_407' title='bbox 3998 2646 4110 2684; x_wconf 87' lang='lat' dir='ltr'><strong>cre-</strong></span> 
     </span>
    </p>
   </div>
   <div class='ocr_carea' id='block_1_55' title="bbox 2542 2719 4110 2788">
    <p class='ocr_par' dir='ltr' id='par_1_55' title="bbox 2542 2719 4110 2788">
     <span class='ocr_line' id='line_1_55' title="bbox 2542 2719 4110 2788; baseline 0.002 -18"><span class='ocrx_word' id='word_1_408' title='bbox 2542 2721 2733 2770; x_wconf 79' lang='lat' dir='ltr'><strong>dentes</strong></span> <span class='ocrx_word' id='word_1_409' title='bbox 2799 2719 3016 2788; x_wconf 88' lang='lat' dir='ltr'><strong>quidem</strong></span> <span class='ocrx_word' id='word_1_410' title='bbox 3073 2719 3446 2788; x_wconf 87' lang='lat' dir='ltr'><strong>principaliter</strong></span> <span class='ocrx_word' id='word_1_411' title='bbox 3488 2735 3551 2774; x_wconf 89' lang='lat' dir='ltr'><strong>ac</strong></span> <span class='ocrx_word' id='word_1_412' title='bbox 3617 2721 3946 2782; x_wconf 90' lang='lat' dir='ltr'><strong>necessario,</strong></span> <span class='ocrx_word' id='word_1_413' title='bbox 4026 2720 4110 2773; x_wconf 88' lang='lat' dir='ltr'><strong>his</strong></span> 
     </span>
    </p>
   </div>
   <div class='ocr_carea' id='block_1_56' title="bbox 2542 2807 4108 2876">
    <p class='ocr_par' dir='ltr' id='par_1_56' title="bbox 2542 2807 4108 2876">
     <span class='ocr_line' id='line_1_56' title="bbox 2542 2807 4108 2876; baseline 0.004 -18"><span class='ocrx_word' id='word_1_414' title='bbox 2542 2823 2660 2876; x_wconf 74' lang='lat' dir='ltr'><strong>qua:</strong></span> <span class='ocrx_word' id='word_1_415' title='bbox 2701 2807 2824 2861; x_wconf 90' lang='lat' dir='ltr'><strong>inde</strong></span> <span class='ocrx_word' id='word_1_416' title='bbox 2853 2817 3094 2872; x_wconf 90' lang='lat' dir='ltr'><strong>manant,</strong></span> <span class='ocrx_word' id='word_1_417' title='bbox 3126 2810 3450 2875; x_wconf 87' lang='lat' dir='ltr'><strong>sententiis;</strong></span> <span class='ocrx_word' id='word_1_418' title='bbox 3516 2811 3941 2864; x_wconf 80' lang='lat' dir='ltr'><strong>consolationem</strong></span> <span class='ocrx_word' id='word_1_419' title='bbox 3978 2827 4108 2865; x_wconf 88' lang='lat' dir='ltr'><strong>vero</strong></span> 
     </span>
    </p>
   </div>
   <div class='ocr_carea' id='block_1_57' title="bbox 2541 2898 4110 2969">
    <p class='ocr_par' dir='ltr' id='par_1_57' title="bbox 2541 2898 4110 2969">
     <span class='ocr_line' id='line_1_57' title="bbox 2541 2898 4110 2969; baseline 0.004 -20"><span class='ocrx_word' id='word_1_420' title='bbox 2541 2900 2704 2950; x_wconf 88' lang='lat' dir='ltr'><strong>etiam</strong></span> <span class='ocrx_word' id='word_1_421' title='bbox 2729 2911 2795 2950; x_wconf 91' lang='lat' dir='ltr'><strong>ex</strong></span> <span class='ocrx_word' id='word_1_422' title='bbox 2844 2898 2928 2951; x_wconf 90' lang='lat' dir='ltr'><strong>bis</strong></span> <span class='ocrx_word' id='word_1_423' title='bbox 2963 2913 3083 2966; x_wconf 69' lang='lat' dir='ltr'><strong>qua:</strong></span> <span class='ocrx_word' id='word_1_424' title='bbox 3109 2899 3382 2965; x_wconf 89' lang='lat' dir='ltr'><strong>videntur,</strong></span> <span class='ocrx_word' id='word_1_425' title='bbox 3409 2908 3674 2968; x_wconf 88' lang='lat' dir='ltr'><strong>quantum</strong></span> <span class='ocrx_word' id='word_1_426' title='bbox 3708 2901 3856 2965; x_wconf 87' lang='lat' dir='ltr'><strong>licet,</strong></span> <span class='ocrx_word' id='word_1_427' title='bbox 3893 2903 4110 2969; x_wconf 87' lang='lat' dir='ltr'><strong>capien-</strong></span> 
     </span>
    </p>
   </div>
   <div class='ocr_carea' id='block_1_58' title="bbox 2543 2992 4106 3060">
    <p class='ocr_par' dir='ltr' id='par_1_58' title="bbox 2543 2992 4106 3060">
     <span class='ocr_line' id='line_1_58' title="bbox 2543 2992 4106 3060; baseline 0.003 -19"><span class='ocrx_word' id='word_1_428' title='bbox 2543 2997 2642 3050; x_wconf 89' lang='lat' dir='ltr'><strong>tes.</strong></span> <span class='ocrx_word' id='word_1_429' title='bbox 2696 2998 3072 3059; x_wconf 89' lang='lat' dir='ltr'><strong>quantumque</strong></span> <span class='ocrx_word' id='word_1_430' title='bbox 3132 3002 3395 3045; x_wconf 79' lang='lat' dir='ltr'><strong>creatura:</strong></span> <span class='ocrx_word' id='word_1_431' title='bbox 3448 2992 3500 3045; x_wconf 93' lang='lat' dir='ltr'><strong>in</strong></span> <span class='ocrx_word' id='word_1_432' title='bbox 3543 3007 3599 3046; x_wconf 91' lang='lat' dir='ltr'><strong>se</strong></span> <span class='ocrx_word' id='word_1_433' title='bbox 3631 2993 4106 3060; x_wconf 84' lang='lat' dir='ltr'><strong>ipsis&#39;creatorem</strong></span> 
     </span>
    </p>
   </div>
   <div class='ocr_carea' id='block_1_59' title="bbox 2541 3082 4111 3152">
    <p class='ocr_par' dir='ltr' id='par_1_59' title="bbox 2541 3082 4111 3152">
     <span class='ocr_line' id='line_1_59' title="bbox 2541 3082 4111 3152; baseline 0 -18"><span class='ocrx_word' id='word_1_434' title='bbox 2541 3082 2754 3134; x_wconf 82' lang='lat' dir='ltr'><strong>exiliter</strong></span> <span class='ocrx_word' id='word_1_435' title='bbox 2799 3082 3078 3135; x_wconf 88' lang='lat' dir='ltr'><strong>insinuare</strong></span> <span class='ocrx_word' id='word_1_436' title='bbox 3147 3091 3416 3150; x_wconf 87' lang='lat' dir='ltr'><strong>possunt:</strong></span> <span class='ocrx_word' id='word_1_437' title='bbox 3473 3083 3816 3152; x_wconf 90' lang='lat' dir='ltr'><strong>visibiliaqne</strong></span> <span class='ocrx_word' id='word_1_438' title='bbox 3865 3085 4111 3137; x_wconf 75' lang='lat' dir='ltr'><strong>illVisibi-</strong></span> 
     </span>
    </p>
   </div>
   <div class='ocr_carea' id='block_1_60' title="bbox 2542 3171 4108 3241">
    <p class='ocr_par' dir='ltr' id='par_1_60' title="bbox 2542 3171 4108 3241">
     <span class='ocr_line' id='line_1_60' title="bbox 2542 3171 4108 3241; baseline 0.003 -19"><span class='ocrx_word' id='word_1_439' title='bbox 2542 3171 2644 3224; x_wconf 90' lang='lat' dir='ltr'><strong>lem</strong></span> <span class='ocrx_word' id='word_1_440' title='bbox 2689 3172 2940 3226; x_wconf 87' lang='lat' dir='ltr'><strong>vehicula</strong></span> <span class='ocrx_word' id='word_1_441' title='bbox 2973 3172 3222 3241; x_wconf 57' lang='lat' dir='ltr'><strong>quasdam</strong></span> <span class='ocrx_word' id='word_1_442' title='bbox 3263 3172 3329 3226; x_wconf 91' lang='lat' dir='ltr'><strong>ad</strong></span> <span class='ocrx_word' id='word_1_443' title='bbox 3362 3172 3591 3241; x_wconf 89' lang='lat' dir='ltr'><strong>primam</strong></span> <span class='ocrx_word' id='word_1_444' title='bbox 3623 3174 3903 3228; x_wconf 84' lang='lat' dir='ltr'><strong>veritatem</strong></span> <span class='ocrx_word' id='word_1_445' title='bbox 3957 3175 4108 3230; x_wconf 79' lang='lat' dir='ltr'><strong>exiti-</strong></span> 
     </span>
    </p>
   </div>
   <div class='ocr_carea' id='block_1_61' title="bbox 840 3238 2743 3334">
    <p class='ocr_par' dir='ltr' id='par_1_61' title="bbox 840 3238 2743 3334">
     <span class='ocr_line' id='line_1_61' title="bbox 840 3238 2743 3334; baseline -0.003 -13"><span class='ocrx_word' id='word_1_446' title='bbox 840 3268 900 3321; x_wconf 92' lang='lat' dir='ltr'><strong>In</strong></span> <span class='ocrx_word' id='word_1_447' title='bbox 935 3269 1042 3331; x_wconf 90' lang='lat' dir='ltr'><strong>bis,</strong></span> <span class='ocrx_word' id='word_1_448' title='bbox 1103 3275 1156 3319; x_wconf 91' lang='lat' dir='ltr'><strong>et</strong></span> <span class='ocrx_word' id='word_1_449' title='bbox 1191 3267 1245 3318; x_wconf 95' lang='lat' dir='ltr'><strong>in</strong></span> <span class='ocrx_word' id='word_1_450' title='bbox 1310 3268 1523 3320; x_wconf 85' lang='lat' dir='ltr'><strong>ca:teris</strong></span> <span class='ocrx_word' id='word_1_451' title='bbox 1567 3281 1688 3332; x_wconf 65' lang='lat' dir='ltr'><strong>qua:</strong></span> <span class='ocrx_word' id='word_1_452' title='bbox 1737 3267 2142 3334; x_wconf 87' lang='lat' dir='ltr'><strong>proposuimus,</strong></span> <span class='ocrx_word' id='word_1_453' title='bbox 2172 3266 2434 3334; x_wconf 82' lang='lat' dir='ltr'><strong>exemplis</strong></span> <span class='ocrx_word' id='word_1_454' title='bbox 2467 3238 2507 3292; x_wconf 58' lang='grc' dir='ltr'><strong>(δ</strong></span> <span class='ocrx_word' id='word_1_455' title='bbox 2544 3263 2743 3316; x_wconf 71' lang='lat' dir='ltr'><strong>bentia.</strong></span> 
     </span>
    </p>
   </div>
   <div class='ocr_carea' id='block_1_62' title="bbox 843 3355 2435 3425">
    <p class='ocr_par' dir='ltr' id='par_1_62' title="bbox 843 3355 2435 3425">
     <span class='ocr_line' id='line_1_62' title="bbox 843 3355 2435 3425; baseline -0.002 -15"><span class='ocrx_word' id='word_1_456' title='bbox 843 3359 1031 3411; x_wconf 87' lang='lat' dir='ltr'><strong>eadem</strong></span> <span class='ocrx_word' id='word_1_457' title='bbox 1080 3356 1321 3424; x_wconf 86' lang='lat' dir='ltr'><strong>profecto</strong></span> <span class='ocrx_word' id='word_1_458' title='bbox 1351 3359 1560 3410; x_wconf 88' lang='lat' dir='ltr'><strong>ratione</strong></span> <span class='ocrx_word' id='word_1_459' title='bbox 1582 3366 1635 3409; x_wconf 89' lang='lat' dir='ltr'><strong>et</strong></span> <span class='ocrx_word' id='word_1_460' title='bbox 1680 3365 1904 3410; x_wconf 87' lang='lat' dir='ltr'><strong>sanctus</strong></span> <span class='ocrx_word' id='word_1_461' title='bbox 1933 3355 2166 3425; x_wconf 87' lang='lat' dir='ltr'><strong>Spiritus</strong></span> <span class='ocrx_word' id='word_1_462' title='bbox 2192 3357 2435 3409; x_wconf 85' lang='lat' dir='ltr'><strong>rationa-</strong></span> 
     </span>
    </p>
   </div>
   <div class='ocr_carea' id='block_1_63' title="bbox 840 3448 2435 3502">
    <p class='ocr_par' dir='ltr' id='par_1_63' title="bbox 840 3448 2435 3502">
     <span class='ocr_line' id='line_1_63' title="bbox 840 3448 2435 3502; baseline 0 -1"><span class='ocrx_word' id='word_1_463' title='bbox 840 3448 1022 3501; x_wconf 80' lang='lat' dir='ltr'><strong>biliter</strong></span> <span class='ocrx_word' id='word_1_464' title='bbox 1081 3463 1142 3500; x_wconf 83' lang='lat' dir='ltr'><strong>ex</strong></span> <span class='ocrx_word' id='word_1_465' title='bbox 1189 3448 1350 3502; x_wconf 89' lang='lat' dir='ltr'><strong>Patre</strong></span> <span class='ocrx_word' id='word_1_466' title='bbox 1381 3448 1498 3501; x_wconf 82' lang='lat' dir='ltr'><strong>sine</strong></span> <span class='ocrx_word' id='word_1_467' title='bbox 1556 3449 1898 3501; x_wconf 87' lang='lat' dir='ltr'><strong>medio-non</strong></span> <span class='ocrx_word' id='word_1_468' title='bbox 1947 3448 2168 3502; x_wconf 88' lang='lat' dir='ltr'><strong>dicitur.</strong></span> <span class='ocrx_word' id='word_1_469' title='bbox 2218 3448 2435 3501; x_wconf 85' lang='lat' dir='ltr'><strong>Tertius</strong></span> 
     </span>
    </p>
   </div>
   <div class='ocr_carea' id='block_1_64' title="bbox 840 3539 2440 3608">
    <p class='ocr_par' dir='ltr' id='par_1_64' title="bbox 840 3539 2440 3608">
     <span class='ocr_line' id='line_1_64' title="bbox 840 3539 2440 3608; baseline -0.001 -14"><span class='ocrx_word' id='word_1_470' title='bbox 840 3541 983 3594; x_wconf 88' lang='lat' dir='ltr'><strong>enim</strong></span> <span class='ocrx_word' id='word_1_471' title='bbox 1017 3555 1045 3592; x_wconf 92' lang='lat' dir='ltr'><strong>a</strong></span> <span class='ocrx_word' id='word_1_472' title='bbox 1082 3539 1246 3593; x_wconf 83' lang='lat' dir='ltr'><strong>Patre</strong></span> <span class='ocrx_word' id='word_1_473' title='bbox 1281 3540 1586 3594; x_wconf 85' lang='lat' dir='ltr'><strong>secundum</strong></span> <span class='ocrx_word' id='word_1_474' title='bbox 1652 3539 1996 3608; x_wconf 89' lang='lat' dir='ltr'><strong>personalem</strong></span> <span class='ocrx_word' id='word_1_475' title='bbox 2060 3540 2304 3593; x_wconf 88' lang='lat' dir='ltr'><strong>ordinem</strong></span> <span class='ocrx_word' id='word_1_476' title='bbox 2342 3555 2440 3606; x_wconf 85' lang='lat' dir='ltr'><strong>po-</strong></span> 
     </span>
    </p>
   </div>
   <div class='ocr_carea' id='block_1_65' title="bbox 839 3629 2433 3699">
    <p class='ocr_par' dir='ltr' id='par_1_65' title="bbox 839 3629 2433 3699">
     <span class='ocr_line' id='line_1_65' title="bbox 839 3629 2433 3699; baseline -0.003 -15"><span class='ocrx_word' id='word_1_477' title='bbox 839 3634 1010 3695; x_wconf 86' lang='lat' dir='ltr'><strong>nitur,</strong></span> <span class='ocrx_word' id='word_1_478' title='bbox 1042 3643 1204 3699; x_wconf 85' lang='lat' dir='ltr'><strong>atqne</strong></span> <span class='ocrx_word' id='word_1_479' title='bbox 1229 3646 1323 3698; x_wconf 87' lang='lat' dir='ltr'><strong>per</strong></span> <span class='ocrx_word' id='word_1_480' title='bbox 1359 3630 1556 3682; x_wconf 88' lang='lat' dir='ltr'><strong>Filium</strong></span> <span class='ocrx_word' id='word_1_481' title='bbox 1611 3644 1732 3683; x_wconf 92' lang='lat' dir='ltr'><strong>esse</strong></span> <span class='ocrx_word' id='word_1_482' title='bbox 1758 3645 1821 3682; x_wconf 91' lang='lat' dir='ltr'><strong>ac</strong></span> <span class='ocrx_word' id='word_1_483' title='bbox 1848 3629 2145 3697; x_wconf 90' lang='lat' dir='ltr'><strong>procedere</strong></span> <span class='ocrx_word' id='word_1_484' title='bbox 2169 3644 2198 3681; x_wconf 91' lang='lat' dir='ltr'><strong>a</strong></span> <span class='ocrx_word' id='word_1_485' title='bbox 2228 3629 2433 3682; x_wconf 60' lang='lat' dir='ltr'><strong>theoloo</strong></span> 
     </span>
    </p>
   </div>
   <div class='ocr_carea' id='block_1_66' title="bbox 837 3723 2432 3794">
    <p class='ocr_par' dir='ltr' id='par_1_66' title="bbox 837 3723 2432 3794">
     <span class='ocr_line' id='line_1_66' title="bbox 837 3723 2432 3794; baseline -0.002 -17"><span class='ocrx_word' id='word_1_486' title='bbox 837 3728 921 3794; x_wconf 87' lang='lat' dir='ltr'><strong>gis</strong></span> <span class='ocrx_word' id='word_1_487' title='bbox 945 3735 1312 3778; x_wconf 91' lang='lat' dir='ltr'><strong>asseveratur.</strong></span> <span class='ocrx_word' id='word_1_488' title='bbox 1352 3725 1543 3778; x_wconf 87' lang='lat' dir='ltr'><strong>Dicere</strong></span> <span class='ocrx_word' id='word_1_489' title='bbox 1579 3732 1762 3777; x_wconf 88' lang='lat' dir='ltr'><strong>autem</strong></span> <span class='ocrx_word' id='word_1_490' title='bbox 1794 3738 1858 3776; x_wconf 90' lang='lat' dir='ltr'><strong>ex</strong></span> <span class='ocrx_word' id='word_1_491' title='bbox 1896 3724 2053 3776; x_wconf 83' lang='lat' dir='ltr'><strong>Patre</strong></span> <span class='ocrx_word' id='word_1_492' title='bbox 2078 3724 2196 3776; x_wconf 90' lang='lat' dir='ltr'><strong>sine</strong></span> <span class='ocrx_word' id='word_1_493' title='bbox 2251 3723 2432 3776; x_wconf 90' lang='lat' dir='ltr'><strong>medio</strong></span> 
     </span>
    </p>
   </div>
   <div class='ocr_carea' id='block_1_67' title="bbox 841 3817 2430 3886">
    <p class='ocr_par' dir='ltr' id='par_1_67' title="bbox 841 3817 2430 3886">
     <span class='ocr_line' id='line_1_67' title="bbox 841 3817 2430 3886; baseline -0.003 -14"><span class='ocrx_word' id='word_1_494' title='bbox 841 3834 966 3872; x_wconf 85' lang='lat' dir='ltr'><strong>esse</strong></span> <span class='ocrx_word' id='word_1_495' title='bbox 994 3817 1260 3886; x_wconf 86' lang='lat' dir='ltr'><strong>Spiritum</strong></span> <span class='ocrx_word' id='word_1_496' title='bbox 1295 3827 1544 3872; x_wconf 88' lang='lat' dir='ltr'><strong>sanctum</strong></span> <span class='ocrx_word' id='word_1_497' title='bbox 1580 3831 1769 3870; x_wconf 91' lang='lat' dir='ltr'><strong>eorum</strong></span> <span class='ocrx_word' id='word_1_498' title='bbox 1794 3825 1900 3878; x_wconf 87' lang='lat' dir='ltr'><strong>est,</strong></span> <span class='ocrx_word' id='word_1_499' title='bbox 1938 3817 2028 3885; x_wconf 94' lang='lat' dir='ltr'><strong>qui</strong></span> <span class='ocrx_word' id='word_1_500' title='bbox 2081 3830 2243 3869; x_wconf 90' lang='lat' dir='ltr'><strong>unam</strong></span> <span class='ocrx_word' id='word_1_501' title='bbox 2295 3817 2430 3868; x_wconf 90' lang='lat' dir='ltr'><strong>lucis</strong></span> 
     </span>
    </p>
   </div>
   <div class='ocr_carea' id='block_1_68' title="bbox 844 3908 2430 3978">
    <p class='ocr_par' dir='ltr' id='par_1_68' title="bbox 844 3908 2430 3978">
     <span class='ocr_line' id='line_1_68' title="bbox 844 3908 2430 3978; baseline -0.003 -13"><span class='ocrx_word' id='word_1_502' title='bbox 844 3912 1368 3978; x_wconf 85' lang='lat' dir='ltr'><strong>contemperantiam</strong></span> <span class='ocrx_word' id='word_1_503' title='bbox 1402 3911 1687 3973; x_wconf 88' lang='lat' dir='ltr'><strong>dividunt;</strong></span> <span class='ocrx_word' id='word_1_504' title='bbox 1736 3909 1992 3978; x_wconf 88' lang='lat' dir='ltr'><strong>quodque</strong></span> <span class='ocrx_word' id='word_1_505' title='bbox 2050 3908 2269 3966; x_wconf 89' lang='lat' dir='ltr'><strong>dicitur.</strong></span> <span class='ocrx_word' id='word_1_506' title='bbox 2320 3915 2430 3960; x_wconf 88' lang='lat' dir='ltr'><strong>tres</strong></span> 
     </span>
    </p>
   </div>
   <div class='ocr_carea' id='block_1_69' title="bbox 842 3999 2428 4071">
    <p class='ocr_par' dir='ltr' id='par_1_69' title="bbox 842 3999 2428 4071">
     <span class='ocr_line' id='line_1_69' title="bbox 842 3999 2428 4071; baseline -0.001 -17"><span class='ocrx_word' id='word_1_507' title='bbox 842 4017 1104 4071; x_wconf 82' lang='lat' dir='ltr'><strong>perSOnas</strong></span> <span class='ocrx_word' id='word_1_508' title='bbox 1134 4017 1189 4054; x_wconf 91' lang='lat' dir='ltr'><strong>se</strong></span> <span class='ocrx_word' id='word_1_509' title='bbox 1217 4002 1448 4055; x_wconf 85' lang='lat' dir='ltr'><strong>invicem</strong></span> <span class='ocrx_word' id='word_1_510' title='bbox 1476 4002 1780 4066; x_wconf 85' lang='lat' dir='ltr'><strong>continere,</strong></span> <span class='ocrx_word' id='word_1_511' title='bbox 1835 4010 2149 4070; x_wconf 64' lang='lat' dir='ltr'><strong>catenmque</strong></span> <span class='ocrx_word' id='word_1_512' title='bbox 2188 3999 2428 4054; x_wconf 85' lang='lat' dir='ltr'><strong>Trinita-</strong></span> 
     </span>
    </p>
   </div>
   <div class='ocr_carea' id='block_1_70' title="bbox 842 4092 2428 4162">
    <p class='ocr_par' dir='ltr' id='par_1_70' title="bbox 842 4092 2428 4162">
     <span class='ocr_line' id='line_1_70' title="bbox 842 4092 2428 4162; baseline -0.003 -14"><span class='ocrx_word' id='word_1_513' title='bbox 842 4105 949 4148; x_wconf 88' lang='lat' dir='ltr'><strong>tem</strong></span> <span class='ocrx_word' id='word_1_514' title='bbox 975 4093 1290 4154; x_wconf 84' lang='lat' dir='ltr'><strong>assimilari,</strong></span> <span class='ocrx_word' id='word_1_515' title='bbox 1321 4107 1384 4146; x_wconf 89' lang='lat' dir='ltr'><strong>ac</strong></span> <span class='ocrx_word' id='word_1_516' title='bbox 1408 4101 1602 4147; x_wconf 72' lang='lat' dir='ltr'><strong>caztera</strong></span> <span class='ocrx_word' id='word_1_517' title='bbox 1634 4092 1945 4162; x_wconf 64' lang='lat' dir='ltr'><strong>hujusmodi</strong></span> <span class='ocrx_word' id='word_1_518' title='bbox 1982 4092 2228 4160; x_wconf 88' lang='lat' dir='ltr'><strong>exempla</strong></span> <span class='ocrx_word' id='word_1_519' title='bbox 2265 4109 2278 4145; x_wconf 91' lang='lat'><strong>:</strong></span> <span class='ocrx_word' id='word_1_520' title='bbox 2307 4107 2428 4160; x_wconf 79' lang='lat' dir='ltr'><strong>quae</strong></span> 
     </span>
    </p>
   </div>
   <div class='ocr_carea' id='block_1_71' title="bbox 850 4181 2429 4255">
    <p class='ocr_par' dir='ltr' id='par_1_71' title="bbox 850 4181 2429 4255">
     <span class='ocr_line' id='line_1_71' title="bbox 850 4181 2429 4255; baseline -0.001 -18"><span class='ocrx_word' id='word_1_521' title='bbox 850 4186 1083 4255; x_wconf 87' lang='lat' dir='ltr'><strong>quadam</strong></span> <span class='ocrx_word' id='word_1_522' title='bbox 1137 4185 1462 4238; x_wconf 88' lang='lat' dir='ltr'><strong>rectitudine</strong></span> <span class='ocrx_word' id='word_1_523' title='bbox 1545 4184 1792 4239; x_wconf 91' lang='lat' dir='ltr'><strong>ordinem</strong></span> <span class='ocrx_word' id='word_1_524' title='bbox 1844 4185 2104 4237; x_wconf 89' lang='lat' dir='ltr'><strong>insancta</strong></span> <span class='ocrx_word' id='word_1_525' title='bbox 2161 4181 2429 4236; x_wconf 89' lang='lat' dir='ltr'><strong>Trinitate</strong></span> 
     </span>
    </p>
   </div>
   <div class='ocr_carea' id='block_1_72' title="bbox 843 4276 2426 4346">
    <p class='ocr_par' dir='ltr' id='par_1_72' title="bbox 843 4276 2426 4346">
     <span class='ocr_line' id='line_1_72' title="bbox 843 4276 2426 4346; baseline -0.006 -13"><span class='ocrx_word' id='word_1_526' title='bbox 843 4278 1070 4346; x_wconf 75' lang='lat' dir='ltr'><strong>intelligi</strong></span> <span class='ocrx_word' id='word_1_527' title='bbox 1128 4277 1339 4340; x_wconf 87' lang='lat' dir='ltr'><strong>volunt,</strong></span> <span class='ocrx_word' id='word_1_528' title='bbox 1378 4276 1724 4345; x_wconf 88' lang='lat' dir='ltr'><strong>nequeenim</strong></span> <span class='ocrx_word' id='word_1_529' title='bbox 1781 4276 1937 4329; x_wconf 88' lang='lat' dir='ltr'><strong>aliter</strong></span> <span class='ocrx_word' id='word_1_530' title='bbox 1981 4285 2277 4337; x_wconf 88' lang='lat' dir='ltr'><strong>constaret;</strong></span> <span class='ocrx_word' id='word_1_531' title='bbox 2306 4289 2426 4326; x_wconf 90' lang='lat' dir='ltr'><strong>om-</strong></span> 
     </span>
    </p>
   </div>
   <div class='ocr_carea' id='block_1_73' title="bbox 841 4365 2425 4451">
    <p class='ocr_par' dir='ltr' id='par_1_73' title="bbox 841 4365 2425 4451">
     <span class='ocr_line' id='line_1_73' title="bbox 841 4365 2425 4451; baseline -0.003 -29"><span class='ocrx_word' id='word_1_532' title='bbox 841 4373 970 4423; x_wconf 89' lang='lat' dir='ltr'><strong>nino</strong></span> <span class='ocrx_word' id='word_1_533' title='bbox 1011 4377 1208 4437; x_wconf 85' lang='lat' dir='ltr'><strong>negant</strong></span> <span class='ocrx_word' id='word_1_534' title='bbox 1230 4367 1434 4451; x_wconf 77' lang='lat' dir='ltr'><strong>omnia,</strong></span> <span class='ocrx_word' id='word_1_535' title='bbox 1468 4381 1630 4436; x_wconf 87' lang='lat' dir='ltr'><strong>atque</strong></span> <span class='ocrx_word' id='word_1_536' title='bbox 1661 4382 1688 4421; x_wconf 84' lang='lat' dir='ltr'><strong>a</strong></span> <span class='ocrx_word' id='word_1_537' title='bbox 1712 4366 1846 4420; x_wconf 84' lang='lat' dir='ltr'><strong>Filio</strong></span> <span class='ocrx_word' id='word_1_538' title='bbox 1871 4366 2137 4433; x_wconf 89' lang='lat' dir='ltr'><strong>Spiritum</strong></span> <span class='ocrx_word' id='word_1_539' title='bbox 2158 4365 2425 4436; x_wconf 90' lang='lat' dir='ltr'><strong>juxtatri-</strong></span> 
     </span>
    </p>
   </div>
   <div class='ocr_carea' id='block_1_74' title="bbox 841 4453 2424 4526">
    <p class='ocr_par' dir='ltr' id='par_1_74' title="bbox 841 4453 2424 4526">
     <span class='ocr_line' id='line_1_74' title="bbox 841 4453 2424 4526; baseline -0.003 -16"><span class='ocrx_word' id='word_1_540' title='bbox 841 4459 1025 4526; x_wconf 79' lang='lat' dir='ltr'><strong>anguli</strong></span> <span class='ocrx_word' id='word_1_541' title='bbox 1057 4457 1381 4524; x_wconf 91' lang='lat' dir='ltr'><strong>positionem</strong></span> <span class='ocrx_word' id='word_1_542' title='bbox 1416 4455 1688 4508; x_wconf 86' lang='lat' dir='ltr'><strong>dirimunt</strong></span> <span class='ocrx_word' id='word_1_543' title='bbox 1733 4455 1886 4521; x_wconf 89' lang='lat' dir='ltr'><strong>cujus</strong></span> <span class='ocrx_word' id='word_1_544' title='bbox 1948 4455 2118 4506; x_wconf 87' lang='lat' dir='ltr'><strong>latera</strong></span> <span class='ocrx_word' id='word_1_545' title='bbox 2159 4453 2212 4505; x_wconf 92' lang='lat' dir='ltr'><strong>in</strong></span> <span class='ocrx_word' id='word_1_546' title='bbox 2243 4453 2372 4506; x_wconf 87' lang='lat' dir='ltr'><strong>base</strong></span> <span class='ocrx_word' id='word_1_547' title='bbox 2396 4468 2424 4505; x_wconf 89' lang='lat' dir='ltr'><strong>a</strong></span> 
     </span>
    </p>
   </div>
   <div class='ocr_carea' id='block_1_75' title="bbox 2612 3351 4110 3424">
    <p class='ocr_par' dir='ltr' id='par_1_75' title="bbox 2612 3351 4110 3424">
     <span class='ocr_line' id='line_1_75' title="bbox 2612 3351 4110 3424; baseline 0.002 -17"><span class='ocrx_word' id='word_1_548' title='bbox 2612 3351 2767 3408; x_wconf 90' lang='lat' dir='ltr'><strong>Unde</strong></span> <span class='ocrx_word' id='word_1_549' title='bbox 2802 3361 2857 3407; x_wconf 93' lang='lat' dir='ltr'><strong>et</strong></span> <span class='ocrx_word' id='word_1_550' title='bbox 2911 3353 3204 3424; x_wconf 76' lang='lat' dir='ltr'><strong>Gregorius</strong></span> <span class='ocrx_word' id='word_1_551' title='bbox 3256 3352 3566 3424; x_wconf 86' lang='lat' dir='ltr'><strong>Theologus</strong></span> <span class='ocrx_word' id='word_1_552' title='bbox 3606 3355 3721 3408; x_wconf 88' lang='lat' dir='ltr'><strong>ait:</strong></span> <span class='ocrx_word' id='word_1_553' title='bbox 3752 3373 3770 3404; x_wconf 72' lang='grc' dir='ltr'>ι</span> <span class='ocrx_word' id='word_1_554' title='bbox 3829 3353 3972 3408; x_wconf 86' lang='lat' dir='ltr'><strong>Nihil</strong></span> <span class='ocrx_word' id='word_1_555' title='bbox 4024 3364 4110 3410; x_wconf 90' lang='lat' dir='ltr'><strong>est</strong></span> 
     </span>
    </p>
   </div>
   <div class='ocr_carea' id='block_1_76' title="bbox 2537 3443 4108 3515">
    <p class='ocr_par' dir='ltr' id='par_1_76' title="bbox 2537 3443 4108 3515">
     <span class='ocr_line' id='line_1_76' title="bbox 2537 3443 4108 3515; baseline 0.004 -20"><span class='ocrx_word' id='word_1_556' title='bbox 2537 3443 2840 3512; x_wconf 74' lang='lat' dir='ltr'><strong>quodmibi</strong></span> <span class='ocrx_word' id='word_1_557' title='bbox 2881 3447 3120 3514; x_wconf 88' lang='lat' dir='ltr'><strong>animam</strong></span> <span class='ocrx_word' id='word_1_558' title='bbox 3157 3445 3316 3499; x_wconf 90' lang='lat' dir='ltr'><strong>sistat</strong></span> <span class='ocrx_word' id='word_1_559' title='bbox 3372 3445 3685 3514; x_wconf 89' lang='lat' dir='ltr'><strong>inspicienti</strong></span> <span class='ocrx_word' id='word_1_560' title='bbox 3725 3449 3778 3500; x_wconf 91' lang='lat' dir='ltr'><strong>in</strong></span> <span class='ocrx_word' id='word_1_561' title='bbox 3841 3448 4108 3515; x_wconf 88' lang='lat' dir='ltr'><strong>exemplis</strong></span> 
     </span>
    </p>
   </div>
   <div class='ocr_carea' id='block_1_77' title="bbox 2541 3535 4106 3607">
    <p class='ocr_par' dir='ltr' id='par_1_77' title="bbox 2541 3535 4106 3607">
     <span class='ocr_line' id='line_1_77' title="bbox 2541 3535 4106 3607; baseline 0.003 -21"><span class='ocrx_word' id='word_1_562' title='bbox 2541 3535 2614 3596; x_wconf 88' lang='lat' dir='ltr'><strong>id,</strong></span> <span class='ocrx_word' id='word_1_563' title='bbox 2672 3538 2818 3605; x_wconf 87' lang='lat' dir='ltr'><strong>quod</strong></span> <span class='ocrx_word' id='word_1_564' title='bbox 2883 3536 3170 3605; x_wconf 86' lang='lat' dir='ltr'><strong>imaginari</strong></span> <span class='ocrx_word' id='word_1_565' title='bbox 3227 3545 3281 3591; x_wconf 85' lang='lat' dir='ltr'><strong>et</strong></span> <span class='ocrx_word' id='word_1_566' title='bbox 3343 3538 3644 3605; x_wconf 68' lang='lat' dir='ltr'><strong>consttieari</strong></span> <span class='ocrx_word' id='word_1_567' title='bbox 3709 3553 3891 3607; x_wconf 85' lang='lat' dir='ltr'><strong>pergo,</strong></span> <span class='ocrx_word' id='word_1_568' title='bbox 3943 3558 3960 3591; x_wconf 77' lang='grc' dir='ltr'><strong>ι</strong></span> <span class='ocrx_word' id='word_1_569' title='bbox 4000 3540 4106 3593; x_wconf 89' lang='lat' dir='ltr'><strong>nisi</strong></span> 
     </span>
    </p>
   </div>
   <div class='ocr_carea' id='block_1_78' title="bbox 2536 3626 4107 3699">
    <p class='ocr_par' dir='ltr' id='par_1_78' title="bbox 2536 3626 4107 3699">
     <span class='ocr_line' id='line_1_78' title="bbox 2536 3626 4107 3699; baseline 0.003 -21"><span class='ocrx_word' id='word_1_570' title='bbox 2536 3626 2660 3693; x_wconf 89' lang='lat' dir='ltr'><strong>quis</strong></span> <span class='ocrx_word' id='word_1_571' title='bbox 2693 3642 2861 3681; x_wconf 88' lang='lat' dir='ltr'><strong>unum</strong></span> <span class='ocrx_word' id='word_1_572' title='bbox 2905 3629 3108 3696; x_wconf 87' lang='lat' dir='ltr'><strong>aliquid</strong></span> <span class='ocrx_word' id='word_1_573' title='bbox 3143 3643 3367 3684; x_wconf 89' lang='lat' dir='ltr'><strong>sumens</strong></span> <span class='ocrx_word' id='word_1_574' title='bbox 3418 3643 3528 3697; x_wconf 65' lang='lat' dir='ltr'><strong>prae</strong></span> <span class='ocrx_word' id='word_1_575' title='bbox 3553 3630 3888 3697; x_wconf 87' lang='lat' dir='ltr'><strong>gratitudine</strong></span> <span class='ocrx_word' id='word_1_576' title='bbox 3939 3631 4107 3699; x_wconf 86' lang='lat' dir='ltr'><strong>proji-</strong></span> 
     </span>
    </p>
   </div>
   <div class='ocr_carea' id='block_1_79' title="bbox 2535 3715 4104 3788">
    <p class='ocr_par' dir='ltr' id='par_1_79' title="bbox 2535 3715 4104 3788">
     <span class='ocr_line' id='line_1_79' title="bbox 2535 3715 4104 3788; baseline 0.004 -20"><span class='ocrx_word' id='word_1_577' title='bbox 2535 3715 2642 3768; x_wconf 94' lang='lat' dir='ltr'><strong>ciat</strong></span> <span class='ocrx_word' id='word_1_578' title='bbox 2674 3717 2904 3787; x_wconf 90' lang='lat' dir='ltr'><strong>reliqua.</strong></span> <span class='ocrx_word' id='word_1_579' title='bbox 2943 3719 2998 3771; x_wconf 88' lang='lat' dir='ltr'><strong>Si</strong></span> <span class='ocrx_word' id='word_1_580' title='bbox 3058 3720 3205 3772; x_wconf 90' lang='lat' dir='ltr'><strong>enim</strong></span> <span class='ocrx_word' id='word_1_581' title='bbox 3239 3729 3458 3788; x_wconf 85' lang='lat' dir='ltr'><strong>propter</strong></span> <span class='ocrx_word' id='word_1_582' title='bbox 3500 3720 3612 3786; x_wconf 87' lang='lat' dir='ltr'><strong>illa,</strong></span> <span class='ocrx_word' id='word_1_583' title='bbox 3659 3735 3780 3788; x_wconf 70' lang='lat' dir='ltr'><strong>quas</strong></span> <span class='ocrx_word' id='word_1_584' title='bbox 3820 3722 4104 3774; x_wconf 83' lang='lat' dir='ltr'><strong>materiam</strong></span> 
     </span>
    </p>
   </div>
   <div class='ocr_carea' id='block_1_80' title="bbox 2533 3809 4106 3880">
    <p class='ocr_par' dir='ltr' id='par_1_80' title="bbox 2533 3809 4106 3880">
     <span class='ocr_line' id='line_1_80' title="bbox 2533 3809 4106 3880; baseline 0.004 -20"><span class='ocrx_word' id='word_1_585' title='bbox 2533 3817 2695 3877; x_wconf 87' lang='lat' dir='ltr'><strong>atque</strong></span> <span class='ocrx_word' id='word_1_586' title='bbox 2736 3809 3122 3864; x_wconf 89' lang='lat' dir='ltr'><strong>univcrsaliter</strong></span> <span class='ocrx_word' id='word_1_587' title='bbox 3160 3821 3341 3865; x_wconf 87' lang='lat' dir='ltr'><strong>creata</strong></span> <span class='ocrx_word' id='word_1_588' title='bbox 3399 3821 3746 3879; x_wconf 88' lang='lat' dir='ltr'><strong>sequuntur:</strong></span> <span class='ocrx_word' id='word_1_589' title='bbox 3798 3827 3972 3880; x_wconf 88' lang='lat' dir='ltr'><strong>neque</strong></span> <span class='ocrx_word' id='word_1_590' title='bbox 4005 3829 4106 3867; x_wconf 89' lang='lat' dir='ltr'><strong>cs-</strong></span> 
     </span>
    </p>
   </div>
   <div class='ocr_carea' id='block_1_81' title="bbox 2533 3899 4106 3971">
    <p class='ocr_par' dir='ltr' id='par_1_81' title="bbox 2533 3899 4106 3971">
     <span class='ocr_line' id='line_1_81' title="bbox 2533 3899 4106 3971; baseline 0.005 -21"><span class='ocrx_word' id='word_1_591' title='bbox 2533 3899 2720 3952; x_wconf 72' lang='lat' dir='ltr'><strong>sentiae</strong></span> <span class='ocrx_word' id='word_1_592' title='bbox 2785 3899 3150 3963; x_wconf 87' lang='lat' dir='ltr'><strong>identitatem,</strong></span> <span class='ocrx_word' id='word_1_593' title='bbox 3188 3915 3369 3970; x_wconf 90' lang='lat' dir='ltr'><strong>neque</strong></span> <span class='ocrx_word' id='word_1_594' title='bbox 3424 3900 3698 3964; x_wconf 87' lang='lat' dir='ltr'><strong>ordinem,</strong></span> <span class='ocrx_word' id='word_1_595' title='bbox 3738 3917 3804 3955; x_wconf 83' lang='lat' dir='ltr'><strong>ex</strong></span> <span class='ocrx_word' id='word_1_596' title='bbox 3844 3902 3927 3956; x_wconf 92' lang='lat' dir='ltr'><strong>his</strong></span> <span class='ocrx_word' id='word_1_597' title='bbox 3985 3918 4106 3971; x_wconf 75' lang='lat' dir='ltr'><strong>qua:</strong></span> 
     </span>
    </p>
   </div>
   <div class='ocr_carea' id='block_1_82' title="bbox 2531 3990 4105 4063">
    <p class='ocr_par' dir='ltr' id='par_1_82' title="bbox 2531 3990 4105 4063">
     <span class='ocr_line' id='line_1_82' title="bbox 2531 3990 4105 4063; baseline 0.004 -21"><span class='ocrx_word' id='word_1_598' title='bbox 2531 3990 2676 4044; x_wconf 90' lang='lat' dir='ltr'><strong>dicta</strong></span> <span class='ocrx_word' id='word_1_599' title='bbox 2707 3999 2853 4057; x_wconf 91' lang='lat' dir='ltr'><strong>sunt,</strong></span> <span class='ocrx_word' id='word_1_600' title='bbox 2905 3992 3174 4060; x_wconf 73' lang='lat' dir='ltr'><strong>exemplis</strong></span> <span class='ocrx_word' id='word_1_601' title='bbox 3219 3992 3274 4046; x_wconf 91' lang='lat' dir='ltr'><strong>in</strong></span> <span class='ocrx_word' id='word_1_602' title='bbox 3325 3992 3435 4046; x_wconf 88' lang='lat' dir='ltr'><strong>Deo</strong></span> <span class='ocrx_word' id='word_1_603' title='bbox 3463 3993 3715 4060; x_wconf 65' lang='lat' dir='ltr'><strong>aequabili</strong></span> <span class='ocrx_word' id='word_1_604' title='bbox 3756 3995 4105 4063; x_wconf 85' lang='lat' dir='ltr'><strong>proportione</strong></span> 
     </span>
    </p>
   </div>
   <div class='ocr_carea' id='block_1_83' title="bbox 2531 4082 4104 4154">
    <p class='ocr_par' dir='ltr' id='par_1_83' title="bbox 2531 4082 4104 4154">
     <span class='ocr_line' id='line_1_83' title="bbox 2531 4082 4104 4154; baseline 0.002 -19"><span class='ocrx_word' id='word_1_605' title='bbox 2531 4095 2845 4135; x_wconf 86' lang='lat' dir='ltr'><strong>sumemus:</strong></span> <span class='ocrx_word' id='word_1_606' title='bbox 2900 4097 3247 4152; x_wconf 89' lang='lat' dir='ltr'><strong>nequaquam</strong></span> <span class='ocrx_word' id='word_1_607' title='bbox 3297 4082 3477 4137; x_wconf 90' lang='lat' dir='ltr'><strong>dicere</strong></span> <span class='ocrx_word' id='word_1_608' title='bbox 3543 4085 3814 4153; x_wconf 87' lang='lat' dir='ltr'><strong>quispiam</strong></span> <span class='ocrx_word' id='word_1_609' title='bbox 3879 4086 4104 4154; x_wconf 83' lang='lat' dir='ltr'><strong>poterit,</strong></span> 
     </span>
    </p>
   </div>
   <div class='ocr_carea' id='block_1_84' title="bbox 2531 4173 4105 4243">
    <p class='ocr_par' dir='ltr' id='par_1_84' title="bbox 2531 4173 4105 4243">
     <span class='ocr_line' id='line_1_84' title="bbox 2531 4173 4105 4243; baseline 0.004 -18"><span class='ocrx_word' id='word_1_610' title='bbox 2531 4174 2667 4226; x_wconf 88' lang='lat' dir='ltr'><strong>nihil</strong></span> <span class='ocrx_word' id='word_1_611' title='bbox 2699 4173 2812 4227; x_wconf 63' lang='lat' dir='ltr'><strong>hare</strong></span> <span class='ocrx_word' id='word_1_612' title='bbox 2833 4173 2993 4228; x_wconf 89' lang='lat' dir='ltr'><strong>nobis</strong></span> <span class='ocrx_word' id='word_1_613' title='bbox 3025 4174 3270 4242; x_wconf 90' lang='lat' dir='ltr'><strong>exempla</strong></span> <span class='ocrx_word' id='word_1_614' title='bbox 3299 4176 3581 4243; x_wconf 87' lang='lat' dir='ltr'><strong>prodesse,</strong></span> <span class='ocrx_word' id='word_1_615' title='bbox 3634 4177 3790 4243; x_wconf 74' lang='lat' dir='ltr'><strong>quasi</strong></span> <span class='ocrx_word' id='word_1_616' title='bbox 3840 4175 4041 4230; x_wconf 84' lang='lat' dir='ltr'><strong>frustra</strong></span> <span class='ocrx_word' id='word_1_617' title='bbox 4075 4193 4105 4231; x_wconf 77' lang='grc' dir='ltr'><strong><em>ει</em></strong></span> 
     </span>
    </p>
   </div>
   <div class='ocr_carea' id='block_1_85' title="bbox 2506 4264 3956 4334">
    <p class='ocr_par' dir='ltr' id='par_1_85' title="bbox 2506 4264 3956 4334">
     <span class='ocr_line' id='line_1_85' title="bbox 2506 4264 3956 4334; baseline 0.001 -16"><span class='ocrx_word' id='word_1_618' title='bbox 2506 4265 2731 4318; x_wconf 83' lang='lat' dir='ltr'><strong>&#39;sanctis</strong></span> <span class='ocrx_word' id='word_1_619' title='bbox 2764 4264 2968 4319; x_wconf 86' lang='lat' dir='ltr'><strong>fuerint</strong></span> <span class='ocrx_word' id='word_1_620' title='bbox 3002 4279 3066 4318; x_wconf 92' lang='lat' dir='ltr'><strong>ac</strong></span> <span class='ocrx_word' id='word_1_621' title='bbox 3101 4265 3219 4320; x_wconf 88' lang='lat' dir='ltr'><strong>sine</strong></span> <span class='ocrx_word' id='word_1_622' title='bbox 3265 4276 3414 4320; x_wconf 89' lang='lat' dir='ltr'><strong>certa</strong></span> <span class='ocrx_word' id='word_1_623' title='bbox 3445 4267 3657 4319; x_wconf 88' lang='lat' dir='ltr'><strong>ratione</strong></span> <span class='ocrx_word' id='word_1_624' title='bbox 3684 4277 3956 4334; x_wconf 81' lang='lat' dir='ltr'><strong>suscepta.</strong></span> 
     </span>
    </p>
   </div>
   <div class='ocr_carea' id='block_1_86' title="bbox 2600 4339 4105 4425">
    <p class='ocr_par' dir='ltr' id='par_1_86' title="bbox 2600 4339 4105 4425">
     <span class='ocr_line' id='line_1_86' title="bbox 2600 4339 4105 4425; baseline 0.003 -18"><span class='ocrx_word' id='word_1_625' title='bbox 2600 4339 2690 4408; x_wconf 87' lang='lat' dir='ltr'><strong>Sic</strong></span> <span class='ocrx_word' id='word_1_626' title='bbox 2733 4355 2896 4423; x_wconf 89' lang='lat' dir='ltr'><strong>igitur</strong></span> <span class='ocrx_word' id='word_1_627' title='bbox 2924 4355 3122 4410; x_wconf 70' lang='lat' dir='ltr'><strong>divinae</strong></span> <span class='ocrx_word' id='word_1_628' title='bbox 3153 4355 3439 4410; x_wconf 89' lang='lat' dir='ltr'><strong>Trinitatis</strong></span> <span class='ocrx_word' id='word_1_629' title='bbox 3471 4356 3682 4420; x_wconf 90' lang='lat' dir='ltr'><strong>ordine,</strong></span> <span class='ocrx_word' id='word_1_630' title='bbox 3719 4355 3949 4425; x_wconf 88' lang='lat' dir='ltr'><strong>Filiique</strong></span> <span class='ocrx_word' id='word_1_631' title='bbox 3990 4373 4105 4412; x_wconf 85' lang='lat' dir='ltr'><strong>nte-</strong></span> 
     </span>
    </p>
   </div>
   <div class='ocr_carea' id='block_1_87' title="bbox 2528 4446 4104 4519">
    <p class='ocr_par' dir='ltr' id='par_1_87' title="bbox 2528 4446 4104 4519">
     <span class='ocr_line' id='line_1_87' title="bbox 2528 4446 4104 4519; baseline 0.003 -20"><span class='ocrx_word' id='word_1_632' title='bbox 2528 4447 2639 4510; x_wconf 92' lang='lat' dir='ltr'><strong>dio,</strong></span> <span class='ocrx_word' id='word_1_633' title='bbox 2677 4447 3056 4515; x_wconf 78' lang='lat' dir='ltr'><strong>multipliciter</strong></span> <span class='ocrx_word' id='word_1_634' title='bbox 3088 4463 3117 4500; x_wconf 88' lang='lat' dir='ltr'><strong>a</strong></span> <span class='ocrx_word' id='word_1_635' title='bbox 3143 4447 3508 4502; x_wconf 72' lang='lat' dir='ltr'><strong>sanctissima:</strong></span> <span class='ocrx_word' id='word_1_636' title='bbox 3534 4446 3795 4501; x_wconf 64' lang='lat' dir='ltr'><strong>Ecclesia:</strong></span> <span class='ocrx_word' id='word_1_637' title='bbox 3825 4450 4104 4519; x_wconf 86' lang='lat' dir='ltr'><strong>magistris</strong></span> 
     </span>
    </p>
   </div>
   <div class='ocr_carea' id='block_1_88' title="bbox 843 4541 4102 4627">
    <p class='ocr_par' dir='ltr' id='par_1_88' title="bbox 843 4541 4102 4627">
     <span class='ocr_line' id='line_1_88' title="bbox 843 4541 4102 4627; baseline -0.002 -23"><span class='ocrx_word' id='word_1_638' title='bbox 843 4548 1408 4604; x_wconf 82' lang='lat' dir='ltr'><strong>sc-distertninantur.</strong></span> <span class='ocrx_word' id='word_1_639' title='bbox 1472 4547 1574 4598; x_wconf 89' lang='lat' dir='ltr'><strong>Sed</strong></span> <span class='ocrx_word' id='word_1_640' title='bbox 1636 4549 1740 4599; x_wconf 89' lang='lat' dir='ltr'><strong>hoc</strong></span> <span class='ocrx_word' id='word_1_641' title='bbox 1783 4546 2104 4614; x_wconf 65' lang='lat' dir='ltr'><strong>przedictum</strong></span> <span class='ocrx_word' id='word_1_642' title='bbox 2165 4544 2427 4612; x_wconf 80' lang='lat' dir='ltr'><strong>pervertit</strong></span> <span class='ocrx_word' id='word_1_643' title='bbox 2463 4574 2503 4627; x_wconf 73' lang='grc' dir='ltr'>υ</span> <span class='ocrx_word' id='word_1_644' title='bbox 2533 4541 2814 4607; x_wconf 87' lang='lat' dir='ltr'><strong>roborato,</strong></span> <span class='ocrx_word' id='word_1_645' title='bbox 2841 4550 3099 4605; x_wconf 89' lang='lat' dir='ltr'><strong>constat,</strong></span> <span class='ocrx_word' id='word_1_646' title='bbox 3129 4542 3278 4610; x_wconf 91' lang='lat' dir='ltr'><strong>quia,</strong></span> <span class='ocrx_word' id='word_1_647' title='bbox 3308 4543 3352 4595; x_wconf 90' lang='lat' dir='ltr'><strong>si</strong></span> <span class='ocrx_word' id='word_1_648' title='bbox 3384 4542 3476 4611; x_wconf 91' lang='lat' dir='ltr'><strong>qui</strong></span> <span class='ocrx_word' id='word_1_649' title='bbox 3517 4551 3831 4598; x_wconf 90' lang='lat' dir='ltr'><strong>sanctorum</strong></span> <span class='ocrx_word' id='word_1_650' title='bbox 3875 4558 4102 4612; x_wconf 86' lang='lat' dir='ltr'><strong>usquam</strong></span> 
     </span>
    </p>
   </div>
   <div class='ocr_carea' id='block_1_89' title="bbox 842 4634 2426 4704">
    <p class='ocr_par' dir='ltr' id='par_1_89' title="bbox 842 4634 2426 4704">
     <span class='ocr_line' id='line_1_89' title="bbox 842 4634 2426 4704; baseline -0.005 -10"><span class='ocrx_word' id='word_1_651' title='bbox 842 4641 1115 4702; x_wconf 86' lang='lat' dir='ltr'><strong>ordinem;</strong></span> <span class='ocrx_word' id='word_1_652' title='bbox 1143 4646 1196 4689; x_wconf 88' lang='lat' dir='ltr'><strong>et</strong></span> <span class='ocrx_word' id='word_1_653' title='bbox 1224 4653 1341 4704; x_wconf 71' lang='lat' dir='ltr'><strong>quae</strong></span> <span class='ocrx_word' id='word_1_654' title='bbox 1361 4635 1428 4688; x_wconf 88' lang='lat' dir='ltr'><strong>de</strong></span> <span class='ocrx_word' id='word_1_655' title='bbox 1474 4636 1574 4689; x_wconf 78' lang='lat' dir='ltr'><strong>hoc</strong></span> <span class='ocrx_word' id='word_1_656' title='bbox 1620 4651 1649 4688; x_wconf 86' lang='lat' dir='ltr'><strong>a</strong></span> <span class='ocrx_word' id='word_1_657' title='bbox 1694 4637 1900 4688; x_wconf 87' lang='lat' dir='ltr'><strong>sanctis</strong></span> <span class='ocrx_word' id='word_1_658' title='bbox 1929 4634 2182 4689; x_wconf 87' lang='lat' dir='ltr'><strong>Patribus</strong></span> <span class='ocrx_word' id='word_1_659' title='bbox 2231 4634 2426 4688; x_wconf 64' lang='lat' dir='ltr'><strong>dicum</strong></span> 
     </span>
    </p>
   </div>
   <div class='ocr_carea' id='block_1_90' title="bbox 845 4727 2429 4796">
    <p class='ocr_par' dir='ltr' id='par_1_90' title="bbox 845 4727 2429 4796">
     <span class='ocr_line' id='line_1_90' title="bbox 845 4727 2429 4796; baseline -0.005 -12"><span class='ocrx_word' id='word_1_660' title='bbox 845 4745 954 4796; x_wconf 89' lang='lat' dir='ltr'><strong>tur,</strong></span> <span class='ocrx_word' id='word_1_661' title='bbox 978 4730 1155 4783; x_wconf 79' lang='lat' dir='ltr'><strong>aufert</strong></span> <span class='ocrx_word' id='word_1_662' title='bbox 1180 4732 1383 4782; x_wconf 90' lang='lat' dir='ltr'><strong>omnia.</strong></span> <span class='ocrx_word' id='word_1_663' title='bbox 1411 4729 1484 4781; x_wconf 84' lang='lat' dir='ltr'><strong>Ita</strong></span> <span class='ocrx_word' id='word_1_664' title='bbox 1514 4727 1660 4780; x_wconf 88' lang='lat' dir='ltr'><strong>enim</strong></span> <span class='ocrx_word' id='word_1_665' title='bbox 1694 4727 1942 4796; x_wconf 83' lang='lat' dir='ltr'><strong>cogitare</strong></span> <span class='ocrx_word' id='word_1_666' title='bbox 2000 4727 2206 4790; x_wconf 90' lang='lat' dir='ltr'><strong>licebit,</strong></span> <span class='ocrx_word' id='word_1_667' title='bbox 2227 4727 2429 4780; x_wconf 87' lang='lat' dir='ltr'><strong>sectio-</strong></span> 
     </span>
    </p>
   </div>
   <div class='ocr_carea' id='block_1_91' title="bbox 842 4817 2428 4888">
    <p class='ocr_par' dir='ltr' id='par_1_91' title="bbox 842 4817 2428 4888">
     <span class='ocr_line' id='line_1_91' title="bbox 842 4817 2428 4888; baseline -0.004 -12"><span class='ocrx_word' id='word_1_668' title='bbox 842 4842 964 4876; x_wconf 80' lang='lat' dir='ltr'><strong>tn-m</strong></span> <span class='ocrx_word' id='word_1_669' title='bbox 1015 4839 1080 4876; x_wconf 89' lang='lat' dir='ltr'><strong>ac</strong></span> <span class='ocrx_word' id='word_1_670' title='bbox 1133 4823 1452 4875; x_wconf 89' lang='lat' dir='ltr'><strong>divisionem</strong></span> <span class='ocrx_word' id='word_1_671' title='bbox 1491 4820 1610 4872; x_wconf 86' lang='lat' dir='ltr'><strong>Filii</strong></span> <span class='ocrx_word' id='word_1_672' title='bbox 1656 4819 2065 4888; x_wconf 77' lang='lat' dir='ltr'><strong>etSpiiitus,ac</strong></span> <span class='ocrx_word' id='word_1_673' title='bbox 2114 4817 2309 4871; x_wconf 85' lang='lat' dir='ltr'><strong>Filium</strong></span> <span class='ocrx_word' id='word_1_674' title='bbox 2343 4833 2428 4871; x_wconf 83' lang='lat' dir='ltr'><strong>co-</strong></span> 
     </span>
    </p>
   </div>
   <div class='ocr_carea' id='block_1_92' title="bbox 841 4900 2431 4983">
    <p class='ocr_par' dir='ltr' id='par_1_92' title="bbox 841 4900 2431 4983">
     <span class='ocr_line' id='line_1_92' title="bbox 841 4900 2431 4983; baseline -0.004 -17"><span class='ocrx_word' id='word_1_675' title='bbox 841 4916 1014 4983; x_wconf 84' lang='lat' dir='ltr'><strong>gitare</strong></span> <span class='ocrx_word' id='word_1_676' title='bbox 1041 4900 1394 4979; x_wconf 47' lang='lat' dir='ltr'><strong>sine&#39;Spiritu</strong></span> <span class='ocrx_word' id='word_1_677' title='bbox 1423 4928 1436 4975; x_wconf 88' lang='lat'><strong>;</strong></span> <span class='ocrx_word' id='word_1_678' title='bbox 1466 4921 1519 4964; x_wconf 92' lang='lat' dir='ltr'><strong>et</strong></span> <span class='ocrx_word' id='word_1_679' title='bbox 1561 4928 1682 4964; x_wconf 89' lang='lat' dir='ltr'><strong>cum</strong></span> <span class='ocrx_word' id='word_1_680' title='bbox 1731 4909 1930 4962; x_wconf 83' lang='lat' dir='ltr'><strong>Filium</strong></span> <span class='ocrx_word' id='word_1_681' title='bbox 1966 4909 2234 4970; x_wconf 78' lang='lat' dir='ltr'><strong>dicemus,</strong></span> <span class='ocrx_word' id='word_1_682' title='bbox 2255 4922 2431 4976; x_wconf 88' lang='lat' dir='ltr'><strong>neque</strong></span> 
     </span>
    </p>
   </div>
   <div class='ocr_carea' id='block_1_93' title="bbox 843 5002 2424 5068">
    <p class='ocr_par' dir='ltr' id='par_1_93' title="bbox 843 5002 2424 5068">
     <span class='ocr_line' id='line_1_93' title="bbox 843 5002 2424 5068; baseline -0.006 -7"><span class='ocrx_word' id='word_1_683' title='bbox 843 5008 1078 5061; x_wconf 86' lang='lat' dir='ltr'><strong>invicem</strong></span> <span class='ocrx_word' id='word_1_684' title='bbox 1111 5005 1376 5058; x_wconf 87' lang='lat' dir='ltr'><strong>contineri</strong></span> <span class='ocrx_word' id='word_1_685' title='bbox 1413 5022 1425 5057; x_wconf 91' lang='lat'><strong>:</strong></span> <span class='ocrx_word' id='word_1_686' title='bbox 1467 5014 1519 5056; x_wconf 89' lang='lat' dir='ltr'><strong>et</strong></span> <span class='ocrx_word' id='word_1_687' title='bbox 1559 5003 1832 5056; x_wconf 91' lang='lat' dir='ltr'><strong>contraria</strong></span> <span class='ocrx_word' id='word_1_688' title='bbox 1863 5002 2084 5054; x_wconf 73' lang='lat' dir='ltr'><strong>ortzriino</strong></span> <span class='ocrx_word' id='word_1_689' title='bbox 2122 5011 2424 5068; x_wconf 83' lang='lat' dir='ltr'><strong>sequentur</strong></span> 
     </span>
    </p>
   </div>
   <div class='ocr_carea' id='block_1_94' title="bbox 841 5089 2418 5164">
    <p class='ocr_par' dir='ltr' id='par_1_94' title="bbox 841 5089 2418 5164">
     <span class='ocr_line' id='line_1_94' title="bbox 841 5089 2418 5164; baseline -0.004 -12"><span class='ocrx_word' id='word_1_690' title='bbox 841 5100 1026 5154; x_wconf 87' lang='lat' dir='ltr'><strong>omnia</strong></span> <span class='ocrx_word' id='word_1_691' title='bbox 1063 5098 1146 5150; x_wconf 89' lang='lat' dir='ltr'><strong>his</strong></span> <span class='ocrx_word' id='word_1_692' title='bbox 1172 5113 1292 5164; x_wconf 79' lang='lat' dir='ltr'><strong>quae</strong></span> <span class='ocrx_word' id='word_1_693' title='bbox 1333 5111 1360 5148; x_wconf 89' lang='lat' dir='ltr'><strong>a</strong></span> <span class='ocrx_word' id='word_1_694' title='bbox 1396 5096 1598 5149; x_wconf 87' lang='lat' dir='ltr'><strong>sanctis</strong></span> <span class='ocrx_word' id='word_1_695' title='bbox 1630 5095 1772 5148; x_wconf 91' lang='lat' dir='ltr'><strong>dicta</strong></span> <span class='ocrx_word' id='word_1_696' title='bbox 1804 5102 1966 5158; x_wconf 84' lang='lat' dir='ltr'><strong>sunt;</strong></span> <span class='ocrx_word' id='word_1_697' title='bbox 2025 5091 2119 5146; x_wconf 85' lang='lat' dir='ltr'><strong>sed</strong></span> <span class='ocrx_word' id='word_1_698' title='bbox 2173 5092 2224 5144; x_wconf 91' lang='lat' dir='ltr'><strong>id</strong></span> <span class='ocrx_word' id='word_1_699' title='bbox 2263 5089 2418 5146; x_wconf 50' lang='lat' dir='ltr'><strong>&quot;sane</strong></span> 
     </span>
    </p>
   </div>
   <div class='ocr_carea' id='block_1_95' title="bbox 846 5189 1880 5260">
    <p class='ocr_par' dir='ltr' id='par_1_95' title="bbox 846 5189 1880 5260">
     <span class='ocr_line' id='line_1_95' title="bbox 846 5189 1880 5260; baseline -0.008 -14"><span class='ocrx_word' id='word_1_700' title='bbox 846 5194 1111 5260; x_wconf 85' lang='lat' dir='ltr'><strong>ineptum,</strong></span> <span class='ocrx_word' id='word_1_701' title='bbox 1144 5189 1412 5242; x_wconf 91' lang='lat' dir='ltr'><strong>insulsum</strong></span> <span class='ocrx_word' id='word_1_702' title='bbox 1444 5197 1602 5254; x_wconf 86' lang='lat' dir='ltr'><strong>atque</strong></span> <span class='ocrx_word' id='word_1_703' title='bbox 1635 5189 1880 5255; x_wconf 89' lang='lat' dir='ltr'><strong>impittm.</strong></span> 
     </span>
    </p>
   </div>
   <div class='ocr_carea' id='block_1_96' title="bbox 915 5279 2425 5350">
    <p class='ocr_par' dir='ltr' id='par_1_96' title="bbox 915 5279 2425 5350">
     <span class='ocr_line' id='line_1_96' title="bbox 915 5279 2425 5350; baseline -0.004 -14"><span class='ocrx_word' id='word_1_704' title='bbox 915 5284 992 5338; x_wconf 92' lang='lat' dir='ltr'><strong>Ne</strong></span> <span class='ocrx_word' id='word_1_705' title='bbox 1019 5294 1198 5337; x_wconf 87' lang='lat' dir='ltr'><strong>tamen</strong></span> <span class='ocrx_word' id='word_1_706' title='bbox 1248 5283 1298 5336; x_wconf 93' lang='lat' dir='ltr'><strong>id</strong></span> <span class='ocrx_word' id='word_1_707' title='bbox 1345 5283 1648 5350; x_wconf 84' lang='lat' dir='ltr'><strong>quempiam</strong></span> <span class='ocrx_word' id='word_1_708' title='bbox 1700 5280 2007 5344; x_wconf 89' lang='lat' dir='ltr'><strong>eonturbet,</strong></span> <span class='ocrx_word' id='word_1_709' title='bbox 2063 5279 2267 5343; x_wconf 85' lang='lat' dir='ltr'><strong>nullus,</strong></span> <span class='ocrx_word' id='word_1_710' title='bbox 2305 5293 2425 5347; x_wconf 67' lang='lat' dir='ltr'><strong>quae</strong></span> 
     </span>
    </p>
   </div>
   <div class='ocr_carea' id='block_1_97' title="bbox 845 5371 2419 5442">
    <p class='ocr_par' dir='ltr' id='par_1_97' title="bbox 845 5371 2419 5442">
     <span class='ocr_line' id='line_1_97' title="bbox 845 5371 2419 5442; baseline -0.005 -12"><span class='ocrx_word' id='word_1_711' title='bbox 845 5379 898 5431; x_wconf 91' lang='lat' dir='ltr'><strong>in</strong></span> <span class='ocrx_word' id='word_1_712' title='bbox 936 5375 1164 5428; x_wconf 90' lang='lat' dir='ltr'><strong>materia</strong></span> <span class='ocrx_word' id='word_1_713' title='bbox 1200 5378 1545 5442; x_wconf 73' lang='lat' dir='ltr'><strong>contingunt,</strong></span> <span class='ocrx_word' id='word_1_714' title='bbox 1581 5372 1688 5425; x_wconf 85' lang='lat' dir='ltr'><strong>Deo</strong></span> <span class='ocrx_word' id='word_1_715' title='bbox 1715 5373 1922 5425; x_wconf 87' lang='lat' dir='ltr'><strong>tribuit.</strong></span> <span class='ocrx_word' id='word_1_716' title='bbox 1953 5372 2172 5424; x_wconf 75' lang='lat' dir='ltr'><strong>Localia</strong></span> <span class='ocrx_word' id='word_1_717' title='bbox 2220 5371 2419 5439; x_wconf 89' lang='lat' dir='ltr'><strong>quippe</strong></span> 
     </span>
    </p>
   </div>
   <div class='ocr_carea' id='block_1_98' title="bbox 845 5463 2419 5536">
    <p class='ocr_par' dir='ltr' id='par_1_98' title="bbox 845 5463 2419 5536">
     <span class='ocr_line' id='line_1_98' title="bbox 845 5463 2419 5536; baseline -0.003 -18"><span class='ocrx_word' id='word_1_718' title='bbox 845 5466 1279 5536; x_wconf 76' lang='lat' dir='ltr'><strong>temporaliaque</strong></span> <span class='ocrx_word' id='word_1_719' title='bbox 1316 5463 1615 5526; x_wconf 86' lang='lat' dir='ltr'><strong>intervalla,</strong></span> <span class='ocrx_word' id='word_1_720' title='bbox 1669 5474 1720 5517; x_wconf 90' lang='lat' dir='ltr'><strong>et</strong></span> <span class='ocrx_word' id='word_1_721' title='bbox 1751 5479 1872 5533; x_wconf 60' lang='lat' dir='ltr'><strong>quae</strong></span> <span class='ocrx_word' id='word_1_722' title='bbox 1920 5463 2090 5516; x_wconf 85' lang='lat' dir='ltr'><strong>ﬂuxui</strong></span> <span class='ocrx_word' id='word_1_723' title='bbox 2147 5477 2210 5515; x_wconf 93' lang='lat' dir='ltr'><strong>ac</strong></span> <span class='ocrx_word' id='word_1_724' title='bbox 2276 5476 2419 5513; x_wconf 90' lang='lat' dir='ltr'><strong>mor-</strong></span> 
     </span>
    </p>
   </div>
   <div class='ocr_carea' id='block_1_99' title="bbox 845 5551 2419 5623">
    <p class='ocr_par' dir='ltr' id='par_1_99' title="bbox 845 5551 2419 5623">
     <span class='ocr_line' id='line_1_99' title="bbox 845 5551 2419 5623; baseline -0.004 -9"><span class='ocrx_word' id='word_1_725' title='bbox 845 5561 1044 5614; x_wconf 88' lang='lat' dir='ltr'><strong>talitati</strong></span> <span class='ocrx_word' id='word_1_726' title='bbox 1078 5571 1205 5613; x_wconf 90' lang='lat' dir='ltr'><strong>sunt</strong></span> <span class='ocrx_word' id='word_1_727' title='bbox 1234 5558 1490 5623; x_wconf 87' lang='lat' dir='ltr'><strong>obnoxia,</strong></span> <span class='ocrx_word' id='word_1_728' title='bbox 1524 5556 1762 5609; x_wconf 77' lang='lat' dir='ltr'><strong>materia:</strong></span> <span class='ocrx_word' id='word_1_729' title='bbox 1791 5555 2170 5623; x_wconf 90' lang='lat' dir='ltr'><strong>relinquimus.</strong></span> <span class='ocrx_word' id='word_1_730' title='bbox 2206 5551 2260 5606; x_wconf 90' lang='lat' dir='ltr'><strong>Si</strong></span> <span class='ocrx_word' id='word_1_731' title='bbox 2291 5551 2419 5620; x_wconf 85' lang='lat' dir='ltr'><strong>quid</strong></span> 
     </span>
    </p>
   </div>
   <div class='ocr_carea' id='block_1_100' title="bbox 844 5646 2424 5722">
    <p class='ocr_par' dir='ltr' id='par_1_100' title="bbox 844 5646 2424 5722">
     <span class='ocr_line' id='line_1_100' title="bbox 844 5646 2424 5722; baseline -0.005 -16"><span class='ocrx_word' id='word_1_732' title='bbox 844 5664 1026 5707; x_wconf 84' lang='lat' dir='ltr'><strong>autem</strong></span> <span class='ocrx_word' id='word_1_733' title='bbox 1061 5651 1429 5722; x_wconf 76' lang='lat' dir='ltr'><strong>perfectionis,</strong></span> <span class='ocrx_word' id='word_1_734' title='bbox 1488 5661 1648 5720; x_wconf 87' lang='lat' dir='ltr'><strong>atque</strong></span> <span class='ocrx_word' id='word_1_735' title='bbox 1679 5651 1745 5705; x_wconf 87' lang='lat' dir='ltr'><strong>ad</strong></span> <span class='ocrx_word' id='word_1_736' title='bbox 1805 5649 2114 5704; x_wconf 74' lang='lat' dir='ltr'><strong>Creatorem</strong></span> <span class='ocrx_word' id='word_1_737' title='bbox 2172 5646 2424 5703; x_wconf 87' lang='lat' dir='ltr'><strong>similitu-</strong></span> 
     </span>
    </p>
   </div>
   <div class='ocr_carea' id='block_1_101' title="bbox 919 5837 1485 5912">
    <p class='ocr_par' dir='ltr' id='par_1_101' title="bbox 919 5837 1485 5912">
     <span class='ocr_line' id='line_1_101' title="bbox 919 5837 1485 5912; baseline -0.005 -18"><span class='ocrx_word' id='word_1_738' title='bbox 919 5839 1031 5912; x_wconf 89' lang='lat' dir='ltr'><strong>(l8)</strong></span> <span class='ocrx_word' id='word_1_739' title='bbox 1078 5839 1153 5892; x_wconf 86' lang='lat' dir='ltr'><strong>lla</strong></span> <span class='ocrx_word' id='word_1_740' title='bbox 1189 5837 1350 5892; x_wconf 83' lang='lat' dir='ltr'><strong>habet</strong></span> <span class='ocrx_word' id='word_1_741' title='bbox 1385 5854 1485 5893; x_wconf 91' lang='lat' dir='ltr'><strong>ms.</strong></span> 
     </span>
    </p>
   </div>
   <div class='ocr_carea' id='block_1_102' title="bbox 2535 4634 4102 4704">
    <p class='ocr_par' dir='ltr' id='par_1_102' title="bbox 2535 4634 4102 4704">
     <span class='ocr_line' id='line_1_102' title="bbox 2535 4634 4102 4704; baseline 0.003 -17"><span class='ocrx_word' id='word_1_742' title='bbox 2535 4635 2721 4688; x_wconf 84' lang='lat' dir='ltr'><strong>dixere</strong></span> <span class='ocrx_word' id='word_1_743' title='bbox 2761 4636 3038 4704; x_wconf 87' lang='lat' dir='ltr'><strong>geminum</strong></span> <span class='ocrx_word' id='word_1_744' title='bbox 3079 4636 3315 4700; x_wconf 83' lang='lat' dir='ltr'><strong>radium,</strong></span> <span class='ocrx_word' id='word_1_745' title='bbox 3345 4651 3409 4689; x_wconf 92' lang='lat' dir='ltr'><strong>ac</strong></span> <span class='ocrx_word' id='word_1_746' title='bbox 3431 4635 3644 4701; x_wconf 80' lang='lat' dir='ltr'><strong>gemina</strong></span> <span class='ocrx_word' id='word_1_747' title='bbox 3677 4637 3881 4689; x_wconf 91' lang='lat' dir='ltr'><strong>lumina</strong></span> <span class='ocrx_word' id='word_1_748' title='bbox 3903 4634 4102 4700; x_wconf 84' lang='lat' dir='ltr'><strong>Patris,</strong></span> 
     </span>
    </p>
   </div>
   <div class='ocr_carea' id='block_1_103' title="bbox 2535 4711 4108 4796">
    <p class='ocr_par' dir='ltr' id='par_1_103' title="bbox 2535 4711 4108 4796">
     <span class='ocr_line' id='line_1_103' title="bbox 2535 4711 4108 4796; baseline 0.002 -17"><span class='ocrx_word' id='word_1_749' title='bbox 2535 4726 2757 4792; x_wconf 90' lang='lat' dir='ltr'><strong>Filium,</strong></span> <span class='ocrx_word' id='word_1_750' title='bbox 2806 4743 2870 4781; x_wconf 86' lang='lat' dir='ltr'><strong>ac</strong></span> <span class='ocrx_word' id='word_1_751' title='bbox 2899 4711 3200 4796; x_wconf 82' lang='lat' dir='ltr'><strong>Spiritum:</strong></span> <span class='ocrx_word' id='word_1_752' title='bbox 3240 4743 3562 4796; x_wconf 81' lang='lat' dir='ltr'><strong>ramumque</strong></span> <span class='ocrx_word' id='word_1_753' title='bbox 3594 4729 3885 4796; x_wconf 88' lang='lat' dir='ltr'><strong>duplicem,</strong></span> <span class='ocrx_word' id='word_1_754' title='bbox 3933 4743 3997 4782; x_wconf 86' lang='lat' dir='ltr'><strong>ac</strong></span> <span class='ocrx_word' id='word_1_755' title='bbox 4024 4744 4108 4782; x_wconf 86' lang='lat' dir='ltr'><strong>se-</strong></span> 
     </span>
    </p>
   </div>
   <div class='ocr_carea' id='block_1_104' title="bbox 2534 4817 4106 4890">
    <p class='ocr_par' dir='ltr' id='par_1_104' title="bbox 2534 4817 4106 4890">
     <span class='ocr_line' id='line_1_104' title="bbox 2534 4817 4106 4890; baseline 0.003 -21"><span class='ocrx_word' id='word_1_756' title='bbox 2534 4817 2712 4871; x_wconf 88' lang='lat' dir='ltr'><strong>cunda</strong></span> <span class='ocrx_word' id='word_1_757' title='bbox 2740 4819 2935 4883; x_wconf 82' lang='lat' dir='ltr'><strong>Patris,</strong></span> <span class='ocrx_word' id='word_1_758' title='bbox 2965 4820 3013 4872; x_wconf 91' lang='lat' dir='ltr'><strong>id</strong></span> <span class='ocrx_word' id='word_1_759' title='bbox 3047 4822 3189 4888; x_wconf 91' lang='lat' dir='ltr'><strong>quod</strong></span> <span class='ocrx_word' id='word_1_760' title='bbox 3214 4835 3243 4873; x_wconf 90' lang='lat' dir='ltr'><strong>a</strong></span> <span class='ocrx_word' id='word_1_761' title='bbox 3287 4819 3552 4888; x_wconf 80' lang='lat' dir='ltr'><strong>Gregorio</strong></span> <span class='ocrx_word' id='word_1_762' title='bbox 3578 4820 3854 4890; x_wconf 87' lang='lat' dir='ltr'><strong>Theologo</strong></span> <span class='ocrx_word' id='word_1_763' title='bbox 3887 4821 4106 4888; x_wconf 87' lang='lat' dir='ltr'><strong>quidam</strong></span> 
     </span>
    </p>
   </div>
   <div class='ocr_carea' id='block_1_105' title="bbox 2537 4911 4109 4980">
    <p class='ocr_par' dir='ltr' id='par_1_105' title="bbox 2537 4911 4109 4980">
     <span class='ocr_line' id='line_1_105' title="bbox 2537 4911 4109 4980; baseline 0.002 -17"><span class='ocrx_word' id='word_1_764' title='bbox 2537 4912 2787 4964; x_wconf 88' lang='lat' dir='ltr'><strong>versibus</strong></span> <span class='ocrx_word' id='word_1_765' title='bbox 2813 4911 3014 4965; x_wconf 89' lang='lat' dir='ltr'><strong>dictum</strong></span> <span class='ocrx_word' id='word_1_766' title='bbox 3046 4912 3307 4976; x_wconf 88' lang='lat' dir='ltr'><strong>referunt,</strong></span> <span class='ocrx_word' id='word_1_767' title='bbox 3337 4927 3446 4964; x_wconf 90' lang='lat' dir='ltr'><strong>non</strong></span> <span class='ocrx_word' id='word_1_768' title='bbox 3479 4913 3840 4966; x_wconf 87' lang='lat' dir='ltr'><strong>adversantur</strong></span> <span class='ocrx_word' id='word_1_769' title='bbox 3871 4913 3954 4964; x_wconf 89' lang='lat' dir='ltr'><strong>his</strong></span> <span class='ocrx_word' id='word_1_770' title='bbox 3988 4929 4109 4980; x_wconf 64' lang='lat' dir='ltr'><strong>«tua!</strong></span> 
     </span>
    </p>
   </div>
   <div class='ocr_carea' id='block_1_106' title="bbox 2536 5003 4109 5072">
    <p class='ocr_par' dir='ltr' id='par_1_106' title="bbox 2536 5003 4109 5072">
     <span class='ocr_line' id='line_1_106' title="bbox 2536 5003 4109 5072; baseline 0.001 -16"><span class='ocrx_word' id='word_1_771' title='bbox 2536 5003 2681 5056; x_wconf 88' lang='lat' dir='ltr'><strong>dicta</strong></span> <span class='ocrx_word' id='word_1_772' title='bbox 2707 5012 2871 5067; x_wconf 90' lang='lat' dir='ltr'><strong>sunt,</strong></span> <span class='ocrx_word' id='word_1_773' title='bbox 2929 5018 3102 5071; x_wconf 88' lang='lat' dir='ltr'><strong>neque</strong></span> <span class='ocrx_word' id='word_1_774' title='bbox 3151 5004 3251 5057; x_wconf 90' lang='lat' dir='ltr'><strong>sibi</strong></span> <span class='ocrx_word' id='word_1_775' title='bbox 3290 5005 3443 5072; x_wconf 86' lang='lat' dir='ltr'><strong>ipsis,</strong></span> <span class='ocrx_word' id='word_1_776' title='bbox 3489 5018 3663 5071; x_wconf 86' lang='lat' dir='ltr'><strong>neque</strong></span> <span class='ocrx_word' id='word_1_777' title='bbox 3711 5003 3940 5057; x_wconf 87' lang='lat' dir='ltr'><strong>invicem</strong></span> <span class='ocrx_word' id='word_1_778' title='bbox 3971 5019 4109 5057; x_wconf 81' lang='lat' dir='ltr'><strong>con-</strong></span> 
     </span>
    </p>
   </div>
   <div class='ocr_carea' id='block_1_107' title="bbox 2534 5093 4108 5165">
    <p class='ocr_par' dir='ltr' id='par_1_107' title="bbox 2534 5093 4108 5165">
     <span class='ocr_line' id='line_1_107' title="bbox 2534 5093 4108 5165; baseline -0.001 -15"><span class='ocrx_word' id='word_1_779' title='bbox 2534 5098 2703 5150; x_wconf 90' lang='lat' dir='ltr'><strong>traria</strong></span> <span class='ocrx_word' id='word_1_780' title='bbox 2736 5105 2884 5150; x_wconf 88' lang='lat' dir='ltr'><strong>sunt.</strong></span> <span class='ocrx_word' id='word_1_781' title='bbox 2919 5093 3104 5165; x_wconf 85' lang='lat' dir='ltr'><strong>Neque</strong></span> <span class='ocrx_word' id='word_1_782' title='bbox 3125 5096 3268 5149; x_wconf 88' lang='lat' dir='ltr'><strong>enim</strong></span> <span class='ocrx_word' id='word_1_783' title='bbox 3298 5096 3376 5148; x_wconf 93' lang='lat' dir='ltr'><strong>illi</strong></span> <span class='ocrx_word' id='word_1_784' title='bbox 3408 5096 3714 5150; x_wconf 79' lang='lat' dir='ltr'><strong>divinarum</strong></span> <span class='ocrx_word' id='word_1_785' title='bbox 3753 5109 4108 5162; x_wconf 88' lang='lat' dir='ltr'><strong>personarum</strong></span> 
     </span>
    </p>
   </div>
   <div class='ocr_carea' id='block_1_108' title="bbox 2532 5187 4108 5257">
    <p class='ocr_par' dir='ltr' id='par_1_108' title="bbox 2532 5187 4108 5257">
     <span class='ocr_line' id='line_1_108' title="bbox 2532 5187 4108 5257; baseline -0.001 -17"><span class='ocrx_word' id='word_1_786' title='bbox 2532 5190 2595 5241; x_wconf 90' lang='lat' dir='ltr'><strong>ad</strong></span> <span class='ocrx_word' id='word_1_787' title='bbox 2631 5188 2860 5241; x_wconf 87' lang='lat' dir='ltr'><strong>invicem</strong></span> <span class='ocrx_word' id='word_1_788' title='bbox 2886 5189 3157 5256; x_wconf 83' lang='lat' dir='ltr'><strong>ordinem,</strong></span> <span class='ocrx_word' id='word_1_789' title='bbox 3193 5203 3494 5257; x_wconf 89' lang='lat' dir='ltr'><strong>earumque</strong></span> <span class='ocrx_word' id='word_1_790' title='bbox 3536 5201 3854 5255; x_wconf 86' lang='lat' dir='ltr'><strong>processum</strong></span> <span class='ocrx_word' id='word_1_791' title='bbox 3895 5187 4108 5240; x_wconf 89' lang='lat' dir='ltr'><strong>tradere</strong></span> 
     </span>
    </p>
   </div>
   <div class='ocr_carea' id='block_1_109' title="bbox 2533 5277 4108 5347">
    <p class='ocr_par' dir='ltr' id='par_1_109' title="bbox 2533 5277 4108 5347">
     <span class='ocr_line' id='line_1_109' title="bbox 2533 5277 4108 5347; baseline -0.003 -13"><span class='ocrx_word' id='word_1_792' title='bbox 2533 5280 2919 5344; x_wconf 88' lang='lat' dir='ltr'><strong>instituebant,</strong></span> <span class='ocrx_word' id='word_1_793' title='bbox 2969 5296 3094 5333; x_wconf 93' lang='lat' dir='ltr'><strong>cum</strong></span> <span class='ocrx_word' id='word_1_794' title='bbox 3156 5281 3260 5333; x_wconf 80' lang='lat' dir='ltr'><strong>iata</strong></span> <span class='ocrx_word' id='word_1_795' title='bbox 3295 5282 3564 5345; x_wconf 88' lang='lat' dir='ltr'><strong>dicerent,</strong></span> <span class='ocrx_word' id='word_1_796' title='bbox 3625 5279 3719 5332; x_wconf 89' lang='lat' dir='ltr'><strong>sed</strong></span> <span class='ocrx_word' id='word_1_797' title='bbox 3785 5277 4108 5347; x_wconf 88' lang='lat' dir='ltr'><strong>simpliciter</strong></span> 
     </span>
    </p>
   </div>
   <div class='ocr_carea' id='block_1_110' title="bbox 2536 5368 4110 5440">
    <p class='ocr_par' dir='ltr' id='par_1_110' title="bbox 2536 5368 4110 5440">
     <span class='ocr_line' id='line_1_110' title="bbox 2536 5368 4110 5440; baseline -0.001 -17"><span class='ocrx_word' id='word_1_798' title='bbox 2536 5381 2647 5424; x_wconf 88' lang='lat' dir='ltr'><strong>tres</strong></span> <span class='ocrx_word' id='word_1_799' title='bbox 2685 5382 2896 5423; x_wconf 90' lang='lat' dir='ltr'><strong>tantum</strong></span> <span class='ocrx_word' id='word_1_800' title='bbox 2936 5386 3057 5424; x_wconf 86' lang='lat' dir='ltr'><strong>esse</strong></span> <span class='ocrx_word' id='word_1_801' title='bbox 3114 5385 3395 5440; x_wconf 88' lang='lat' dir='ltr'><strong>personas.</strong></span> <span class='ocrx_word' id='word_1_802' title='bbox 3455 5370 3810 5438; x_wconf 86' lang='lat' dir='ltr'><strong>causaliaque</strong></span> <span class='ocrx_word' id='word_1_803' title='bbox 3856 5383 3886 5422; x_wconf 89' lang='lat' dir='ltr'><strong>a</strong></span> <span class='ocrx_word' id='word_1_804' title='bbox 3946 5368 4110 5422; x_wconf 88' lang='lat' dir='ltr'><strong>Patre</strong></span> 
     </span>
    </p>
   </div>
   <div class='ocr_carea' id='block_1_111' title="bbox 2527 5461 4114 5531">
    <p class='ocr_par' dir='ltr' id='par_1_111' title="bbox 2527 5461 4114 5531">
     <span class='ocr_line' id='line_1_111' title="bbox 2527 5461 4114 5531; baseline 0.001 -17"><span class='ocrx_word' id='word_1_805' title='bbox 2527 5477 2647 5514; x_wconf 85' lang='lat' dir='ltr'><strong>esse</strong></span> <span class='ocrx_word' id='word_1_806' title='bbox 2696 5461 2891 5515; x_wconf 90' lang='lat' dir='ltr'><strong>Filium</strong></span> <span class='ocrx_word' id='word_1_807' title='bbox 2937 5472 2990 5514; x_wconf 88' lang='lat' dir='ltr'><strong>et</strong></span> <span class='ocrx_word' id='word_1_808' title='bbox 3018 5462 3280 5531; x_wconf 88' lang='lat' dir='ltr'><strong>Spiritum</strong></span> <span class='ocrx_word' id='word_1_809' title='bbox 3308 5471 3581 5525; x_wconf 85' lang='lat' dir='ltr'><strong>sanctum,</strong></span> <span class='ocrx_word' id='word_1_810' title='bbox 3608 5476 3938 5530; x_wconf 86' lang='lat' dir='ltr'><strong>causamque</strong></span> <span class='ocrx_word' id='word_1_811' title='bbox 3967 5462 4114 5515; x_wconf 87' lang='lat' dir='ltr'><strong>unde</strong></span> 
     </span>
    </p>
   </div>
   <div class='ocr_carea' id='block_1_112' title="bbox 2531 5553 4108 5608">
    <p class='ocr_par' dir='ltr' id='par_1_112' title="bbox 2531 5553 4108 5608">
     <span class='ocr_line' id='line_1_112' title="bbox 2531 5553 4108 5608; baseline 0.001 -2"><span class='ocrx_word' id='word_1_812' title='bbox 2531 5565 2728 5606; x_wconf 88' lang='lat' dir='ltr'><strong>cuncta</strong></span> <span class='ocrx_word' id='word_1_813' title='bbox 2765 5555 3065 5608; x_wconf 83' lang='lat' dir='ltr'><strong>utanarint.</strong></span> <span class='ocrx_word' id='word_1_814' title='bbox 3096 5553 3194 5606; x_wconf 84' lang='lat' dir='ltr'><strong>Per</strong></span> <span class='ocrx_word' id='word_1_815' title='bbox 3225 5555 3338 5607; x_wconf 64' lang='lat' dir='ltr'><strong>haac</strong></span> <span class='ocrx_word' id='word_1_816' title='bbox 3369 5556 3515 5606; x_wconf 89' lang='lat' dir='ltr'><strong>enim</strong></span> <span class='ocrx_word' id='word_1_817' title='bbox 3551 5553 3789 5606; x_wconf 89' lang='lat' dir='ltr'><strong>iudicant</strong></span> <span class='ocrx_word' id='word_1_818' title='bbox 3825 5553 4006 5607; x_wconf 89' lang='lat' dir='ltr'><strong>omnia</strong></span> <span class='ocrx_word' id='word_1_819' title='bbox 4040 5555 4108 5608; x_wconf 90' lang='lat' dir='ltr'><strong>ad</strong></span> 
     </span>
    </p>
   </div>
   <div class='ocr_carea' id='block_1_113' title="bbox 2539 5644 4110 5716">
    <p class='ocr_par' dir='ltr' id='par_1_113' title="bbox 2539 5644 4110 5716">
     <span class='ocr_line' id='line_1_113' title="bbox 2539 5644 4110 5716; baseline 0 -17"><span class='ocrx_word' id='word_1_820' title='bbox 2539 5646 2751 5701; x_wconf 87' lang='lat' dir='ltr'><strong>l-‘atretn</strong></span> <span class='ocrx_word' id='word_1_821' title='bbox 2826 5645 3039 5701; x_wconf 89' lang='lat' dir='ltr'><strong>referri.</strong></span> <span class='ocrx_word' id='word_1_822' title='bbox 3102 5644 3347 5716; x_wconf 88' lang='lat' dir='ltr'><strong>Namque</strong></span> <span class='ocrx_word' id='word_1_823' title='bbox 3399 5647 3500 5700; x_wconf 87' lang='lat' dir='ltr'><strong>sub</strong></span> <span class='ocrx_word' id='word_1_824' title='bbox 3549 5646 3778 5700; x_wconf 80' lang='lat' dir='ltr'><strong>causalis</strong></span> <span class='ocrx_word' id='word_1_825' title='bbox 3835 5645 4110 5700; x_wconf 83' lang='lat' dir='ltr'><strong>deﬁnitio-</strong></span> 
     </span>
    </p>
   </div>
  </div>
