4462 6440
369 4931 401 4958 δ

393 411 451 471 ιτ
1501 413 1896 472 ADVERSUS
1935 413 2248 472 GR.ECOS
2294 417 2416 473 LIB
2479 419 2524 474 Ι.
3537 429 3603 487 42

397 543 542 589 nem,
581 535 806 594 utraqttc
856 525 1128 579 deducunt
1157 527 1310 595 juxta
1364 529 1598 596 priorem
1658 531 1942 583 discretim
1979 533 2018 587 Α
2051 532 2513 585 consubstantiale
2541 533 2847 600 significare
2882 535 3014 586 vrlle
3047 547 3335 596 asset-cret,
3369 540 3603 604 primum

394 634 538 670 DCIII.

462 727 614 791 Quod
655 737 706 780 et
741 726 1020 795 Nysscnus
1057 727 1184 781 fecit
1218 727 1533 795 Gregorius,
1577 747 1742 784 ttnum
1780 731 1946 784 Deum

393 820 445 869 in
477 835 698 871 causam
762 828 814 870 et
841 820 1060 872 causale
1100 821 1431 882 discernens,
1462 824 1573 875 sive
1625 824 1676 874 in
1711 838 1947 888 causam,

394 921 445 962 et
499 911 642 974 quod
699 925 764 960 ex
825 925 1010 962 causa.
1066 908 1266 963 Deinde
1325 913 1642 980 suhjiciens,
1703 914 1948 982 cjnstjue,

395 1001 537 1066 quod
570 1015 632 1052 ex
660 1012 819 1051 causa
846 1009 946 1062 est,
975 999 1134 1052 aliam
1173 1016 1363 1054 rursus
1397 1003 1752 1056 dillercntiam
1787 1004 1948 1055 intel-

398 1091 618 1158 ligentia
666 1089 1034 1160 assequimur.
1087 1089 1328 1143 Alterum
1379 1093 1524 1144 enim
1566 1093 1948 1157 continenter;

399 1181 627 1231 alterum
693 1195 822 1232 vero
880 1194 974 1247 per
1021 1195 1143 1232 eum
1196 1180 1371 1247 ipsum
1438 1184 1531 1250 qui
1585 1184 1949 1247 continenter,

394 1281 557 1337 atque
609 1271 835 1323 alterum
870 1272 1135 1338 genitum,
1177 1275 1474 1338 procedens
1509 1275 1759 1339 alterutu,
1806 1286 1857 1329 ct
1908 1277 1950 1328 si

396 1362 526 1426 quid
556 1361 871 1428 hujusmodi
903 1361 1137 1429 perfecte
1165 1364 1600 1418 discernentibus
1622 1364 1822 1417 dictum
1850 1375 1946 1418 est.

392 1449 553 1502 Juxta
587 1466 748 1517 quam
801 1466 931 1504 sane
963 1453 1257 1515 rationem,
1291 1463 1343 1506 et
1373 1454 1464 1521 qui
1504 1456 1740 1508 secunda
1775 1454 1953 1508 Patris

395 1539 530 1590 dixit
564 1537 784 1600 Filium,
811 1551 858 1591 et
895 1538 1156 1606 Spiritum
1192 1550 1438 1593 sanctum
1491 1542 1538 1594 id
1580 1542 1751 1594 solum
1787 1543 1954 1608 signi-

397 1629 558 1681 ficare
590 1629 779 1692 voluit,
828 1645 857 1681 a
913 1628 1072 1682 Patre
1106 1630 1209 1683 ista
1263 1631 1498 1684 causalia
1536 1647 1673 1694 esse,
1724 1649 1956 1700 utraque

395 1720 498 1772 sub
530 1721 766 1773 causalis
799 1720 1080 1774 includens
1111 1721 1442 1774 deﬁnitione.
1472 1721 1601 1775 Nam
1628 1725 1779 1790 juxta
1811 1725 1954 1791 quod

394 1811 638 1863 eausalia
673 1820 818 1873 sunt,
853 1811 1084 1862 secunda
1118 1812 1282 1863 etiarn
1316 1813 1667 1880 causmjuxta
1703 1828 1953 1882 persona-
1987 1840 2032 1898 Β

396 1903 502 1954 lem
539 1901 782 1954 ordinem
816 1903 1180 1955 communiter
1208 1903 1312 1955 diri
1357 1915 1604 1970 possunt.

469 2010 574 2062 Sed
608 2009 749 2062 enizn
788 2010 873 2060 hic
907 2009 1022 2077 ipse
1066 2009 1116 2062 irt
1150 2010 1272 2062 aliis
1313 2009 1414 2062 ista
1448 2011 1739 2078 perfectius
1759 2013 1955 2067 dislinv

392 2115 591 2168 gneus,
649 2098 724 2150 ait
763 2099 1131 2154 emanatiortis
1220 2099 1550 2168 habitusque
1607 2105 1672 2154 ad
1730 2102 1958 2156 invicem

394 2191 780 2251 differentiam,
838 2190 1252 2259 appellationem
1295 2206 1511 2260 quoque
1561 2190 1754 2246 fecisse
1803 2193 1960 2246 diffe-

397 2292 627 2335 rentern.
665 2282 1014 2348 Rursumque
1051 2282 1100 2334 in
1141 2283 1385 2337 versibus
1420 2283 1494 2335 ait
1534 2301 1546 2337 :
1577 2302 1593 2333 ε
1631 2280 1806 2336 Unutu
1843 2299 1960 2338 esse

357 2428 370 2442 ,
398 2371 568 2424 Deum
603 2386 665 2424 ex
702 2370 859 2425 Patre
913 2386 1006 2439 per
1053 2371 1246 2424 Filium
1285 2374 1336 2426 irt
1385 2385 1633 2427 sanctum
1673 2375 1957 2444 Spiritum,

397 2471 649 2515 manente
683 2461 891 2516 Deitate
925 2462 1158 2531 perfecta
1199 2464 1251 2516 in
1298 2465 1471 2519 tribus
1509 2465 1780 2534 perfectis.
1816 2488 1834 2518 θ
1887 2468 1961 2520 Ne

397 2555 449 2608 id
489 2556 727 2622 quidem,
778 2555 921 2622 quod
977 2555 1051 2607 ait
1113 2556 1477 2612 Daruasccnus
1516 2559 1649 2626 (l9),
1701 2557 1960 2626 Spiritum

395 2657 641 2699 sanctum
705 2646 938 2697 medium
975 2659 1093 2697 esse
1144 2645 1368 2713 iugeniti
1399 2655 1454 2700 et
1479 2649 1668 2716 geniti,
1703 2651 1960 2716 praedicto

395 2737 698 2789 reluctatur
763 2736 961 2788 ordini.
1021 2734 1203 2804 Neque
1251 2738 1391 2791 enim
1427 2753 1522 2805 per
1553 2739 1652 2792 hoc
1711 2741 1798 2794 ille
1843 2757 1965 2810 per-

397 2844 657 2882 sonarum
751 2829 994 2880 ordinem
1060 2828 1584 2904 substantialctnque
1648 2850 1964 2905 processum

399 2921 614 2972 tradere
654 2919 905 2971 intendit.

470 3036 740 3090 Caeterum
790 3051 911 3090 cum
953 3033 1191 3090 haeretici
1240 3034 1764 3089 consubstantialem
1816 3031 1963 3086 Patri

402 3127 601 3180 Filium
635 3125 720 3177 vix
755 3127 1168 3190 confiterentur,
1202 3124 1466 3194 Spiritum
1504 3135 1682 3177 autem
1716 3136 1966 3178 sanctum

2054 620 2270 685 quidem
2324 623 2622 675 secundum
2665 625 3127 676 cortSubsttntiale
3185 629 3360 681 tzullus
3414 631 3462 680 in
3504 631 3610 682 lleo

2055 725 2409 776 personarum
2442 715 2575 766 ordo
2599 726 2698 766 est.
2732 715 2859 766 Nam
2888 731 2944 767 ea
2984 718 3211 777 ratione,
3237 734 3338 784 qua
3371 705 3609 772 etmsnb-

2057 803 2336 855 stantiules
2402 815 2561 866 sunt,
2624 813 2734 856 ttua
2806 822 2891 857 res
2957 817 3038 857 est
3125 808 3304 858 divina
3372 814 3605 863 essentia

2057 892 2330 946 individua
2404 896 2626 949 omnino
2674 905 2726 947 ct
2776 898 3082 948 indiscreta.
3139 898 3612 955 Consulistantialc

2058 993 2259 1044 autem,
2315 985 2516 1036 nullam
2579 1002 2800 1051 prorsus
2855 989 3236 1042 discretionem
3289 992 3610 1044 introducit.

2057 1072 2214 1125 Juxta
2242 1090 2366 1127 vero
2398 1091 2681 1142 processus
2719 1077 3182 1146 ratioucm,atque
3215 1097 3335 1132 rum
3367 1082 3456 1148 qui
3493 1084 3613 1135 inde

2057 1163 2324 1229 sequitur,
2361 1165 2628 1226 ordinem,
2662 1181 3016 1233 personarum
3083 1184 3341 1223 numerus
3375 1173 3616 1226 invectus

2057 1265 2111 1307 ct
2135 1257 2410 1310 admissus
2439 1268 2538 1310 cst.
2571 1258 2753 1326 Itaque
2778 1261 2866 1326 qui
2892 1263 3378 1316 consubstantiali;
3409 1268 3618 1319 ratione

2059 1347 2260 1400 dictum
2313 1359 2484 1416 putat,
2517 1366 2577 1401 ex
2620 1349 2775 1401 Patre
2817 1366 2909 1417 pt-r
2954 1350 3147 1404 Filium
3188 1353 3449 1421 Spiritum
3497 1374 3620 1423 pro-

2060 1441 2270 1500 cedere,
2325 1442 2536 1494 unicam
2594 1442 2736 1492 illam
2784 1444 3101 1504 essentiam,
3154 1459 3373 1496 causam
3412 1448 3621 1500 discre-

2064 1529 2220 1581 tionis
2255 1531 2422 1595 ponit,
2454 1528 2592 1594 quod
2633 1531 2844 1594 proprie
2902 1532 3221 1582 Arianorum
3281 1543 3401 1594 est;
3463 1545 3622 1600 atque

2061 1621 2258 1672 omissa
2316 1619 2644 1671 (list'l't'llonc
2711 1621 2978 1684 pcrsonali
3013 1662 3025 1679 ,
3083 1631 3192 1672 tres
3243 1624 3509 1675 cssentias
3557 1625 3624 1675 ab

2064 1709 2290 1761 invicem
2339 1709 2539 1762 divisas
2603 1711 2907 1763 necessario
2965 1711 3244 1774 fatebitur,
3304 1729 3364 1766 ac
3433 1725 3623 1782 prrrter

2064 1816 2277 1852 omnem
2331 1801 2591 1852 rationem
2668 1803 2884 1853 causale
2960 1806 3112 1868 quasi
3168 1821 3382 1856 causam
3439 1815 3620 1873 ponet.

2063 1892 2270 1958 Quippe
2351 1891 2654 1959 hujusrnodi
2749 1894 3025 1959 processio
3106 1897 3367 1948 naturalis
3464 1899 3625 1963 atque

2064 1981 2367 2034 cssentialis
2413 1996 2532 2034 cum
2594 1981 2704 2042 sit,
2772 1997 2892 2047 qum
2956 1984 3326 2049 producuntur
3393 1988 3626 2038 consuli-

2064 2072 2332 2125 stautialia
2390 2071 2491 2124 sibi
2557 2072 2789 2124 invicem
2840 2074 3098 2126 cstendit.

2137 2184 2357 2249 Deinde,
2389 2185 2490 2238 etsi
2547 2185 3013 2238 consubstantiale
3049 2187 3251 2254 signari
3315 2189 3397 2241 bis
3449 2191 3627 2245 verbis

2067 2273 2330 2326 veraciter
2360 2273 2584 2334 dicitur,
2636 2275 3004 2340 principaliter
3054 2286 3231 2328 tamen
3272 2292 3625 2345 personarum

2065 2364 2200 2418 ordo
2248 2365 2680 2417 commendatur.
2742 2364 2862 2427 Per,
2902 2368 3070 2430 enim,
3103 2369 3388 2434 particula,
3443 2381 3500 2422 ut
3557 2373 3627 2424 ait

2068 2457 2300 2512 Basilius
2371 2457 2435 2509 ad
2513 2457 2954 2524 Amphilochium
3028 2462 3294 2526 scribens,
3371 2478 3630 2530 personas

2068 2550 2244 2620 primo
2297 2551 2578 2604 discernit.
2618 2541 3026 2618 Consequeutcr
3073 2563 3252 2605 autem
3307 2557 3469 2609 etiam
3503 2573 3632 2610 con-

2069 2643 2427 2696 substantiale
2470 2641 2784 2694 introducit.
2823 2643 2975 2694 Sicut
3002 2645 3145 2695 enim
3177 2643 3370 2710 Filius,
3411 2647 3535 2714 quia
3568 2666 3630 2700 ex

2070 2735 2228 2787 Patre
2259 2743 2364 2797 est,
2408 2734 2611 2787 idcirco
2650 2733 2808 2785 etiam
2864 2734 2936 2785 illi
2985 2737 3467 2790 cettsuhstantialis
3501 2751 3582 2792 est
3618 2759 3630 2791 :

2072 2827 2140 2879 ita
2173 2837 2224 2878 et
2273 2826 2324 2878 in
2359 2835 2546 2880 sancto
2578 2827 2806 2893 Spiritu,
2839 2827 2964 2878 dum
2999 2843 3060 2880 ex
3101 2827 3256 2880 Patre
3301 2845 3391 2896 per
3438 2830 3631 2884 Filium

2073 2918 2396 2971 naturaliter
2432 2927 2593 2986 atque
2634 2919 2999 2971 esseutialitcr
3049 2935 3075 2971 a
3133 2921 3398 2990 theologis
3433 2927 3634 2977 asseri-

2073 3022 2181 3070 tur,
2255 3011 2451 3077 primo,
2509 3009 2620 3061 haec
2671 3025 2763 3076 per
2814 3008 3008 3061 Filium
3064 3014 3340 3078 processio
3411 3013 3638 3083 ejusque

2064 3101 2330 3173 discretio
2387 3099 2728 3162 insinuatur;
2769 3099 2965 3152 deinde
3007 3102 3168 3154 etiam
3203 3105 3640 3160 consubstantia-

403 3217 507 3270 boc
537 3216 746 3268 honore
806 3230 867 3268 ac
893 3185 1165 3283 dignitate
1217 3185 1430 3282 penitus
1460 3229 1567 3267 non
1598 3215 1967 3282 dignarentur,
1998 3185 2040 3243 θ
2079 3191 2246 3283 unus
2269 3199 2491 3283 appar?t
2523 3191 2684 3243 τωο·
2722 3189 3005 3283 Νθίυτδηίῆ
3035 3192 3231 3260 (ιυίβνθ
3257 3205 3304 3245 (⁵⁸
3331 3197 3640 3250 “somnus

402 3307 579 3362 sancti
645 3305 837 3360 Patres
887 3306 1036 3359 hunc
1081 3304 1250 3358 Deum
1305 3319 1489 3357 verum
1568 3320 1634 3358 ex
1687 3305 1798 3357 Deo
1849 3319 1973 3358 vero

399 3415 546 3464 esse,
577 3407 739 3468 atque
763 3413 829 3451 ex
859 3396 966 3450 Deo
995 3397 1300 3451 secundum
1336 3395 1651 3459 Scripturas
1681 3396 1973 3463 procedere

401 3493 660 3555 scientes,
718 3506 824 3542 non
880 3489 1183 3543 secundum
1244 3488 1553 3542 nativitatis
1599 3503 1969 3558 progressum,

404 3583 498 3636 sed
549 3583 851 3634 secundum
885 3594 1254 3648 processum:
1297 3579 1408 3645 Est,
1463 3579 1704 3644 aiebant,
1750 3580 1972 3648 quidam

403 3671 565 3726 etiam
599 3673 738 3726 alius
791 3672 1113 3726 substantia:
1148 3671 1360 3735 modus,
1409 3684 1698 3737 processus
1742 3671 1972 3733 scilicet,

405 3765 710 3820 secundum
764 3780 925 3833 quem
976 3764 1084 3818 alia
1131 3779 1364 3833 persona
1413 3779 1479 3818 ex
1531 3765 1638 3818 Deo
1670 3764 1887 3832 prodit;
1923 3774 1976 3818 et

407 3859 492 3912 hic
522 3867 627 3918 est,
683 3871 791 3924 quo
848 3857 1094 3925 procedit
1150 3855 1389 3924 Spiritus
1448 3868 1671 3910 sanctus
1723 3857 1970 3924 ejusdem

404 3949 660 4004 essentia:
688 3962 811 4000 curn
833 3945 992 4000 Patre
1019 3957 1070 4001 et
1097 3947 1271 4010 Filio;
1302 3946 1416 4015 qui,
1470 3962 1646 4016 neque
1679 3947 1972 4015 ingenitus,

405 4055 582 4109 neque
611 4040 729 4094 sine
753 4053 920 4092 causa
948 4037 1270 4110 [principio]
1297 4054 1309 4089 :
1347 4053 1453 4091 non
1487 4039 1634 4091 enim
1669 4037 1828 4092 Pater
1857 4049 1972 4104 est;

407 4147 583 4202 neque
634 4145 858 4185 rursum
939 4132 1176 4200 genitus,
1229 4131 1357 4198 quia
1417 4145 1517 4184 nec
1569 4127 1761 4194 Filius,
1821 4131 1974 4199 juxta

403 4221 625 4274 scilicet
675 4219 984 4272 nativitatis
1029 4219 1456 4287 processionem.
1493 4217 1702 4272 Idcirco
1738 4219 1973 4270 medium

405 4294 632 4381 ingeniti
661 4319 712 4363 et
741 4309 906 4378 geniti
946 4307 1213 4377 Spiritum
1245 4317 1494 4362 sanctum
1520 4310 1713 4361 doctor
1749 4309 1860 4375 (20)
1889 4308 1977 4362 hic

403 4403 562 4456 dixit.
583 4399 908 4469 Ubicunque
925 4400 1066 4454 enim
1087 4399 1262 4452 tribus
1283 4399 1527 4453 terminis
1548 4399 1761 4468 positis,
1787 4400 1977 4454 tertius

2078 3282 2178 3335 ista
2231 3282 2508 3349 processio
2559 3296 2679 3360 esse
2738 3297 2833 3350 pro
2880 3282 3130 3338 confesso
3172 3287 3420 3340 habetur.
3487 3287 3641 3342 Unde

2075 3384 2129 3426 et
2168 3388 2399 3442 magnus
2439 3373 2676 3427 Basilius
2709 3375 2762 3426 in
2819 3375 2915 3428 lib.
2970 3375 3168 3430 Contra
3223 3377 3539 3443 Sabellium,
3591 3395 3641 3436 et

2077 3467 2374 3528 Ariorum,
2419 3466 2572 3534 cujus
2603 3465 2816 3519 initium
2847 3480 2929 3519 εει
2963 3484 2975 3516 :
3012 3468 3333 3519 Adi-erratur
3361 3472 3641 3536 gentilitatt'

2076 3554 2408 3616 Judaismus,
2441 3570 2459 3602 ‹
2502 3552 2716 3607 Patrem
2794 3564 2848 3607 et
2903 3555 3124 3619 Filium,
3175 3558 3372 3626 inquit,
3419 3563 3646 3616 confite-

2078 3661 2222 3708 mur,
2263 3655 2471 3698 naturaa
2521 3653 2702 3697 autent
2753 3644 3038 3699 identitate
3076 3649 3333 3715 quoniam
3373 3665 3437 3702 ex
3488 3652 3646 3704 Patre

2081 3738 2252 3792 Filius
2303 3746 2422 3803 est;
2497 3737 2685 3790 itidem
2741 3737 2905 3805 igitur
2956 3748 3009 3791 et
3063 3739 3114 3790 in
3157 3739 3293 3792 Filio
3350 3751 3402 3793 ct
3459 3751 3646 3796 sancto

2080 3830 2284 3899 Spiritu
2315 3830 2629 3884 dicendum.
2656 3849 2674 3881 ο
2704 3829 2806 3895 Qui
2834 3830 2981 3882 enim
3008 3829 3196 3898 tequali
3229 3844 3393 3886 causa
3423 3833 3647 3900 prodiit,

2079 3923 2184 3977 hoc
2225 3930 2308 3976 est
2355 3923 2678 3976 naturaliter
2721 3930 2886 3991 atque
2969 3922 3354 3986 essentialiter,
3413 3935 3647 3988 constat,

2078 4016 2207 4080 quia
2257 4015 2499 4082 ejusdem
2536 4014 2700 4068 etiam
2754 4024 2967 4068 natura:
3020 4029 3146 4067 cum
3198 4019 3556 4084 producente,
3595 4030 3650 4070 et

2081 4122 2201 4162 cum
2240 4120 2328 4171 eo,
2364 4121 2460 4174 per
2493 4121 2654 4175 quem
2691 4105 2958 4174 procedit,
2985 4114 3086 4157 est.

2153 4221 2479 4287 Quanquam
2528 4217 2694 4272 etiam
2751 4217 2906 4284 juxta
2962 4217 3238 4284 proposita
3273 4217 3546 4281 exempla,
3598 4217 3646 4268 si

2078 4314 2203 4383 quis
2226 4325 2293 4365 ea
2321 4311 2485 4364 ctiam
2512 4308 2976 4363 consubstantiale
3003 4308 3376 4362 tantummodo
3405 4308 3648 4362 iudicare

2081 4403 2380 4457 arbitratur
2411 4414 2537 4454 cum
2589 4407 2958 4467 consequente
3017 4412 3380 4466 processuum
3430 4399 3644 4460 ordine,

403 4497 476 4546 ab
498 4504 732 4560 utroque
761 4491 1097 4556 reliquorum
1131 4489 1454 4558 denegatur,
1480 4490 1782 4545 secundum
1807 4491 1974 4543 dtale-
2009 4525 2051 4578 υ
2082 4509 2165 4548 cor

1883 4492 1974 4543 tle-
2009 4489 2668 4578 Dconsubstantialitatis
2729 4503 2948 4556 quoque
3005 4488 3266 4541 rationem
3329 4488 3645 4542 introducit.

403 4586 559 4638 etin-2
593 4582 1045 4638 consuetudinem
1086 4579 1298 4634 medius
1335 4580 1388 4634 in
1419 4581 1644 4636 aliorum
1683 4582 1972 4650 negatione

402 4691 524 4728 esse
547 4673 810 4727 cernitur.
848 4670 904 4724 Si
936 4671 1081 4724 enim
1115 4669 1378 4738 Spiritum
1413 4685 1439 4722 a
1472 4669 1634 4725 Patre
1665 4673 1966 4724 secundum

400 4777 523 4816 esse
551 4762 845 4831 putavisset
877 4760 1011 4827 (21),
1042 4775 1322 4827 nunquam
1347 4762 1524 4829 ipsum
1553 4761 1746 4815 ibidem
1773 4777 1867 4829 per
1886 4760 1977 4815 Fi-

403 4855 536 4907 lium
561 4855 701 4906 Patri
733 4853 991 4922 conjungi
1018 4852 1266 4907 dixisset.
1299 4851 1411 4907 Hoc
1435 4853 1577 4907 enim
1612 4857 1972 4923 quorumdam

404 4947 798 5015 malignitatem
833 4947 1033 5016 arguit,
1075 4945 1509 5014 magistrumque
1539 4946 1641 5000 sibi
1670 4947 1768 5015 ipsi
1814 4958 1976 5016 atque

403 5037 524 5090 aliis
553 5038 866 5092 Consentire
899 5038 1180 5093 evidenter
1210 5039 1467 5092 ostendit.
1509 5037 1587 5092 Ne
1623 5038 1725 5094 hoc
1755 5041 1971 5108 quidem

403 5144 644 5196 unquam
686 5130 933 5191 dixisset,
986 5129 1249 5196 Spiritum
1299 5140 1544 5184 sanctum
1584 5148 1651 5186 ex
1693 5133 1850 5188 Patre
1885 5149 1976 5202 per

404 5217 600 5273 Filium
625 5220 940 5289 procedere,
966 5221 1290 5290 Patremque
1327 5224 1712 5291 productorem
1741 5225 1975 5294 Spiritus

403 5327 499 5382 per
563 5311 797 5366 Verbum
864 5327 1002 5367 esse.
1071 5311 1196 5366 Haec
1262 5315 1405 5367 enim
1477 5317 1820 5384 apertissime
1873 5321 1974 5374 sibi

406 5405 640 5460 invicem
671 5408 948 5460 contraria
989 5416 1137 5461 sunt.

477 5519 535 5572 Si
571 5518 694 5588 quis
749 5527 925 5572 tamen
963 5532 1280 5604 processum
1321 5535 1414 5589 per
1451 5519 1647 5575 Filium
1711 5524 1972 5591 Spiritus,

477 5746 594 5815 (19)
635 5747 885 5802 Damasc.
914 5747 950 5799 1.
974 5762 1012 5800 ιι
1045 5744 1181 5801 Fide
1207 5751 1416 5806 art/rod.
1450 5766 1502 5805 c.
1537 5752 1618 5807 l8.

479 5818 591 5890 (20)
629 5816 1022 5872 Datnascenus.

740 5917 1008 5974 Pnaoc.
1044 5913 1159 5973 Gn.
1197 5911 1371 5975 CLII.

2086 4586 2240 4646 Nam,
2270 4597 2392 4637 cum
2430 4581 2690 4636 unitatem
2724 4580 2776 4633 in
2809 4579 3096 4640 'l'r'tnitate,
3139 4589 3191 4632 et
3226 4577 3547 4631 Trinitatem
3597 4578 3652 4630 in

2085 4677 2291 4731 unitate
2343 4674 2566 4729 credere
2600 4685 2815 4726 summa
2870 4670 2990 4724 ﬁdei
3043 4678 3243 4723 nostra}
3289 4669 3382 4729 sit,
3413 4669 3527 4721 haec
3559 4684 3657 4737 per

2084 4767 2290 4824 omnia,
2319 4779 2438 4831 quae
2463 4779 2492 4816 a
2524 4762 2804 4832 magistris
2834 4761 2978 4816 dicta
3026 4768 3178 4821 sunt,
3212 4760 3370 4812 simul
3407 4757 3656 4810 inferun-
3710 4775 3738 4807 ,κ

2085 4871 2190 4923 tur,
2220 4873 2280 4912 ac
2307 4873 2368 4912 se
2395 4856 2629 4910 invicem
2657 4863 2868 4917 tenent,
2921 4861 2998 4916 ut,
3033 4852 3123 4920 qui
3161 4851 3386 4904 alterum
3418 4852 3656 4904 confessi

2086 4953 2310 5014 fuerint,
2364 4960 2418 5004 et
2468 4949 2741 5018 reliquum
2795 4947 2958 4999 etiam
3017 4945 3405 4998 confiteantur.
3463 4941 3526 4994 Et
3579 4944 3660 4996 sic

2086 5045 2460 5114 principaliter
2508 5045 2670 5104 ordo,
2725 5048 3121 5106 consequenter
3180 5045 3358 5089 autem
3420 5038 3658 5088 consuli-

2086 5131 2434 5197 stantialitas,
2463 5141 2522 5184 ut
2564 5131 2887 5190 dictumeSI,
2919 5127 2972 5179 in
3023 5125 3274 5195 personis
3329 5124 3500 5176 lucide
3562 5140 3662 5193 ap-

2087 5236 2255 5298 paret.

2157 5342 2384 5395 Constat
2426 5347 2604 5391 autem
2641 5351 2704 5389 ex
2741 5335 2828 5388 his
2880 5348 2997 5401 quae
3032 5333 3177 5386 dicta
3215 5341 3363 5395 sunt,
3415 5347 3509 5384 eos
3564 5332 3658 5400 qui

2088 5449 2182 5502 per
2223 5431 2420 5485 Filium
2457 5429 2748 5498 procedere
2780 5429 2854 5480 ita
2890 5426 3113 5495 intelligi
3148 5425 3357 5488 volunt,
3396 5423 3661 5490 exemplis

2086 5527 2200 5581 suis
2235 5531 2471 5584 utentes,
2517 5533 2579 5575 ut
2628 5521 2718 5574 lux
2759 5535 2853 5588 per
2911 5520 3132 5581 vitrum,
3165 5525 3262 5571 aut
3299 5532 3503 5579 aerem,
3553 5515 3657 5578 vel,

3287 5659 3319 5672 κ

2164 5758 2275 5828 (21)
2320 5756 2433 5812 lloc
2475 5766 2576 5819 est,
2603 5768 2723 5808 esse
2760 5750 3127 5807 existimasset
3162 5745 3484 5800 secundum.

3197 5901 3236 5958 2
