4462 6440
440 415 511 475 £5
1330 486 1333 487 ν
1556 408 1947 467 Αυγιςκδυδ
1987 404 2299 463 ϐΙὶΕΟΟς
2343 405 2481 464 LIB.
2526 407 2569 463 l.
3596 409 3655 465 .t-j

441 532 635 583 Filium
670 526 1012 579 naturaliter.
1049 531 1094 573 et
1144 520 1525 578 essciitialiter.
1558 530 1609 571 et
1642 531 1841 571 .‘l‘lt‘l'llt‘
1869 537 1990 585 pto-
2028 522 2065 574 Λ
2100 516 2254 568 Patre
2304 526 2357 567 et
2403 516 2534 569 Filio
2568 527 2768 568 natura:
2827 524 2985 582 atque
3021 541 3105 570 ess
3146 519 3267 569 nti.e
3317 536 3417 576 est.
3470 522 3535 570 At
3586 522 3656 581 id,

440 623 637 672 cedere
675 633 700 665 :i
751 613 1012 680 theologis
1061 612 1355 670 asseritur,
1419 612 1563 675 quod
1595 619 1777 662 autem
1817 624 1999 675 procc-

448 712 577 760 dere.
648 707 883 763 dicitur,
942 717 1234 768 prore-sus
1308 701 1515 753 ratione
1594 701 1740 751 illum
1804 698 2000 751 habere

440 798 805 851 substantiam
861 796 1099 859 indicat,
1161 795 1302 847 sicut
1355 793 1515 844 etiam
1574 792 1745 860 gigni,
1801 789 1998 842 Filium

445 873 746 938 nativitatis
795 886 1006 938 ratione
1039 884 1374 945 subsistere;
1414 896 1574 933 omne
1620 891 1819 941 autent,
1854 881 1999 947 quod

437 994 534 1045 per
587 977 809 1042 aliquod
868 974 1227 1028 essentialiter
1276 973 1637 1027 substantiam
1691 973 1882 1034 habet,
1934 987 1997 1023 ex

442 1068 531 1119 illo
566 1067 729 1117 etiam
763 1076 845 1118 est
872 1083 884 1118 :
916 1074 1127 1119 constat
1154 1064 1420 1130 profecto,
1455 1063 1716 1131 Spiritum
1748 1074 1996 1116 sanctum

436 1171 503 1207 ex
536 1154 674 1205 Filio
727 1168 848 1207 esse
942 1162 1103 1221 atque
1146 1154 1457 1221 procedi-re.
1490 1153 1594 1205 Aut
1654 1153 1797 1205 enim
1859 1152 2001 1220 quod

438 1245 662 1305 dit-itur,
699 1260 809 1311 per,
851 1242 985 1294 nihil
1037 1242 1087 1292 iii
1147 1243 1317 1293 sancti
1370 1243 1606 1309 Spiritus
1655 1241 2001 1307 processione.

436 1335 783 1386 «tunmi-ndat
814 1373 828 1393 ,
874 1343 968 1384 aut
1013 1331 1357 1384 Commendat
1396 1332 1639 1398 quidem,
1675 1332 1767 1385 sed
1801 1332 2002 1399 imper-

440 1426 643 1476 fectum
678 1422 902 1490 aliquid,
934 1434 1024 1473 aut
1062 1423 1417 1474 instrumenti
1448 1422 1630 1488 implet
1659 1422 1856 1475 vicem.
1886 1431 2002 1483 aut,

436 1515 579 1567 sicut
608 1530 701 1581 per
734 1515 936 1576 locum,
970 1521 1061 1564 aut
1093 1522 1332 1577 tempus,
1368 1522 1458 1565 aut
1500 1522 1647 1565 certe
1683 1528 1776 1580 per
1807 1513 2000 1566 Fiiium

436 1604 783 1661 naturaliter.
814 1615 861 1656 et
896 1618 1190 1670 processus
1234 1604 1471 1665 ratione,
1502 1613 1662 1671 atque
1701 1603 2003 1655 essvittiali-

439 1706 526 1749 ter
562 1696 854 1763 procedere
908 1695 1170 1763 Spiritum
1223 1705 1472 1747 sanetum
1516 1696 1813 1747 Secundum
1865 1709 2005 1760 pro-

442 1788 623 1853 prium
673 1788 892 1837 modum
944 1787 1267 1839 sulistautize
1320 1786 1683 1838 commendat.
1738 1785 1838 1835 Sed
1880 1799 2003 1834 eum

434 1889 630 1929 cmtera
666 1876 717 1927 in
756 1884 967 1939 sancta,
1000 1886 1164 1943 atque
1200 1876 1737 1942 supersnlistantiali,
1770 1882 1822 1925 et
1871 1873 2003 1924 sim-
2040 1851 2058 1905 ί

435 1967 563 2034 pliri
604 1965 867 2018 Trinitate
916 1981 1186 2032 nusquam
1240 1966 1417 2016 locum
1480 1965 1748 2021 Labr-ant.
1786 1965 2005 2013 omnino

438 2053 751 2103 licet-ssario
792 2052 1139 2119 relinquitur.
1172 2061 1228 2104 ut
1273 2052 1541 2111 dicamus,
1576 2068 1685 2116 per,
1735 2066 1762 2103 a
1805 2051 2006 2102 satu-tis

440 2142 699 2195 l'atrihtts
732 2159 835 2194 non
891 2143 1093 2196 frustra
1128 2143 1415 2199 insertum.
1448 2153 1608 2209 atque
1638 2142 1687 2195 id
1727 2158 1829 2194 una
1863 2158 2009 2193 eom-

436 2236 715 2295 mendare,
742 2235 884 2302 quod
922 2250 985 2287 ex
1017 2234 1173 2287 Patre
1202 2249 1297 2302 per
1338 2233 1534 2287 Filium
1572 2234 2008 2287 substantialitcr

430 2321 588 2386 juxta
643 2336 806 2372 unam
894 2322 1253 2390 eamdemque
1311 2323 1715 2391 proccssionem
1764 2324 2009 2391 proredit

434 2412 675 2480 Spiritus
729 2424 974 2468 sanctus.
1025 2415 1258 2469 Prorsus
1315 2416 1458 2469 enim
1492 2456 1505 2476 ,
1556 2432 1667 2483 per,
1705 2415 1758 2467 in
1808 2414 2008 2483 quibus

432 2507 757 2568 assumitur,
794 2507 1118 2573 prwccdenti
1149 2522 1325 2560 causa:
1352 2510 1633 2561 concurrit
1658 2508 1723 2560 ad
1760 2510 2004 2559 eamdem

431 2594 802 2657 efficientiam,
832 2612 996 2663 quam
1028 2597 1119 2648 illa
1151 2597 1574 2665 spectat.Atque
1603 2597 1703 2649 hoc
1730 2596 1837 2650 late
1865 2606 2009 2665 patet
2044 2640 2047 2643 η

432 2685 650 2752 singula
684 2687 1120 2754 inspicientibus.

509 2774 646 2829 Nam
682 2792 804 2831 cum
842 2777 1055 2832 fructus
1080 2793 1143 2831 ex
1174 2777 1357 2832 radice
1384 2793 1477 2847 per
1512 2795 1724 2833 ramum
1760 2780 2005 2847 prodi-at,

434 2868 806 2937 ramusjuxta
854 2868 1173 2922 sentinalem
1220 2880 1430 2923 natura:
1469 2871 1758 2933 rationem,
1801 2886 1920 2938 qua:
1954 2871 2009 2922 iu

435 2955 621 3010 radice
659 2966 745 3010 est
782 2958 845 3010 ad
883 2956 1227 3012 efﬁcientiam
1257 2972 1546 3028 processus
1578 2959 1853 3013 fructuum
1884 2975 2007 3013 cum

434 3048 621 3100 radice
683 3048 986 3101 contendit.
1052 3049 1231 3117 Atque
1288 3050 1340 3102 in
1410 3049 1685 3117 praedictis
1755 3052 2010 3103 omnibus

431 3138 743 3205 exemplis,
781 3138 869 3206 qui
924 3140 1200 3207 ingenium
1257 3154 1515 3195 exercere
1563 3141 1814 3203 voluerit,
1868 3142 2005 3194 idem

435 3244 699 3297 apparere
728 3231 1040 3299 perspiciet.
1076 3231 1181 3283 Sed
1221 3232 1271 3285 in
1320 3232 1404 3284 his
1449 3248 1691 3301 quoque,
1725 3235 1777 3285 in
1812 3233 2012 3302 quibus

435 3337 533 3375 ars
565 3334 848 3390 operatur,
901 3340 1075 3390 serra,
1110 3326 1259 3380 verbi
1308 3328 1504 3395 gratia,
1539 3342 1633 3397 per
1662 3342 1825 3396 quam
1862 3326 2015 3380 faber

431 3414 667 3480 gradum
717 3415 958 3482 ligneum
1012 3415 1181 3479 facit,
1220 3419 1287 3474 ad
1322 3419 1497 3482 illum,
1533 3434 1640 3473 non
1675 3422 1742 3472 ad
1784 3419 2014 3473 alterius

435 3506 654 3571 generis
710 3505 963 3560 etlectum
1009 3509 1206 3563 artifici
1249 3520 1595 3579 cooperatur.
1633 3509 1818 3579 Neque
1867 3512 2010 3563 enim

438 3593 513 3643 illi
561 3595 626 3646 ad
661 3596 1091 3652 calefaciendum
1155 3599 1270 3653 sive
1303 3601 1664 3655 dealbandum
1692 3603 2013 3669 cooperabi—

432 3695 545 3747 tur,
578 3686 737 3755 idque
769 3704 864 3757 per
899 3692 1042 3758 quod
1093 3691 1333 3745 trahitur
1365 3694 1642 3755 machina,
1674 3693 1910 3746 trahenti
1945 3693 2013 3747 ad

432 3781 860 3846 pertractionem
897 3782 1081 3835 oneris
1116 3784 1524 3852 coeperabitur.

508 3870 586 3923 Ac
622 3870 666 3923 si
708 3871 927 3940 quidem
979 3890 1135 3929 serra
1160 3876 1325 3930 homo
1357 3887 1524 3942 esset,
1562 3879 1704 3934 sicut
1738 3888 1793 3934 et
1834 3880 2004 3946 faber,

432 3970 492 4015 et
524 3963 665 4016 idem
717 3967 901 4026 homo,
933 3968 1391 4035 quemadmodum
1432 3972 1483 4023 in
1532 3970 1692 4026 Patre
1757 3981 1811 4027 et
1872 3973 2012 4029 Filio

433 4054 579 4108 idem
622 4064 705 4109 est
753 4054 917 4123 Deus,
972 4069 1186 4114 secaret
1220 4069 1273 4114 et
1326 4061 1464 4131 ipsa,
1508 4064 1653 4118 sicut
1706 4074 1760 4119 ct
1809 4065 2005 4120 faber:

430 4147 693 4216 quodque
718 4161 816 4216 per
839 4162 1047 4202 serram
1077 4149 1247 4213 ﬁeret.
1275 4152 1415 4205 idem
1444 4163 1610 4219 esset,
1634 4158 1780 4224 quod
1810 4172 1840 4210 ιι
1861 4174 2009 4213 serra

435 4241 611 4294 ﬁeret.
655 4240 711 4293 Si
738 4248 920 4293 autem
958 4241 1011 4294 in
1047 4242 1246 4310 quibus
1276 4253 1357 4297 est
1393 4255 1588 4301 natura
1636 4248 1913 4316 ditlereus,
1946 4267 2009 4306 ea

433 4346 536 4401 per
565 4348 690 4400 qua:
719 4333 927 4402 aliquid
959 4334 1051 4395 fit,
1086 4345 1457 4404 cooperantur
1497 4340 1580 4394 his
1613 4342 1705 4409 qui
1743 4357 1800 4397 se
1833 4344 2009 4412 primo

434 4433 683 4485 movent.
706 4438 769 4478 ac
791 4439 889 4493 pro
916 4426 1079 4480 modo
1102 4442 1205 4482 suo
1228 4444 1334 4482 una
1364 4443 1527 4485 causa
1556 4431 1691 4486 fiunt
1715 4449 1727 4485 :
1756 4434 1840 4489 vel
1866 4436 2008 4492 sicut

2103 606 2247 672 quod
2278 607 2498 667 dicitur.
2539 622 2631 672 per
2680 605 2874 659 Filium
2910 607 3088 659 omnia
3129 609 3388 675 producta
3436 624 3575 667 esse,
3609 622 3664 662 et

2104 696 2295 749 Filium
2330 712 2490 750 unam
2538 712 2659 749 eum
2694 696 2848 749 Patre
2882 713 3123 758 causam,
3167 692 3663 764 ιιιιιιιιισιυαὲοηάί-

2056 808 2059 811 ν
2104 797 2272 839 torem
2305 787 2874 855 commendatJtaque
2896 787 3049 852 longe
3084 790 3276 851 magis,
3307 791 3445 853 quod
3468 790 3663 841 dicitur

2107 892 2198 944 per
2228 874 2424 928 Filium
2461 878 2772 943 procedere,
2806 877 2980 944 ipsum
3015 892 3231 945 quoque
3267 877 3457 930 Filium
3496 896 3663 932 unum

2106 988 2227 1026 cum
2274 972 2430 1025 Pat'c
2484 974 2867 1039 productorcm
2922 990 3075 1031 esse.
3128 975 3436 1026 necessario
3504 974 3663 1026 fateri

2104 1072 2294 1132 coget:
2330 1078 2504 1131 eoque
2547 1066 2736 1130 magis,
2765 1079 2871 1131 quo
2898 1074 2951 1116 et
2982 1080 3074 1132 per
3106 1064 3341 1117 Verbum
3377 1081 3472 1132 pro
3493 1066 3667 1117 luctor

2109 1154 2345 1222 Spiritus
2402 1154 2619 1206 dicitur.
2673 1154 2804 1205 Nam
2860 1156 2903 1207 si
2962 1154 3115 1206 l'atcr
3165 1156 3314 1206 solus
3370 1158 3667 1221 productor

2105 1254 2269 1305 esset,
2314 1258 2376 1295 ae.
2428 1246 2727 1312 producere.
2780 1245 2854 1295 illi
2916 1244 3273 1296 substantialis
3327 1256 3508 1305 (ηνδθὶ,
3562 1262 3664 1295 uoti

2106 1337 2401 1403 productor
2437 1354 2517 1401 ne;
2571 1335 2803 1387 \iTIilllill
2856 1336 3032 1388 dictus
3069 1337 3277 1388 fuisset.
3328 1338 3459 1398 Qum
3520 1338 3666 1388 cuitu

2106 1429 2478 1482 Sttitsinllii'liifl
2539 1443 2892 1493 personarum
2936 1439 3083 1485 sunt.
3117 1431 3426 1479 conuuunia
3460 1433 3667 1479 t'llt‘li~'

2104 1536 2225 1575 esse
2273 1540 2375 1574 non
2435 1532 2679 1585 possunt.
2736 1522 2973 1588 l'lxeuipli
3024 1539 3229 1585 causa,
3273 1526 3315 1576 si
3369 1537 3516 1592 pater
3574 1541 3668 1590 per

2108 1611 2343 1679 aliquem
2398 1621 2554 1676 pater
2587 1623 2750 1671 asset,
2786 1612 3081 1679 pata-ruins
3131 1614 3273 1665 illius
3316 1616 3668 1666 substantiale

2107 1712 2227 1750 esse
2257 1712 2362 1750 non
2394 1709 2597 1765 possm.
2633 1700 2733 1748 Sed
2763 1701 2827 1751 de
2860 1701 2941 1753 Itis
2975 1711 3156 1767 postea
3194 1702 3422 1754 dic.-tur.

2182 1807 2333 1859 Nune
2362 1808 2598 1875 Cyiiiltis
2645 1808 2983 1861 aliniraliiiis
3018 1812 3338 1863 aurtoritale
3371 1826 3489 1872 sua,
3520 1814 3664 1878 quod

2112 1899 2534 1964 μέτιμωιιῐιιιιινς.
2593 1900 2831 1954 t-altoret.
2889 1902 2937 1953 ls
2996 1903 3137 1953 enim
3198 1904 3247 1953 iti
3303 1905 3541 1955 secut'v‘o
3601 1905 3665 1955 ad

2111 1987 2379 2041 "emittam
2418 1991 2574 2050 ltlzro,
2617 2006 2693 2039 sm
2729 1992 2840 2041 ait:

2184 2116 2201 2147 ε
2244 2096 2502 2151 Sanctum
2551 2112 2730 2152 autem
2780 2100 3038 2167 Spiritum
3093 2103 3264 2165 diei-s,
3307 2106 3395 2171 qui
3444 2120 3506 2157 ex
3561 2107 3600 2157 1)
3637 2120 3671 2157 o

2109 2186 2267 2241 Patre
2299 2205 2392 2256 per
2425 2189 2619 2243 Filium
2654 2193 2973 2245 naturaliter
3003 2193 3366 2260 profunditur,
3401 2211 3485 2262 ac,
3529 2197 3672 2249 sicut

2108 2276 2162 2329 in
2207 2278 2374 2347 figura
2407 2280 2783 2347 rcspirationis
2818 2282 2931 2335 oris
2958 2284 3129 2336 nostri
3164 2299 3315 2338 suam
3352 2287 3510 2340 nobis
3543 2290 3673 2339 sni-

2109 2369 2361 2422 stantiam
2396 2370 2618 2424 indicat.
2663 2393 2681 2423 ι

2181 2480 2236 2531 Si
2296 2480 2456 2545 igitur
2515 2482 2682 2549 figura
2748 2485 3123 2552 respirationis
3183 2487 3294 2541 oris
3351 2490 3520 2542 nostri
3574 2505 3673 2558 pro

2108 2573 2361 2638 exemplo
2417 2585 2629 2642 sumpta
2674 2585 2777 2635 est.
2816 2579 2959 2645 quod
3029 2595 3121 2643 per
3182 2579 3375 2633 Filium
3439 2582 3674 2647 Spiritus

2110 2665 2365 2731 procedat
2394 2684 2407 2718 :
2442 2681 2503 2718 os
2536 2667 2678 2719 enini
2718 2667 2893 2721 Patris
2921 2668 3111 2722 Filium
3144 2674 3314 2724 sanrti
3341 2671 3526 2725 Patres
3557 2689 3677 2725 esse.

2108 2754 2301 2819 aiunt;
2332 2757 2414 2808 vel
2454 2756 2616 2810 etiam
2653 2769 2871 2823 prepter
2910 2762 3292 2816 insulilationis
3327 2765 3469 2817 illius
3502 2766 3677 2827 signi-

2112 2846 2454 2906 ficationem.
2506 2849 2724 2916 quando
2785 2852 3065 2905 insufllans
3115 2854 3376 2921 Spiritum
3427 2867 3676 2909 sant-tum

2109 2936 2392 3005 discipulis
2424 2938 2688 2991 Dominus
2727 2940 2908 2993 dedit:
2950 2942 3092 2994 sicut
3119 2942 3170 2994 in
3213 2948 3678 3015 consequi-utilius

2111 3026 2534 3092 monstrabitur;
2574 3028 2674 3081 hoc
2707 3038 2882 3082 autem
2914 3033 3184 3099 propriam
3220 3034 3375 3087 nobis
3419 3038 3675 3090 substan-

2111 3117 2240 3170 tiam
2303 3119 2607 3189 significat:
2647 3130 2891 3180 constat,
2940 3126 3100 3191 quia.
3162 3127 3273 3177 sire
3332 3144 3425 3194 per
3483 3129 3679 3183 Filium

2115 3213 2409 3279 procedere
2474 3213 2809 3276 dixerimus,
2858 3215 2973 3268 sive
3024 3216 3402 3273 insumationis
3455 3222 3679 3289 ligni-am

2114 3306 2537 3373 susceperimus,
2573 3322 2634 3359 ex
2664 3316 2894 3375 utroque
2924 3310 3119 3362 horum
3154 3313 3394 3379 Spiritus
3429 3315 3682 3367 substan-

2116 3396 2268 3458 tiam,
2314 3405 2423 3449 tam
2479 3398 2779 3466 prmcipuo.
2818 3399 3046 3454 doctore
3103 3409 3348 3457 tradente
3400 3406 3681 3462 docemur.

2114 3486 2207 3539 Sin
2258 3496 2438 3540 autem
2493 3488 2595 3541 ista
2648 3503 2773 3541 vero
2806 3492 3278 3547 consentientibus
3321 3496 3489 3549 initiis
3535 3498 3681 3561 fidei,

2114 3579 2546 3649 doetoribusque
2578 3583 2771 3644 sacris,
2799 3591 2851 3635 et
2883 3584 3137 3639 omnibus
3164 3587 3234 3638 ita
3270 3592 3681 3655 atlestantibus,

2115 3685 2409 3739 verumque
2442 3674 2663 3727 omnino
2702 3677 3114 3742 comprobatur,
3153 3680 3296 3747 quod
3336 3696 3433 3748 per
3465 3685 3680 3750 aliquod

2115 3761 2474 3816 substantiam
2523 3763 2739 3828 habeat,
2769 3766 2818 3817 id
2852 3769 3012 3819 etiam
3062 3782 3126 3821 ex
3182 3769 3299 3836 ipso
3335 3786 3392 3824 es
3427 3786 3479 3835 c,
3516 3773 3685 3841 liquet

2116 3851 2387 3918 profecto,
2437 3853 2540 3905 nisi
2587 3855 2710 3923 quis
2763 3859 2988 3910 omnino
3040 3858 3325 3928 ist-pudens
3375 3876 3495 3916 esse
3532 3865 3682 3922 Velit.

2117 3940 2378 4009 Spiritum
2404 3952 2651 3997 sanetum
2676 3960 2739 3999 ex
2769 3943 2906 3998 Filio
2930 3964 3082 4002 esse:
3115 3952 3553 4019 quandoquidem
3591 3970 3685 4019 per

2116 4034 2293 4102 ipsum
2329 4036 2693 4089 substantiam
2733 4039 2914 4101 habet,
2940 4055 3001 4093 ac
3034 4056 3127 4109 per
3169 4044 3343 4110 ipsum
3381 4047 3644 4114 procedit.

2184 4163 2452 4219 Caeterum
2483 4182 2583 4222 nos
2619 4182 2683 4221 ex
2718 4170 2922 4223 sanctis
2955 4169 3204 4226 Patribus
3240 4176 3484 4242 apertius
3514 4178 3685 4230 dore-

2113 4255 2329 4320 bimus,
2385 4274 2499 4325 per,
2548 4268 2601 4312 et
2654 4276 2740 4327 ex,
2790 4261 2842 4313 in
2878 4263 3077 4317 divinis
3136 4265 3298 4320 rebus
3340 4271 3679 4324 tantumdem

2114 4346 2319 4409 valere,
2366 4348 2458 4414 qui
2510 4348 2613 4402 ista
2666 4349 2720 4402 in
2762 4350 2847 4403 his
2899 4352 3270 4408 itidifl‘erenttr
3301 4358 3571 4425 accipere,
3622 4371 3682 4415 ut

2115 4439 2287 4506 pium,
2321 4450 2688 4494 monuerunt:
2725 4443 2886 4495 aliter
2917 4455 3094 4498 autem
3143 4446 3467 4517 intelligere,
3507 4454 3681 4505 her-

432 4514 912 4579 instrumenta,vel
933 4515 1070 4570 alias
1104 4518 1789 4590 quomodolibetjuvantia
1840 4533 2005 4595 atque
2040 4541 2082 4595 ι)
2112 4530 2231 4583 tica:
2281 4530 2630 4600 malignitatis
2695 4548 2813 4588 esse
2842 4536 3163 4590 docuerunt.
3207 4537 3268 4592 lli
3300 4514 3443 4593 enim
3477 4558 3685 4612 praepo-

430 4606 771 4660 conferentia
804 4625 818 4661 :
855 4607 1027 4661 multo
1072 4612 1245 4679 magis
1299 4612 1351 4664 iit
1401 4611 1560 4668 Patre
1611 4627 1666 4667 et
1696 4616 1854 4679 Filio,
1917 4619 2008 4672 ubi

432 4697 677 4766 perfecta
726 4700 982 4753 identitas
1032 4710 1196 4769 atque
1241 4702 1762 4761 iucommutabilitas
1792 4721 1846 4762 et
1886 4709 2011 4765 Filii

432 4792 499 4841 ad
536 4788 800 4857 Patrem;
841 4800 919 4855 et,
968 4806 1119 4861 aqua
1164 4792 1344 4849 Deitas
1376 4797 1680 4853 secundum
1734 4805 2006 4863 eamdem.

433 4890 490 4932 ct
549 4882 767 4933 unicam
828 4885 1005 4937 sancti
1060 4884 1301 4962 Spiritus
1363 4902 1428 4942 ex
1474 4889 1636 4947 Patre
1672 4908 1767 4962 per
1800 4894 1999 4950 Filium

432 4972 851 5025 substantialem
883 4961 1321 5041 process'ianem,
1353 4980 1467 5047 ipse
1496 4961 2006 5038 Filiusicommuni-

431 5064 580 5116 cabit
618 5062 789 5125 Patri,
857 5079 965 5117 non
1026 5067 1518 5125 instrumentaliter
1571 5088 1665 5127 seu
1713 5075 2002 5141 serviliter,

434 5155 529 5209 sed
561 5158 1131 5226 essentialiter,atque
1162 5162 1506 5226 naturaliter,
1528 5173 1712 5234 utpote
1740 5166 2005 5221 naturalis

430 5247 479 5298 ei
508 5262 629 5315 qua:
656 5249 1094 5303 sutismntialiter
1131 5250 1286 5304 insita
1320 5252 1395 5306 illi
1447 5263 1530 5307 est
1559 5257 1752 5310 virtus.
1786 5257 1920 5310 Nam
1957 5259 2002 5310 si

431 5344 485 5394 iti
522 5339 606 5393 his
632 5354 748 5407 qua:
781 5342 992 5393 minora
1024 5350 1171 5405 sunt,
1198 5357 1291 5410 per
1325 5347 1571 5398 eamdem
1601 5355 1762 5415 atque
1794 5350 2009 5401 unicam

430 5446 558 5486 cum
600 5430 759 5485 Patre
812 5432 921 5485 vim
973 5434 1138 5486 etiam
1199 5432 1338 5487 Filio
1394 5430 1617 5491 reddere
1656 5438 1918 5503 creditur,
1958 5441 2008 5493 in

430 5525 630 5594 quibus
685 5525 875 5593 utique
945 5527 1272 5582 substantia:
1327 5537 1411 5582 cst
1480 5527 1694 5583 infinita
1750 5532 2008 5595 varietas,

433 5618 604 5671 multo
650 5618 822 5686 magis
875 5619 929 5670 in
973 5629 1163 5672 sancto
1195 5617 1425 5689 Spiritu,
1463 5623 1554 5691 qui
1586 5606 1848 5694 ejusdem
1883 5642 2005 5681 cum

508 5828 551 5859 ³³
585 5826 721 5882 Gen.
758 5842 831 5893 iv,
871 5827 922 5882 Ι.
1021 5832 1063 5862 ¹⁹
1095 5827 1268 5885 Exod.
1302 5848 1388 5898 ιι,
1421 5832 1509 5885 25.

2114 4622 2373 4676 sitionnm
2423 4623 2761 4685 dillereutia.
2796 4625 3110 4682 dillerentcs
3163 4632 3326 4684 etiam
3373 4645 3598 4690 naturas
3632 4641 3682 4689 in

2112 4722 2298 4766 sancta
2342 4710 2613 4766 Trinitatc
2663 4716 3121 4772 subintroduccre
3174 4724 3559 4780 moliebantur.
3598 4730 3687 4781 Ait

2110 4803 2253 4854 enim
2292 4802 2588 4871 praeclarus
2618 4802 2855 4857 Basilius
2888 4806 2941 4858 iti
2981 4807 3084 4870 his,
3128 4825 3249 4878 qua:
3287 4814 3351 4866 ad
3400 4816 3685 4886 Amphilo-

2111 4895 2296 4948 chium
2340 4896 2604 4964 scripsit:
2643 4914 2660 4946 t
2713 4895 2828 4949 Non
2889 4898 3062 4952 solum
3123 4904 3173 4953 iti
3227 4903 3429 4959 divinis
3461 4907 3686 4965 Litteris

2118 5000 2249 5039 usus
2282 5000 2471 5039 vocum
2505 4998 2886 5053 immutantur,
2916 4991 3008 5043 sed
3029 4990 3141 5060 jam
3173 4994 3292 5046 alite.
3339 5013 3435 5065 pro
3456 5001 3683 5056 aliarum

2114 5077 2518 5145 significatione
2575 5089 2855 5146 ponuntur
2894 5083 3116 5150 smpius,
3160 5094 3323 5153 atque
3374 5105 3436 5142 ex
3484 5108 3579 5145 sua
3632 5096 3684 5147 iii

2114 5166 2349 5219 alienam
2388 5176 2693 5222 transeunt.
2732 5169 2974 5239 Denique
3015 5173 3067 5226 in
3106 5175 3190 5228 his
3234 5180 3540 5245 pan-titulis,
3571 5200 3685 5250 per.

2112 5266 2165 5312 et
2192 5274 2277 5337 ex,
2306 5258 2471 5313 altera
2493 5262 2720 5316 alterius
2745 5278 2887 5331 saepe
2915 5265 3365 5335 significationem
3407 5276 3594 5337 sumit,
3630 5289 3689 5331 ut

2111 5361 2192 5405 est
2221 5334 2393 5406 illud:
2434 5350 2647 5407 Possedi
2684 5355 2939 5410 hominem
2959 5374 3050 5426 per
3074 5358 3238 5414 Deum
3273 5363 3338 5429 η,
3365 5368 3507 5433 quod
3547 5369 3685 5422 idem
3728 5426 3731 5429 _

2111 5456 2296 5511 est,ac
2320 5447 2364 5501 si
2394 5446 2643 5512 dixisset,
2667 5463 2731 5501 ex
2767 5449 2896 5503 Deo.
2922 5451 3099 5521 Atque
3136 5457 3261 5509 alibi
3300 5476 3311 5511 :
3350 5458 3687 5529 Qua’cuttq‘ue

2110 5539 2381 5593 mandavit
2418 5538 2622 5610 Moyses
2663 5541 2854 5597 Israelt'
2883 5561 2972 5611 per
3004 5562 3321 5617 praeceptum
3370 5551 3583 5607 Domini
3619 5558 3681 5608 ι’.

2110 5631 2185 5685 Ac
2218 5647 2461 5687 rursum:
2493 5632 2678 5687 Nonne
2709 5650 2800 5700 per
2829 5634 2992 5691 Deum
3020 5649 3093 5693 est
3125 5642 3307 5695 horum
3343 5643 3636 5699 deduratio
3662 5647 3685 5700 .’
