4462 6440
752 409 816 467 Π
2016 400 2410 460 ιιςικιτιιιλις
2450 401 2753 459 αλιερπις
3928 408 3995 475 ηδ

755 522 856 571 ΓοιΓ
894 517 1084 577 Deum,
1138 514 1294 565 dixit.
1340 527 1437 578 pro
1486 526 1552 563 eo
1592 512 1734 578 qizoil
1790 522 1896 573 est,
1929 526 1990 562 rx
2036 514 2161 564 Deo.
2201 529 2217 559 ι
2269 508 2329 559 Ι·ἶι
2361 511 2401 565 Δ
2434 522 2517 577 an;

2269 508 2329 559 I'It
2361 511 2401 565 Δ
2434 510 2701 577 angelus:
2753 510 2835 562 Ne
2887 512 3075 563 timeas
3139 514 3369 577 accipere
3437 516 3664 570 Mariam
3722 527 3990 595 conjugem

754 615 863 663 lia-e
895 608 1112 675 quidem
1146 603 1396 655 llasilitis.
2429 604 2595 657 “iam,
2624 600 2761 663 (1³⁸οά
2801 600 2937 651 enim
2966 602 3015 651 ίη
3045 616 3104 652 θα
3141 614 3322 655 παίωνι
3349 616 3451 667 ϐεεν
3479 621 3542 657 επ
3568 608 3772 675 Spiritu
3809 633 3991 671 sancto

828 702 1064 750 Sani-tus
1110 705 1288 747 autent
1338 692 1573 761 (lyrillns
1624 693 1676 743 in
1713 694 1903 760 quinto
1934 694 1998 746 ad
2044 694 2313 747 Heriniain
2423 687 2590 739 est”.
2632 705 2650 735 ι

753 793 820 843 iiii
852 808 865 841 :
904 808 921 839 ‹
962 787 1102 851 Quid
1130 795 1310 837 autem
1338 784 1361 834 τι
1392 782 1580 835 Nonne
1608 783 1935 835 credendqu
1962 793 2045 837 est
2072 783 2270 837 alCt‘nll
2298 801 2310 834 :
2502 778 2735 832 Sanctus
2768 792 3023 847 praetcrea
3053 784 3287 853 Cyrinus
3305 790 3368 840 ad
3399 789 3695 846 Palladium
3719 798 3987 863 scribens,

755 883 860 948 ligo
889 897 1003 931 sunt
1036 879 1137 936 eiii,
1158 876 1352 927 veritos
1396 884 1446 925 ει
1478 876 1580 925 vim
1611 873 1655 901 ²⁰
1682 873 1703 925 ?
1729 873 1818 939 qui
1846 888 1968 925 cum
2001 874 2073 926 ita
2106 886 2309 941 api-rte,
2431 882 2517 935 [NII

2229 886 2309 935 ιιρ,
2431 868 3027 937 perintcrmgationem
3079 880 3725 944 acresponsioncnulwe
3757 887 3808 937 in
3843 892 3991 955 prin-

749 989 811 1023 ae
851 970 1202 1039 singulariter
1252 967 1490 1032 seipsnm
1533 964 1694 1015 vitam
1744 978 1863 1016 esse
1912 964 2075 1027 dicat,
2138 981 2316 1016 nonne
2430 962 2570 1028 cipio
2602 962 2763 1025 libri,
2800 980 2959 1030 quem
3021 966 3335 1035 inscripsit,
3394 970 3468 1022 De
3511 974 3777 1037 spirituali
3824 980 3991 1043 cultu,

756 1066 969 1115 l‘all‘CItt
1032 1075 1095 1111 ac
1147 1058 1316 1108 Deum
1364 1058 1465 1107 lioc
1518 1055 1691 1120 ipsum
1749 1069 1973 1106 munere
2024 1056 2316 1107 excludere
2429 1055 2546 1106 ait:
2586 1073 2603 1104 ι
2645 1053 2927 1109 Varialiilis
2961 1057 3203 1118 profecto
3241 1060 3476 1127 Spiritus
3507 1079 3612 1116 non
3648 1076 3751 1119 est.
3788 1070 3914 1133 Aut,
3947 1073 3991 1123 si

750 1150 1200 1211 viileliimiir,nisi
1227 1149 1417 1199 ambos
1440 1146 1599 1198 unius
1617 1147 2318 1209 essenaturiedeilerinius,
2431 1146 2557 1197 huic
2600 1147 2790 1198 morbo
2826 1148 3147 1203 variationis
3197 1152 3468 1212 subditur,
3498 1157 3564 1205 ad
3615 1156 3786 1220 ipsam
3848 1162 3989 1213 divi-

749 1263 809 1297 ac
842 1261 935 1310 pm.
970 1252 1261 1307 ,ητηηπμιε
1294 1238 1346 1290 in
1399 1253 1497 1289 nos
1560 1238 1839 1303 aequaliter
1870 1237 2033 1288 vitam
2074 1252 2315 1298 manare,
2429 1250 2552 1286 nam
2617 1245 2866 1289 naturam
2913 1237 3028 1289 limc
3080 1242 3287 1293 macula
3342 1243 3662 1310 reflectitur,
3718 1249 3985 1315 siquidem

751 1338 913 1402 idqui:
974 1350 1079 1385 non
1131 1330 1287 1396 quasi
1344 1344 1408 1380 ex
1465 1320 1698 1387 duobus,
1740 1326 1833 1379 sed
1876 1328 2026 1394 quasi
2084 1343 2150 1380 ex
2207 1344 2315 1379 niio
2433 1325 2524 1377 l'ei
2554 1342 2615 1378 ac
2650 1327 2825 1381 Patris
2851 1338 2954 1392 est,
2994 1331 3121 1395 quin
3149 1333 3309 1385 etiam
3344 1332 3487 1398 Filii,
3517 1350 3639 1387 cum
3672 1352 3732 1389 ex
3766 1349 3991 1409 utroque

746 1428 927 1479 omnia
967 1422 1272 1474 vivilieante
1311 1420 1436 1469 Deo.
1484 1436 1502 1466 ι
2427 1418 2825 1478 εςπδθιιιὶτιῐὶιρτ,
2858 1420 3066 1473 scilicet
3098 1438 3161 1474 ex
3206 1422 3363 1477 Patre
3397 1441 3491 1492 per
3530 1425 3724 1480 Filium
3766 1432 3987 1497 profun-

819 1514 958 1567 ldcm
994 1515 1045 1565 in
1076 1522 1231 1563 sexto
1264 1510 1327 1560 ad
1372 1507 1643 1559 lleruiiam
1671 1523 1682 1557 :
1728 1528 1744 1558 ι
1778 1508 2154 1573 Quodcunque
2183 1523 2314 1559 sane
2425 1506 2586 1558 datur
2612 1507 2862 1574 Spiritus.
2903 1528 2921 1561 ι

745 1626 771 1658 a
809 1606 968 1659 Patre
1023 1612 1233 1671 gestuin
1271 1601 1454 1662 fuerit,
1493 1602 1544 1653 id
1595 1600 1816 1651 oniuiiio
1866 1598 1984 1651 Filii
2031 1598 2313 1653 ellicientia
2501 1598 2686 1664 Neque
2734 1614 2863 1652 sane
2896 1601 3083 1655 multis
3130 1604 3309 1658 verbis
3341 1608 3606 1675 agi-nilum
3663 1621 3766 1675 est,
3823 1622 3881 1666 ut
3928 1629 3988 1667 ea

743 1712 823 1753 “si
856 1717 867 1749 :
899 1708 949 1750 ei
984 1697 1351 1764 quodcunque
1380 1693 1587 1745 dictum
1630 1689 1793 1743 fuerit
1826 1706 1921 1757 per
1961 1689 2157 1742 Filium
2189 1707 2314 1759 ρει-
2424 1700 2788 1753 cxponautnr,
2852 1707 2972 1759 qua:
3009 1703 3138 1747 sunt
3182 1698 3542 1762 apertissima.
3576 1701 3807 1755 Constat
3836 1707 3981 1756 enim

745 1789 853 1849 “ei,
899 1788 1002 1839 hoc
1054 1798 1282 1852 prorsus
1345 1782 1504 1833 pater
1538 1779 1746 1833 eger“;
1797 1764 1980 1831 omnia
2028 1780 2172 1831 enim
2220 1795 2316 1848 per
2350 1821 2390 1878 Β
2425 1790 2488 1828 ex
2526 1780 2628 1838 liis,
2657 1795 2777 1846 qua:
2804 1780 2949 1834 dicta
2983 1794 3135 1847 sunt,
3160 1803 3272 1853 per,
3306 1796 3357 1839 et
3387 1804 3471 1851 ex,
3514 1790 3566 1841 in
3598 1792 3796 1844 divinis
3830 1798 3991 1849 rebus

745 1881 936 1933 "mbos
968 1877 1255 1945 mqualilcr
1285 1874 1438 1925 ιῑυηι,
1482 1891 1499 1920 ι
2350 1870 2388 1878 ⁷
2421 1870 2754 1921 tantumdem
2810 1872 3009 1925 valere.
3056 1873 3121 1926 Et
3172 1878 3427 1943 quoniam
3483 1880 3719 1947 Spiritus
3772 1896 3994 1940 sanctus

818 1974 960 2026 Idem
1000 1972 1052 2022 in
1084 1969 1317 2036 quadam
1353 1965 1417 2016 ad
1455 1962 1767 2017 Nestorium
1804 1962 2031 2031 epistola
2068 1980 2081 2015 :
2123 1981 2140 2013 i
2177 1962 2314 2027 Quia
2420 1971 2481 2007 ex
2524 1956 2685 2011 Patre
2722 1976 2818 2025 per
2850 1959 3045 2015 Filium
3082 1967 3350 2033 procedit,
3385 1984 3446 2022 ex
3501 1968 3637 2024 Filio
3668 1976 3831 2027 etiam
3870 1991 3995 2044 pro-

742 2074 871 2129 ergo
891 2074 1056 2113 carne
1078 2063 1316 2123 sumpta.
1350 2064 1401 2105 et
1430 2051 1603 2103 Filius
1627 2051 1861 2103 hominis
1883 2061 1967 2105 est
1992 2052 2314 2121 appellatus,
2420 2046 2582 2098 ci-dit.
2627 2046 2689 2099 Et
2723 2049 2855 2101 illiiil
2880 2052 3042 2104 simul
3084 2064 3321 2116 constat,
3359 2072 3453 2112 eos
3492 2061 3584 2127 qui
3618 2060 3827 2126 dicunt,
3876 2080 3989 2130 per,

744 2151 905 2205 fateri
967 2162 1188 2200 necesse
1238 2154 1338 2205 est,
1394 2142 1542 2193 illum
1587 2155 1683 2209 per
1733 2156 1952 2194 carnem
1986 2156 2052 2194 ex
2088 2141 2318 2194 muliere
2421 2145 2473 2189 et
2510 2153 2593 2200 ex,
2636 2150 2763 2193 tunc
2818 2149 3028 2195 tantum
3077 2144 3429 2212 equivalere,
3476 2164 3599 2202 cum
3651 2152 3703 2204 in
3741 2165 3989 2208 creatura

741 2243 1043 2311 genitum,
1080 2237 1144 2289 Ει
1177 2245 1298 2303 post,
1331 2248 1539 2302 pauca:
1577 2251 1593 2281 ι
1637 2231 1897 2296 Verbum,
1932 2234 2072 2299 quod
2108 2248 2173 2285 ex
2207 2234 2316 2286 Deo
2421 2241 2798 2292 assumuntur,
2830 2240 2886 2284 ιιι
2920 2232 3049 2286 illud
3076 2251 3089 2285 :
3116 2233 3219 2286 Per
3237 2235 3433 2288 Filium
3468 2243 3646 2292 omnia
3670 2243 3813 2309 facta
3846 2258 3988 2311 ειιιιι,

744 2334 903 2387 Patre
938 2340 1042 2391 est,
1074 2345 1139 2381 ex
1174 2334 1359 2380 saneta
1407 2323 1625 2392 Virgine
1669 2324 1934 2376 nascitur.
1980 2342 1997 2373 ι
2034 2323 2314 2391 itemque:
2423 2320 2562 2374 idem
2582 2336 2723 2381 esse.
2751 2337 2815 2375 ae
2846 2324 2889 2377 si
2916 2324 3207 2387 diceretur,
3236 2343 3302 2381 ex
3332 2327 3493 2393 Filio,
3526 2332 3575 2384 ii:
3612 2333 3865 2390 increatis
3897 2354 3992 2391 au-

747 2443 765 2473 c
808 2422 976 2477 Natus
1014 2433 1115 2484 εει,
1152 2419 1452 2471 secundum
1489 2430 1610 2476 nos,
1648 2429 1711 2467 ex
1748 2415 1996 2466 muliere.
2043 2432 2061 2463 ι
2098 2413 2225 2466 Item
2263 2414 2315 2466 in
2424 2420 2527 2463 lt‘lll
2560 2424 2783 2480 negant,
2814 2430 2920 2467 non
2956 2426 3100 2471 recte
3147 2419 3434 2485 arbitrari;
3464 2423 3622 2477 divus
3662 2428 3802 2479 enim
3822 2429 3995 2499 Cyril-

742 2530 991 2571 sermone
1026 2512 1211 2564 habito
1242 2523 1424 2561 eorum
1459 2508 1782 2574 imperatore
1808 2503 2135 2569 Theodosio,
2161 2506 2319 2572 cujus
2423 2502 2505 2555 lus
2536 2502 2802 2570 Spiritum
2840 2506 3017 2561 Patris
3042 2518 3092 2560 et
3120 2507 3239 2561 Filii
3273 2513 3634 2567 essentialitcr
3656 2532 3719 2568 ex
3743 2528 3992 2588 utroque,

742 2608 955 2660 initium
1018 2613 1103 2657 est
1145 2619 1158 2654 :
1214 2600 1473 2652 "umnan
1535 2598 1718 2666 gloria:
1795 2612 2096 2662 suprema-ii
2167 2596 2321 2664 fusii-
2425 2594 2675 2648 videlicet
2719 2611 2783 2649 ex
2824 2596 2981 2651 Patre
3028 2614 3122 2667 per
3170 2600 3361 2653 Filium
3396 2605 3643 2670 profundi
3677 2609 3991 2667 declaravit.

746 2702 888 2770 gium
925 2713 940 2749 :
977 2693 1241 2755 Verbum,
1295 2690 1507 2759 inquit,
1564 2690 1705 2757 quod
1750 2705 1812 2742 ex
1873 2687 1981 2741 Deo
2015 2686 2174 2741 Patre
2214 2698 2318 2752 est,
2425 2685 2615 2754 Liquet
2666 2687 2826 2752 item,
2875 2705 2999 2742 eum
3055 2690 3350 2747 identidem
3400 2707 3591 2761 putare
3640 2715 3703 2752 ex
3738 2712 3989 2772 utroque,

746 2786 1152 2840 manifestatum
1201 2790 1284 2833 est
1336 2781 1387 2831 in
1443 2794 1628 2833 carne.
1686 2778 1881 2832 Natum
1916 2788 1999 2831 est
2034 2780 2179 2830 enim
2227 2793 2323 2846 per
2427 2779 2584 2831 Patro
2610 2781 2840 2847 scilicet,
2875 2792 2929 2836 et
2958 2782 3099 2837 Filio
3132 2785 3397 2853 Spiritum
3426 2790 3627 2851 dicere,
3657 2804 3707 2845 ct
3738 2812 3799 2846 ex
3838 2797 3994 2853 l‘atie

745 2890 994 2932 sanctam
1052 2875 1147 2928 Dei
1196 2871 1529 2925 Genitrirein
1586 2871 1886 2938 virginem,
1942 2870 2115 2923 forma
2176 2869 2320 2923 servi
2428 2887 2520 2937 per
2549 2870 2767 2932 Filium,
2802 2882 2858 2925 ut
2900 2874 3107 2928 dictum
3141 2887 3244 2929 est.
3278 2879 3382 2930 Sed
3417 2888 3471 2931 et
3512 2879 3743 2936 Barilins
3767 2888 3997 2941 eximius

744 2981 1047 3038 “smnpm,
1090 2986 1107 3018 ι
2428 2960 2478 3009 in
2527 2958 2559 3011 5
2607 2975 2656 3013 c.
2724 2961 2788 3013 ad
2834 2965 3276 3031 Amphilochium
3327 2970 3676 3035 particulam,
3727 2990 3814 3035 ex,
3860 2975 3997 3029 Filio

817 3062 1049 3112 Sanctus
1080 3054 1460 3110 iteinJoaniies
1496 3055 1904 3107 Damasceiius:
1954 3073 1971 3104 ι
2006 3054 2170 3107 Denin
2227 3071 2318 3125 ge-
2428 3060 2731 3113 congruere
2784 3051 3110 3112 ostendens,
3147 3052 3275 3104 illud
3320 3055 3549 3122 allegat:
3589 3057 3670 3108 Ea:
3702 3077 3813 3111 meo
3853 3065 3996 3115 arri-

747 3153 940 3217 uuisti,
977 3164 1149 3204 mater
1180 3161 1395 3212 saneta,
1432 3151 1776 3200 iucarnatnut
1819 3163 1881 3199 ex
1930 3156 2003 3199 te.
2036 3166 2054 3199 ι
2093 3146 2158 3201 Et
2194 3164 2318 3202 rur-
2351 3150 2390 3205 C
2426 3140 2528 3202 Ρέει
2564 3139 2628 3200 ³³,
2691 3149 2853 3207 atque
2919 3141 3048 3195 illud
3097 3160 3109 3194 :
3169 3142 3400 3212 Cognovi
3465 3148 3710 3202 virtutem
3779 3168 3842 3204 ea:
3919 3172 3998 3207 me

745 3262 909 3301 sum:
953 3262 970 3293 ι
1013 3243 1116 3296 Per
1168 3255 1238 3304 te,
1293 3252 1466 3293 mater
1502 3240 1665 3307 Virgo
1697 3248 1911 3303 sancta,
1963 3240 2051 3291 lux
2090 3251 2171 3294 est
2200 3241 2320 3294 orbi
2429 3229 2600 3280 ι’·τίνδε
2628 3230 2693 3281 ’⁷ο
2734 3230 2987 3299 ιρεῖίιυο,
3040 3235 3124 3287 συί
3176 3238 3596 3303 εοηίνθάίουιιῑ,
3665 3245 3890 3307 gratiam
3944 3255 3997 3299 et

747 3336 980 3391 wddim.
1021 3355 1038 3385 ’
2429 3320 2772 3373 eliicicntiam
2814 3324 3113 3379 iiicrcatam
3149 3328 3503 3392 arbitrantes,
3541 3350 3634 3399 per
3674 3333 3892 3395 Filium.
3918 3350 4000 3391 at-

813 3434 892 3482 Ae
930 3444 1147 3481 rursum
1176 3442 1188 3478 :
1228 3445 1246 3475 ι
1286 3424 1359 3476 Ex
1393 3436 1441 3478 te
1474 3437 1710 3476 massam
1741 3437 1909 3475 meam
1940 3424 2187 3490 sumpsit.
2227 3441 2248 3475 ι
2429 3432 2533 3483 qiie
2564 3431 2628 3468 ex
2675 3413 2812 3469 Filio
2842 3420 3140 3485 procedere
3175 3419 3493 3475 dill‘erenter
3548 3424 3897 3478 confitentur.
3936 3426 3999 3479 Et

819 3521 1055 3574 Sanctus
1114 3518 1386 3573 Maximus
1451 3517 1504 3569 in
1579 3516 1809 3583 dialogis
1870 3515 2131 3567 adversus
2179 3515 2324 3566 Ano—
2431 3507 2480 3558 id
2540 3516 2804 3575 prmterca
2857 3518 3091 3572 constat,
3150 3525 3245 3564 eos
3302 3514 3418 3577 qui,
3472 3530 3583 3581 prr,
3622 3518 3999 3571 tantummodo

747 3630 994 3676 nimum,
1063 3611 1353 3669 «Μιιιιιιίε.
1420 3609 1635 3677 inquit,
1688 3607 1883 3658 munda
1943 3618 2068 3659 sunt
2115 3608 2318 3660 omnia.
2431 3597 2568 3653 Filio
2609 3602 2920 3669 assignant,
2972 3616 3072 3663 ex,
3127 3603 3478 3665 auferentes,
3524 3607 3787 3660 minori-ni
3840 3607 3999 3663 Patre

744 3706 991 3772 Namque
1037 3703 1177 3770 apud
1216 3715 1315 3753 nos
1337 3700 1489 3768 juxta
1538 3713 1706 3751 Sac-riu
1738 3697 2031 3764 Scriptura:
2065 3698 2317 3751 ittleiilio-
2430 3689 2629 3745 Filium
2662 3693 2978 3747 necessario
3006 3694 3275 3747 dicturos.
3299 3692 3412 3747 lloc
3445 3697 3647 3765 quippe
3679 3700 3997 3754 minutionis

748 3815 893 3861 “em,
939 3812 1030 3863 ρετ
1053 3811 1225 3863 quem,
1279 3795 1416 3846 iiii-ni
1466 3800 1551 3846 est
1586 3789 1751 3857 quod,
1806 3805 1869 3840 rx
1909 3806 2031 3857 quo.
2082 3790 2322 3858 Denique
2430 3787 2647 3855 signum
2692 3785 2976 3839 haereticos
3005 3800 3245 3849 sumere,
3281 3787 3710 3849 Clirysostoinns
3743 3794 3837 3844 ait.
3882 3791 3997 3846 Non

746 3892 877 3942 ilic.t
907 3886 966 3940 Β.
1004 3885 1203 3938 Paulus
1234 3902 1246 3937 :
1284 3882 1485 3935 Fidelis
1516 3881 1679 3945 Deus,
1709 3896 1798 3949 per
1820 3872 1969 3947 quem
2000 3882 2169 3933 vocali
2197 3892 2321 3947 estis
2432 3878 2615 3942 igitur,
2650 3892 2761 3943 per,
2796 3886 2989 3930 saneto
3022 3875 3249 3944 Spiritui
3285 3877 3531 3941 reddere,
3568 3880 3672 3932 ulla
3708 3887 4001 3939 necessitas

747 3999 799 4035 ιη
833 3980 1249 4033 communionem
1284 3973 1416 4027 Filii
1445 3976 1554 4042 ejus
1584 3974 1683 4025 ²¹.ι
2432 3978 2608 4037 coget.
2644 3967 2833 4037 Neque
2875 3969 3022 4021 enim
3055 3968 3235 4021 dictus
3275 3979 3360 4021 est
3395 3969 3565 4023 Filius
3617 3988 3677 4022 ex
3716 3971 3874 4027 Patre
3907 3994 4000 4044 per

828 4073 994 4125 Divus
1050 4081 1232 4123 autem
1306 4070 1732 4137 Clirysostonius
1781 4081 1942 4134 siiper
1970 4064 2319 4131 Evangelium
2437 4059 2698 4129 Spiritum
2768 4060 2956 4120 nasci,
3002 4074 3175 4127 neque
3222 4058 3419 4111 Filium
3469 4078 3533 4113 ex
3584 4060 3793 4130 Spiritu
3865 4067 4003 4120 ratio

749 4162 1001 4221 Joannis,
1034 4174 1156 4210 eum
1206 4163 1525 4224 exponeret,
1561 4154 1705 4221 quod
1743 4154 1977 4206 dicitur:
2017 4149 2209 4205 Omnia
2232 4167 2323 4219 per
2433 4152 2830 4220 qualiscunque
2871 4152 3055 4205 dicere
3096 4152 3309 4221 urgebit

748 4256 916 4316 ipsum
953 4255 1095 4320 [acta
1149 4259 1293 4311 sunt,
1347 4248 1459 4299 ait:
1505 4264 1522 4293 ι
1560 4244 1820 4305 Verbum,
1876 4258 1940 4296 ex
2002 4260 2129 4312 quo,
2178 4245 2323 4312 quod
2506 4239 2795 4304 PrMerea,
2854 4241 3103 4308 plurimis
3154 4242 3205 4294 iu
3247 4244 3381 4297 locis
3429 4247 3821 4312 opusculorum
3874 4264 4001 4305 suo—

748 4345 916 4398 \cluli
950 4344 1119 4395 solius
1146 4339 1322 4393 Patris
1346 4339 1679 4407 praecipuum
1720 4352 1783 4390 ac
1803 4336 2080 4403 singulare
2099 4337 2319 4398 asseris,
2433 4345 2550 4384 rum
2587 4331 2761 4385 sancti
2800 4329 3011 4395 Patres,
3044 4348 3108 4386 ex
3136 4333 3274 4386 Filio
3307 4351 3427 4388 esse
3456 4346 3705 4390 sanctum
3740 4339 4000 4408 Spiritum

749 4435 913 4486 rtiam
952 4434 1015 4484 ile
1050 4430 1190 4483 Filio
1228 4429 1428 4482 Paulus
1463 4428 1691 4495 loquens
1717 4428 1938 4496 posuit:
1977 4426 2059 4478 Ea:
2091 4442 2213 4494 quo,
2245 4426 2325 4477 in-
2435 4428 2843 4477 commendant.
2895 4425 2973 4478 Ac
3018 4425 3255 4493 primum
3298 4425 3597 4495 Gregorius
3661 4428 4002 4499 Tlieologus,

749 4524 968 4590 quiens,
995 4536 1147 4572 omne
1168 4535 1358 4587 corpus
1404 4534 1495 4585 per
1523 4530 1687 4569 nexus
1740 4514 2085 4582 ctjuncturas
2114 4528 2324 4581 compn-
2360 4500 2404 4555 ί)
2433 4516 2485 4568 in
2525 4514 2622 4568 lib.
2658 4514 2734 4568 De
2773 4513 2976 4584 Spiritu
3005 4526 3209 4581 sancto,
3230 4532 3257 4569 a
3289 4520 3566 4573 contrario
3599 4522 3862 4575 rationem
3898 4524 4007 4577 [υτ.

750 4628 889 4667 cium
944 4623 992 4665 et
1047 4626 1341 4665 connexum
1396 4609 1582 4661 crescit
1634 4610 1686 4659 in
1737 4616 2075 4672 augmentum
2135 4603 2228 4657 Dei
2264 4606 2328 4657 ²².
2432 4623 2633 4661 mans:
2673 4627 2691 4659 ι
2732 4607 2872 4680 Quid
2920 4623 3049 4675 ergo
3095 4610 3247 4664 deest
3298 4609 3549 4677 Spiritui,
3591 4626 3660 4664 ne
3692 4612 3863 4668 Filius
3894 4617 4008 4669 sit?

750 4716 938 4774 t‘ieque
976 4705 1079 4758 lioc
1122 4703 1240 4757 solo
1277 4707 1604 4760 contentus,
1641 4697 1859 4750 aliunde
1907 4711 2127 4765 quoque
2175 4696 2332 4748 nobis
2430 4697 2532 4748 nisi
2589 4697 2733 4750 enim
2767 4696 2971 4766 aliquid
3004 4698 3236 4765 deesset,
3274 4697 3443 4753 Filius
3482 4699 3727 4769 profecto
3780 4716 3951 4761 esset.
3984 4724 4002 4757 ι

750 4813 845 4849 ora
886 4796 1145 4857 obstruit,
1206 4792 1370 4854 istud,
1418 4806 1507 4858 per
1541 4806 1719 4851 quem,
1753 4790 1896 4858 quod
1934 4789 2331 4842 imiiiinutionis
2429 4786 2543 4841 llac
2594 4801 2779 4842 autem
2834 4789 3145 4858 objectiono
3192 4789 3391 4857 posita,
3423 4792 3678 4859 protinus
3726 4794 4007 4864 adjungit:

752 4901 875 4939 esse
924 4885 1084 4946 dicis,
1134 4882 1281 4935 Patri
1338 4884 1647 4948 assignans.
1684 4876 1888 4931 Fidelis
1917 4880 2084 4943 enim,
2132 4878 2328 4944 inquit,
2438 4895 2456 4927 i
2503 4875 2625 4931 Non
2671 4878 2747 4931 illi
2779 4879 3061 4947 quippiam
3094 4878 3286 4932 deesse
3331 4878 3593 4935 dicimus.
3628 4879 3773 4936 Deus
3804 4887 4009 4955 quippe

752 4980 892 5031 Deus
924 4987 999 5031 est
1022 4992 1115 5038 per
1142 4989 1295 5043 quem
1318 4973 1487 5025 vocari
1508 4973 1632 5024 estis
1660 4973 1714 5023 in
1738 4970 2156 5022 communionem
2190 4966 2321 5019 Ηίέὶ
2437 4969 2643 5023 nullius
2678 4984 2843 5039 egens
2890 4980 3013 5035 est;
3042 4970 3136 5023 sed
3190 4972 3573 5033 cmanationis,
3602 4983 3660 5025 ut
3704 4974 3777 5027 ita
3806 4975 4007 5042 dicam,

753 5073 940 5139 ipsius.
993 5068 1058 5120 Et
1101 5082 1361 5120 rursum:
1406 5063 1511 5117 Per
1564 5062 1887 5117 to‘luntalem
1932 5060 2025 5113 Dei
2050 5060 2119 5113 ".
2152 5060 2327 5128 Atque
2437 5062 2759 5130 habitusque
2789 5063 2854 5115 ad
2888 5062 3119 5116 invicem
3151 5063 3477 5129 diﬂereutia,
3510 5065 3851 5131 dill'erenlem
3887 5069 4010 5120 illo-

751 5166 860 5214 :ilio
896 5164 946 5214 iii
981 5162 1135 5215 loco.
1174 5158 1441 5223 Quoniam
1469 5174 1531 5209 rx
1578 5157 1715 5223 ipso,
1753 5163 1800 5207 et
1848 5169 1938 5219 per
1966 5154 2158 5221 ipsum,
2189 5161 2237 5201 et
2278 5154 2329 5201 in
2438 5168 2558 5207 rum
2596 5155 3013 5222 appellatioocm
3069 5155 3218 5209 fecit.
3278 5173 3296 5206 ι
3354 5154 3510 5211 Hunc
3555 5165 3736 5211 autem
3774 5158 3899 5211 Filii
3944 5163 4010 5213 ad

752 5271 867 5321 ipso
905 5266 1026 5305 sunt
1065 5255 1243 5304 omnia
1278 5250 1343 5302 “.
1379 5249 1565 5317 Neque
1614 5247 1751 5300 Ι⁶“ιιίο
1787 5248 1961 5299 solum
2015 5244 2332 5298 attribuitur
2440 5248 2704 5316 Spiritum
2750 5258 3001 5303 sanctum
3055 5248 3299 5301 habitum
3337 5249 3472 5317 (22),
3505 5259 3670 5317 atque
3720 5265 3751 5304 e
3795 5261 4010 5321 contra,

750 5363 813 5399 rx
849 5364 975 5415 quo,
1021 5348 1116 5399 sed
1145 5359 1197 5399 et
1228 5343 1458 5413 Spiritui
1496 5352 1706 5396 saneto.
1739 5341 1828 5393 Ait
1861 5340 2004 5391 enim
2034 5340 2099 5393 ad
2131 5337 2330 5404 Josepti
2443 5339 2721 5407 Nysscnus
2748 5339 2911 5393 etiam
2945 5338 3270 5410 Gregorius,
3323 5354 3491 5409 super
3539 5342 3789 5394 oratione
3834 5340 4013 5394 Domi-

824 5533 868 5563 ὀ
892 5532 1050 5585 Joaii.
1078 5543 1186 5585 xiv.
1216 5526 1269 5580 6.
1348 5526 1389 5554 "
1425 5521 1441 5574 l
1474 5522 1602 5578 Cor.
1639 5550 1673 5586 ι,
1705 5521 1760 5575 9.
1840 5521 1883 5552 ²¹
1912 5519 2124 5575 Coloss.
2159 5534 2220 5585 ti,
2261 5521 2344 5574 19.
2421 5522 2466 5553 ³³
2500 5520 2583 5574 lC

2261 5521 2344 5574 l9.
2421 5522 2466 5553 ’³
2500 5520 2515 5573 l
2545 5520 2668 5577 Cor.
2703 5537 2737 5584 i,
2774 5522 2825 5575 l.
2905 5524 2948 5552 "
2980 5520 3192 5577 Coloiss.
3230 5538 3287 5587 ιι,
3323 5522 3407 5575 l6.
3505 5522 3546 5552 "
3588 5520 3773 5574 Matth.
3835 5537 3869 5583 i,
3921 5518 4006 5571 ‘20.

756 5604 800 5633 τ⁶
830 5604 989 5655 .Ioati.
1028 5616 1134 5661 λιι,
1181 5597 1265 5650 14.
1346 5597 1390 5626 ’⁷
1426 5594 1556 5647 LUC-
1588 5610 1699 5658 "1"»
1734 5595 1823 5646 (⁵4·

823 5791 933 5857 (2'2)
1003 5788 1141 5855 Lege
1192 5784 1577 5838 Bellaiminuin
1646 5780 1677 5832 Ι.
1749 5794 1781 5831 ιι
1841 5776 1910 5829 De
1975 5774 2203 5828 Christo.
2271 5790 2316 5825 ο.
2361 5774 2452 5825 ‘25.
