4462 6440
467 434 539 499 53

1588 443 1986 531 ADVERSUS
2025 440 2336 508 GRECOS
2378 451 2517 511 LIB.
2559 454 2603 515 Ι.

3636 457 3700 513 54

462 564 562 615 pro
596 564 757 602 causa
788 550 1042 603 sumitur.
1074 551 1349 614 Nusquam
1382 554 1526 605 enim
1561 564 1665 614 est,
1701 557 1788 606 ubi
1836 556 2025 620 hujus-
2068 562 2107 614 Α
2139 571 2201 614 ac
2236 562 2494 631 dignitate
2522 567 2795 621 secundus
2826 583 2853 617 a
2891 567 3046 621 l‘atre
3077 579 3174 623 est.
3216 570 3474 634 quoniam
3516 573 3583 621 ab
3617 573 3708 620 illo

463 639 607 689 modi
681 640 1069 693 enuntiationis
1131 642 1339 708 species
1401 659 1507 694 non
1564 639 1781 695 causatur
1865 654 2026 710 atque

461 726 678 777 causale
726 728 1012 793 signiticet,
1055 741 1307 797 ruderum
1363 733 1443 782 V-‘l
1503 734 1657 800 quasi
1715 737 2026 801 prmtcriens

462 816 706 881 ponitur,
763 818 841 867 vel
895 819 1018 881 quia
1067 830 1260 886 prmler
1313 821 1414 873 Ima:
1470 834 1551 875 est
1583 832 1632 875 ct
1678 826 1795 877 hnc.
1830 822 2025 877 Verum

464 904 519 958 in
554 918 739 956 sancta
777 907 1067 965 Triuitate,
1103 924 1223 958 eum
1284 912 1424 961 nulla
1461 913 1761 965 dim-rentia
1789 915 1891 966 alia
1923 905 2026 969 nisi

463 996 575 1045 sola
607 997 905 1049 secundum
955 1014 1174 1053 causam
1222 1004 1408 1054 relatio
1450 1005 1786 1068 inspiciatur,
1812 1018 2029 1073 propter

462 1101 732 1136 summam
761 1088 1163 1154 simplicitatem
1193 1106 1205 1141 :
1232 1092 1649 1158 prseteriensque
1670 1096 1808 1160 quod
1832 1096 2031 1149 dicitur

461 1184 519 1223 i-t
554 1189 630 1231 ie.
668 1187 719 1226 et
748 1178 911 1229 verbo
940 1177 1063 1230 inde
1122 1182 1343 1233 omnino
1396 1181 1672 1235 auferetur
1720 1184 2028 1253 liujusmodi

462 1264 853 1317 enuntiatiunis
907 1268 1134 1334 species.

538 1349 672 1404 lliuc
714 1369 955 1413 causam,
985 1357 1110 1409 inde
1151 1373 1369 1412 causate
1421 1364 1659 1413 Secundo
1706 1364 1862 1418 nobis
1916 1365 2033 1415 loco

460 1455 491 1491 a
577 1456 735 1494 causa
790 1447 1127 1498 commendat
1162 1446 1295 1515 (lli).
1352 1450 1603 1503 Secundo
1692 1455 1833 1505 enini
1920 1469 2035 1506 ioco

460 1542 835 1596 eSseprOpIer
908 1549 1219 1601 process-tm
1293 1538 1602 1593 divinarum
1663 1544 2021 1608 personarum

462 1618 518 1669 in
548 1630 731 1672 sancta
758 1620 1018 1677 Trinitate
1049 1641 1075 1677 a
1150 1628 1413 1693 theologis
1477 1634 1755 1684 asscritur.
1801 1633 2037 1701 Spiritus

460 1709 637 1759 sancti
666 1718 845 1762 autem
872 1726 934 1763 ev
969 1712 1127 1766 Patre
1180 1730 1270 1780 per
1301 1714 1487 1769 Filium
1513 1732 1823 1785 processum
1885 1723 2038 1773 theo—

461 1793 603 1861 losia
642 1800 842 1851 tradit:
871 1817 1141 1871 perquem
1189 1804 1393 1857 scilicet
1428 1814 1480 1857 ct
1529 1810 1803 1861 secundus
1828 1828 1855 1861 :t
1880 1809 2035 1873 Filio,

2134 667 2250 707 esse
2308 656 2496 706 habet:
2560 657 2627 707 ita
2667 655 2731 708 ρι’
2800 668 3023 710 sanctus
3080 659 3319 725 Spiritus
3379 661 3568 726 ordine
3637 676 3699 715 ai:

2135 742 2395 807 dignitate.
2422 747 2692 799 secundus
2727 748 2908 799 itidem
2939 763 2965 799 a
3010 748 3166 802 Patre
3225 760 3327 802 est.
3386 731 3498 803 Hoc
3554 751 3699 803 enim

2138 831 2235 882 sibi
2274 842 2328 886 et
2378 836 2606 888 multum
2668 839 2885 902 quidem
2939 840 3004 891 ad
3062 822 3398 905 propositum
3457 841 3702 896 conferte

2140 933 2369 989 poterat,
2403 942 2523 977 ωιτη
2556 927 2700 979 ilium
2762 930 3000 996 ejusdem
3054 947 3175 981 cum
3224 932 3375 982 Patre
3435 936 3704 990 essentia,

2141 1012 2415 1078 "eumque
2445 1032 2629 1069 verum
2662 1032 2779 1069 esse
2815 1021 3200 1071 commendare
3229 1020 3561 1072 insutuerct.

2206 1101 2335 1154 Nam
2368 1105 2434 1157 de
2466 1106 2620 1160 l’atre
2645 1110 2857 1174 quilem
2896 1112 3072 1161 nullus
3110 1126 3348 1174 unquam
3412 1110 3696 1161 ιικωιῑςυ-

2138 1207 2255 1244 rum
2296 1194 2417 1253 luit,
2445 1197 2576 1260 quin
2620 1206 2879 1250 a-terunm
2917 1200 3196 1265 Deumque
3237 1214 3420 1249 rerum
3452 1211 3703 1252 senserit.

2139 1282 2335 1336 Contra
2377 1292 2555 1336 autem
2589 1286 2653 1338 de
2681 1286 2815 1339 Filio
2843 1288 3057 1353 plurimi
3086 1302 3459 1356 sa-penumcro
3521 1302 3710 1343 sense.

2143 1383 2289 1426 ruat.
2329 1373 2648 1427 \‘crumltuc
2683 1377 2770 1428 ille
2832 1394 2937 1429 non
2995 1378 3156 1444 divit,
3214 1396 3339 1430 cum
3401 1379 3708 1434 divinarum

2142 1477 2494 1529 persimarum
2534 1464 2597 1515 ad
2650 1448 2878 1518 invitent
2940 1467 3186 1521 ordinem
3251 1484 3712 1534 proci-ssmimque

2143 1551 2504 1607 diﬂ‘erentiam
2562 1556 2728 1620 probe
2779 1546 2985 1620 nosset;
3023 1557 3132 1609 imo
3199 1558 3470 1610 interdixit
3525 1560 3709 1612 etiam.

2146 1651 2201 1694 ut
2233 1659 2297 1696 ex
2334 1644 2418 1695 his
2448 1660 2566 1712 qua:
2610 1646 2718 1711 jam
2783 1646 2919 1698 dicta
2960 1657 3101 1697 sunt.
3147 1648 3427 1700 evidenter
3466 1665 3526 1699 os
3554 1652 3678 1701 cudi

2147 1740 2250 1783 llll'.

2216 1820 2371 1876 Certe
2397 1834 2598 1886 autem,
2630 1824 2673 1877 si
2738 1828 2951 1877 tertium
2991 1840 3017 1876 a
3082 1825 3234 1878 l‘atre
3278 1841 3395 1880 esse
3452 1824 3711 1892 Spiritum

462 1897 519 1938 et
547 1905 575 1939 a
608 1888 762 1943 Patre
788 1894 979 1947 tertius
1018 1896 1236 1948 dicitur.
1293 1895 1601 1965 lloruniquc
1632 1917 1793 1953 causa
1831 1914 1911 1955 est
1966 1921 2029 1954 ev
2066 1892 2107 1949 Β
2139 1923 2385 1968 sanctum
2416 1923 2579 1981 atque
2617 1930 2644 1967 a
2677 1914 2813 1967 Filio
2849 1916 3176 1977 secundum,
3239 1929 3292 1969 et
3316 1931 3346 1972 a
3400 1917 3715 1970 ductoribus

460 1973 623 2030 Patre
658 1994 749 2045 per
783 1978 974 2033 Filium
1011 1998 1331 2049 processus..
1367 1983 1578 2053 Ubique
1611 1998 1789 2041 autem
1820 1992 2034 2043 cansale

460 2081 628 2120 causa
656 2070 844 2124 saltem
867 2074 1195 2142 cogitatione
1232 2078 1510 2142 praecedit.
1543 2078 1719 2147 Atque
1753 2081 1843 2133 ubi
1906 2098 2037 2134 cau-

462 2158 578 2209 sale
605 2169 712 2221 est,
752 2175 970 2215 causam
998 2180 1214 2233 quoque
1240 2182 1362 2220 esse
1402 2170 1711 2223 necessario
1744 2173 1988 2238 sequitur
2019 2191 2033 2237 ;

462 2261 628 2300 causa
690 2251 923 2316 suldata,
976 2258 1192 2309 causale
1233 2273 1449 2325 qimquc
1506 2261 1758 2327 protinus
1812 2264 2035 2319 tollitur.

471 2337 709 2394 Sanctus
736 2346 990 2410 ergovir,
1029 2348 1121 2414 qui
1176 2350 1391 2400 tertium
1444 2364 1472 2402 a
1538 2350 1695 2405 Patre
1752 2358 2040 2410 contitetur

469 2428 761 2496 Spiritum,
805 2443 968 2501 atque
1002 2454 1030 2489 a
1062 2436 1198 2489 Filio
1248 2441 1569 2513 secundm",
1597 2441 1745 2505 juxta
1783 2460 2037 2511 persona-

466 2523 571 2572 lem
622 2526 890 2589 ordinem,
955 2531 1156 2597 quique
1215 2532 1425 2585 ordinis
1500 2535 1661 2603 Imjus
1716 2537 2040 2592 insolentem

465 2615 785 2677 tiozitateiii,
828 2618 949 2672 ﬁdei
995 2622 1756 2687 abnegationemarbitratur.
1795 2639 1845 2680 et
1897 2643 2080 2696 qu:e-.

466 2719 577 2771 quc
606 2708 711 2760 alia
738 2710 1002 2775 praedixit,
1039 2728 1142 2778 qua
1194 2714 1407 2769 ratione
1440 2717 1653 2770 causale
1704 2734 1929 2785 ponens,
1991 2732 2046 2774 ut

465 2798 642 2865 pium,
672 2800 867 2854 deinde
905 2817 933 2856 a
988 2802 1127 2855 Filio
1156 2820 1275 2858 esse
1302 2806 1500 2859 habere
1529 2809 1891 2879 subjungens,
1924 2828 2042 2865 eam

464 2905 589 2956 qua:
606 2897 976 2961 consequitur.
1002 2910 1241 2955 causam,
1267 2900 1417 2965 quasi
1445 2899 1675 2952 alienant
1724 2903 2049 2972 denegabit?

543 3004 697 3060 Nam.
758 3023 801 3060 sr
869 3024 1167 3061 ερσυηηιιειι
1235 3026 1374 3074 esse,
1450 3014 1667 3066 causale
1732 3024 1832 3078 est,
1886 3016 2048 3083 huius

466 3106 671 3150 autem.
710 3097 853 3164 quod
877 3112 998 3151 esse
1041 3101 1235 3152 haheat
1272 3115 1299 3152 a
1334 3099 1488 3166 Filio,
1523 3112 1576 3154 et
1624 3104 1766 3170 quod
1803 3110 2049 3164 absolute

2140 2006 2369 2065 ueteris,
2400 2013 2453 2056 et
2483 2019 2511 2056 a
2555 2019 2752 2073 magno
2804 2006 2996 2057 liasilio
3028 2006 3374 2073 accepimus:
3423 2007 3471 2057 id
3532 2017 3715 2061 autem

2138 2108 2414 2162 nunquam
2448 2095 2520 2148 ita
2551 2102 2715 2158 esst-t,
2755 2095 2854 2147 nisi
2896 2096 3089 2148 tertius
3138 2104 3283 2148 esset
3314 2114 3376 2149 ex
3413 2097 3586 2164 primo
3624 2114 3669 2159 ιι(
3693 2116 3717 2149 r

2141 2186 2398 2245 medimn,
2428 2187 2529 2239 hoc
2559 2196 2660 2244 est,
2693 2201 2755 2239 ex
2788 2186 2944 2239 Patre
2996 2205 3088 2253 per
3120 2186 3315 2239 Filium
3353 2191 3669 2255 procederet
3700 2210 3713 2240 ;

2139 2276 2411 2344 quomodo
2438 2276 2510 2341 id,
2548 2278 2689 2345 quod
2737 2278 3122 2345 pramiisimns,
3154 2295 3259 2331 non
3288 2280 3436 2332 omni
3493 2282 3717 2332 veritate

2143 2366 2405 2422 fulcitur?
2436 2368 2685 2422 videlicet
2752 2380 2972 2437 propter
3013 2370 3392 2423 substantialis
3428 2386 3718 2439 processus

2144 2473 2495 2526 personarum
2533 2461 2598 2511 ad
2631 2460 2860 2512 invicem
2924 2475 3180 2528 apparere
3231 2461 3514 2515 ordinem?
3574 2464 3719 2524 (tum

2146 2550 2307 2603 modo
2338 2550 2467 2605 item
2502 2567 2610 2605 non
2647 2550 2786 2605 idem
2816 2559 2920 2611 est.
2960 2562 3011 2606 et
3042 2568 3134 2618 per
3177 2553 3369 2606 Filium
3405 2552 3717 2620 procedere,

2145 2643 2289 2709 quod
2318 2642 2535 2704 dicitur,
2556 2652 2610 2697 et
2640 2658 2668 2696 a
2709 2642 2847 2697 Filio
2879 2660 3001 2699 esse
3037 2644 3256 2707 habere,
3279 2646 3432 2715 juxta
3466 2655 3713 2699 sanctum

2147 2733 2427 2806 Basilium,
2454 2733 2599 2800 quod
2647 2735 2810 2787 etiam
2856 2750 3074 2789 causam
3127 2751 3247 2790 esse
3302 2737 3506 2804 posuit,
3576 2746 3633 2791 ut
3689 2752 3717 2790 a

2150 2822 2285 2877 Filio
2311 2823 2586 2879 secundus
2619 2825 2732 2879 sit?

2218 2915 2503 2980 Quomodo
2526 2926 2705 2969 autem
2748 2925 2801 2970 et
2829 2930 2950 2971 esse
3001 2924 3059 2971 et
3092 2917 3384 2985 procedere
3412 2934 3520 2972 non
3574 2920 3714 2973 idem

2149 3007 2499 3073 intelligatur,
2557 3006 2848 3074 siquidem,
2876 3008 3018 3075 quod
3047 3023 3266 3063 causam
3318 3025 3440 3064 esse
3484 3021 3716 3070 constat.

2152 3105 2212 3149 ut
2243 3113 2270 3149 a
2308 3094 2442 3152 Filio
2484 3097 2720 3167 Spiritus
2753 3099 3026 3153 secundus
3063 3102 3152 3176 sit,
3203 3102 3347 3170 quod
3382 3118 3476 3167 per
3522 3101 3717 3156 Filium

468 3202 569 3251 per
602 3186 793 3238 l-‘ilium
827 3188 1100 3252 procedat,
1132 3205 1294 3243 eausa
1336 3194 1642 3261 subjicitur,
1669 3198 1886 3252 causale
1913 3215 2039 3254 vero
2069 3218 2108 3273 ε
2148 3190 2357 3244 “ille”!
2390 3190 2762 3273 Ρτουθάίῑιβηῖ
2832 3192 2934 3245 lIOC
2999 3193 3087 3244 illtl
3150 3209 3275 3247 Cum
3309 3209 3338 3246 3
3403 3192 3541 3247 Filio
3599 3211 3723 3248 055i“-

467 3293 749 3346 nunquam
785 3280 898 3332 sine
928 3295 1090 3334 eausa
1125 3293 1227 3343 est,
1270 3285 1543 3350 quomodo
1596 3302 1704 3339 non
1736 3295 2041 3345 necessarii

466 3382 595 3419 cum
636 3368 840 3420 causali
890 3384 1053 3422 causa
1088 3384 1308 3439 quoque
1353 3375 1743 3443 consequitur?
1800 3377 1959 3443 Nam,
1996 3381 2040 3435 si

467 3472 649 3524 neque
685 3460 957 3513 secundus
999 3476 1027 3513 a
1052 3458 1189 3515 Filio
1209 3473 1313 3527 est,
1349 3478 1525 3532 neque
1560 3482 1588 3518 a
1636 3464 1795 3521 Patre
1826 3472 2040 3531 tertius.

470 3562 588 3599 nea
620 3545 758 3599 Filio
793 3549 1008 3615 quidem
1042 3565 1162 3604 esse
1195 3550 1431 3605 habebit.
1474 3552 1739 3619 Quoniam
1806 3570 1934 3612 vero
1992 3569 2046 3613 et

470 3639 560 3693 hic
609 3648 656 3693 et
696 3640 943 3708 plurimis
985 3641 1104 3695 aliis
1138 3643 1186 3695 in
1212 3644 1368 3705 locis.
1407 3644 1581 3713 ipsum
1643 3656 1696 3701 et
1727 3650 2031 3703 secundum

466 3745 595 3784 esse.
648 3741 699 3784 et
724 3731 944 3784 tertimu
970 3742 1192 3787 sanctus
1242 3734 1324 3787 vir
1354 3738 1527 3803 ponit,
1577 3752 1639 3792 ac
1666 3754 1733 3793 ne
1766 3739 1865 3807 ipsi
1921 3746 2042 3810 qui-

467 3825 591 3877 dem
626 3825 1080 3889 contradicentes,
1107 3827 1250 3894 quod
1306 3828 1513 3881 dicitur
1563 3834 1838 3888 secundus
1897 3852 2041 3901 esse,

470 3933 597 3970 tum
625 3918 836 3971 caeteris
874 3932 983 3971 non
1032 3918 1234 3982 delent,
1293 3935 1521 3975 necesse
1587 3933 1670 3976 est
1718 3936 1775 3977 ut
1824 3942 2044 3981 causam

468 4025 711 4079 quoque,
742 4026 839 4064 cur
870 4010 1145 4064 secundus
1170 4011 1261 4072 sit,
1293 4028 1415 4081 qua:
1457 4014 1701 4083 profecto
1759 4028 1864 4082 est,
1900 4022 2044 4089 quod

468 4106 563 4158 ille
595 4119 714 4159 esse
741 4103 903 4159 habet
922 4119 987 4158 ex
1023 4101 1200 4171 ,Filio,
1237 4107 1556 4175 magistrum
1614 4110 1861 4178 posuisse
1913 4112 2047 4167 fate-

470 4202 655 4247 antur.

546 4288 740 4352 Atque,
764 4286 906 4340 sicut
934 4287 1047 4356 ipse
1079 4287 1134 4340 in
1166 4286 1370 4341 eisdem
1417 4287 1531 4342 ait:
1568 4306 1585 4338 ε
1653 4288 1825 4343 Sicuti
1878 4292 2048 4348 Filius

469 4376 663 4429 ordine
688 4378 906 4445 quidem
960 4376 1235 4431 secundus
1265 4392 1293 4429 a
1335 4375 1494 4432 Patre
1526 4388 1630 4439 est,
1683 4382 1944 4448 quoniam
1980 4385 2049 4437 ab

472 4471 591 4534 ipso
620 4479 722 4530 est,
762 4479 813 4521 et
851 4468 1133 4537 dignitate,
1186 4467 1445 4536 quoniam
1506 4469 1721 4523 initium
1758 4482 1813 4525 et
1880 4488 2045 4528 causa

473 4561 602 4619 sibi.
635 4568 693 4613 ut
728 4568 891 4620 esset,
949 4560 1108 4614 Pater
1158 4570 1275 4623 est;
1338 4568 1391 4613 et
1446 4560 1638 4615 ordine
1687 4563 1925 4630 quidem,
1987 4580 2049 4618 ac

471 4651 758 4719 dignitate,
787 4650 1083 4703 secundum
1113 4666 1234 4704 esse
1257 4665 1286 4703 a
1312 4648 1472 4704 Patre
1498 4650 1720 4715 Filium,
1747 4663 1806 4707 ut
1833 4657 2051 4711 causalc

472 4743 697 4808 posuit;
727 4755 949 4795 causam
983 4756 1131 4802 vero,
1159 4742 1300 4809 quod
1332 4757 1359 4794 a
1387 4740 1547 4796 Patre
1568 4757 1737 4808 esset,
1766 4746 2051 4814 ipsumque

478 4833 695 4885 initium
735 4831 958 4885 haberet
1006 4841 1060 4885 et
1093 4846 1316 4886 causam
1347 4850 1362 4896 ;
1389 4848 1564 4902 neque
1619 4838 1890 4891 secundus
1942 4841 2051 4893 ullo

477 4924 642 4977 modo
672 4932 841 4983 esset,
871 4923 973 4977 nisi
1033 4937 1154 4977 esse
1215 4923 1438 4977 haberet
1470 4939 1499 4977 a
1564 4923 1764 4990 Patre;
1822 4928 2046 4996 parilem

475 5011 703 5065 modum
732 5020 788 5065 et
845 5011 897 5064 in
933 5019 1119 5064 sancto
1174 5008 1380 5080 Spiritu
1441 5013 1612 5080 ponit.
1673 5012 1857 5084 Neque
1906 5019 2048 5072 enim

475 5111 627 5158 esset
650 5103 927 5158 secundus
958 5118 988 5157 a
1022 5101 1181 5167 Filio,
1217 5104 1318 5156 hoc
1369 5112 1476 5166 est,
1510 5119 1541 5159 a
1600 5104 1760 5160 Patre
1834 5111 2049 5177 tertius,

478 5194 586 5247 nisi
627 5193 697 5247 ab
752 5192 845 5247 illo
899 5193 1124 5247 haberet
1178 5206 1322 5247 esse.
1382 5193 1566 5263 itaque
1624 5196 1708 5250 vel
1755 5201 2052 5255 secundum

483 5289 640 5341 illum
668 5300 789 5340 esse
823 5286 1034 5349 ordine,
1070 5300 1130 5339 ac
1176 5287 1394 5339 tertium
1432 5302 1537 5341 una
1595 5288 1901 5357 denegem,
1964 5302 2058 5347 aut

486 5380 592 5433 hoc
621 5378 929 5433 necessario
962 5381 1389 5444 consentientes,
1431 5390 1484 5434 et
1531 5382 1675 5449 quod
1706 5398 1825 5439 esse
1857 5386 2049 5439 habeat

483 5490 548 5527 ev
587 5472 726 5526 Filio
758 5488 865 5526 una
936 5471 1096 5525 fateri
1160 5461 1607 5542 compelluntur:
1651 5474 1851 5544 Nempe
1908 5477 2051 5530 enim

481 5567 529 5617 si
577 5579 639 5617 ex
674 5563 832 5617 Patre
858 5564 974 5617 solo
1003 5562 1266 5634 Spiritum
1320 5574 1568 5619 sanctum
1607 5580 1729 5620 esse
1792 5569 2053 5623 credidis-

483 5654 738 5725 διιι.ηυίἁ
753 5656 1067 5722 prohibebat
1084 5656 1262 5710 dicere
1285 5675 1294 5684 ·
1318 5656 1453 5723 Quia
1474 5659 1614 5713 sicut
1637 5656 1808 5713 Filius
1858 5662 2045 5717 ordine

560 5840 672 5901 tibi
714 5841 965 5899 UasiliUs.

2149 3283 2348 3335 habere
2379 3283 2559 3336 dicere
2606 3270 2840 3337 maluit?
2867 3286 3149 3349 Quomodo
3183 3288 3308 3339 item
3366 3303 3460 3356 per
3501 3285 3720 3349 Filium,

2147 3384 2247 3428 cta
2272 3373 2406 3426 Filio
2429 3357 2770 3442 :equabiliter
2813 3391 3023 3444 ponens
3062 3394 3162 3428 non
3198 3389 3378 3444 aperte
3430 3379 3721 3447 significat.

2145 3481 2231 3538 ex,
2263 3474 2316 3518 et
2348 3482 2461 3534 per,
2498 3476 2705 3519 tantum
2731 3461 2852 3519 leni
2889 3468 2945 3520 in
3010 3469 3208 3522 divinis
3269 3471 3485 3521 valere?
3536 3469 3724 3540 Neque.

2147 3557 2290 3609 cnim
2348 3556 2617 3625 quispiam
2692 3552 3015 3610 ad'tantum
3082 3560 3279 3613 luroris
3361 3570 3416 3612 ct
3469 3564 3723 3615 ann-otia:

2149 3657 2545 3713 prorumperet.
2600 3655 2657 3699 ut
2701 3649 2752 3699 in
2803 3648 2905 3699 hoc
2934 3650 3071 3709 loco,
3128 3666 3160 3701 α
3205 3661 3256 3701 et
3290 3666 3374 3713 ex,
3424 3653 3719 3719 particulas

2149 3737 2216 3790 ab
2253 3737 2482 3791 invich
2508 3739 2927 3809 significationis
2970 3740 3181 3793 ratione
3235 3741 3493 3796 tllt'llllct‘c
3546 3753 3724 3798 tenta-

2150 3839 2251 3882 τοι.

2226 3920 2298 3973 Ex
2335 3921 2417 3973 Itis
2451 3920 2635 3989 igitur,
2674 3922 2818 3990 quod
2853 3922 3051 3975 dicitur
3081 3938 3109 3976 ει
3146 3923 3281 3976 Filio
3330 3940 3447 3979 csse
3498 3926 3731 3995 habere,

2151 4024 2365 4068 constat
2395 4015 2566 4068 sancti
2595 4015 2693 4067 viri
2749 4025 2951 4069 textum
2996 4031 3141 4070 esse.
3210 4016 3350 4081 Quin
3389 4018 3598 4073 imo'et
3648 4036 3712 4074 ex

2152 4105 2259 4166 bis,
2301 4120 2419 4172 quae
2446 4106 3159 4175 calumniatoresimprobi,
3218 4109 3270 4161 in
3328 4108 3427 4163 hac
3484 4110 3722 4165 clausula

2152 4204 2341 4249 contra
2371 4197 2614 4265 magistri
2653 4197 2832 4260 tidem,
2871 4210 2924 4251 et
2970 4200 3249 4253 veritatem
3279 4199 3506 4264 addunt,
3539 4205 3726 4255 mani-

2156 4289 2288 4341 l'este
2327 4288 2545 4356 quidem
2575 4290 2748 4342 sancti
2795 4305 2992 4344 sensus
3042 4292 3243 4354 elucet,
3306 4292 3409 4359 ipsi
3475 4310 3598 4347 vero
3632 4310 3726 4363 per

2153 4379 2335 4431 omnia
2376 4378 2729 4446 malignitatis
2779 4391 3107 4450 arguuntur.
3160 4392 3219 4435 ut
3272 4385 3592 4437 earumdem
3656 4388 3727 4439 sit

2152 4487 2252 4541 pio
2282 4472 2574 4533 voluntate,
2614 4483 2668 4526 et
2715 4474 2892 4526 delere
2922 4484 2976 4528 et
3025 4473 3281 4544 adjicere.

2081 4545 2123 4600 ί)
2170 4540 2173 4541 ν
2222 4558 2355 4614 Nam
2392 4571 2585 4629 praeter
2621 4561 2696 4624 id,
2728 4562 2873 4631 quod
2931 4563 2983 4616 in
3035 4540 3419 4616 vetustissimis
3447 4540 3728 4634 esciupla-

2152 4653 2301 4706 ribus
2354 4654 2693 4707 inferendam
2750 4652 2918 4725 [forte
2987 4654 3415 4725 intolerandam]
3475 4659 3725 4725 protinus

2152 4744 2541 4809 malignitatem
2599 4754 2654 4797 et
2723 4746 2994 4813 positione
3054 4757 3109 4801 et
3170 4747 3341 4800 forma
3418 4750 3724 4804 lilterarmn

2151 4836 2495 4903 postmodum
2526 4837 2790 4905 adjectani
2824 4853 2965 4902 essti,
2997 4840 3282 4894 manifeste
3339 4852 3583 4907 apparet,
3654 4846 3729 4896 ait

2152 4928 2203 4980 iu
2242 4928 2703 4995 subsequentilms
2741 4940 2991 4984 sanctus:
3032 4952 3047 4981 I
3076 4930 3143 4985 Ut
3181 4933 3325 4986 enim
3392 4934 3561 4990 Filius
3636 4955 3723 4989 or.

2153 5017 2279 5069 dine
2303 5018 2522 5085 quidem
2552 5019 2829 5073 secundus
2883 5036 2911 5073 a
2967 5020 3127 5074 Patre
3175 5035 3277 5086 est,
3336 5026 3595 5092 queuiam
3662 5029 3729 5078 ah

2157 5106 2275 5174 ipso
2304 5118 2406 5169 est,
2435 5118 2490 5163 et
2522 5109 2806 5179 dignitate,
2836 5111 3097 5178 quoniam
3132 5112 3344 5165 initium
3385 5114 3458 5166 illi
3489 5126 3542 5167 ct
3564 5130 3731 5168 causa

2156 5212 2213 5253 ut
2240 5199 2491 5255 sitPater
2524 5211 2626 5264 est,
2696 5213 2750 5256 et
2791 5204 2917 5272 quia
2986 5219 3083 5272 per
3126 5205 3301 5274 ipsum
3365 5221 3621 5262 accessus
3682 5220 3733 5260 et

2154 5294 2409 5346 adductio
2440 5295 2506 5347 ad
2563 5292 2734 5348 Deum
2787 5305 2839 5349 et
2897 5296 3111 5351 Patrem
3170 5299 3325 5352 nobis
3368 5310 3469 5360 est,
3540 5312 3731 5354 natura

2163 5401 2293 5438 vero
2332 5401 2437 5439 non
2465 5386 2575 5454 jam
2600 5388 2897 5452 secundus,
2943 5389 3199 5442 divinitas
3222 5392 3365 5444 enim
3404 5394 3452 5444 in
3505 5404 3732 5460 utroque

2161 5490 2303 5529 una:
2342 5477 2413 5527 ita
2445 5475 2698 5530 videlicet
2748 5489 2800 5531 et
2840 5478 3077 5547 Spiritus
3136 5489 3381 5545 sanctus,
3438 5493 3535 5536 ets:
3599 5483 3735 5535 Filio

2157 5569 2405 5622 concedit
2430 5569 2642 5632 Ordine,
2674 5580 2729 5623 et
2759 5569 3024 5639 dignitate
3056 5588 3161 5625 non
3188 5573 3297 5639 jam
3340 5584 3518 5627 tamen
3571 5576 3728 5644 quasi

2157 5662 2346 5715 aliene
2381 5663 2906 5717 uatura‘cxsistens.
2942 5682 2959 5713 ι
3027 5662 3123 5717 Ubi
3183 5667 3440 5733 erguait-
3482 5686 3497 5716 ι
3567 5668 3632 5724 Et
3686 5667 3734 5721 si
