4462 6440
749 410 819 483 55
1968 434 2361 494 MANUELIS
2402 437 2706 496 (meets
3915 401 3989 501 $6

742 537 993 593 cntICCdil
1044 534 1183 589 Filio
1208 537 1400 590 ordine
1446 547 1541 591 aut
1564 539 1849 607 dignitate,
1884 560 1902 591 ι
1956 544 2314 597 addiderunt:
2350 549 2391 602 Α
2493 547 2727 603 Sanctus
2753 532 2881 602 item
2908 548 3237 601 Athanasius
3262 548 3636 602 Antiochcnus
3664 547 3992 616 patriarehal

748 646 765 673 ι
794 625 1054 687 Omnino,
1090 633 1141 679 et
1174 625 1561 681 conc-edemus.
1594 644 1610 676 ι
1644 626 1742 680 Ubi
1784 644 1912 683 vero
1946 631 2021 683 ait
2049 648 2063 685 :
2106 631 2326 685 cTradil

745 716 959 780 pietatis
983 715 1116 767 ratio
1135 714 1187 766 Ἰ»
1227 714 1325 782 ipsi
1348 730 1471 769 eum
1495 717 1793 783 adjectione
1829 719 2011 788 legunt
2032 732 2085 773 et
2104 721 2323 774 dicunt:

760 825 777 855 ι
809 805 992 858 Tradit
1030 805 1261 859 fortasse
1286 806 1499 874 pietatis
1552 807 1743 871 ratio,»
1774 819 1832 864 ut
1861 824 1955 877 per
1998 811 2110 863 haec
2137 810 2328 864 tertius

755 908 876 945 csse
902 892 1046 960 quod
1070 894 1270 946 dicitur
1313 895 1525 953 ordino,
1548 905 1599 948 et
1623 896 1907 963 dignitate,
1929 897 2152 950 on.nino
2176 900 2327 952 aufe-

748 990 891 1045 rant,
915 982 1323 1049 secundumque
1346 997 1467 1037 esse
1513 997 1541 1034 a
1597 981 1730 1039 Filio
1774 986 2078 1040 nullatenus
2131 1002 2326 1042 conre-

745 1076 899 1127 dant.
928 1072 1214 1137 Quomodo
1232 1088 1360 1143 ergo
1386 1075 1522 1128 ratio
1538 1077 1756 1144 pietatis
1783 1092 1905 1129 cum
1936 1079 2005 1132 sit
2025 1079 2323 1133 secundum

746 1178 869 1216 esse
903 1178 931 1215 .1
976 1162 1112 1217 Filio
1144 1162 1431 1232 Spiritum,
1459 1166 1510 1219 id
1563 1168 1712 1235 quod
1766 1167 1968 1220 dicitur
2023 1166 2323 1222 concedere

746 1253 905 1319 Fil‘o,
945 1255 1242 1309 secumlum
1273 1270 1401 1310 vero
1427 1272 1455 1309 a
1481 1256 1640 1322 Filio,
1678 1258 1895 1312 tertium
1921 1274 1952 1312 a
1987 1246 2144 1313 Patre
2202 1274 2323 1314 esse

744 1353 849 1406 est,
880 1358 1042 1412 quem
1072 1345 1315 1397 ordinem
1346 1344 1607 1400 Dominus
1663 1347 1717 1398 in
1749 1347 2006 1402 salutaris
2028 1346 2319 1402 traditione

748 1435 1090 1502 baptismatis
1124 1435 1368 1497 tradidit,
1398 1444 1455 1489 ut
1479 1446 1532 1489 et
1565 1438 1652 1491 hic
1678 1446 1733 1491 et
1767 1437 1896 1491 alibi
1940 1439 2022 1491 vir
2053 1440 2154 1492 iste
2206 1440 2321 1492 exi-

745 1527 887 1579 mius
928 1526 1089 1589 dixit,
1118 1528 1255 1578 hanc
1284 1539 1405 1580 esse
1435 1527 1698 1581 rationem
1726 1529 1942 1597 pietatis
1976 1542 2319 1591 asseverans,

742 1616 937 1669 deinde
968 1616 1132 1668 veluti
1161 1616 1575 1670 cunctabundus
1634 1625 1688 1673 et
1743 1617 2020 1676 ltmsitans.
2052 1617 2318 1686 fortassis,

745 1705 982 1773 adjecit?
1039 1705 1349 1771 Quomodo,
1408 1708 1652 1772 inquam,
1717 1708 1808 1775 qui
1894 1708 2100 1761 ordinis
2158 1708 2319 1761 istaut

744 1798 1066 1851 insolentem
1133 1799 1450 1862 novitatem,
1510 1799 1923 1866 abnegationem
1986 1799 2110 1851 fidei
2193 1813 2319 1852 esse

2433 638 2485 690 in
2515 640 2651 691 libro
2680 638 2753 692 De
2797 640 2947 692 rectis
2982 638 3227 692 Ecclesia:
3278 638 3607 708 dogmatibus
3632 679 3645 699 ,
3681 657 3698 687 ι
3739 637 3998 704 Spiritus,

2432 730 2527 790 ait,
2565 736 2807 792 sanctus,
2843 728 3081 797 Spiritus
3113 728 3361 782 veritatis
3411 737 3513 782 est.
3569 727 3670 780 Hic
3716 735 3900 779 autem
3964 742 3995 780 a

2429 819 2586 874 Patre
2619 819 2838 889 quidem
2865 820 3126 889 procedit,
3166 834 3192 870 a
3219 817 3356 872 Filio
3382 826 3562 871 autem
3621 816 3841 878 accipit.
3864 834 3883 866 ι

2500 911 2727 982 Magnus
2759 912 2884 967 item
2916 910 3147 965 Basilius
3179 910 3233 962 in
3264 910 3509 979 .Regulis
3550 910 3616 962 ad
3678 909 3997 969 monachos,

2428 1005 2805 1073 scrmone,qui
2833 1002 3041 1070 incipit.
3067 1001 3159 1054 Dei
3180 1000 3573 1053 clementissimi
3596 999 3798 1067 gratia,
3822 1016 3840 1047 ι
3870 998 3997 1050 Cre-

2427 1094 2633 1154 dimus,
2694 1091 2890 1160 inquit,
2943 1102 3111 1141 unum
3168 1088 3344 1143 solum
3426 1084 3687 1154 Spiritum
3744 1092 3993 1137 sanctum

2427 1181 2781 1250 paracletum,
2808 1180 3071 1248 Spiritum
3112 1186 3383 1239 sanctum,
3442 1176 3496 1228 in
3532 1190 3641 1243 quo
3669 1175 3867 1243 signati
3906 1189 3997 1228 su—

2428 1282 2570 1330 mus,
2606 1266 2657 1318 in
2690 1272 2937 1318 nostram
3002 1263 3451 1329 redemptionem,
3476 1259 3734 1329 Spiritum
3796 1260 3995 1311 verita-

2426 1360 2516 1419 tis,
2548 1356 2808 1424 Spiritum
2834 1354 3168 1422 adoptionis,
3223 1352 3276 1405 in
3302 1366 3409 1419 quo
3481 1352 3780 1405 clamamus
3847 1348 3992 1401 Abba

2426 1447 2610 1511 Pater,
2634 1446 2723 1514 qui
2755 1445 2970 1509 dividit,
3006 1452 3061 1499 et
3086 1455 3346 1511 operatur
3372 1440 3575 1495 Christi
3627 1454 3851 1493 munera
3882 1442 3993 1491 sin-

2424 1539 2563 1608 gulis
2593 1539 2661 1593 ad
2691 1536 3005 1598 utilitatem,
3041 1544 3199 1603 prout
3233 1534 3367 1595 vult,
3415 1534 3637 1593 docens,
3694 1538 3858 1598 atque
3899 1530 3993 1582 ad-

2424 1645 2673 1692 monens,
2698 1639 2753 1683 et
2786 1640 3085 1697 suggerens
3104 1637 3442 1694 quaecunque
3470 1620 3704 1676 audierit
3737 1637 3767 1674 a
3798 1618 3986 1672 Filio.»

2423 1722 2647 1776 Constat
2677 1720 2864 1789 igitur,
2894 1718 3022 1787 quia
3052 1715 3196 1786 quod
3234 1715 3434 1770 dicitur
3460 1731 3475 1769 :
3510 1714 3595 1766 Ea:
3616 1728 3727 1766 meo
3750 1712 3989 1778 accipiet,

2423 1815 2478 1868 in
2511 1813 2669 1877 Filio,
2702 1811 2951 1866 doctores
2983 1810 3156 1863 sancti
3216 1814 3601 1876 susceperunt.

742 1889 1007 1950 deﬁnivit,
1042 1890 1174 1943 nihil
1203 1888 1421 1943 differre
1468 1904 1746 1954 asserens,
1784 1891 1897 1942 sive
1931 1893 2076 1943 hunc
2133 1900 2322 1944 uteuu-
2355 1882 2394 1935 Β
2497 1904 2765 1960 (ςειετηηι
2801 1902 2855 1956 in
2895 1900 3164 1956 creaturis
3189 1897 3428 1968 quidem,
3465 1911 3589 1966 qua,
3616 1909 3645 1949 α
3675 1894 3786 1949 Deo
3850 1890 3993 1946 θεοῖ-

742 1994 849 2050 que
883 1980 1154 2049 quispiam
1189 1981 1463 2045 immulet,
1491 1981 1606 2035 sive
1629 1981 1695 2033 ad
1726 1989 2031 2034 creaturam
2061 1979 2321 2050 Spiritttm

743 2086 992 2127 sanetum
1024 2071 1275 2135 deducat,
1306 2086 1511 2139 eosque
1572 2070 1862 2141 fugiendos
1902 2079 2171 2135 statuens,
2229 2072 2321 2139 qui

739 2180 858 2220 eam
896 2165 1370 2233 consequentiam,
1403 2179 1566 2232 quam
1593 2162 1814 2216 tradidit
1844 2163 2003 2217 nobis
2035 2163 2319 2224 Dominus.

742 2260 1058 2315 immutant.
1088 2264 1145 2308 ut
1180 2255 1271 2324 qui
1313 2264 1498 2324 aperte
1550 2263 1865 2324 Oppugnent
1922 2256 2201 2323 pietatem,
2234 2269 2322 2308 or-

743 2350 889 2404 dinis
947 2349 1286 2405 Dominicam
1319 2347 1666 2403 traditionem
1699 2348 1945 2416 pietatem
2002 2345 2317 2414 appellans;

738 2442 785 2495 is
817 2449 1039 2509 repente
1071 2448 1276 2493 mutata
1325 2439 1615 2503 sententia,
1678 2438 1803 2500 ista,
1858 2437 2013 2506 quasi
2078 2436 2320 2505 improbe

736 2533 880 2585 dicta
913 2530 1190 2584 confutet:
1221 2530 1308 2582 «Si
1343 2531 1571 2583 omnino
1625 2529 1727 2583 ista
1786 2538 1840 2580 et
1892 2529 2313 2591 eoneedemus,»

737 2623 1041 2693 inquiens?
1102 2625 1171 2675 At
1228 2623 1281 2676 id
1338 2623 1519 2692 magni
1580 2621 1761 2675 Basilii
1829 2620 2106 2689 sapientiae
2156 2628 2320 2687 atque

739 2716 1039 2786 prudentia:
1076 2713 1303 2768 minimc
1333 2716 1578 2767 omnimn
1616 2713 1890 2767 convenit.

810 2807 915 2861 Sed
957 2807 1100 2859 enim
1138 2819 1277 2858 nova
1312 2805 1460 2858 illum
1498 2805 1585 2857 hic
1633 2814 1686 2857 et
1737 2804 1949 2857 insueta
1979 2815 2131 2864 voce,
2158 2814 2316 2853 usum

736 2916 843 2953 non
876 2913 1019 2962 esse,
1039 2899 1130 2952 sed
1154 2898 1497 2951 occasionem
1523 2912 1585 2948 ex
1623 2896 1798 2950 sacris
1831 2894 2060 2948 Litteris
2084 2893 2315 2961 cepisse,

738 2993 861 3045 inde
901 2999 1117 3043 constat
1151 2989 1294 3057 quod
1352 2987 1417 3039 de
1450 2988 1632 3053 seipso
1693 2984 1958 3038 Dominus
2019 2982 2129 3036 ait:
2183 2980 2318 3045 Qme

732 3100 825 3152 ego
856 3082 1033 3149 loquor
1057 3082 1136 3143 ’9;
1168 3090 1242 3143 et,
1291 3076 1424 3143 Qua:
1461 3077 1642 3130 audiri
1667 3094 1698 3129 a
1739 3076 1899 3128 Patre
1941 3090 2074 3138 meo,
2107 3086 2317 3124 annun-

2426 2009 2554 2065 pere
2576 1994 2856 2058 dicuntur,
2886 1991 3145 2061 quoniam
3166 2004 3259 2059 per
3282 1987 3785 2059 participationem,
3830 1992 3992 2052 atque

2425 2088 2818 2157 temporaliter,
2856 2094 2915 2140 ut
2945 2084 3201 2140 meliores
3232 2082 3484 2143 evadant,
3511 2077 3791 2148 quodlibet
3843 2088 3994 2127 acce-

2424 2181 2622 2249 perint,
2648 2178 2903 2233 dicuntur
2930 2176 3209 2244 aceipere‘,
3245 2175 3347 2227 hoc
3381 2173 3434 2225 in
3468 2172 3549 2225 eis
3611 2169 3792 2223 minus
3823 2165 3996 2218 fuisse

2422 2272 2715 2341 signiﬁcat,
2752 2269 2896 2340 quod
2925 2276 3272 2334 acceperunt.
3332 2264 3657 2330 Quanquam
3688 2268 3741 2312 et
3792 2258 3993 2323 imper-

2422 2360 2746 2416 fectioribus
2810 2357 3145 2420 mortalium,
3184 2355 3401 2423 quando
3440 2367 3503 2405 ex
3567 2347 3879 2417 imperfecto
3927 2344 3995 2397 ad

2421 2448 2720 2518 perfectum
2772 2444 3089 2514 proficiunt,
3165 2442 3298 2494 nihil
3368 2438 3637 2507 prohibet,
3708 2445 3993 2504 postquam

2421 2541 2532 2594 nati
2562 2554 2674 2593 esse
2706 2538 3047 2607 acceperint,
3080 2536 3189 2589 imo
3249 2543 3303 2589 et
3356 2531 3725 2586 necessarium
3782 2537 3887 2592 est,
3938 2536 3997 2579 ut

2420 2635 2673 2689 dicantur
2700 2641 2755 2687 et
2780 2632 2969 2686 audire
2998 2640 3053 2685 et
3089 2629 3335 2698 accipere
3390 2626 3667 2695 peritiam,
3740 2623 3854 2679 sive
3909 2636 3998 2676 ar.

2422 2730 2553 2783 tem,
2581 2726 2895 2787 etquaeque
2927 2725 3148 2783 accepta
3202 2712 3459 2781 perlicere
3508 2718 3753 2777 possunt.

2489 2814 2660 2868 Porro
2684 2812 2736 2865 in
2781 2814 2981 2865 saneta
3025 2806 3316 2870 Trinitate,
3384 2820 3505 2859 cum
3563 2812 3619 2857 et
3672 2800 3893 2855 materia
3943 2806 3997 2851 et.

2420 2903 2600 2960 omnis
2635 2899 2849 2955 affectio
2910 2896 3223 2966 imperfecta
3275 2896 3341 2948 ab
3385 2910 3446 2948 ea
3509 2893 3724 2962 penitus
3771 2900 3996 2944 remoue

2419 2994 2529 3048 sint
2554 3006 2645 3062 per
2667 3004 2935 3046 summam
2986 2989 3105 3056 ejus
3159 2985 3561 3054 simplicitatem
3607 2992 3769 3049 atque
3821 2974 3997 3045 perle-

2420 3085 2678 3147 ctiouem,
2722 3083 2961 3150 ineptum
2996 3080 3221 3133 omnino
3264 3089 3368 3140 est,
3410 3083 3623 3144 putare,
3674 3072 3753 3126 vel
3795 3069 3993 3123 Filium

738 3174 864 3226 tiavi
893 3172 1034 3225 vobis
1059 3172 1126 3223 ³ο.
1162 3174 1229 3223 At
1262 3171 1328 3223 de
1390 3182 1581 3222 saneto
1629 3169 1835 3238 Spiritu
1867 3184 1880 3220 :
1940 3165 2060 3229 Ille,
2118 3165 2316 3230 inquit,
2347 3200 2390 3257 α
2424 3194 2500 3233 ηπ

2233 3165 2316 3221 m-
2347 3200 2390 3257 c
2424 3187 2611 3233 natum
2648 3180 2800 3246 prius
2840 3174 3125 3243 ignorasse
3158 3171 3337 3225 Patris
3387 3169 3742 3225 voluntatem,
3768 3177 3995 3232 eamque

736 3281 817 3318 me
856 3264 1194 3333 gloriﬁcabit,
1226 3263 1349 3327 quia
1378 3279 1441 3315 ea:
1471 3277 1581 3313 meo
1626 3262 1865 3327 accipiet,
1887 3268 1935 3312 et
1984 3254 2318 3309 aummtiabit

733 3358 880 3411 vobis
915 3358 980 3408 ".

807 3448 977 3502 Porro
1006 3447 1265 3502 Ecclesia:
1297 3448 1570 3514 magistri,
1623 3447 1724 3499 ista
1759 3455 1816 3497 ut
1847 3448 2195 3511 acceperant,
2248 3437 2320 3489 ita

738 3548 1061 3605 posuerunt.
1104 3538 1351 3607 Denique
1384 3550 1609 3591 sanctus
1643 3535 1979 3589 Athanasius
2035 3533 2089 3585 in
2147 3528 2318 3597 Epist.

734 3635 799 3683 al
834 3630 1189 3698 Serapionem
1221 3631 1291 3683 ita
1322 3630 1431 3682 ait:
1468 3648 1485 3679 ι
1532 3629 1594 3680 Et
1649 3625 1821 3680 Filius
1853 3624 2076 3693 quidem
2106 3639 2119 3675 :
2163 3618 2317 3684 Quit,

737 3725 927 3791 inquit,
960 3720 1139 3774 audivi
1161 3738 1192 3773 a
1224 3720 1387 3773 Patre
1416 3720 1672 3783 meanrc
1707 3719 1894 3787 loquor
1924 3718 1978 3767 in
2003 3712 2199 3767 mutulo
2240 3711 2315 3766 ³⁸.

737 3817 974 3886 Spiritus
1015 3826 1199 3869 autem
1254 3831 1319 3868 ex
1386 3812 1522 3866 Filio
1576 3812 1822 3878 accipit:
1875 3808 1956 3861 Ex
2011 3822 2123 3859 meo
2177 3807 2319 3857 enim

737 3910 932 3976 inquit,
965 3908 1184 3975 accipiet
1222 3914 1271 3958 et
1308 3901 1648 3955 annuntiabit
1674 3899 1840 3954 vobis.

805 4000 952 4053 ldcm
1018 3999 1072 4052 in
1135 4000 1296 4052 tertio
1364 4005 1553 4051 centra
1590 3994 1865 4046 Arianos:
1906 3988 2054 4044 «Non
2082 3988 2320 4059 Spiritus

736 4092 973 4147 Verbum
1016 4091 1299 4161 conjungit
1336 4088 1481 4142 Patri
1514 4104 1528 4151 ;
1560 4086 1652 4141 sed
1683 4085 1788 4139 hoc
1817 4082 2057 4152 Spiritus
2109 4097 2138 4135 a
2181 4080 2319 4136 Filio

732 4185 913 4253 potius
940 4182 1157 4250 accipit.
1191 4200 1208 4232 ι
1245 4181 1323 4233 Ac
1348 4194 1567 4233 rursum
1595 4194 1608 4229 :
1648 4176 1918 4244 «Quaeque
1949 4174 2107 4229 habet
2149 4171 2322 4242 Spiri-

732 4288 919 4339 tus,ea
946 4291 977 4328 a
999 4275 1177 4330 Verbo
1201 4282 1418 4341 accepta
1445 4271 1625 4325 habet.
1641 4288 1659 4319 ι

804 4369 1001 4422 Beatus
1033 4367 1161 4421 item
1219 4368 1481 4436 Cyrillus,
1552 4380 1677 4419 cum
1749 4364 1878 4417 illud
1937 4360 2315 4429 evangelicum

731 4470 1025 4531 exponeret
1053 4478 1065 4513 :
1104 4459 1206 4513 Ille
1235 4476 1316 4511 me
1362 4459 1705 4528 gloriﬁcubit,
1747 4456 1916 4509 «Illud
1941 4468 2093 4522 ergo,
2117 4451 2317 4518 inquit,

2424 3278 2632 3340 postea,
2675 3265 2835 3320 Patre
2869 3264 3140 3324 tradente,
3190 3260 3469 3324 didicisse,
3531 3256 3687 3326 quasi
3752 3264 3994 3323 postmo-

2424 3362 2552 3415 dum
2583 3359 2834 3415 essentiae
2862 3372 2973 3411 suae
3029 3355 3254 3409 scicntia
3303 3352 3553 3421 adjecta;
3598 3350 3681 3403 vel
3730 3345 3993 3417 Spiritum

2424 3458 2694 3512 sanctum,
2738 3446 2913 3502 Patris
2942 3460 3005 3499 ac
3027 3444 3147 3497 Filii
3178 3443 3408 3498 scientia
3453 3450 3640 3510 postea
3674 3437 3996 3507 indiguisse,

2422 3543 2577 3613 quasi
2603 3540 2807 3596 sensim
2862 3553 2928 3590 ac.
2959 3524 3217 3604 paulatim
3263 3534 3329 3587 ad
3369 3532 3754 3603 perfectionem
3812 3541 3999 3583 evase-

2425 3637 2513 3689 rit.

2494 3724 2549 3778 Si
2579 3731 2756 3777 autem
2790 3721 2882 3775 Dei
2931 3719 3149 3789 quidem
3205 3716 3439 3770 Verbum
3506 3712 3682 3766 Patris
3729 3707 3997 3778 sapientia

2421 3824 2527 3878 est,
2562 3816 2669 3867 imo
2705 3826 2848 3866 unus
2915 3825 3038 3863 cum
3082 3807 3242 3861 Patre
3307 3808 3446 3860 Deus
3504 3813 3609 3867 est,
3668 3810 3998 3867 sanctusque

2425 3908 2662 3978 Spiritus
2693 3904 2973 3973 sapientia:
2995 3901 3232 3971 Spiritus
3265 3913 3389 3953 cum
3443 3897 3534 3960 sit,
3568 3895 3699 3949 nihil
3754 3904 3993 3960 unquam

2421 4001 2490 4054 ab
2522 4000 2629 4053 alio
2658 3998 2845 4051 audire
2868 4011 3005 4065 opus
3040 3993 3245 4057 habet;
3284 3991 3396 4045 haec
3416 3989 3560 4043 enim
3591 3989 3659 4042 ab
3717 3987 3806 4038 illa
3867 3982 3996 4038 sub-

2422 4092 2623 4149 stantia
2652 4104 2876 4160 prorsus
2897 4087 3071 4141 aliena
3096 4094 3246 4144 sunt.
3276 4083 3643 4149 discretioque
3665 4080 3716 4132 in
3746 4073 3995 4146 personis

2421 4186 2621 4241 divinis
2651 4185 2761 4238 sola
2792 4197 2971 4236 causa:
3005 4179 3349 4244 causalisque
3406 4177 3617 4230 ratione
3670 4172 3851 4225 locum
3905 4168 3999 4220 ha-

2423 4281 2553 4339 bet;
2585 4277 2775 4347 liquet,
2801 4273 3040 4336 Patrem,
3083 4286 3209 4327 cum
3261 4270 3383 4324 sine
3442 4281 3609 4322 causa
3637 4266 3731 4324 sit.
3790 4262 3997 4316 idcirco

2422 4372 2492 4425 ab
2514 4370 2621 4424 alio
2645 4382 2820 4434 neque
2862 4366 3111 4430 accipere
3137 4378 3313 4432 neque
3349 4362 3537 4415 audire
3569 4378 3583 4414 :
3622 4358 3819 4411 Filium
3844 4367 3991 4416 vero,

2424 4480 2553 4519 eum
2587 4478 2691 4516 non
2718 4477 2746 4515 a
2779 4461 2961 4527 seipse
2998 4459 3088 4523 sit,
3119 4456 3213 4510 sed
3268 4455 3479 4509 initiutn
3513 4451 3729 4509 habeat.
3762 4448 3996 4507 Patrem,

732 4552 1110 4620 irrefragabilc
1159 4550 1385 4605 omnino
1454 4550 1581 4613 erit,
1636 4549 1896 4616 omnique
1947 4546 2235 4599 mali-dicto
2267 4550 2319 4595 et
2351 4562 2494 4620 οηο

2231 4566 2235 4589 ¹
2267 4550 2319 4595 οι
2351 4562 2397 4620 ο
2425 4570 2531 4608 non
2566 4570 2594 4607 a
2627 4554 2829 4621 seipso.
2850 4551 2945 4604 sed
2980 4565 3007 4604 a
3039 4550 3221 4609 Patre,
3250 4560 3302 4599 et
3332 4545 3478 4615 loqui
3524 4551 3579 4598 et
3635 4537 3993 4601 audiredici;

731 4646 1085 4701 accusatione
1113 4642 1508 4712 vacabit,quod
1539 4643 1605 4694 ab
1626 4640 1915 4710 Unigenito
1936 4639 2171 4708 Spiritus
2199 4637 2321 4705 ejus

733 4741 985 4805 accipere
1013 4736 1217 4803 aliquid
1274 4735 1561 4788 asscritur.
1596 4733 1751 4798 Nam,
1807 4748 1929 4786 cum
1987 4745 2081 4796 per
2138 4730 2315 4795 ipsutn

732 4826 1056 4904 naturaliter
1117 4824 1363 4893 prodeat,
1442 4826 1595 4893 quasi
1654 4839 1814 4877 suum
1874 4822 2150 4891 proprium
2190 4835 2313 4872 cum

732 4920 1013 4978 omnibus,
1045 4934 1165 4987 qua:
1200 4916 1437 4988 perfecte
1473 4919 1654 4981 habet,
1682 4933 1801 4986 quae
1828 4917 1946 4985 ejus
1980 4925 2129 4974 sunt.
2167 4913 2315 4967 acci-

731 5028 859 5084 pere
891 5012 1148 5065 dicitur.»

802 5105 944 5157 Idem
989 5119 1153 5171 super
1183 5103 1313 5156 illud
1350 5118 1361 5152 :
1401 5100 1594 5154 Omnia
1632 5118 1747 5171 qua:
1796 5103 1946 5155 habet
1983 5101 2164 5164 Pater,
2204 5114 2316 5152 mea

729 5204 851 5247 sunt
874 5194 941 5259 ⁸³,
986 5212 1003 5243 ε
1039 5194 1145 5247 Sed
1182 5194 1422 5262 Spiritus
1475 5193 1574 5246 iste
1643 5192 1916 5261 proprius,
1980 5191 2180 5259 inquit,
2234 5199 2322 5244 est

727 5290 891 5340 etiam
943 5285 1252 5356 Unigeniti;
1284 5284 1773 5340 consubstantialis
1836 5283 1984 5339 enim
2014 5282 2163 5336 Patri
2213 5290 2314 5337 est.

730 5381 998 5445 Quoniam
1025 5379 1211 5448 igitur,
1230 5379 1425 5447 inquit.
1455 5380 1635 5433 inesse
1661 5377 1769 5433 Deo
1788 5388 1842 5434 et
1866 5378 2012 5433 Patri
2045 5378 2312 5440 cernitur,

730 5473 917 5543 bisqui
946 5474 1092 5543 digni
1121 5473 1328 5537 sunt,in
1358 5472 1560 5541 Spiritu
1590 5488 1686 5527 suo
1718 5472 2309 5539 revelari,efticerequc

726 5568 891 5645 etiam
925 5582 1017 5634 per
1080 5568 1283 5635 ipsum,
1322 5583 1444 5636 qua:
1480 5568 1729 5625 Voluerit.
1769 5568 1838 5620 ob
1874 5568 2013 5621 hanc
2087 5582 2310 5621 causam

728 5658 886 5723 dixit,
915 5658 1053 5724 Quia
1078 5661 1139 5711 de
1184 5676 1295 5712 meo
1352 5661 1592 5725 acripict,
1635 5671 1683 5713 et
1721 5663 2056 5715 annuntiabit
2091 5662 2254 5715 vobis.
2289 5680 2305 5711 ι

805 5830 1025 5889 "Joatt
1076 5851 1183 5899 ιμ’,
1230 5834 1309 5888 10.
1428 5837 1470 5866 ³⁸
1508 5835 1662 5891 Joan.
1697 5853 1784 5890 xv.
1829 5839 1911 5893 l5.

2029 5841 2068 5871 ³¹
2117 5839 2269 5895 Joau.
2305 5855 2414 5906 xw,
2454 5840 2536 5894 Η.

2421 4646 2623 4714 quippe
2668 4657 2791 4695 cum
2826 4641 2951 4695 inde
2981 4648 3035 4693 et
3061 4639 3358 4693 essentiam
3407 4650 3537 4701 una,
3576 4644 3628 4688 et
3673 4629 3995 4697 sapientiam

2423 4737 2669 4791 traxerit.
2720 4720 2979 4789 sanctum
3002 4746 3128 4785 vero
3191 4730 3454 4798 Spiritum
3505 4742 3630 4780 eum
3674 4740 3703 4777 a
3747 4721 3887 4777 Ftlio
3944 4726 3996 4772 et

2421 4830 2634 4892 audire,
2664 4838 2716 4881 et
2741 4826 2990 4893 accipere
3048 4825 3293 4886 dicatur,
3370 4825 3587 4873 constat
3647 4814 3910 4885 profecto,
3965 4826 3995 4864 a

2421 4938 2530 4993 quo
2562 4922 2779 4990 accipit,
2823 4920 2947 4973 inde
2970 4920 3133 4971 etiam
3173 4914 3466 4969 essentiam
3495 4910 3759 4970 traxisse
3802 4919 3995 4975 proce-

2420 5020 2619 5072 dendo.

2492 5110 2615 5164 Sive
2652 5108 2813 5179 igitur
2841 5121 2945 5160 non
2977 5104 3175 5174 accipit
3214 5117 3243 5155 a
3282 5100 3421 5155 Filio
3454 5098 3690 5167 Spiritus
3712 5136 3727 5161 ,
3755 5101 3811 5148 et
3844 5090 3996 5148 Seri-

2420 5213 2634 5272 pturam
2696 5215 2799 5254 una
2853 5210 3015 5267 atque
3066 5198 3353 5251 doctorum
3406 5207 3566 5247 voces
3622 5189 3916 5245 erademus
3976 5201 3993 5238 :

2425 5311 2600 5364 neque
2648 5294 2759 5362 jam
2791 5308 2854 5348 ex
2894 5295 3011 5363 ipso
3054 5290 3397 5352 naturaliter,
3432 5296 3595 5355 atque
3632 5280 3997 5339 essentialiter

2424 5386 2717 5455 procedere
2746 5384 2956 5439 dicetur
2987 5399 3001 5449 ;
3070 5383 3187 5437 sive
3215 5396 3280 5435 ex
3343 5379 3463 5448 ipso
3526 5375 3749 5445 accipit,
3790 5385 3846 5427 ut
3879 5373 3997 5440 ipse

2424 5480 2594 5534 Filius
2646 5480 2816 5543 dixit;
2862 5480 2932 5531 ita
2966 5477 3109 5531 enim
3165 5475 3217 5528 id
3295 5474 3501 5526 dictum
3563 5469 3737 5525 sancti
3807 5466 3998 5520 Patres

2422 5581 2789 5641 acceperunt;
2822 5585 2941 5639 quae
2986 5578 3167 5623 autem
3204 5566 3424 5636 accipit,
3458 5575 3512 5618 ct
3546 5563 3746 5627 habet;
3799 5560 3999 5629 quippe

2425 5664 2574 5732 juxta
2594 5662 2872 5717 Athanasii
2904 5660 3252 5726 sententiam,
3290 5676 3309 5710 ι
3340 5656 3580 5725 Quaeque
3604 5654 3787 5718 habet,
3810 5668 3838 5706 a
3860 5651 3997 5705 Filio

2652 5838 2693 5871 ³³
2731 5837 2889 5894 Joan.
2928 5854 3047 5904 Vill,
3079 5836 3169 5893 26.
3254 5838 3301 5870 ³³
3333 5835 3489 5891 Joan.
3526 5851 3639 5900 xvr,
3678 5833 3765 5888 15.
