4462 6440
478 401 547 466 5⁸1
1587 414 1989 473 ADVERSUS
2028 413 2240 473 GREC

1932 414 1989 471 ES
2028 413 2341 474 GRECOS
2381 418 2523 477 LIB.
2572 418 2617 475 Ι.
3631 420 3694 481 58

466 533 686 591 accepta
730 524 920 588 habet;
956 542 974 575 ›
1009 541 1129 593 qua:
1182 534 1363 580 autem
1395 527 1576 591 habet,
1608 529 1769 596 hujus
1789 527 2023 583 essentia
2052 525 2208 585 Atra
2260 545 2318 584 se
2366 540 2520 585 erant
2575 531 2946 594 abstulerunt,
3014 544 3068 585 et
3133 534 3421 601 magistros
3454 546 3696 590 nostros

464 626 570 677 est,
605 625 769 684 atque
838 625 984 670 totus
1042 617 1155 683 ipse
1214 619 1504 672 essentiam
1569 634 1694 672 vere
1734 618 2031 686 procedens

467 706 655 768 habet,
695 706 834 760 sicut
867 715 921 759 et
972 706 1141 761 Filius
1181 707 1318 761 hanc
1350 708 1512 762 habet
1542 722 1771 763 nascens
1802 726 1815 761 :
1848 722 2035 762 ncces-

465 796 611 846 sario
655 809 684 846 a
727 792 871 847 Filio
905 796 1200 863 accipiens,
1255 796 1416 851 etiam
1453 798 1520 851 ah
1550 797 1669 866 ipso
1696 797 1857 851 habet
1890 811 2030 852 esse.

534 883 614 936 Ac
640 883 796 935 sicuti
820 884 976 937 divus
1004 886 1423 955 Cbrysostomus
1441 888 1644 942 dictum
1663 888 2031 957 evangelicum

464 986 742 1039 exponens
768 990 782 1026 :
811 973 974 1027 Omne
987 975 1245 1042 judicium
1262 977 1400 1029 dedit
1422 977 1562 1030 Filio
1581 978 1625 1008 “
1648 995 1662 1032 :
1692 998 1708 1029 ι
1740 978 2032 1043 Quoniam,

468 1062 665 1128 inqttit,
692 1063 839 1130 quod
866 1064 963 1128 ait,
997 1065 1138 1117 dedit
1163 1067 1343 1129 vitam,
1383 1079 1435 1120 et
1480 1068 1626 1135 quod
1658 1068 1819 1130 dixit,
1875 1068 2034 1135 judi-

467 1154 605 1205 cium
638 1155 805 1217 dedit,
872 1157 1012 1209 idem
1053 1167 1136 1211 est
1186 1173 1250 1213 ac
1279 1160 1324 1211 si
1376 1159 1519 1213 dicat
1552 1176 1565 1212 :
1597 1160 1841 1214 Judicem
1883 1162 2031 1213 illum

469 1244 673 1305 genuit.
711 1263 727 1293 ν
772 1245 971 1298 Eodem
1033 1246 1191 1299 modo
1256 1248 1483 1311 scilicet,
1547 1249 1778 1317 etquod
1840 1250 2037 1304 dicitur

470 1333 683 1396 audire,
724 1343 777 1388 et
800 1336 1074 1403 accipere,
1104 1338 1403 1390 secundum
1436 1338 1747 1393 differentes
1778 1353 2035 1407 persona-

470 1438 591 1475 rum
621 1438 932 1492 processus,
965 1424 1015 1478 id
1048 1427 1393 1480 commendat
1425 1442 1548 1480 eum
1587 1428 1782 1482 habere
1817 1444 1937 1481 esse
1970 1428 2037 1481 ab

470 1528 612 1574 eo,a
654 1530 763 1579 quo
824 1514 1043 1583 accipit.
1099 1515 1234 1568 Nam
1289 1517 1337 1570 si
1389 1518 1532 1583 quod
1591 1518 1807 1576 dicitur.
1855 1518 2033 1580 Dedit,

464 1602 617 1668 juxta
649 1603 1089 1670 Chrysostomum
1115 1619 1261 1667 eum,
1286 1619 1350 1657 ex
1376 1620 1536 1659 causa
1568 1620 1686 1659 esse
1742 1607 2035 1675 signiﬁcat.

472 1693 637 1743 etiam
700 1694 947 1760 accipere
1004 1696 1147 1762 quod
1209 1696 1428 1758 dicitur,
1491 1696 1631 1750 ident
1687 1697 2034 1765 signiticahit.

469 1782 627 1843 Quod
690 1783 833 1834 enim
900 1784 990 1834 dat
1042 1798 1245 1846 causa,
1310 1784 1362 1836 id
1419 1792 1473 1837 et
1530 1785 1750 1839 causale
1815 1785 2031 1853 accipit.

472 1868 631 1922 Unde
659 1880 710 1922 et
750 1871 906 1925 divus
948 1872 1298 1935 Athanasius.
1344 1873 1409 1925 ad
1458 1872 1805 1940 Serapionem
1838 1890 1852 1925 :
1881 1874 2036 1926 Acci-

468 1962 575 2025 piet
614 1974 711 2027 pro
751 1974 837 2022 eo.
880 1962 1022 2030 quod
1055 1972 1159 2028 est,
1186 1964 1457 2032 suscipiet,
1517 1962 1768 2032 exposuit
1798 1964 1985 2018 dicens
2020 1982 2034 2019 :

475 2067 495 2099 ι
536 2052 697 2119 Atqui
728 2055 771 2107 si
810 2052 927 2107 Filii
951 2055 1186 2123 Spiritus
1218 2066 1323 2121 est,
1375 2066 1428 2111 et
1461 2072 1490 2110 a
1528 2055 1665 2109 Filio
1692 2057 1873 2111 omnia
1909 2072 2037 2110 sus-

470 2143 605 2211 cipit
633 2144 889 2213 Spiritus.
919 2158 976 2201 ut
1011 2149 1123 2217 ipse
1150 2149 1356 2203 sciiicet
1414 2149 1674 2204 Dominus
1736 2151 1834 2202 ait.
1873 2169 1889 2200 ι
1936 2148 2038 2203 Uhi

472 2249 605 2289 vero
636 2238 737 2289 hoc
766 2237 842 2289 ait
872 2238 1169 2293 Dominus?
1199 2239 1315 2293 Illic
1354 2238 1591 2308 proiecto
1619 2240 1708 2293 ubi
1738 2241 1875 2293 dixit
1910 2259 1922 2293 :
1950 2239 2037 2293 Ea:

470 2340 588 2379 meo
620 2328 861 2394 accipiet.
912 2327 1098 2398 Itaque
1128 2329 1174 2383 si
1206 2329 1351 2399 quod
1381 2344 1409 2383 a
1434 2329 1589 2386 Patre
1639 2333 1884 2400 accipere
1910 2332 2044 2387 dici-

476 2432 569 2476 tur
597 2421 788 2485 Filius,
820 2423 887 2477 ab
913 2439 979 2479 eo
1012 2426 1159 2481 nasci
1190 2434 1293 2489 est,
1334 2434 1389 2480 et
1425 2426 1569 2496 quod
1604 2443 1633 2481 a
1669 2426 1809 2481 Filio
1866 2429 2043 2483 susci-

474 2528 606 2583 pere
640 2514 873 2584 Spiritus
927 2516 1148 2581 dicitur,
1204 2520 1305 2573 hoc
1344 2528 1425 2573 est
1464 2534 1494 2572 a
1530 2518 1685 2573 Patre
1723 2534 1816 2589 per
1846 2519 2042 2573 Filium

477 2607 795 2674 procedere,
827 2618 879 2662 et
935 2610 1190 2677 quoniam
1260 2612 1379 2680 ejus
1411 2611 1555 2677 quod
1612 2612 1933 2666 annuntiare
1992 2622 2046 2666 et

479 2712 778 2765 suggerere
838 2699 1063 2764 dicitur,
1120 2703 1367 2771 accipere
1407 2718 1571 2758 causa
1640 2713 1744 2767 est,
1801 2704 2049 2771 accipere

478 2802 664 2843 autem
738 2799 793 2844 et
836 2793 1027 2846 audire
1056 2808 1085 2847 a
1118 2793 1260 2848 Filio
1293 2796 1473 2861 habet,
1524 2797 1831 2851 necessario
1859 2797 2048 2850 audire

482 2889 539 2932 et
574 2882 823 2948 accipere
877 2884 1017 2936 idem
1069 2885 1120 2937 itt
1152 2885 1357 2939 divinis
1396 2887 1560 2940 rebus
1604 2896 1687 2942 est
1726 2902 1830 2940 :ac
1853 2901 2049 2955 magno

479 2983 757 3027 asserente
801 2974 1121 3041 Athanasio,
1173 2992 1507 3046 quacunque
1578 2976 1740 3030 habet
1782 2977 2047 3045 Spiritus,

480 3077 513 3115 a
556 3062 695 3117 Filio
721 3076 939 3132 accepta
998 3066 1193 3130 habet;
1226 3083 1317 3136 per
1364 3069 1414 3122 id
1444 3084 1593 3137 ergo,
1626 3071 1769 3137 quod
1821 3068 1971 3125 audit
2016 3082 2047 3121 a

480 3152 623 3209 Filio
673 3163 727 3209 et
756 3155 971 3225 accipit,
1011 3166 1154 3213 totus
1198 3175 1260 3211 ex
1300 3167 1411 3213 toto
1440 3174 1562 3214 esse
1614 3160 2045 3214 demonstratur.

484 3249 552 3301 Et
594 3249 725 3316 quia
762 3264 869 3303 non
929 3250 1075 3303 aliud
1112 3259 1195 3304 est
1252 3250 1434 3317 Pater,
1463 3252 1606 3306 aliud
1640 3260 1811 3307 totum
1863 3252 2050 3315 Filius.

481 3336 578 3390 sed
612 3352 778 3391 unum
810 3345 891 3392 est
921 3346 1095 3392 totum
1122 3337 1305 3404 Pater,
1332 3351 1384 3395 et
1406 3339 1612 3409 Filius;
1662 3356 1767 3395 una
1793 3341 1935 3395 enim
1971 3351 2053 3395 est

481 3429 721 3483 essentia
751 3438 807 3484 et
862 3429 1040 3484 Patris
1078 3440 1131 3484 et
1183 3430 1326 3495 Filii,
1368 3433 1524 3500 quasi
1557 3433 1623 3486 ab
1662 3447 1769 3486 uno
1820 3433 2055 3502 Spiritus

484 3526 707 3593 accipit,
738 3535 951 3580 servata
976 3541 1190 3592 semper
1218 3526 1524 3583 diderentia
1562 3530 1838 3599 gignentis
1862 3537 1913 3583 et
1961 3543 2055 3598 ge-

488 3619 609 3671 niti.
649 3617 916 3683 Quocirca
944 3620 1110 3673 etiam
1140 3634 1171 3673 a
1204 3619 1341 3675 Filio
1374 3621 1573 3678 [rabere
1597 3636 1717 3677 esse
1738 3621 1958 3685 dicitur,
1995 3635 2058 3674 ac

486 3724 582 3777 per
617 3708 810 3761 Filium
837 3711 1153 3778 procedere.

559 3799 619 3854 Si
666 3801 829 3869 igitur
873 3801 1028 3870 juxta
1092 3804 1394 3860 Salvatoris
1442 3805 1768 3860 sententiam
1830 3805 1898 3859 ab
1941 3804 2059 3873 ipso

491 3894 729 3959 Spiritus
758 3895 911 3947 audit
960 3903 1013 3948 et
1044 3896 1269 3964 accipit.
1300 3911 1464 3965 porro
1517 3898 1584 3951 ab
1611 3898 1726 3966 ipso
1785 3899 1969 3952 audire
2006 3908 2061 3952 et

487 3987 735 4054 accipere
764 3988 909 4055 quod
936 3988 1154 4054 dicitur,
1202 3989 1270 4042 ab
1316 4004 1380 4043 eo
1418 4005 1539 4044 esse
1603 3991 1807 4045 habere
1854 3990 2056 4061 signiﬁ-

491 4084 602 4138 cat,
641 4076 941 4131 secundum
977 4092 1297 4132 communes
1323 4081 1634 4134 sanctiones
1661 4081 1806 4143 ﬁdei,
1840 4091 2061 4135 sancto-

490 4182 725 4235 rumque
754 4168 975 4223 Patrum
1008 4169 1392 4237 expositiones.
1427 4170 1542 4235 Qua
1573 4173 1784 4227 ratione
1835 4188 2065 4241 magnus

495 4254 750 4322 Basilius,
781 4272 929 4321 eum,
993 4258 1087 4328 qui
1122 4274 1240 4313 esse
1274 4264 1343 4313 ab
1388 4259 1482 4313 illa
1509 4261 1691 4323 habet,
1727 4270 1781 4316 et
1839 4262 1906 4316 ab
1947 4262 2064 4330 ipso

495 4351 718 4418 accipit,
744 4359 796 4403 et
821 4352 1115 4404 annuntiat
1144 4351 1323 4416 nobis,
1356 4366 1417 4403 ac
1452 4352 1666 4420 penitus
1687 4368 1750 4406 ex
1784 4352 1872 4406 illa
1900 4348 2065 4407 causa

495 4443 718 4510 pendet,
766 4443 922 4511 quasi
957 4442 1195 4496 alienum
1260 4443 1585 4511 denegabit?
1614 4442 1746 4497 Illud
1804 4446 1950 4498 enim
2001 4460 2063 4497 ex

494 4536 667 4590 sacris
692 4532 907 4589 Litteris
936 4536 1173 4603 accepit;
1203 4536 1310 4591 hoc
1334 4546 1515 4589 autem
1546 4536 1703 4605 quasi
1722 4553 2068 4605 consequens

497 4638 552 4682 et
604 4629 961 4694 mquivalens,
1011 4628 1213 4695 posuit,
1252 4628 1416 4681 veluti
1470 4628 1874 4683 conclusionem
1918 4630 2068 4682 initia

502 4720 813 4773 necessario
852 4731 1196 4785 sequentem.
1238 4719 1375 4784 Quis
1401 4730 1583 4773 autem
1610 4722 1773 4785 dicat,
1811 4736 1946 4774 nova
2002 4722 2069 4773 il-

494 4811 634 4875 lum,
669 4820 721 4864 et
751 4813 1054 4879 asperiore,
1085 4822 1249 4879 atque
1297 4811 1510 4865 insueta
1553 4826 1713 4864 usutn
1760 4826 1910 4874 voce,
1942 4826 2066 4865 cum

499 4903 619 4971 ipsa
656 4917 808 4955 saera
828 4889 1072 4971 eloquia,
1099 4911 1154 4955 et
1186 4901 1348 4956 divus
1378 4902 1492 4971 ipse
1540 4902 1699 4955 Pater
1728 4916 1849 4955 cum
1883 4901 2075 4954 docto—

499 4994 654 5049 ribus
685 4992 932 5061 reliquis,
961 4993 1205 5063 lidesque
1250 5001 1417 5063 atque
1447 4994 1630 5046 omnia
1656 4993 1869 5060 penitus
1902 4993 2075 5047 recla-

502 5094 650 5140 ment
667 5084 692 5137 ἲ

572 5177 651 5230 Ex
706 5175 907 5244 quibus
966 5189 1097 5230 sane
1139 5175 1489 5232 manifestum
1524 5188 1631 5241 est,
1681 5176 1886 5232 dictum
1921 5177 2075 5241 illud,

502 5266 646 5321 sicut
675 5280 838 5335 supra
875 5266 1184 5335 expositum
1216 5274 1320 5327 est,
1352 5266 1529 5336 magni
1566 5267 1737 5336 patris
1766 5282 1888 5322 esse
1917 5267 2075 5322 Itasi-

501 5357 585 5422 lii,
616 5371 681 5411 ex
711 5372 818 5426 quo
843 5358 946 5411 sibi
974 5358 1074 5426 ipsi
1125 5368 1179 5412 et
1205 5358 1521 5413 doctoribus
1551 5359 1762 5413 caeteris
1786 5370 2073 5415 consonet.

501 5448 563 5505 In
607 5449 805 5517 quibus
855 5459 1035 5504 autem
1068 5451 1470 5520 exemplaribus
1520 5457 1629 5506 nun
1658 5453 1731 5507 ita
1778 5453 2074 5521 invenitur,

501 5552 682 5597 astum
735 5555 857 5596 esse
911 5550 1111 5609 aperta:
1174 5544 1546 5613 malignitatis,
1608 5560 1796 5599 eorum
1845 5546 2073 5613 scilicet,

504 5633 601 5703 qui
636 5633 849 5687 tuenda:
875 5633 1149 5702 epiniouis
1188 5650 1298 5691 suae
1323 5651 1510 5704 causa,
1534 5651 1653 5705 quae
1685 5637 1916 5693 maxime
1945 5652 2074 5692 con-

586 5814 627 5843 "
666 5811 817 5865 Joan.
872 5828 924 5878 ν,
956 5813 1045 5866 22.

2137 622 2347 689 injuriis
2385 622 2836 690 contumeliisque
2899 622 3211 682 aliecernnt,
3263 628 3453 690 partim
3498 627 3697 695 adden—

2133 712 2223 773 do,
2261 712 2454 781 partim
2502 712 2830 766 detrahendo
2881 714 3093 766 illorum
3140 714 3297 767 dictis
3358 724 3522 782 atque
3573 731 3697 769 scn-

2136 804 2341 857 tentiis.

2206 893 2296 955 At,
2349 893 2394 945 si
2455 892 2600 946 dicat
2657 891 2948 960 quispiam,
3014 890 3266 943 Βηεὶιὶηηι
3329 899 3576 943 sanctum
3639 894 3691 943 in

2135 984 2322 1039 eodem
2377 993 2565 1037 contra
2608 984 2929 1035 Eunomiutn
2977 997 3159 1048 opere,
3196 993 3379 1048 aperte
3412 982 3693 1036 Trinitatis

2135 1076 2400 1136 ordinem,
2453 1076 2779 1141 tertiumque
2829 1090 2858 1126 a
2921 1076 3075 1127 Patre
3132 1074 3391 1141 Spiritum
3445 1086 3691 1127 sanctum

2136 1166 2432 1232 denegare;
2488 1180 2612 1217 cum
2667 1164 2841 1231 ipsum
2881 1162 3204 1215 Eunominm
3239 1178 3470 1229 arguens
3519 1164 3691 1214 dixit:

2142 1271 2160 1304 t
2203 1252 2434 1317 Quinam
2489 1266 2617 1303 vero
2669 1251 2866 1312 sancti,
2916 1260 2969 1303 et
3033 1251 3083 1302 itt
3139 1252 3338 1319 quibus
3375 1252 3522 1303 lii-ris
3582 1251 3698 1318 ejus

2137 1343 2400 1396 doctrinm
2455 1351 2701 1393 auctores
2752 1340 2974 1401 fuerint,
3025 1340 3206 1391 dicere
3262 1356 3367 1391 nun
3422 1348 3615 1406 potest.
3678 1358 3692 1385 ι

2138 1435 2253 1501 ipse
2289 1434 2591 1487 Eunomius
2631 1433 2869 1494 scilicet;
2915 1432 3027 1495 ipse
3060 1432 3202 1483 enim
3240 1430 3306 1481 de
3353 1441 3540 1481 sancto
3575 1430 3699 1494 δι-ἰ-

2139 1526 2245 1579 ritu
2285 1524 2516 1584 dicebat,
2562 1523 2726 1590 quod.
2769 1537 2888 1575 cum
2938 1536 2965 1574 a
3019 1523 3221 1575 sanctis
3256 1522 3469 1574 tertium
3522 1522 3697 1585 ipsum

2138 1632 2278 1675 esse.
2317 1625 2371 1669 et
2418 1615 2609 1668 ordine
2656 1623 2708 1667 et
2751 1613 3032 1681 dignitate.
3114 1613 3432 1683 accepisset,
3486 1613 3697 1663 tertium

2139 1709 2301 1761 etiam
2332 1714 2524 1759 natura
2553 1720 2673 1758 esse
2706 1705 2972 1757 crederet.
3006 1702 3060 1755 Si
3091 1704 3210 1769 quis
3244 1703 3404 1765 igitur
3429 1704 3531 1754 hoc
3564 1701 3699 1752 init--

2141 1806 2261 1856 rat,
2308 1802 2521 1847 constat
2558 1792 2773 1861 quidem
2823 1806 2885 1843 ex
2934 1791 3018 1842 his
3052 1806 3171 1857 qua:
3219 1790 3359 1840 dicta
3404 1799 3550 1847 sunt,
3588 1804 3701 1838 tnu-

2141 1900 2304 1953 gnum
2333 1884 2594 1936 Basilittm
2632 1882 2875 1935 ordinem
2929 1882 2980 1933 in
3011 1889 3196 1933 Sancta
3230 1878 3496 1932 Trmitate
3528 1878 3699 1931 conti-

2142 1975 2264 2038 teri,
2302 1975 2629 2041 tertiumque
2680 1990 2708 2027 a
2763 1972 2921 2026 Patre
2963 1988 3083 2027 esse
3118 1971 3375 2039 Spiritum
3428 1978 3696 2023 sanctum.

2143 2066 2239 2122 llic
2276 2083 2403 2123 vero
2436 2067 2757 2119 Eunomittm
2804 2066 3102 2127 insimulat,
3138 2064 3217 2117 vel
3263 2065 3387 2132 quia
3435 2064 3572 2116 ordo
3604 2062 3705 2115 iste

2141 2162 2371 2217 necdum
2432 2161 2503 2214 ita
2542 2159 2718 2213 fuerat
2746 2175 2773 2211 a
2807 2157 3008 2211 sanctis
3041 2158 3367 2218 declaratus,
3409 2165 3459 2208 et
3496 2153 3706 2221 simpli—

2143 2256 2298 2316 citer,
2329 2268 2477 2306 more
2510 2268 2630 2316 suo,
2674 2250 3016 2303 mentientem
3057 2264 3151 2316 per
3191 2248 3326 2307 haec.
3362 2246 3561 2309 arguit,
3599 2260 3705 2295 non

2145 2344 2465 2402 habentem,
2511 2342 2653 2396 unde
2712 2339 2762 2393 id
2811 2350 2989 2407 posset
3039 2352 3283 2390 asserere
3345 2333 3704 2386 maniftstius.

2144 2435 2257 2489 lmo
2304 2433 2533 2488 necdum
2567 2432 2616 2486 id
2668 2432 2741 2486 ita
2789 2438 2972 2498 aperte
3026 2431 3260 2497 positum
3305 2427 3499 2485 fuerat,
3538 2439 3710 2492 neque

2146 2530 2211 2585 de
2240 2531 2339 2583 itac
2367 2529 2576 2582 ratione
2605 2526 2812 2580 ordinis
2867 2523 3137 2592 quispiam
3166 2521 3404 2588 p'im‘tltlt
3436 2520 3503 2569 ita
3538 2516 3711 2569 disse-

2147 2629 2353 2674 ruerat.
2389 2622 2525 2673 Ante
2573 2617 2716 2672 enim
2752 2632 2813 2669 ea
2852 2626 3087 2681 tempora
3142 2613 3339 2679 quihus
3385 2607 3712 2662 Athanasius

2150 2713 2490 2779 Basiliusque
2532 2710 2852 2768 ﬂoruerunt,
2890 2717 2938 2759 et
2985 2706 3183 2773 quique
3216 2719 3307 2771 per
3340 2717 3456 2755 eam
3502 2709 3710 2750 :t-tatem

2152 2804 2371 2858 fuerunt
2404 2786 2672 2855 'Ecclesize
2721 2797 2996 2865 magistri.
3052 2796 3228 2847 nullos
3280 2794 3450 2846 fuisse
3504 2792 3715 2859 publice

2152 2896 2405 2949 dot-tores
2448 2892 2723 2961 legimus:
2775 2891 2889 2942 sive
2934 2888 3078 2956 quod
3122 2887 3289 2953 magis
3318 2885 3618 2953 pl'Opt‘illllt,
3654 2898 3716 2936 ac

2153 2998 2339 3036 verum
2380 2990 2483 3044 est,
2521 2981 2675 3048 quasi
2723 2979 3074 3045 deI‘ngtlllttttt
3125 2976 3351 3035 sanctis,
3401 2986 3560 3041 atque
3617 2972 3715 3039 ipsi

2155 3072 2368 3127 veritati
2410 3070 2711 3123 calumnias
2750 3077 3071 3125 strnentem,
3122 3078 3245 3115 cum
3289 3078 3381 3116 eos
3432 3062 3719 3113 tradidisse

2154 3171 2381 3225 asserat,
2425 3160 2681 3228 Spiritntn
2723 3166 2967 3209 sanetum
3013 3156 3231 3207 tertium
3274 3168 3393 3206 esse
3424 3163 3477 3204 et
3508 3152 3718 3205 ordine.

2153 3264 2206 3308 et
2264 3252 2547 3320 dignitate,
2602 3249 2866 3316 quosdam
2922 3246 3129 3299 scilicet
3172 3242 3488 3306 substantim
3520 3241 3721 3309 gradus

2154 3339 2564 3409 distinguendo;
2606 3342 2766 3405 atque
2823 3336 2946 3389 ideo
2994 3352 3050 3387 se
3089 3334 3402 3394 credidisse,
3446 3332 3591 3383 illum
3627 3346 3724 3382 tta-

2156 3444 2275 3487 tura
2308 3444 2521 3500 quoque
2552 3442 2671 3481 esse
2704 3426 2958 3487 tertium;
2994 3424 3225 3477 Basilius
3270 3423 3435 3482 enim,
3482 3422 3621 3488 quod
3656 3436 3716 3471 ex

2158 3522 2429 3593 prtedictis
2460 3528 2624 3589 patet.
2653 3517 2844 3571 ordine
2867 3516 3084 3583 quid-Ant
3113 3529 3174 3566 ac
3194 3511 3470 3580 dignilale,
3501 3510 3720 3561 tertium

2159 3617 2337 3680 fateri,
2368 3623 2424 3667 ttt
2451 3614 2622 3681 pium,
2653 3610 3024 3677 amplectitur;
3055 3608 3271 3660 tertium
3314 3621 3434 3656 vero
3465 3614 3517 3656 et
3548 3602 3727 3669 digni-

2159 3718 2269 3764 tate
2320 3718 2370 3760 el
2402 3706 2595 3759 ordine
2623 3702 2920 3757 secundum
2953 3708 3223 3758 naturam,
3251 3710 3517 3764 nusquam
3552 3692 3729 3746 susci-

2161 3818 2285 3872 pere
2316 3798 2661 3870 perspicitur.

2236 3893 2510 3957 Dttplicettt
2561 3890 2704 3943 enim
2758 3886 2964 3939 ordinis
2997 3884 3230 3951 speciem
3264 3881 3314 3933 in
3354 3876 3755 3951 superioribus
3811 3946 3817 3955 _

2163 3986 2421 4047 tradidit,
2454 3984 2680 4036 alteram
2710 3996 2772 4032 ex
2808 3979 2889 4031 his
2916 3977 3173 4045 probans,
3201 3973 3449 4033 alteram,
3481 3978 3537 4020 ttt
3568 3981 3730 4033 supra

2164 4078 2496 4130 deriaratum
2528 4084 2629 4131 est.
2666 4069 3009 4138 improbans.
3062 4065 3193 4117 Nam
3231 4079 3259 4115 a
3284 4064 3490 4114 lversus
3525 4058 3574 4109 id
3612 4057 3733 4125 qui-

2164 4170 2306 4230 dem,
2363 4165 2503 4233 quod
2557 4162 2750 4216 tertius
2794 4160 2979 4212 ordine
3036 4168 3090 4210 et
3146 4156 3409 4223 dignitate
3490 4151 3731 4202 dicitur:

2163 4258 2314 4329 juxta
2359 4269 2517 4324 quem
2567 4251 2814 4306 ordinem
2880 4245 3238 4301 cssentiarutn
3303 4237 3639 4298 diilercntiie,
3681 4243 3735 4285 et

2168 4347 2319 4417 prius
2367 4360 2430 4398 ac
2464 4342 2753 4410 posterius.
2783 4348 2835 4392 et
2881 4334 3254 4389 hortorahilius
3296 4328 3479 4382 inferri
3512 4328 3733 4379 \ideha-

2172 4451 2283 4500 tur,
2310 4447 2417 4491 tota
2453 4435 2636 4504 vigilat
2669 4429 3009 4485 intentione?
3040 4426 3118 4478 Ad
3168 4424 3218 4476 id
3267 4438 3415 4483 vero,
3455 4418 3597 4488 quod
3626 4429 3737 4469 ter-

2099 4523 2143 4577 Ῑ)
2174 4532 2281 4584 tius
2329 4528 2519 4581 ordine
2560 4534 2614 4578 et
2669 4522 2928 4591 dignitate
2978 4518 3197 4578 dicitur,
3242 4513 3542 4567 secundum
3577 4521 3738 4575 quem

2173 4620 2421 4674 Ordinem
2472 4628 2634 4669 causa
2714 4620 2767 4664 et
2812 4610 3052 4671 causale,
3103 4604 3337 4665 initium,
3387 4599 3621 4666 etquod
3674 4611 3737 4648 ex

2175 4712 2331 4767 initio
2377 4718 2478 4771 est,
2522 4717 2574 4761 et
2608 4705 2792 4764 simul,
2824 4712 2875 4755 et
2920 4698 3263 4755 comtcrnitas
3304 4692 3739 4760 conspicimttnr,

2176 4805 2316 4859 sicut
2368 4801 2497 4871 igni,
2533 4799 2596 4852 ad
2644 4799 2838 4855 lucent,
2878 4808 2997 4861 quae
3025 4808 3088 4844 ex
3131 4789 3246 4857 ipso
3285 4794 3484 4845 tnanat,
3522 4792 3745 4833 natura-

2176 4896 2295 4948 liter
2321 4891 2599 4955 convenit,
2633 4898 2691 4941 ut
2736 4889 2848 4954 ipse
2883 4883 3044 4945 dicit;
3088 4881 3191 4941 vel,
3227 4880 3364 4931 sicut
3401 4877 3512 4935 lux,
3552 4882 3605 4925 et
3654 4886 3739 4922 ra-

2175 4989 2316 5050 dius,
2341 4994 2394 5039 et
2433 4982 2511 5037 sol
2542 4983 2606 5034 ad
2643 4994 2701 5032 se
2743 4977 2971 5030 invicem
3015 4974 3244 5033 habent;
3294 4968 3357 5020 ad
3397 4970 3536 5017 hunc
3578 4964 3742 5031 igitur

2175 5081 2419 5136 ordinem
2488 5087 2826 5141 nequaquam
2857 5068 3174 5129 reluctatur,
3217 5063 3319 5115 nisi
3357 5060 3477 5128 quis
3506 5074 3628 5111 eum
3659 5055 3743 5108 sui

2177 5172 2404 5227 oblitum
2440 5175 2608 5236 putet,
2640 5179 2699 5219 ac
2731 5163 2966 5231 seipsum
2997 5159 3302 5211 destruere.

2248 5263 2420 5318 Simul
2445 5269 2497 5315 et
2528 5259 2632 5313 hoc
2664 5274 2725 5311 ex
2756 5253 3131 5323 superimibus
3158 5258 3403 5317 apparet,
3431 5262 3522 5299 eos
3553 5243 3643 5312 qui
3672 5242 3747 5293 ita

2182 5363 2489 5427 exponunt,
2539 5352 2680 5421 quod
2744 5348 2951 5402 dictum
3010 5356 3145 5399 est:
3201 5341 3281 5395 El:
3336 5358 3446 5392 meo
3501 5334 3746 5401 accipiet,

2184 5466 2283 5522 pro
2327 5465 2412 5511 eo,
2459 5445 2601 5515 quod
2644 5452 2746 5507 est,
2780 5440 2863 5493 Ea:
2897 5443 3058 5493 Patre
3103 5453 3235 5499 meo,
3269 5449 3374 5487 neu
3425 5440 3565 5482 recte
3609 5427 3753 5479 utbi-

2182 5544 2334 5600 trari.
2368 5539 2575 5594 Summi
2604 5538 2746 5591 enim
2773 5536 3010 5594 Patrum,
3040 5531 3163 5593 hoc,
3190 5538 3245 5581 ut
3277 5540 3438 5594 supra
3473 5534 3750 5575 ostensum

2182 5644 2283 5702 est,
2316 5634 2368 5688 in
2408 5629 2545 5686 Filio
2587 5635 2929 5698 acceperunt,
2969 5622 3125 5694 quasi
3167 5620 3457 5683 diceretur,
3496 5613 3575 5667 Ex
3614 5629 3753 5677 meo,
