4462 6440
747 440 819 501 59
1999 441 2399 502 MANUELIS
2439 444 2744 504 caeses
3917 425 3987 502 ito

744 563 808 599 rx
840 564 952 600 mea
984 564 1057 613 rc,
1095 549 1194 601 hoc
1238 556 1341 609 est,
1383 557 1552 600 totum
1589 561 1651 600 et
1689 555 1796 600 tota
1837 562 1953 599 mea
1987 546 2318 616 plenitudine
2350 553 2392 607 Α
2425 548 2635 613 misque
2663 549 2947 602 doctorum
2982 547 3030 598 id
3080 546 3288 601 videtur
3319 566 3329 599 :
3378 563 3480 599 ιιυ..
3508 548 3649 607 ideo,
3683 543 3774 613 qui
3821 545 3985 608 hunc,

745 638 999 705 accipiet.

817 724 1082 779 Przeterea
1124 726 1169 777 si
1200 733 1346 778 esset
1374 725 1489 778 haec
1536 738 1660 775 vera
1702 721 2075 789 intelligentia,
2112 736 2315 789 nequa-

746 827 907 879 qnant
941 813 1060 866 sine
1105 812 1474 865 additatnt-nto
1507 812 1801 865 diceretur.
1837 810 2124 879 Nunquam
2168 812 2313 863 enim

744 903 1054 969 possessiva
1084 903 1410 968 pronomina
1441 902 1751 962 masculini,
1775 901 1857 954 vel
1888 899 2129 952 feminini
2152 912 2313 965 gene—

746 992 845 1049 ris,
876 991 992 1043 sine
1030 990 1241 1043 articuli
1278 990 1585 1058 adjectioite
1611 990 1813 1044 ﬁrmes:
1852 990 2047 1060 linguze
2074 991 2313 1057 proprie-

746 1091 857 1133 tate
887 1080 1260 1147 proferuntur.
1292 1079 1530 1131 Dii-intus
1567 1082 1709 1130 enim
1738 1081 1765 1130 ό
1822 1080 1951 1146 tuo;
1985 1078 2188 1144 πατὴρ,
2219 1079 2314 1127 καὶ

748 1173 781 1238 ἡ
808 1170 913 1238 ἐμὴ
940 1170 1105 1233 οἰκία,
1138 1170 1169 1236 ή
1200 1170 1372 1229 πόλις,
1396 1170 1408 1221 i
1436 1172 1468 1229 β,
1510 1179 1611 1230 c-t,
1635 1168 1735 1220 Hic
1764 1185 1902 1219 incus
1924 1168 2100 1229 Pater,
2125 1177 2177 1219 et
2206 1168 2315 1218 Ita'c

751 1279 863 1313 nica
892 1263 1101 1322 donius,
1130 1270 1224 1313 aut
1256 1262 1461 1314 civitas.
1496 1261 1568 1313 lia
1602 1261 1801 1329 quippe
1832 1260 2051 1319 (ἶνειξκδε,
2087 1267 2145 1310 ιιι
2179 1258 2316 1309 (Ξίκί-

749 1368 892 1410 tnus,
957 1353 1152 1414 lnguae
1202 1353 1560 1414 consuetudo,
1620 1365 1726 1418 qua
1796 1352 1893 1402 hoc
1964 1348 2311 1417 Evangelinnt

747 1454 1006 1507 scriptum
1041 1454 1139 1503 est,
1176 1444 1419 1509 proferre
1446 1441 1734 1494 consuevit
1771 1457 1787 1496 :
1826 1441 1963 1492 alias
1988 1439 2129 1491 enim
2162 1437 2315 1489 vitio-

746 1547 803 1583 sa
851 1543 995 1585 esset
1049 1532 1439 1599 pronuntiatio.
1484 1531 1620 1583 Cum
1674 1545 1799 1583 veto
1848 1531 1965 1583 sine
2014 1527 2314 1594 adjectione

745 1624 965 1683 dicitur,
1001 1632 1253 1676 neutrum
1296 1639 1441 1683 esse,
1477 1634 1530 1675 et
1572 1637 1683 1675 rem
1714 1622 2025 1690 signilicare
2063 1618 2313 1685 intelligi-

747 1726 849 1766 tur.
916 1714 1157 1781 Exempli
1196 1728 1356 1767 causa
1391 1733 1401 1765 :
1438 1713 1503 1764 Εἴ
1533 1729 1585 1763 τι
1621 1712 1713 1763 καὶ
1746 1710 1945 1778 τούμόν
2000 1710 2116 1759 ἐστι
2166 1706 2316 1773 παρὰ

747 1805 848 1869 σοὶ,
881 1805 930 1857 id
960 1813 1080 1858 est:
1114 1802 1174 1857 Si
1210 1804 1335 1872 quid
1369 1819 1538 1855 meum
1574 1811 1649 1857 est
1684 1801 1825 1867 apud
1849 1798 1926 1861 'te.
1961 1800 2103 1868 quod
2134 1812 2229 1866 per
2258 1810 2317 1849 se

2425 648 2483 687 ut
2524 638 2692 689 Deum
2739 637 2877 689 tnitti
2913 637 3131 698 dixerit,
3170 637 3431 688 continuo
3467 636 3813 704 InlaSphemns
3847 637 3983 688 erit:
4046 648 4049 651 '

2423 740 2443 773 ‹
2468 723 2663 778 Missus
2690 725 2833 778 enim
2861 733 2964 788 est,
2984 726 3056 777 ait
3080 726 3363 793 theologus
3381 723 3692 793 Gregorius,
3717 724 3809 777 sed
3832 724 3987 791 quasi

2423 814 2606 878 homo,
2641 814 2724 867 sin
2764 824 2945 867 autent
2988 815 3148 866 etiam
3199 824 3257 867 ut
3307 814 3469 875 Deus,
3501 814 3629 879 quid
3685 816 3824 867 hoc?
3852 831 3871 865 ι
3926 814 3991 866 Et

2423 908 2525 959 hoc
2559 905 2820 975 profecto,
2845 907 3000 974 quasi
3034 921 3241 965 verum.
3272 904 3625 974 approbavit?

2492 997 2677 1064 Neque
2730 1013 2961 1065 magnus
3014 996 3246 1049 Basilius
3290 1012 3410 1049 cum
3467 996 3726 1056 dixisset,
3790 993 3986 1047 Filium

2419 1090 2607 1142 ordine
2677 1103 2739 1141 ac
2784 1088 3043 1155 dignitate
3094 1102 3121 1139 a
3172 1086 3328 1137 Patre
3359 1085 3656 1137 secundum
3689 1100 3826 1144 esse,
3861 1098 3987 1150 qn:a

2422 1178 2636 1228 initium
2693 1186 2741 1227 et
2774 1191 2937 1229 causa
2974 1175 3067 1233 illi,
3110 1186 3167 1225 ut
3198 1183 3360 1235 esset,
3394 1173 3550 1226 Pater
3582 1174 3702 1232 luit.
3731 1173 3990 1225 continuo

2416 1270 2649 1334 seipsum
2699 1266 2980 1326 destruxit,
3035 1266 3335 1331 adjicieus:
3384 1284 3400 1313 ‹
3441 1263 3500 1315 Et
3577 1265 3831 1331 quoniam
3899 1278 3993 1327 per

2420 1358 2596 1424 ipsum
2642 1371 2891 1408 acress‘us
2935 1365 2987 1408 et
3038 1354 3287 1407 atldnctio
3333 1354 3397 1405 ad
3437 1354 3601 1406 ltenm
3671 1362 3724 1405 et
3770 1353 3984 1405 Patrem

2423 1448 2577 1499 nobis
2610 1458 2709 1500 est.
2751 1470 2767 1495 ι
2808 1444 3110 1512 Utrumque
3134 1446 3276 1496 enim
3313 1459 3498 1496 verum
3526 1454 3627 1505 cst,
3654 1444 3696 1495 si
3736 1443 3858 1510 quis
3885 1444 3987 1495 ista

2421 1537 2757 1605 distiz-gnere
2808 1537 2954 1597 velit,
3006 1546 3056 1589 et
3109 1535 3262 1603 juxta
3312 1535 3516 1587 variam
3580 1534 3985 1602 intelligentiam

2424 1630 2694 1695 accipere.

2496 1718 2573 1772 Ita
2604 1726 2657 1771 et
2698 1716 3121 1786 Chrysostomus
3155 1715 3358 1769 dixisse
3423 1716 3698 1783 putandus
3732 1724 3833 1777 est,
3868 1730 3991 1768 cum

2427 1807 2663 1860 haeretici
2699 1821 2767 1859 ex
2800 1821 2885 1869 eo,
2921 1807 3064 1873 quod
3117 1806 3318 1859 dicitur
3366 1806 3627 1874 Spiritum
3678 1818 3920 1859 sanctum
3965 1822 3992 1857 a

750 1908 859 1947 rem
904 1894 1128 1962 intelligi
1175 1869 1289 1948 dat.
1326 1895 1402 1947 Ad
1453 1898 1564 1946 haec
1600 1904 1781 1945 autem
1812 1910 1824 1944 :
1860 1888 1943 1942 Ea:
1970 1905 2080 1942 meo
2107 1888 2318 1955 accipit,
2355 1869 2397 1925 Β
2427 1890 2565 1945 Filio
2598 1891 2872 1960 accipere,
2911 1869 3149 1960 Spiritus
3182 1869 3539 1947 substantiam
3579 1894 3771 1946 vellrnt
3814 1894 3996 1945 immi-

745 1985 858 2038 sive
893 1986 1141 2053 Accipiet,
1187 1985 1545 2053 praecedentia
1590 1982 1956 2037 commendat.
2000 1980 2089 2035 Ait
2128 1981 2269 2034 enim
2303 1995 2318 2032 :

747 2073 958 2132 Omnia,
992 2092 1107 2143 (μίαν
1138 2076 1290 2127 habet
1321 2073 1503 2139 Pater,
1531 2089 1646 2126 mea
1681 2082 1823 2126 sunt.
1858 2070 1984 2124 Ideo
2009 2071 2122 2123 dixi
2154 2074 2319 2133 vobis,

743 2164 869 2231 quia
914 2180 977 2216 ea:
1008 2182 1118 2216 meo
1152 2166 1368 2232 accipit.
1406 2165 1462 2217 Si
1500 2165 1643 2219 enim
1682 2162 1918 2231 Spiritus
1948 2178 1978 2217 a
2012 2161 2150 2215 Filio
2180 2162 2323 2215 arci-

742 2254 840 2319 pit,
881 2253 1056 2307 Patris
1088 2264 1267 2307 autem
1306 2256 1487 2307 omnia
1553 2264 1606 2307 et
1642 2252 1779 2306 Filio
1814 2250 2128 2305 communia
2166 2259 2320 2315 sunt;

743 2345 1092 2397 manifestum
1116 2356 1197 2399 eat
1219 2361 1284 2400 ex
1321 2346 1425 2407 his,
1454 2345 1721 2398 insinuari
1751 2343 1970 2407 Filium,
2004 2358 2169 2396 unum
2197 2355 2320 2396 cum

744 2434 903 2488 Patre
962 2438 1126 2489 Deum
1152 2452 1303 2502 esse;
1336 2437 1600 2506 Spiritum
1638 2446 1816 2490 autem
1842 2450 2026 2488 verum
2060 2435 2225 2486 Deum
2257 2448 2321 2487 ex

744 2527 921 2581 Patris
978 2541 1026 2582 et
1071 2528 1190 2582 Filii
1240 2530 1477 2585 essentia
1509 2529 1857 2584 denuntiari:
1896 2543 2016 2597 qum
2051 2542 2183 2583 sane
2231 2540 2323 2580 su-

742 2620 894 2686 perni
932 2620 1134 2689 eloquii
1169 2621 1249 2675 vis
1282 2630 1385 2676 est.

813 2709 984 2764 Porro
1015 2712 1239 2766 dicere:
1288 2731 1308 2763 t
1338 2713 1558 2776 Omnia,
1600 2726 1721 2781 quae
1769 2711 1931 2764 habet
1976 2711 2161 2773 Pater,
2202 2724 2323 2765 mea

742 2811 903 2859 sunt;
939 2802 1058 2855 ideo
1092 2802 1247 2857 dixi:
1280 2804 1408 2871 quia
1444 2818 1509 2856 ex
1539 2817 1662 2856 meo
1694 2803 1853 2856 Patre
1891 2801 2142 2869 accipiet,
2176 2820 2193 2852 ι
2233 2811 2327 2855 aut

743 2893 877 2945 nihil
910 2894 1200 2962 signiﬁcat,
1234 2904 1326 2947 aut
1362 2894 1497 2947 nihil
1530 2896 1595 2946 ad
1633 2894 1974 2962 propositum
2012 2892 2139 2954 sibi,
2166 2892 2325 2961 quip-

744 3001 813 3053 pe
859 2994 1111 3055 suscepta
1162 2985 1229 3039 ad
1283 2994 1618 3039 structuram
1669 2999 1861 3045 causa,
1918 2983 2053 3036 nihil
2100 2984 2167 3037 de
2205 2983 2326 3038 Filii

742 3078 1008 3146 tligttilnlc
1053 3079 1353 3143 concludit,
1386 3079 1492 3133 nisi
1539 3077 1594 3131 in
1643 3089 1908 3147 quantum
1955 3076 2159 3129 dictum
2202 3085 2324 3129 est:

2425 1997 2597 2036 nuere
2626 2001 2639 2036 :
2673 1994 2898 2038 sanctus
2944 1983 3161 2037 illorum
3195 1998 3290 2037 ora
3331 1985 3609 2037 obstruere
3640 1984 3844 2047 volens,
3895 1985 3999 2036 hoc

2426 2075 2477 2127 in
2513 2076 2632 2129 loco
2669 2078 2916 2143 accipere
2945 2079 3088 2145 quod
3123 2076 3342 2139 dicitur,
3386 2076 3683 2129 secundum
3723 2076 3996 2129 ltontinrm

2424 2171 2666 2234 accepit;
2722 2168 2811 2219 ubi
2869 2176 3050 2220 autem
3085 2167 3348 2220 adversus
3382 2167 3500 2219 illos
3556 2166 3603 2220 ei
3652 2180 3827 2235 pugna
3887 2181 3997 2219 non

2426 2267 2565 2317 erat,
2606 2258 2855 2311 traditam
2896 2260 3291 2327 expositionem
3331 2273 3453 2311 cum
3499 2258 3724 2326 reliquis
3754 2257 3998 2309 roborat.

2427 2346 2621 2401 Dicens
2650 2348 2795 2401 enim
2822 2348 2873 2401 in
2895 2346 3122 2401 Joannis
3150 2345 3439 2416 Evangelio
3468 2364 3480 2399 :
3504 2345 3587 2399 Ex
3622 2364 3733 2400 meo
3755 2348 3999 2415 accipiet,

2428 2440 2529 2492 hoc
2559 2449 2663 2500 est,
2695 2454 2760 2491 ex
2808 2454 2926 2492 mea
2969 2440 3219 2499 scientia,
3251 2439 3493 2492 ostendit
3522 2454 3578 2492 se
3606 2438 3748 2508 quod
3774 2440 4001 2502 dicitur,

2423 2545 2486 2584 ex
2529 2544 2651 2584 meo
2697 2528 2948 2598 accipiet,
2982 2530 3066 2583 vel
3102 2530 3324 2598 accipit,
3355 2546 3419 2583 ex
3445 2527 3605 2594 Filio,
3643 2530 3997 2585 intellexisse.

2428 2619 2544 2689 Ipse
2576 2620 2777 2690 quippe
2808 2632 2891 2674 est
2936 2620 3030 2675 Dei
3086 2621 3373 2689 sapientia,
3407 2637 3583 2690 neque
3628 2630 3711 2675 est
3740 2622 3885 2675 aliud
3914 2639 4001 2675 es-

2426 2712 2599 2765 sentia
2630 2712 2771 2779 ejus,
2807 2722 3004 2781 praeter
3046 2713 3331 2765 scientiam
3365 2713 3554 2782 ipsius.
3590 2712 3761 2765 Aliter
3802 2715 4003 2782 quippe

2426 2803 2763 2869 compositus
2794 2804 2919 2869 erit,
2948 2818 3073 2857 cum
3104 2804 3159 2857 in
3187 2804 3292 2858 alio
3320 2806 3577 2867 essentia,
3611 2806 3662 2859 in
3694 2806 3800 2859 alio
3831 2808 4007 2861 scicn-

2429 2893 2500 2944 tia
2535 2893 2878 2960 inspiciatur.
2919 2894 2984 2946 Et
3026 2894 3261 2948 essentia
3307 2895 3524 2962 quidem
3574 2911 3759 2949 carere
3803 2897 4003 2950 intelli-

2427 2984 2627 3052 gentia,
2672 2986 2895 3039 scientia
2929 3000 3058 3039 vero
3087 2986 3204 3040 sine
3232 2987 3536 3040 substantia
3581 3003 3704 3041 esse
3730 2989 4004 3042 credetur.

2432 3076 2718 3130 Enimvero
2758 3076 2890 3131 dare
2950 3087 3006 3131 et
3051 3079 3298 3148 accipere
3326 3080 3469 3148 quod
3511 3080 3733 3145 dicitur,
3785 3096 4004 3134 causam

743 3169 959 3232 Omnia,
1004 3186 1120 3238 qua:
1178 3170 1331 3221 habet
1388 3168 1549 3221 Pater
1600 3186 1715 3221 mea
1764 3178 1908 3231 sunt,
1962 3168 2106 3235 quod
2160 3166 2322 3219 etiam
2355 3204 2399 3263 c
2429 3170 2760 3237 causaleque
2806 3171 3022 3238 signare
3054 3174 3396 3225 monstravit.
3442 3170 3555 3223 Hoc
3581 3181 3760 3225 autem
3794 3172 4007 3240 exposi-

740 3263 859 3315 sine
913 3277 995 3325 eo,
1034 3263 1180 3331 quod
1231 3263 1501 3331 sequitur,
1538 3263 1714 3316 solum
1764 3275 1858 3328 per
1895 3274 1951 3313 se
1990 3260 2166 3328 ipsum
2216 3259 2323 3313 dici

740 3361 976 3422 poterat.

811 3446 1101 3509 Craterum,
1137 3447 1182 3500 si
1218 3446 1343 3516 quis
1378 3446 1560 3499 divum
1593 3444 2322 3516 Chrysostonium‘objieiat,

738 3541 791 3589 ian
819 3538 1054 3606 quodam
1086 3552 1340 3592 sermone
1369 3551 1471 3590 suo
1504 3537 1554 3589 id
1585 3545 1973 3603 exponentem,
2006 3510 2153 3600 quod
2187 3534 2323 3587 dici-

745 3638 887 3681 tur:
944 3628 1027 3680 Ex
1081 3644 1193 3681 meo
1250 3628 1473 3696 accipiet
1514 3643 1532 3681 :
1583 3628 1835 3681 videlicet
1883 3643 1948 3680 ea:
1980 3643 2093 3681 mea
2144 3643 2323 3692 carne,

744 3730 908 3790 atque
952 3734 1016 3773 ex
1058 3737 1169 3774 meo
1216 3737 1451 3788 corpore,
1501 3719 1664 3773 veluti
1711 3734 1774 3773 ex
1820 3718 2056 3773 cisterna
2091 3718 2323 3787 quadam

743 3812 867 3864 inde
892 3810 1173 3864 hauriens.
1202 3810 1485 3878 Impletum
1519 3809 1665 3862 enim
1701 3808 1873 3863 fuisse
1908 3807 2094 3862 Jesum
2128 3822 2325 3863 secun—

740 3907 869 3957 dum
899 3903 1175 3957 hominem
1208 3902 1465 3956 omnibus
1499 3902 1688 3971 gratiis
1716 3902 1976 3971 Spiritus",
2009 3901 2076 3955 ab
2104 3901 2195 3955 illo
2224 3901 2323 3955 sibi

739 3996 919 4051 insitis
962 4008 1015 4050 et
1049 3996 1103 4049 in
1133 4012 1191 4050 se
1220 3996 1539 4058 reconditis,
1568 4005 1731 4065 atque
1761 3994 1841 4047 ita
1885 3994 2103 4048 eteteris
2142 3994 2328 4047 distri-

744 4091 947 4153 Luisse,
988 4101 1043 4144 ut
1088 4090 1305 4142 interim
1353 4089 1553 4144 sunnni
1600 4088 1765 4156 hujus
1811 4087 1910 4140 viri
1964 4087 2134 4141 fuisse
2182 4088 2325 4141 hunc

740 4198 1048 4238 sermonem
1075 4183 1474 4244 concedamus;
1511 4181 1667 4236 valde
1702 4182 1848 4235 enim
1890 4191 2178 4249 suspectus
2217 4190 2320 4245 est,

741 4278 979 4346 utquod
1026 4277 1122 4329 reli
1149 4277 1251 4343 luis
1286 4276 1630 4330 sermonibus
1678 4276 1823 4328 illius
1860 4276 2081 4329 minime
2131 4274 2325 4329 sinzilis

741 4372 840 4428 sit,
883 4385 1059 4437 neque
1091 4384 1278 4432 sensu,
1315 4383 1492 4437 neque
1526 4366 1742 4421 dicendi
1796 4381 1885 4419 nto
1910 4367 1981 4417 lo.
2021 4364 2143 4419 Erat
2179 4366 2323 4418 enim

742 4462 915 4531 magis
948 4461 1225 4531 proprium
1260 4460 1439 4513 dieure
1473 4460 1739 4529 Spiritum
1790 4474 1854 4511 ex
1889 4460 2070 4526 Scipio
2102 4460 2199 4511 ista
2232 4474 2321 4511 ae-

2436 3263 2661 3325 tionem,
2687 3276 2851 3329 quam
2882 3261 3256 3330 praediximus,
3295 3262 3536 3343 roborat.

2502 3350 2975 3416 Quemadmodum
3012 3354 3174 3421 igitur
3224 3354 3331 3415 his,
3376 3352 3467 3421 qtti
3519 3367 3696 3423 majus
3744 3351 3797 3406 in
3845 3353 4007 3407 Patre

2434 3442 2518 3511 pie
2545 3457 2725 3497 causae
2758 3444 2968 3498 ratione
2998 3444 3325 3512 suscipiunt,
3354 3444 3538 3497 dicere
3573 3444 3623 3495 id
3655 3458 3871 3511 quoque
3899 3458 4007 3497 non

2434 3533 2535 3588 nisi
2572 3534 2718 3602 pium
2747 3544 2853 3598 est,
2880 3534 3034 3603 juxta
3077 3541 3393 3588 sanctorum
3426 3534 3637 3588 scilicet
3662 3534 3961 3587 doctrinam
3991 3551 4007 3589 :

2435 3624 2505 3677 ita
2531 3634 2585 3677 et
2608 3625 2659 3678 in
2681 3622 2823 3677 Filio
2846 3623 3137 3677 dicendum
3161 3624 3457 3678 secundum
3485 3623 3841 3677 Athanasium
3864 3623 4006 3693 quod

2434 3713 2641 3769 scilicet
2672 3714 2878 3783 Spiritu
2913 3716 2984 3769 sit
3016 3714 3220 3783 major:
3258 3714 3329 3767 ita
3357 3727 3485 3783 ergo
3511 3712 3647 3766 nihil
3676 3712 4006 3781 prohibebit,

2433 3807 2598 3861 etiam
2648 3807 2821 3875 ipsius
2869 3806 3245 3877 Chrysostomi
3295 3806 3545 3859 traditam
3590 3807 4008 3873 expositionem,

2435 3914 2637 3965 veram,
2681 3913 2745 3952 ac
2792 3898 3154 3953 necessariam
3205 3896 3565 3951 existimare:
3603 3896 3841 3951 maxime
3886 3911 4009 3952 cum

2435 3990 2597 4045 hodie
2651 3990 2798 4044 nulla
2858 4004 2959 4044 nos
3022 3989 3402 4043 haereticorum
3464 3987 3824 4043 contradictio
3888 4002 4010 4057 per-

2436 4082 2635 4136 turbet.
3748 4078 3757 4088 ”

2506 4172 2563 4227 Si
2614 4174 2779 4242 igitur
2832 4188 3008 4242 neque
3046 4172 3369 4227 doctoribus
3398 4171 3644 4242 reliquis,
3686 4189 3859 4244 neque
3905 4176 4008 4230 sibi

2437 4268 2536 4336 ipsi
2568 4264 2877 4320 contrarius
2908 4274 3010 4330 est,
3044 4265 3320 4335 quomodo
3355 4266 3673 4334 praedictam
3708 4266 4008 4334 expositio-

2434 4374 2557 4412 nem
2599 4358 2677 4412 illi
2713 4357 3039 4411 contrariam
3070 4356 3353 4419 dicemns;
3413 4355 3456 4410 si
3500 4368 3552 4410 et
3590 4356 3681 4411 illo
3713 4358 3872 4411 modo
3904 4357 4009 4411 alia

2436 4452 2649 4506 ratione
2685 4448 2790 4503 diei
2827 4456 3028 4516 potest,
3071 4446 3218 4500 nulla
3250 4448 3551 4515 prmsertim
3584 4449 4014 4503 contradictione

739 4557 941 4625 cipere,
990 4570 1113 4608 cum
1169 4554 1285 4623 ipse
1332 4554 1505 4622 magis
1556 4551 1864 4623 hujusmodi
1923 4566 2210 4604 munerum
2255 4551 2326 4604 sit
2361 4560 2401 4614 ι)
2433 4543 2787 4616 perurgente?
2823 4543 3018 4612 Colligi
3066 4552 3247 4595 autem
3280 4553 3334 4595 et
3372 4543 3473 4596 hoc
3509 4558 3575 4596 ex
3616 4544 3889 4611 praedictis
3919 4560 4013 4613 po-

739 4652 883 4709 t'ons,
919 4662 1080 4713 quam
1112 4645 1322 4699 Domini
1353 4660 1553 4713 corpus
1588 4645 1641 4698 in
1672 4653 1937 4713 quantum
1966 4657 2202 4711 corpus:
2236 4660 2327 4696 ev-

738 4741 1095 4809 pressiusqne
1127 4738 1406 4791 diceretur
1458 4747 1513 4792 et
1558 4739 1761 4797 verius,
1800 4736 1998 4790 Filium
2041 4752 2069 4788 a
2119 4736 2323 4803 Spiritu

736 4833 1004 4902 accipere,
1033 4842 1084 4888 et
1110 4830 1241 4884 dare
1266 4831 1447 4893 nobis,
1476 4844 1597 4882 cum
1631 4840 1684 4883 et
1718 4830 1834 4898 ipse
1866 4828 1969 4881 ista
2001 4830 2090 4880 det
2118 4846 2131 4881 :
2163 4837 2327 4896 atque.

737 4942 803 4976 eo
861 4925 1034 4993 magis
1052 4964 1066 4985 ,

737 5017 965 5073 Filium.

813 5114 995 5167 Posito
1020 5124 1225 5174 tamen,
1256 5110 1400 5163 hunc
1428 5121 1738 5163 sermonem
1776 5122 1895 5161 esse
1926 5105 2319 5176 Chtysostmni,

736 5204 827 5255 hic
861 5203 962 5255 ista
1008 5200 1350 5262 docebimus.
1392 5214 1571 5268 neque
1621 5197 2003 5267 superioribus
2050 5198 2322 5250 contraria

733 5311 881 5359 esse,
916 5310 1093 5363 neque
1134 5292 1395 5346 traditam
1427 5308 1456 5346 a
1490 5292 1700 5346 sanctis
1735 5288 1993 5343 Patrihus
2025 5288 2325 5357 expositio-

736 5406 885 5453 nem,
910 5388 1013 5443 hoc
1050 5388 1247 5456 posito,
1282 5395 1498 5439 nutare.
1536 5381 1724 5452 Neque
1758 5382 1859 5437 ista
1890 5380 1993 5435 sibi
2027 5378 2163 5434 adeo
2194 5395 2325 5433 con-

736 5484 925 5545 traria,
977 5492 1036 5535 ut
1098 5496 1209 5534 uno
1267 5480 1466 5550 posito,
1529 5477 1796 5543 reliquum
1850 5475 2175 5527 inconstans
2231 5473 2326 5528 sit.

733 5576 921 5647 Neque
971 5576 1139 5630 enim.
1167 5574 1291 5628 etsi.
1326 5582 1384 5628 ut
1422 5572 1610 5634 homo,
1644 5567 1811 5622 Filius
1862 5566 2117 5623 mittitur.
2149 5564 2322 5633 pluri-

808 5717 919 5777 (‘2‘73
962 5716 1085 5768 Ilrec
1118 5730 1237 5782 qum
1286 5726 1352 5767 ne
1389 5714 1596 5782 majore
1625 5720 1677 5764 rt
1708 5710 1928 5782 minore
1952 5709 2039 5761 hic
2071 5718 2123 5761 et
2156 5721 2320 5782 supra

735 5790 936 5854 H‘j-ius
970 5780 1195 5841 Calct'as
1231 5789 1447 5853 repetit,
1482 5780 1566 5849 pie
1598 5793 1651 5837 et
1680 5780 1968 5836 tummodo
1999 5780 2318 5854 accipienda

734 5850 889 5917 .nnt.
951 5870 1005 5912 ut
1065 5866 1111 5911 tl
1169 5858 1255 5910 illa.
1294 5850 1357 5910 dc
1417 5855 1753 5926 ptiuitate:
1814 5867 1936 5905 nam
2000 5850 2321 5919 sintphcitct'

1143 4938 1249 4993 quo
1292 4933 1345 4976 et
1405 4922 1519 4991 ipse
1578 4920 1844 4990 Spiritum
1899 4921 2019 4986 dat,
2075 4935 2181 4972 non
2240 4920 2331 4974 ille

2432 4649 2554 4702 test,
2586 4638 2711 4707 quia
2743 4636 2921 4713 majus
2953 4635 3090 4705 (27),
3119 4635 3261 4703 quod
3290 4632 3428 4687 Filio
3456 4637 3757 4689 secundum
3788 4651 4012 4691 causam

2429 4731 2757 4785 Athanasius
2797 4727 3041 4787 reddidit.
3072 4727 3173 4779 hoc
3204 4740 3325 4793 mag
3350 4741 3455 4780 nus
3481 4724 3719 4781 Basilius
3756 4727 3808 4781 in
3844 4728 4015 4796 Spiri-

2431 4834 2483 4877 tu
2522 4822 2721 4892 posuit,
2761 4834 3012 4875 asserens
3040 4817 3190 4871 illum
3221 4814 3359 4870 Filio
3387 4816 3686 4871 concedere
3736 4827 3789 4871 et
3823 4819 4016 4872 ordine

2429 4926 2481 4969 et
2508 4914 2787 4982 dignitate.
2808 4911 2943 4965 Nam
2981 4910 3025 4964 si
3062 4908 3301 4976 Spiritus
3327 4908 3579 4963 concedit
3604 4906 3762 4973 Filio,
3788 4919 3840 4963 et
3873 4911 4011 4964 ordi~

2432 5022 2496 5060 ne
2548 5014 2601 5059 et
2628 5005 2911 5074 dignitate,
2938 5010 3148 5056 constat
3188 5000 3389 5055 Filium
3425 5002 3686 5071 majorem
3717 5016 3838 5057 esse
3869 5003 4016 5055 ordi-

2433 5116 2501 5155 ne
2553 5115 2615 5154 ac
2640 5098 2925 5168 dignitate.
2952 5093 3066 5149 lloc
3091 5103 3269 5149 autem
3293 5095 3455 5147 etiam
3486 5096 3550 5146 ad
3575 5094 4012 5163 Amphilochium

2433 5192 2699 5254 scribens,
2756 5186 3018 5243 indicavit
3083 5185 3275 5242 dicens
3319 5200 3335 5240 :
3390 5184 3539 5239 Sicut
3591 5200 3723 5255 ergo
3783 5186 4017 5255 Spiritus

2432 5293 2675 5347 sanctus,
2704 5282 2821 5351 ejus
2881 5295 2947 5334 ex
2979 5294 3089 5349 quo
3122 5276 3393 5348 processit
3422 5275 3852 5344 magnitudinem
3882 5278 4018 5330 insi-

2437 5383 2591 5431 nuat.
2630 5372 2749 5427 Filii
2800 5372 3032 5435 scilicet,
3066 5371 3132 5424 de
3165 5370 3284 5438 ipso
3325 5370 3470 5421 enim
3521 5370 3621 5420 sibi
3656 5384 3834 5421 sermo
3862 5362 4013 5433 erat;

2436 5474 2536 5529 etsi
2570 5473 2734 5543 igitur
2768 5484 2891 5522 eum
2929 5465 3071 5520 Filio
3103 5464 3405 5520 concedere
3458 5461 3613 5519 dixit.
3644 5477 3805 5513 unam
3836 5471 4012 5514 tamen

2438 5565 2725 5632 utriusque
2776 5570 3032 5614 natntam
3083 5557 3392 5611 contitetnr.
3435 5553 3690 5621 quoniam
3746 5552 3917 5606 deltas
3964 5553 4016 5604 iu

2434 5706 2565 5759 nihil
2598 5706 2773 5774 majus
2806 5712 2891 5755 aut
2934 5717 3112 5755 minus
3140 5709 3218 5753 c-~t
3252 5696 3303 5749 in
3334 5694 3415 5749 SS
3490 5687 3771 5740 Trinitatis
3816 5697 3985 5738 tnv~tr

2434 5792 2534 5830 ΙΙΙ·Δ
