4462 6440
486 382 553 446 lii
1615 388 2013 450 ADVERSUS
2049 390 2364 455 GRECOS
2415 395 2563 456 LIB.
2613 400 2659 457 ll
3678 403 3751 467 ϐξ

488 506 719 565 utroque
746 510 877 552 una.
907 496 982 552 Ac
1018 496 1182 554 veluti
1208 513 1333 555 cum
1366 503 1528 558 Pater
1556 502 1693 559 Filio
1718 506 1912 573 major,
1938 521 2067 561 cau-
2096 513 2139 569 Α
2170 509 2356 569 etiam,
2381 510 2524 579 quod
2548 511 2769 577 dicitur,
2796 518 2859 567 ab
2887 535 2950 568 eo
2982 531 3067 568 ess
3139 520 3354 577 italiieri',
3386 519 3746 575 substantiam

489 602 565 641 sive
603 587 819 643 ratione
862 589 1102 646 dicitur:
1141 606 1247 647 non
1296 595 1417 649 ideo
1466 604 1645 651 tamen
1697 595 1868 653 Filius
1911 598 2072 653 Patre

490 679 670 731 minor
707 690 810 733 est.
840 680 943 743 Ita,
969 690 1021 737 et
1054 698 1177 737 cum
1207 684 1378 740 Filius
1426 687 1601 756 major
1634 689 1840 757 Spiritu
1878 702 2068 746 sancto

487 780 775 824 asseiatur
832 788 940 827 non
970 782 1151 829 tamen
1183 774 1322 830 Filio
1351 779 1531 833 in'iior
1563 778 1804 849 Spiritus
1843 791 2068 838 sanctus

491 860 820 929 intelligitur
880 862 996 917 Una
1032 868 1233 936 quippe
1275 877 1438 921 trium
1486 872 1725 925 essentia
1766 883 1849 925 est
1900 874 2070 929 Porro

495 967 624 1005 cum
693 955 1004 1024 linjnsmodi
1073 961 1372 1013 secundum
1428 963 1769 1030 personalein
1822 965 2065 1017 ordinem

492 1043 773 1108 dicuntur,
821 1047 937 1101 sola
991 1063 1157 1103 causa
1236 1063 1399 1121 atque
1447 1054 1654 1106 causali
1711 1069 2064 1122 personarum

492 1134 756 1189 discretio
789 1139 1053 1194 redditur.
1081 1139 1227 1194 Nihil
1260 1144 1403 1195 enim
1448 1144 1594 1196 aliud
1642 1146 1958 1206 concedere.
1988 1145 2068 1199 vel

494 1227 797 1281 secundum
849 1246 972 1285 esse
1012 1234 1288 1300 signiﬁcat
1341 1235 1445 1287 nisi
1483 1236 1641 1289 aliain
1691 1247 1817 1290 ante
1847 1251 1904 1291 se
1948 1252 2071 1292 esse

493 1333 806 1385 personant,
858 1337 978 1390 qua:
1036 1333 1161 1377 ante
1239 1334 1420 1379 niente
1493 1327 1849 1396 concipiatur,
1903 1345 2065 1397 quam

493 1422 633 1477 ipse.

563 1544 755 1611 Porro,
793 1549 885 1617 qui
914 1548 986 1602 ita
1022 1550 1205 1606 Basilii
1245 1553 1445 1607 dictum
1487 1556 1782 1625 accipiunt,
1818 1568 1876 1613 ut
1920 1562 2066 1629 quod

494 1634 584 1686 ille
610 1638 687 1690 ait
716 1637 979 1706 Spiritum
1014 1656 1041 1691 a
1077 1641 1214 1695 Filio
1244 1658 1369 1699 esse
1413 1645 1637 1712 habere,
1665 1648 1732 1702 ab
1767 1650 1884 1718 ipso
1926 1650 2070 1714 dari,

494 1726 695 1779 habere
744 1728 1052 1796 signiﬁcare
1087 1739 1297 1800 putent,
1343 1747 1463 1787 esse
1509 1750 1606 1802 pro
1651 1751 1738 1800 eo,
1788 1739 1933 1806 quod
1985 1748 2070 1794 est

2181 598 2412 668 Spiritus
2440 616 2535 669 per
2562 600 2754 656 Filium
2785 604 3109 673 signillcare.

2250 693 2532 757 Praeterea,
2569 710 2797 765 magnus
2827 711 2935 764 ipse
2967 696 3222 761 Basilus,
3260 700 3311 751 in
3350 699 3444 753 lib.
3483 682 3532 750 iv
3586 700 3749 764 Qua--

2173 789 2423 851 s'ionuai,
2464 788 2539 840 ait
2572 803 2587 840 :
2631 805 2649 837 ι
2692 786 2875 855 Neque
2905 788 3049 839 enim
3084 790 3265 840 minus
3292 789 3497 856 aliquid
3525 805 3747 841 eramus

2180 880 2415 933 lialiitnri
2467 881 2531 933 ad
2582 882 2925 949 agnosccndu
2956 896 3009 944 ιι,
3054 882 3197 947 quod
3238 880 3473 948 Spiiitus
3516 898 3581 933 ex
3640 881 3746 931 Dm

2175 972 2274 1035 sit,
2309 970 2571 1038 Spiritum
2598 985 2708 1024 oris
2737 969 2856 1039 ejus
2884 973 3058 1040 ipsum
3094 985 3213 1025 esse
3244 971 3554 1033 audientes;
3594 992 3609 1020 ι
3651 972 3743 1025 scd

2178 1063 2280 1117 hoc
2312 1062 2556 1116 suﬂicere
2608 1071 2819 1130 poterat
2857 1078 2951 1129 per
2986 1080 3045 1118 se
3076 1063 3140 1118 ad
3193 1063 3569 1123 indicandum,
3622 1066 3751 1115 sub—

2176 1157 2432 1210 stantiani
2468 1153 2587 1223 ejus
2646 1172 2712 1208 ex
2748 1154 2857 1209 Deo
2887 1172 3025 1210 esse.
3068 1155 3124 1209 Si
3169 1158 3332 1219 igitur
3383 1158 3647 1224 Spiritum
3681 1172 3741 1209 ex

2181 1249 2289 1304 Deo
2316 1266 2452 1313 esse,
2489 1252 2625 1303 idem
2675 1261 2778 1313 est,
2809 1255 2953 1320 quod
3003 1251 3267 1320 Spiritum
3303 1254 3415 1303 oris
3449 1253 3566 1321 ejus
3606 1252 3746 1310 dici,

2177 1356 2238 1393 os
2279 1350 2459 1393 autem
2509 1340 2685 1395 Patris
2740 1342 2910 1398 Filius
2948 1358 2975 1396 a
3013 1346 3290 1413 magistris
3327 1344 3583 1399 Ecclesim
3614 1346 3747 1396 dici.

2179 1444 2300 1492 tur:
2336 1433 2476 1485 idem
2526 1448 2655 1501 ergo
2685 1447 2788 1495 est,
2824 1433 3087 1503 Spiritum
3130 1452 3192 1487 cx
3229 1435 3334 1489 Deo
3368 1450 3510 1500 esse,
3545 1437 3746 1495 dicere,

2175 1536 2229 1579 et
2261 1527 2432 1594 ipsnni
2464 1523 2585 1577 Filii
2620 1525 2878 1593 Spiritum
2915 1527 3112 1581 dicere.
3153 1529 3216 1579 At
3244 1527 3374 1579 illud
3422 1527 3595 1579 sancti
3628 1527 3719 1593 Spi

2178 1619 2313 1670 iitiis
2346 1633 2410 1670 ex
2440 1617 2547 1670 Deo
2582 1617 2945 1670 substantiam
2982 1618 3272 1687 signiﬁcat.
3302 1619 3489 1687 Itaque
3516 1630 3567 1671 et
3599 1621 3744 1687 quod

2178 1706 2297 1759 Filii
2334 1707 2567 1775 Spiritus
2598 1709 2818 1769 dicitur,
2862 1710 3108 1761 eamdem
3148 1709 3332 1761 itidem
3383 1710 3748 1763 substantiam

494 1817 637 1882 dari,
678 1819 1011 1887 accipientes
1040 1839 1053 1875 :
1088 1797 1278 1877 contra
1328 1797 1551 1880 omnino
1593 1797 1859 1893 sentiunt,
1909 1846 2073 1898 quam
2104 1833 2148 1891 Β
2178 1797 2502 1898 ξνί¹ί³“⁵,⁰ι
2534 1814 2627 1898 νεῖν
2655 1798 2852 1898 F'“_m_"
2902 1812 2952 1898 δη
2980 1818 3009 1854 ³
3040 1799 3176 1898 Fili”
3202 1803 3466 1898 dvsiguat'
3487 1802 3750 1898 _S”‘“-°'_'°

492 1925 553 1963 se
591 1911 748 1964 liabet
777 1912 1017 1969 doctoris
1052 1916 1298 1970 inti-ntio.
1333 1917 1424 1971 ille
1451 1921 1598 1973 enim
1624 1922 2072 1977 consubstantia—

491 1999 598 2052 lem
643 2001 788 2055 Patri
826 2002 1021 2057 Filium
1058 2020 1178 2058 cum
1223 2007 1575 2072 ostendisset,
1606 2013 1768 2064 etiam
1806 2012 2070 2082 Spiritum

492 2103 748 2146 sanctum
805 2097 1325 2151 consubstantialem
1383 2098 1541 2165 Filio,
1598 2116 1661 2156 ac
1728 2118 1822 2172 per
1872 2104 2070 2173 ipSnm,

494 2182 569 2235 Pa
602 2186 645 2236 ri
703 2200 805 2238 con
845 2186 1033 2241 ludere
1083 2190 1336 2245 intendit.
1377 2191 1647 2246 Cl‘lCl‘llt
1678 2195 1794 2249 dati
1840 2211 1868 2249 δ
1912 2197 2069 2262 Fiiio,

491 2286 715 2345 contiar
742 2295 830 2331 uin
859 2282 1085 2335 conclud
1116 2291 1154 2344 t,
1186 2283 1286 2337 nisi
1318 2299 1349 2353 q
1375 2286 1462 2338 iod
1492 2286 1522 2338 (Ι
1567 2296 1652 2340 tur
1682 2304 1729 2355 pl
1799 2304 1845 2342 ei
1874 2305 1920 2340 ni
1980 2306 2012 2359 p
2048 2308 2072 2344 r

490 2384 655 2436 quem
687 2370 849 2423 datur
876 2372 1221 2439 naturaliter,
1266 2384 1317 2429 et
1361 2378 1727 2431 essentialiter
1781 2382 2074 2447 procedere

493 2472 966 2528 pnesupponatur,
998 2466 1216 2532 quando
1242 2475 1403 2520 etiam
1436 2471 1577 2536 dari,
1613 2472 1666 2525 in
1696 2474 1905 2527 .diviiits
1930 2476 2070 2530 idem

491 2561 599 2613 est,
650 2554 795 2621 quod
856 2556 1172 2622 procedere.
1236 2559 1503 2624 Quoniam
1555 2565 1719 2633 igitur
1774 2568 2073 2626 Eunomins

490 2644 827 2699 ercationem
857 2646 981 2701 Filii
1010 2647 1272 2717 Spiritum
1293 2665 1542 2710 sanctum
1576 2673 1699 2714 esse
1729 2661 2075 2731 blasphema-

494 2734 606 2797 ιλιι,
641 2735 755 2788 dari
805 2747 986 2791 autem
1038 2741 1215 2794 solum
1261 2747 1406 2812 quod
1455 2748 1677 2812 dicitur,
1714 2753 1779 2804 ad
1827 2754 1964 2808 lianc
1998 2755 2071 2809 illi

489 2827 890 2894 blasphemiam
942 2834 1357 2901 Opitulabatur:
1410 2850 1635 2896 sanctus
1684 2845 1923 2912 profecto
1969 2863 2069 2915 VII‘,

489 2927 656 2988 atque
700 2922 1071 2988 doctissnnns,
1106 2941 1389 2994 nunquam
1427 2933 1564 2986 adeo
1610 2935 1844 2989 imbecill
1870 2946 1969 2999 ter,
2010 2954 2074 2993 ac

491 3026 593 3081 pro
627 3014 862 3069 inimicis
889 3017 1053 3071 etiam
1078 3020 1313 3088 egisset;
1351 3020 1460 3077 imo
1489 3026 1533 3079 si
1567 3027 1794 3081 omnino
1824 3030 2072 3097 putavis-

488 3116 595 3168 set,
644 3106 956 3174 linjnsmodi
1004 3112 1402 3178 expositionem
1448 3129 1511 3167 ex
1559 3118 1737 3171 verbis
1786 3121 1901 3173 suis
1948 3123 2065 3190 capi

489 3212 674 3263 posse,
708 3200 789 3251 vel
834 3200 884 3252 id
928 3216 1210 3269 nunquam
1262 3206 1475 3272 penitus
1505 3209 1750 3271 dixisset,
1800 3220 1893 3264 aut
1939 3228 2060 3266 cuin

486 3285 797 3354 :idjectinne
829 3303 891 3342 ac
924 3289 1307 3357 praefinitione,
1333 3293 1486 3360 juxta
1520 3296 1802 3351 doctorum
1840 3317 2066 3356 censue.

488 3378 733 3432 tudinem
768 3379 1028 3446 dixisset;
1068 3390 1231 3452 atque
1258 3386 1502 3451 omnino,
1535 3396 1595 3441 nt
1630 3388 1733 3443 fuit
1763 3392 2067 3462 diligentis-

488 3472 688 3534 simus,
734 3472 786 3525 in
836 3474 937 3528 liac
985 3490 1043 3529 re
1077 3476 1131 3529 in
1188 3479 1381 3545 primis
1433 3482 1724 3535 maximam
1774 3484 2066 3554 diligentia:

487 3578 680 3616 curam
710 3565 1010 3633 habuisset,
1041 3583 1107 3622 ne
1137 3579 1324 3624 contra
1352 3587 1511 3640 quam
1543 3576 1938 3645 proposuisset,
1959 3578 2070 3633 clli-

487 3666 658 3708 θοι-ει.

562 3792 637 3844 Ex
683 3807 794 3861 quo
848 3794 975 3848 item
1028 3806 1264 3863 constat,
1298 3799 1502 3856 idcirco
1547 3802 1657 3858 dici
1687 3818 1715 3857 a
1765 3804 1899 3861 Filio
1952 3808 2063 3861 dari

491 3880 759 3950 Spiritum
812 3894 1085 3952 sanctum,
1139 3890 1398 3958 quoniam
1440 3893 1506 3946 ab
1542 3893 1661 3961 ipso
1712 3909 1832 3951 esse
1882 3898 2061 3952 habet.

488 3976 640 4027 Alias
692 3977 834 4030 enim
880 3981 1118 4035 ministri
1169 3983 1492 4053 fungeretur
1525 3986 1722 4052 oﬂicio,
1760 3991 1903 4058 quod
1956 4008 2060 4045 non

491 4080 586 4135 per
621 4066 798 4135 ipsum
835 4072 1155 4127 naturaliter
1188 4079 1529 4145 procederet.
1566 4079 1831 4147 prtebens.
1868 4080 2064 4151 Liquet

2177 1889 2358 1956 itaque
2384 1889 2459 1942 ait
2488 1901 2539 1944 ct
2580 1892 2681 1945 hoc
2706 1892 2770 1944 ad
2812 1893 3193 1946 insinnandain
3231 1895 3590 1948 substantiam
3622 1893 3747 1961 Spi-

2176 1981 2333 2034 ritus.
2370 1979 2523 2035 Unde
2550 1994 2761 2036 i'onstat
2791 1985 2973 2046 etiam,
2998 1988 3122 2053 quia
3155 2002 3260 2039 non
3287 1986 3420 2040 alias
3452 1986 3572 2039 Filii
3607 1990 3753 2039 dice-

2176 2083 2324 2126 retur
2350 2073 2606 2142 Spiritus,
2646 2075 2749 2128 nisi
2801 2091 2893 2144 per
2923 2077 3124 2144 ipsum,
3155 2088 3205 2131 ct
3237 2094 3298 2132 ex
3349 2078 3465 2148 ipso
3498 2081 3753 2132 substan-

2176 2166 2212 2219 ti
2259 2183 2303 2215 ii
2336 2166 2575 2219 liahcrct.

2246 2256 2515 2320 Quoniam
2561 2257 2724 2324 igitur
2772 2258 2823 2311 iii
2883 2257 3015 2319 Deo,
3053 2269 3105 2312 et
3159 2261 3408 2324 materia,
3446 2270 3499 2315 et
3552 2271 3748 2316 cuneta

2175 2362 2294 2414 quae
2331 2356 2460 2401 sunt
2493 2363 2555 2400 ex
2588 2350 2836 2413 materia,
2886 2353 3102 2419 penitus
3154 2354 3329 2407 locum
3366 2368 3471 2407 non
3510 2354 3742 2411 habent.

2174 2448 2226 2492 et
2277 2455 2376 2507 neq
2404 2454 2451 2491 ie
2496 2442 2793 2493 secundum
2830 2444 3208 2497 excellentiam
3248 2455 3409 2514 atque
3440 2446 3709 2500 dlrLCllllll
3734 2487 3749 2510 ,

2176 2545 2350 2597 neque
2400 2540 2456 2583 ut
2513 2533 2806 2599 possessio,
2840 2519 2954 2587 sive
2995 2535 3220 2598 factura,
3275 2552 3391 2590 sive
3443 2552 3591 2605 pars,
3638 2537 3753 2591 sive

2173 2620 2481 2673 iiiemliinin
2506 2660 2520 2680 .
2559 2636 2733 2690 neque
2777 2626 3186 2691 qiiomodolibct
3236 2627 3391 2681 aliter
3420 2638 3597 2695 potest
3649 2629 3750 2682 hoc

2176 2708 2360 2778 hujus,
2408 2721 2499 2764 aut
2556 2711 2719 2779 liiijus
2764 2713 2892 2776 dici,
2933 2717 3232 2769 secundum
3287 2718 3596 2787 linjnsmodi
3630 2733 3751 2785 pro-

2176 2803 2456 2871 prietatem
2481 2820 2493 2869 ;
2523 2814 2736 2857 constat
2780 2805 3043 2873 profecto,
3077 2824 3145 2875 qu
3175 2823 3203 2860 a
3251 2822 3373 2861 cum
3426 2809 3528 2863 hoc
3565 2811 3749 2880 hujus.

2173 2903 2267 2946 aut
2299 2894 2460 2960 hujus
2516 2911 2543 2947 a
2601 2896 2866 2964 theologis
2905 2896 3124 2961 dicitur,
3192 2915 3351 2953 iaus'i
3401 2900 3748 2973 insinuatur;

2175 2984 2335 3037 aliter
2366 2986 2509 3039 (nim
2544 3001 2665 3041 esse
2696 2988 2952 3056 possilile
2985 3006 3089 3044 non
3118 3004 3220 3045 est.

2248 3078 2320 3131 Ex
2356 3095 2464 3147 quo
2495 3090 2545 3131 et
2573 3080 2699 3131 illud
2734 3097 2836 3133 una
2890 3083 3222 3148 insinuatur,
3260 3084 3523 3153 Spiritum
3558 3086 3620 3136 :id
3667 3087 3757 3141 lil-

2096 3188 2137 3246 C
2172 3170 2303 3223 liuiii
2341 3173 2569 3227 relative
2610 3175 2737 3237 dici,
2768 3178 2811 3229 si
2846 3178 2957 3229 lia-c
3005 3176 3070 3228 ad
3130 3177 3361 3230 invicem
3416 3178 3745 3243 discernere,

2172 3263 2472 3316 Secundum
2505 3280 2683 3319 causa!
2738 3268 3087 3339 caiisalisqne
3120 3269 3436 3323 relati0nem
3474 3270 3723 3321 velimus.

2172 3353 2442 3421 siquidem
2488 3356 2643 3425 juxta
2698 3356 3015 3425 Gregorium
3072 3360 3422 3428 Nysseniiin:
3480 3383 3497 3413 ι
3549 3363 3603 3416 lii
3648 3368 3741 3418 hoc

2170 3445 2370 3505 solum,
2405 3446 2629 3499 alterum
2678 3447 2744 3500 ab
2795 3430 2965 3503 altero
2996 3451 3257 3518 distingui
3291 3453 3742 3519 deprehendimus

2169 3537 2313 3603 quod
2361 3537 2446 3591 ille
2492 3553 2679 3600 causa,
2715 3540 2814 3594 istc
2856 3556 2919 3594 ex
2957 3557 3117 3597 Causa
3162 3546 3249 3597 sit.
3287 3563 3303 3595 ι
3343 3547 3495 3609 Quod
3559 3563 3747 3601 i'iirsno

2168 3634 2239 3681 tta
2273 3629 2477 3693 diVisit,
2516 3640 2573 3683 nl
2621 3633 2784 3685 alium
2839 3635 3042 3688 diceret
3097 3652 3219 3689 es~e
3276 3639 3626 3692 continenter
3679 3658 3743 3695 ex

2167 3719 2373 3785 primo;
2408 3721 2574 3772 aliuni
2631 3738 2724 3790 per
2772 3740 2918 3787 cuni,
2969 3727 3059 3793 qui
3110 3729 3452 3783 continenter
3499 3741 3639 3782 cssct
3674 3747 3737 3785 ex

2168 3808 2364 3877 primo,
2414 3825 2654 3864 manare.
2693 3815 2796 3867 Sed
2852 3817 2962 3883 jam
3020 3818 3141 3871 libri
3202 3821 3363 3887 hujus
3414 3822 3742 3880 continenda

2168 3901 2460 3968 longitudo
2490 3915 2593 3963 est,
2633 3918 2683 3958 iit
2716 3906 2780 3959 aii
2810 3924 2870 3961 ea
2908 3926 3026 3973 quae
3057 3922 3280 3971 restant,
3321 3914 3539 3969 lectoris
3570 3918 3748 3967 inten-

2170 3993 2247 4044 tio
2295 3994 2510 4047 inteiiin
2542 4013 2568 4047 a
2604 3998 2791 4053 labore
2838 4012 3111 4069 reparata,
3141 4002 3373 4056 alacrior
3423 4016 3585 4073 atque
3620 4008 3746 4073 rigi-

2170 4072 2371 4138 Ianliiir
2393 4098 2637 4149 assurgat

1547 4484 1901 4577 LIBER
2030 4493 2680 4588 SECUNDUS.

1022 4677 1196 4752 Iesu,
1234 4682 1416 4746 nobis
1449 4687 1630 4764 praei,
1667 4695 1724 4748 et
1753 4688 1886 4752 diu:
1925 4700 2075 4754 esto.
2119 4698 2198 4757 Te
2250 4699 2411 4759 enim
2464 4701 2638 4775 duce,
2672 4724 2796 4764 non
2831 4709 3174 4769 errabimus

550 4968 609 5022 In
642 4975 815 5094 :acris
852 4976 1070 5094 Litteris
1119 4983 1355 5094 Spiritus
1400 5004 1624 5051 sanctus
1664 4997 1754 5051 Dei
1796 5000 2048 5069 spiracu-
2086 5010 2129 5063 D
2160 5023 2225 5061 ex
2259 5024 2353 5063 ore
2384 5012 2628 5077 prodeat.
2670 5034 2687 5064 ι
2722 5016 2981 5084 Idemque
3020 5018 3073 5071 in
3116 5019 3253 5073 libro
3281 5024 3345 5075 ad
3378 5022 3728 5094 Serapionem

482 5059 592 5112 lum
624 5062 823 5119 dicitur
856 5109 870 5122 .
912 5071 1277 5142 Spiraculum,
1330 5084 1496 5147 enini,
1534 5089 1930 5157 omnipotentis,
1984 5098 2061 5151 ait

482 5148 678 5207 beatus
703 5153 829 5222 Job,
856 5164 1035 5216 edocet
1061 5170 1196 5222 me‘.
1221 5170 1261 5223 A
1291 5174 1550 5239 apirando
1572 5180 1714 5233 enim
1746 5192 2056 5255 utrumque,

480 5252 535 5330 et
585 5247 798 5309 spiritus
855 5255 1067 5310 scilicet
1146 5269 1201 5313 ct
1259 5265 1587 5326 spiraculum
1643 5271 2032 5330 denoniinatur

478 5328 617 5387 Nam
668 5346 721 5390 ct
757 5354 985 5410 magnus
1007 5348 1363 5416 Athanasius,
1408 5356 1460 5409 in
1495 5358 1635 5411 Ιιιιι·ο
1670 5363 1763 5427 qui
1796 5363 2052 5421 inscribi-

478 5434 570 5478 tur
603 5444 616 5456 ·
670 5426 1015 5498 chrehemio
1065 5441 1447 5500 simulationis'
1482 5447 1679 5505 Me'etii
1736 5469 1782 5507 et
1842 5455 2055 5513 Eusebii

478 5515 664 5615 dixit:
704 5540 723 5572 ι
765 5522 881 5577 Non
938 5532 1213 5591 natiritati
1268 5541 1444 5593 sancti
1486 5541 1723 5611 Spiritus
1772 5553 2049 5615 processio

478 5610 839 5680 assimiiatur,
885 5621 979 5675 sed
1006 5624 1313 5693 spiraculo,
1352 5636 1494 5703 quod
1530 5638 1861 5704 spiraculum
1892 5648 2049 5712 quasi

596 5800 613 5827 ‘
657 5797 757 5851 Joh
789 5817 984 5868 utut,
1026 5808 1065 5860 ί,

2170 5098 2248 5152 De
2282 5100 2485 5166 Spiritu
2511 5116 2696 5177 sancto
2729 5122 2739 5133 '
2782 5126 2800 5158 ι
2842 5106 3079 5177 Spiritus
3104 5112 3225 5176 iste,
3263 5114 3457 5184 inquit,
3491 5122 3736 5184 spiracu-

2166 5189 2276 5244 lum
2307 5190 2567 5249 Filii‘est.
2605 5214 2621 5245 ι
2663 5196 2717 5250 Si
2754 5199 2917 5268 igitur
2949 5200 3185 5269 Spiritus
3219 5205 3441 5273 quidem
3483 5207 3732 5274 Filiiest,

2164 5294 2214 5338 et
2250 5286 2447 5339 dicitur
2470 5286 2705 5356 Spiritus
2730 5330 2743 5351 ,
2801 5293 3137 5361 spiraculum
3172 5308 3380 5363 autem,
3411 5311 3463 5354 et
3498 5299 3735 5370 Spiritus

2166 5377 2306 5431 idem
2340 5386 2445 5442 est;
2486 5380 2825 5446 spiraculum
2882 5400 3009 5439 vere
3045 5388 3307 5455 spirantis
3339 5402 3452 5455 cst;
3503 5395 3734 5449 manife-

2162 5478 2304 5521 stum
2353 5477 2458 5531 est,
2488 5468 2749 5535 Spiritum
2783 5484 3032 5528 sanctum
3086 5481 3151 5531 ad
3186 5477 3409 5545 Filium,
3462 5486 3618 5551 quasi
3659 5489 3725 5539 ad

2162 5556 2513 5623 iiispiraiitcm
2554 5558 2765 5611 referri.
2797 5558 2929 5614 Nam
2957 5563 3001 5615 si
3038 5565 3373 5632 spiraculum
3399 5570 3571 5638 ipsius
3600 5580 3684 5626 est
3711 5614 3726 5637 ,

2162 5655 2396 5704 constat.
2436 5648 2561 5716 quia
2599 5649 2667 5702 ab
2703 5665 2768 5705 eo
2806 5652 3130 5723 inspiratur,
3170 5659 3395 5730 ipseque
3450 5664 3731 5734 inspirans
