4462 6440
769 391 838 451 53
2024 389 2418 449 MANllELfS
2453 391 2762 451 CALECdi
3923 403 4000 462 'st

769 507 872 550 est.
918 496 1261 564 Spiraculum
1315 495 1534 564 quippe.
1584 503 1641 548 ut
1685 495 1954 565 diximus,
1999 511 2028 549 a
2081 497 2561 565 spirattdersse
2619 501 2822 554 audiet.
2875 491 3000 568 ipsa
3059 503 3221 573 igitur
3280 519 3507 571 persona
3571 506 3826 572 Spiritus,
3886 513 3999 564 sive

772 586 1179 640 denominatum
1211 595 1314 640 est.

842 677 1106 741 Quoniam
1139 691 1264 727 vero
1316 676 1646 742 Spiraculum
1699 678 1788 730 Dei
1850 677 2050 730 dicitur
2102 677 2340 744 Spiritus

773 776 1017 825 sanctus,
1073 780 1213 818 unus
1261 776 1440 818 autem
1497 767 1636 820 Deus
1684 777 1768 820 est
1818 766 1974 820 Pater
2036 776 2089 821 et
2124 766 2335 831 Filius;

772 856 970 924 quippe
1002 857 1126 907 dum
1161 870 1267 908 una
1293 857 1530 909 essentia
1567 857 1659 922 sit,
1687 868 1897 911 servata
1935 858 2109 911 solum
2146 873 2339 926 perso—

774 945 879 997 nali
911 944 1240 1006 diﬂ'erentia,
1276 960 1380 1014 qua
1415 945 1554 999 alius
1589 948 1783 1015 gignit,
1821 958 1874 1000 et
1907 948 2048 1001 alius
2077 949 2338 1016 gignitur,

775 1045 1031 1103 totusque
1063 1050 1127 1088 ex
1153 1044 1265 1088 toto
1297 1036 1534 1104 Spiritus
1569 1047 1794 1090 sanctus
1823 1037 2090 1091 asseritur
2119 1054 2132 1090 :
2161 1053 2342 1107 neque

775 1127 920 1178 aliud
971 1135 1058 1179 est
1109 1133 1256 1180 totus
1303 1125 1484 1189 Pater,
1525 1127 1670 1180 aliud
1723 1137 1870 1181 totus
1917 1128 2110 1190 Filius,
2165 1144 2342 1199 neque

773 1217 1078 1277 dissonum,
1125 1225 1338 1269 constat
1373 1218 1500 1284 quia
1549 1220 1706 1271 Pater
1771 1228 1824 1272 et
1870 1218 2043 1272 Filius
2074 1235 2215 1274 unus
2260 1230 2345 1274 est

774 1308 990 1374 spirans
1020 1316 1268 1360 sanctum
1297 1306 1586 1375 Spiritum,
1620 1322 1854 1376 quorum
1890 1310 1980 1363 ille
2005 1312 2339 1378 spiraculum

773 1408 877 1451 est.
917 1395 1070 1451 Unde
1096 1408 1150 1452 et
1180 1401 1478 1467 productor
1523 1414 1618 1466 per
1655 1400 1889 1456 Verbum
1926 1401 2109 1455 dictus
2142 1413 2246 1456 est.

847 1487 1082 1540 Sanctus
1128 1502 1347 1556 quoque
1396 1488 1733 1554 Epiphanius
1784 1490 1836 1542 in
1890 1505 1954 1543 eo
1989 1491 2147 1555 libro,
2181 1505 2341 1560 quem

777 1575 1053 1641 inscripsit
1089 1575 1382 1627 Anc/raram
1417 1574 1806 1645 [Anc-oratum],
1861 1578 1942 1630 sic
1990 1578 2063 1630 ait
2099 1595 2112 1629 :
2142 1597 2158 1627 ι
2187 1578 2346 1631 Pater

773 1674 892 1717 erat
936 1680 1170 1734 semper,
1226 1673 1277 1720 et
1330 1663 1500 1720 Filius
1558 1675 1679 1719 erat
1727 1681 1966 1735 semper,
2004 1677 2059 1722 et
2109 1668 2346 1732 Spiritus

775 1767 1000 1808 sanctus
1054 1769 1266 1822 semper
1299 1768 1363 1807 ex
1401 1754 1558 1808 Patre
1595 1755 1764 1824 spirat
1816 1756 2056 1810 erFilio.
2087 1776 2105 1808 ι
2145 1758 2342 1812 Verum

774 1848 1074 1911 enimvero,
1109 1857 1167 1900 ut
1203 1862 1450 1917 germen,
1478 1857 1531 1902 ct
1561 1847 1732 1902 Filius
1766 1849 1907 1904 idem
1939 1860 2045 1916 est,
2075 1862 2127 1905 et
2165 1850 2338 1921 Spiri-

777 1950 882 2004 tus,
917 1949 972 1993 et
1019 1940 1164 2009 quod
1207 1941 1463 2008 spiratur.
1515 1942 1680 2012 Atqui
1729 1943 2023 2009 productor
2060 1957 2155 2009 per
2188 1957 2247 1997 se
2277 1944 2342 1998 ad

775 2034 1102 2099 productum
1139 2033 1376 2096 dicitur;
1412 2048 1543 2102 ergo
1590 2042 1644 2086 ει
1677 2033 1744 2086 ad
1795 2031 2060 2101 Spiritum
2104 2031 2340 2087 dicetur.

776 2129 983 2192 Itaque,
1033 2125 1194 2194 cujus
1229 2135 1312 2178 est
1344 2125 1582 2193 Spiritus
1616 2133 1669 2178 et
1723 2124 1792 2178 ab
1826 2140 1891 2178 eo
1936 2125 2260 2193 inspiratur,
2292 2134 2345 2178 et

774 2218 838 2268 ad
872 2217 1022 2269 illum
1069 2217 1300 2270 relative
1332 2218 1552 2270 dicitur.
1589 2216 1665 2269 Ex
1704 2217 1901 2283 quibus
1939 2218 2065 2270 item
2102 2226 2342 2280 constat,

777 2308 1035 2376 quoniam
1065 2335 1067 2337 ι
1097 2307 1337 2377 Spiritus
1389 2308 1614 2362 relative
1669 2305 1787 2360 Filii
1850 2306 2088 2376 Spiritus
2121 2308 2347 2362 dicitur.

773 2401 1041 2465 Quocirca
1078 2411 1130 2454 et
1160 2401 1262 2454 hoc
1293 2401 1359 2454 ad
1395 2400 1782 2454 insinuandam
1817 2401 1934 2468 ejus
1977 2400 2340 2455 substantiam

774 2489 1042 2561 sufﬁcere,
1090 2508 1321 2562 magnus
1375 2492 1553 2562 inquit
1606 2490 1861 2546 Basilius.
1907 2490 2022 2546 Nisi
2068 2492 2215 2545 enim
2271 2492 2379 2545 ita'

774 2598 942 2650 esset,
968 2602 1087 2641 cum
1121 2587 1389 2655 Spiritum
1418 2585 1678 2649 dicimus,
1706 2585 1759 2638 in
1802 2600 1963 2638 unam
2000 2594 2201 2638 sanctae
2225 2581 2349 2638 Tri-

777 2680 966 2732 nitatis
1002 2693 1294 2746 personam
1346 2678 1607 2745 cogitatio
1635 2692 1744 2730 non
1794 2686 2121 2742 recurreret,
2156 2678 2246 2731 sed
2290 2678 2343 2730 in

777 2786 947 2824 unum
981 2771 1168 2823 Deum.
1209 2769 1273 2823 Et
1309 2770 1448 2823 Deus
1476 2770 1621 2823 enim
1661 2768 1911 2822 absolute
1940 2767 2178 2836 Spiritus
2208 2769 2345 2823 dici-

776 2877 882 2928 tur,
917 2872 1078 2930 atque
1119 2864 1190 2917 ita
1241 2877 1414 2931 neque
1459 2863 1702 2914 Trinitas
1757 2871 1902 2914 esset
1971 2860 2133 2924 Deus,
2171 2877 2346 2930 neque

775 2972 874 3010 nos
908 2957 1144 3024 propriis
1191 2972 1311 3009 eam
1362 2953 1673 3007 nominibus
1716 2954 2127 3010 confiteremur.
2169 2967 2343 3020 neque

776 3051 828 3103 in
862 3048 1247 3116 cogitationem
1289 3047 1450 3101 trium
1481 3059 1842 3116 personarum
1876 3044 2294 3099 adduceremur.

845 3163 1150 3216 Attcstatur
1180 3169 1362 3214 autem
1416 3161 1497 3213 his
1535 3169 1590 3213 et
1625 3169 1847 3214 sanctus
1903 3159 2242 3225 Augustinus
2288 3156 2340 3208 in
2373 3138 2414 3196 (ἶ

776 3255 911 3308 libro
939 3270 966 3305 v
1002 3253 1077 3307 De
1127 3252 1417 3315 Trinitate,
1475 3251 1550 3304 ita
1608 3250 1798 3305 dicens
1833 3265 1846 3300 :
1890 3269 1907 3300 ι
1947 3249 2179 3316 Spiritus
2215 3260 2343 3299 vero

774 3353 998 3398 sanctus
1020 3343 1318 3396 secundum
1350 3341 1423 3403 id,
1457 3338 1604 3408 quod
1630 3338 1898 3407 scriptum
1927 3347 2046 3400 est,
2080 3336 2342 3405 quoniam

779 3435 918 3488 Deus
943 3434 1179 3502 Spiritus
1212 3443 1314 3488 est.
1343 3438 1520 3500 potest
1553 3429 1773 3499 quidem
1811 3427 2190 3482 universalitcr
2218 3425 2344 3492 dici,

776 3527 902 3592 quia
967 3536 1019 3577 et
1059 3524 1214 3577 Pater
1245 3523 1508 3590 Spiritus,
1559 3529 1614 3574 et
1651 3520 1820 3574 Filius
1863 3518 2122 3587 Spiritus.
2159 3516 2348 3584 itaque

776 3628 826 3668 et
883 3617 1040 3669 Pater
1086 3623 1335 3676 sanctus,
1390 3621 1443 3665 et
1496 3611 1670 3664 Filius
1717 3622 1963 3672 sanctus,
2014 3617 2068 3661 et
2113 3609 2349 3678 Spiritus

777 3715 1022 3768 sanctus,
1078 3707 1340 3775 quoniam
1397 3718 1543 3757 unus
1601 3701 1802 3756 Deus:
1861 3709 1914 3754 et
1961 3701 2148 3773 utique
2203 3698 2348 3752 Dens

776 3809 1002 3854 sanctus
1034 3808 1136 3863 est,
1171 3807 1225 3851 et
1271 3797 1413 3850 Deus
1451 3795 1692 3862 Spiritus
1725 3802 1829 3859 cst,
1874 3802 1927 3845 et
1964 3800 2142 3860 potest
2172 3790 2352 3860 appel-

776 3894 874 3945 lari
909 3892 1173 3955 Trinitas,
1223 3899 1272 3944 et
1310 3889 1549 3958 Spiritus
1587 3893 1835 3940 sanctus.
1890 3884 1995 3938 Sed
2033 3892 2215 3937 tamen
2263 3882 2350 3936 ille

778 3984 1016 4052 Spiritus
1043 3993 1265 4038 sanctus
1299 3981 1390 4051 qui
1434 3995 1540 4036 non
1577 3978 1841 4042 Trinitas,
1871 3977 1962 4032 sed
2002 3977 2054 4030 in
2085 3975 2350 4030 Trinitate

778 4079 1118 4148 intelligitur,
1176 4077 1227 4129 in
1284 4091 1371 4140 eo,
1425 4076 1568 4142 quod
1608 4072 1828 4142 proprie
1878 4070 2076 4125 dicitur
2114 4068 2349 4139 Spiritus

777 4179 1022 4229 sanctus,
1078 4167 1302 4220 relative
1358 4165 1578 4227 dicitur,
1643 4178 1766 4217 cum
1816 4161 1882 4215 ad
1932 4161 2146 4214 Patrem
2199 4169 2252 4212 et
2281 4159 2347 4213 ad

776 4255 972 4314 Filium
1024 4261 1287 4324 refertur;
1342 4259 1469 4327 quia
1523 4254 1762 4325 Spiritus
1813 4261 2058 4319 sanctus,
2091 4261 2146 4306 et
2175 4250 2350 4305 Patris

776 4365 827 4407 ct
854 4353 976 4406 Filii
1012 4353 1248 4421 Spiritus
1277 4360 1383 4404 est.
1423 4367 1440 4399 ι

846 4467 1159 4534 Theologus
1207 4467 1332 4518 item
1385 4463 1682 4532 Gregorius
1729 4461 1801 4514 ait

776 4561 842 4613 ad
891 4560 1214 4612 alterutrum
1255 4555 1472 4609 habitus
1515 4554 1926 4617 differentiam;
1983 4549 2347 4606 differentiam

775 4652 934 4705 etiam
968 4651 1185 4704 illorum
1231 4647 1650 4716 appellationem
1694 4645 1984 4707 effecisse;
2021 4652 2079 4696 ut
2118 4642 2349 4702 scilicet,

775 4746 918 4799 alius
950 4744 1170 4812 quidem
1210 4741 1406 4805 Filius,
1443 4741 1583 4794 alius
1614 4738 1853 4809 Spiritus
1885 4745 2112 4792 sanctus
2143 4737 2351 4790 dicere-

775 4845 887 4889 tur.
931 4853 949 4885 ι

847 4947 956 5001 Sed
1002 4957 1056 5000 et
1086 4944 1384 5014 Gregorius
1420 4942 1700 5013 Nyssenus
1744 4939 1820 4994 ait
1851 4955 1865 4992 :
1902 4957 1920 4989 ι
1957 4937 2131 4990 Filius
2172 4945 2349 4990 autem

776 5051 1006 5097 sanctus
1036 5039 1279 5109 Spiritus
1313 5052 1494 5106 neque
1525 5046 1629 5100 est,
1682 5048 1858 5103 neque
1903 5033 2122 5091 dicitur,
2178 5046 2355 5098 neque

771 5135 1118 5190 convertitur
1195 5132 1414 5188 habitus
1486 5130 1588 5184 ista
1671 5126 2087 5196 consequentia.
2154 5142 2173 5175 ι
2249 5122 2350 5177 Ubi

773 5243 906 5282 vero
959 5227 1182 5280 habitus
1233 5237 1353 5290 est,
1422 5234 1476 5278 et
1538 5222 1861 5276 relationem
1931 5217 2176 5288 profectu
2231 5231 2353 5270 esse

773 5329 1012 5374 constat.

846 5435 1003 5500 Quod
1039 5435 1082 5488 si
1115 5435 1238 5503 quis
1267 5433 1580 5493 εοηδειιιιει,
1615 5447 1676 5486 ac
1705 5431 1945 5499 Spiritus
1975 5446 2173 5485 nomen
2210 5431 2353 5484 inter

774 5545 859 5594 ea,
946 5545 1065 5598 qua:
1120 5529 1398 5592 dicuntur,
1465 5530 1531 5579 ad
1597 5527 1822 5596 aliquid,
1871 5540 2073 5594 ponere
2127 5525 2352 5579 omnino

775 5628 1007 5686 renuat,
1046 5621 1282 5688 primum
1317 5619 1561 5687 quidem,
1585 5627 1782 5684 przeter
1806 5631 2021 5669 onmem
2060 5615 2352 5678 rationem,

781 5717 1112 5784 Patrumque
1148 5715 1447 5768 sententias
1483 5713 1686 5766 sentire
1737 5727 1793 5764 se
1835 5710 2069 5764 noverit.
2153 5709 2351 5762 Deinde

784 5810 943 5865 nobis
980 5823 1085 5863 non
1113 5807 1178 5862 de
1208 5808 1449 5871 nomine,
1474 5806 1566 5862 scd
1594 5805 1659 5860 de
1688 5820 1744 5859 re
1775 5804 2011 5857 maxime
2042 5815 2350 5856 sermonem

2440 591 2790 655 productum,
2851 591 2964 645 sive
3022 594 3270 662 spiritus,
3332 596 3446 647 sive
3501 597 3821 664 procedens,
3884 597 4000 650 sive

2439 678 2648 744 aliquid
2706 679 2852 733 aliud
2921 682 3155 744 dicatur,
3208 682 3494 737 Trinitatis
3553 685 3712 742 tertia
3766 700 3998 749 persona

2438 767 2611 822 Patris
2637 778 2682 821 et
2719 769 2838 822 Filii
2866 785 2985 824 esse
3008 771 3228 834 dicitur,
3266 782 3320 827 et
3349 774 3412 826 ad
3446 773 3658 826 Patrem
3717 785 3768 827 et
3800 774 3996 828 Filium

2440 857 2688 910 refertur.
2743 858 2799 910 In
2854 859 3054 912 divinis
3092 869 3289 917 autem
3348 864 3633 929 personis,
3690 865 3831 932 quod
3883 879 4002 917 esse

2441 948 2672 1016 alicujus
2700 949 2922 1011 dicitur,
2952 962 3040 1002 aut
3071 966 3136 1004 ex
3172 951 3265 1003 illo
3293 962 3397 1016 est,
3427 963 3519 1005 aut
3554 969 3716 1006 causa
3747 963 3830 1014 est
3859 956 4000 1024 ejus,

2439 1038 2599 1105 cujus
2628 1053 2749 1093 esse
2794 1040 3015 1093 dicitur.
3053 1039 3206 1093 Nulla
3243 1042 3387 1094 enim
3422 1044 3524 1094 alia
3559 1044 3668 1099 illic
3697 1045 4002 1098 differentia

2442 1138 2545 1188 est,
2605 1136 2800 1194 pratter
2870 1129 3187 1182 relationem
3249 1145 3369 1197 quae
3434 1133 3730 1186 secundum
3782 1149 4003 1186 causam

2441 1216 2658 1270 causale
2726 1225 2828 1270 est.
2909 1218 3085 1270 Aliter
3159 1219 3306 1272 enim
3379 1233 3483 1273 non
3555 1229 3700 1273 esset
3765 1221 4006 1275 Trinitas

2443 1307 2608 1360 Deus.

2512 1420 2665 1484 Quod
2711 1431 2892 1474 autem
2937 1437 2965 1474 a
3010 1423 3337 1489 quibusdam
3388 1423 3643 1480 infertur.
3675 1433 3732 1475 ut
3777 1425 4008 1480 dicant:

2450 1530 2467 1560 ι
2507 1509 2642 1573 Quia
2695 1520 2748 1563 et
2795 1511 2961 1579 janua
3019 1513 3217 1568 domus
3268 1515 3489 1575 dicitur,
3540 1526 3593 1567 et
3649 1515 3808 1577 Dens,
3867 1514 4008 1567 Deus

2446 1612 2652 1666 noster,
2686 1602 2777 1656 sed
2826 1617 3001 1672 neque
3027 1605 3195 1672 janua
3223 1621 3284 1658 ex
3319 1606 3505 1670 domo,
3541 1622 3719 1673 neque
3756 1623 3817 1659 ex
3853 1607 4008 1660 nobis

2445 1693 2609 1757 Deus,
2639 1693 2853 1760 penitus
2880 1694 3178 1748 absurdum
3219 1706 3271 1748 et
3302 1696 3510 1749 fcedum
3558 1705 3664 1749 est.
3705 1715 3721 1746 ι
3767 1695 4007 1748 Primum

2444 1785 2589 1838 enim
2636 1786 2689 1839 in
2732 1787 2934 1840 divinis
2985 1787 3233 1853 personis
3277 1788 3450 1842 solum
3512 1789 3749 1856 dignitas
3798 1787 4002 1841 servari

2450 1875 2673 1938 dicitur,
2715 1886 2794 1939 ut,
2841 1876 2986 1944 quod
3029 1877 3259 1943 alicujus
3298 1877 3519 1940 dicitur,
3566 1885 3660 1929 aut
3695 1893 3758 1929 ει
3795 1877 3885 1930 illo
3917 1877 4008 1938 sit,

2451 1975 2544 2036 aut
2583 1981 2748 2019 causa
2795 1967 2914 2035 ejus
2962 1981 3108 2030 esse,
3155 1967 3311 2034 cujus
3356 1967 3574 2028 dicitur,
3629 1967 4006 2035 intelligatur:

2449 2058 2893 2125 quandoquidem
2933 2058 3041 2111 illic
3078 2058 3222 2110 nulla
3253 2066 3334 2111 est
3363 2060 3465 2110 alia
3488 2057 3810 2111 diﬂ‘erentia.
3833 2057 4012 2125 Neque

2448 2150 2590 2202 enim
2627 2158 2684 2201 ut
2733 2149 3060 2210 membrum,
3099 2159 3192 2202 aut
3224 2165 3372 2217 pars.
3425 2159 3515 2202 aut
3567 2149 4010 2214 instrumentum,

2448 2254 2538 2291 aut
2574 2240 2872 2306 possessio,
2906 2249 2999 2292 aut
3031 2241 3447 2308 quomodolibet
3477 2240 3655 2300 aliter,
3687 2253 3740 2293 ut
3772 2241 3826 2293 in
3859 2254 4012 2293 crea-

2449 2331 2588 2384 turis
2636 2331 2714 2392 fit,
2754 2334 2854 2384 hoc
2892 2332 3056 2400 hujus
3091 2332 3311 2386 dicitur.
3347 2333 3547 2385 Deinde
3572 2331 3769 2385 dicitur
3786 2333 4010 2401 quidem

2453 2424 2616 2484 Deus,
2662 2424 2800 2476 Deus
2855 2423 3148 2488 Abraham,
3181 2432 3234 2478 ct
3286 2424 3461 2485 Isaac,
3497 2434 3551 2477 et
3600 2423 3866 2488 omnium,
3918 2423 4013 2476 sed

2443 2516 2711 2585 justorum
2759 2515 2998 2584 quidem,
3039 2525 3096 2568 ut
3151 2519 3359 2569 mansio
3420 2526 3472 2568 et
3515 2532 3657 2569 sors.
3715 2515 4015 2570 Harcditas

2448 2608 2590 2662 enim
2653 2617 2970 2662 sanctorum
3042 2607 3181 2660 Deus
3236 2617 3352 2670 est;
3416 2617 3793 2660 creaturarum
3859 2621 4010 2669 vero,

2449 2706 2883 2766 ceterorumque
2919 2699 3266 2766 simpliciter,
3295 2708 3350 2750 ut
3377 2707 3612 2762 creator,
3641 2704 3695 2750 et
3728 2696 4013 2761 Dominus,

2451 2801 2790 2855 suorumque
2816 2765 3216 2856 providentiam
3248 2802 3456 2855 gerens.

2516 2899 2593 2952 Ex
2624 2914 2733 2967 quo
2762 2897 2954 2971 liquet,
2989 2915 3054 2953 ne
3088 2901 3140 2952 in
3174 2899 3278 2953 hoc
3305 2901 3522 2969 quidem
3557 2901 3744 2955 deesse
3768 2900 4012 2954 ordinem

2447 2995 2747 3047 secundum
2783 3008 2842 3045 ea
2868 3008 2988 3058 quae
3018 2994 3277 3046 dicuntur
3299 2993 3379 3046 Ad
3401 2994 3630 3061 aliquid.
3660 2995 4016 3050 Animadver-

2451 3085 2583 3138 titur
2629 3084 2674 3138 is
2713 3084 2851 3138 ordo
2887 3085 3189 3142 secundum
3237 3085 3290 3140 id
3339 3087 3483 3155 quod
3532 3086 3741 3156 perlicit
3774 3093 3826 3140 et
3871 3088 4013 3157 quod

2450 3178 2751 3246 perficitur,
2783 3178 3041 3246 quodque
3078 3180 3217 3246 regit
3247 3187 3300 3232 et
3331 3181 3476 3247 quod
3508 3180 3732 3247 regitur.
3784 3180 4018 3249 Ideoque

2450 3283 2623 3337 neque
2656 3268 2898 3336 Spiritus
2930 3268 3227 3321 secundum
3262 3269 3602 3336 pcrsonaiem
3635 3269 4013 3338 proprietatem

2449 3374 2629 3425 suam,
2684 3369 2948 3412 creaturae
3019 3358 3252 3427 Spiritus
3302 3361 3520 3434 dicitur,
3572 3361 3665 3414 sed
3719 3362 4012 3416 secundum

2450 3450 2592 3519 quod
2645 3450 2788 3503 Deus
2825 3467 2966 3504 unus
3001 3461 3084 3505 est
3128 3466 3250 3504 cum
3289 3451 3446 3505 Patre
3478 3461 3531 3504 et
3577 3451 3739 3516 Filio,
3767 3453 4014 3506 sanctifi-

2449 3554 2606 3602 cans,
2662 3548 2828 3607 atque
2882 3539 3194 3607 inspirans,
3239 3550 3332 3593 aut
3383 3540 3542 3594 aliter
3589 3557 3684 3596 eos
3729 3543 3819 3609 qui
3870 3543 4016 3615 digiti

2451 3641 2597 3693 sunt,
2629 3631 2879 3685 meliores
2915 3630 3171 3692 efficiens,
3200 3641 3362 3699 atque
3394 3647 3488 3686 eos
3519 3632 3766 3686 visitans.

2523 3741 2812 3807 Praterea,
2868 3744 3128 3811 quoniam
3181 3744 3476 3812 productor
3527 3760 3650 3798 eum
3708 3747 3779 3798 sit
3829 3760 4016 3798 eorum

2451 3851 2571 3901 quae
2625 3836 2706 3888 Ad
2764 3837 2968 3905 aliquid
3019 3836 3303 3898 dicuntur,
3349 3836 3415 3890 ad
3475 3837 3761 3905 solumque
3808 3838 4020 3892 dicatur

2454 3927 2739 3994 Spiritum,
2801 3934 3019 3980 constat
3048 3936 3101 3979 et
3135 3925 3397 3995 Spiritum
3426 3941 3491 3980 ex
3528 3927 3616 3980 liis
3651 3942 3777 3995 qua:
3803 3927 3878 3978 Ad
3915 3925 4020 3978 ali-

2450 4023 2573 4089 quid
2605 4019 2866 4074 dieuntur
2907 4033 3050 4082 esse,
3083 4029 3246 4086 atque
3289 4018 3356 4070 ad
3390 4019 3566 4072 solum
3598 4019 3789 4072 referri
3824 4019 4024 4087 produ-

2453 4122 2680 4166 ctorem.
2733 4110 2870 4164 Nam
2908 4111 2955 4168 si
3009 4109 3162 4177 quid,
3207 4110 3510 4166 secundum
3567 4109 3715 4178 quod
3757 4109 4020 4177 ejusmodi

2452 4212 2557 4266 cst,
2593 4202 2658 4255 ad
2691 4201 2836 4254 aliud
2874 4201 3077 4268 aliquid
3109 4201 3605 4266 dicitur,.constat,
3638 4201 3763 4268 quia
3800 4212 3854 4253 et
3894 4201 4023 4254 illud

2453 4295 2518 4347 ad
2550 4297 2808 4362 primum,
2830 4293 2990 4361 quasi
3019 4292 3084 4344 ad
3111 4290 3315 4360 aliquid
3341 4291 3563 4345 dicitur.
3587 4291 3642 4344 Si
3670 4291 3813 4344 enim
3838 4291 4023 4353 homo,

2455 4387 2756 4442 secundum
2783 4385 2928 4455 quod
2970 4384 3254 4449 Dominus,
3299 4383 3363 4436 ad
3414 4383 3579 4435 alium
3623 4382 3858 4449 aliquem
3887 4381 4026 4433 dici-

1847 4478 1861 4514 ε
1906 4477 1924 4511 ί
1964 4456 2344 4524 Εηὶθηθιίοηίε
2373 4467 2422 4528 D
2451 4492 2556 4542 tur,
2583 4489 2636 4532 et
2661 4479 2754 4532 ille
2786 4486 2846 4530 ut
2873 4491 3069 4530 servus
3094 4475 3160 4527 ad
3194 4490 3318 4527 cum
3354 4472 3609 4525 referetur

2263 4458 2344 4513 "i3
2373 4467 2422 4528 D
2451 4492 2556 4542 tur,
2583 4489 2636 4532 et
2661 4479 2754 4532 ille
2786 4486 2846 4530 ut
2873 4491 3069 4530 servus
3094 4475 3160 4527 ad
3194 4490 3318 4527 cum
3354 4472 3640 4533 referetur,
3664 4472 3808 4540 quod
3836 4487 4025 4542 servus

2453 4583 2508 4627 et
2559 4572 2818 4625 dominus
2863 4569 2927 4621 ad
2964 4569 3288 4621 alterutrum
3341 4579 3554 4636 semper
3600 4564 3826 4616 rclativa
3881 4562 4021 4622 sint,

2456 4664 2557 4718 hoc
2609 4663 2788 4727 ipsum
2845 4668 2899 4712 et
2935 4659 2988 4712 in
3025 4659 3300 4720 omnibus,
3339 4671 3458 4725 quze
3501 4655 3656 4722 quasi
3695 4655 3776 4705 Ad
3824 4652 4027 4719 aliquid

2455 4771 2512 4809 se
2541 4755 2606 4808 al
2641 4755 2872 4807 invicem
2905 4751 3124 4805 habent.
3146 4749 3316 4816 Cujus
3342 4762 3473 4815 ergo
3504 4746 3764 4814 Spiritus,
3793 4744 4028 4812 Spiritus

2455 4857 2560 4910 cst,
2605 4847 2694 4900 ille
2728 4845 3028 4915 productor
3060 4851 3168 4903 est,
3208 4840 3556 4909 Spiritusque
3604 4838 3670 4891 ad
3713 4853 3836 4889 cum
3873 4838 4029 4900 cujus

2453 4949 2540 4995 est
2576 4937 2833 5006 Spiritus,
2865 4937 3021 5005 quasi
3069 4935 3133 4987 ad
3181 4933 3568 5002 productorem
3606 4927 3862 4982 refertur.
3908 4929 4028 5000 Spi-

2454 5036 2595 5089 ritus
2628 5041 2812 5087 autem
2842 5030 2966 5084 Filii
2996 5028 3237 5098 Spiritus
3268 5026 3507 5085 dicitur;
3542 5023 3710 5104 Filius
3746 5035 3874 5089 ergo
3901 5036 4028 5088 pro-

2456 5127 2652 5179 ductor
2686 5122 2862 5178 sancti
2903 5120 3144 5188 Spiritus
3173 5127 3276 5180 est,
3329 5128 3381 5171 et
3435 5117 3652 5184 spirans
3693 5114 3870 5181 ipsum
3923 5123 4026 5165 est.

2457 5217 2693 5283 Ideoque
2727 5227 3020 5281 processus
3047 5210 3198 5264 illius
3228 5208 3505 5278 spiraculo
3538 5206 3897 5266 assimilatur,
3922 5213 3972 5256 et
4001 5216 4027 5253 a

2458 5308 2716 5379 spirando
2742 5305 3124 5360 denominatus
3157 5313 3258 5366 est,
3306 5309 3359 5355 et
3396 5299 3730 5368 spiraculum
3773 5295 3893 5349 Filii
3933 5309 4030 5361 ap-

2457 5403 2690 5472 pellatus
2727 5408 2830 5452 est.
2863 5399 2937 5450 Ae
2966 5397 3118 5467 juxta
3157 5402 3408 5449 sanctum
3447 5389 3830 5461 Epiphaniam,
3864 5386 4033 5456 Spiri-

2460 5507 2545 5551 tus
2578 5511 2645 5550 ex
2679 5493 2838 5547 Patre
2869 5491 3039 5559 spirat
3071 5498 3122 5542 et
3157 5487 3316 5541 Filio.

2529 5609 2794 5662 Praeterea
2832 5604 3065 5659 Basilius
3096 5604 3148 5656 in
3195 5602 3345 5655 libris
3382 5605 3574 5651 contra
3624 5594 3947 5678 Eunomipm
3981 5600 4033 5641 et

2464 5703 2648 5756 Arium
2684 5718 2696 5753 :
2729 5719 2745 5751 t
2776 5698 3033 5768 Spiritus,
3064 5695 3262 5766 inquil,
3297 5693 3360 5745 ad
3398 5691 3608 5744 Patrem
3646 5685 4029 5756 proprietatem

2464 5795 2727 5864 intelligo,
2749 5793 2873 5863 quia
2907 5789 3151 5870 procedit
3184 5803 3246 5843 ex
3276 5785 3459 5840 Patre.
3488 5783 3565 5837 Ad
3597 5780 3790 5836 Filium
3826 5784 4028 5837 autem,
