4462 6440
462 401 539 462 65

1553 396 1949 454 ΑΙἎἘῘῊῸΞ
1991 395 2303 454 GRAECOS
2346 397 2488 457 LIB.
2537 398 2607 456 ll.

3625 400 3690 459 66

471 513 732 578 quoniam
764 510 959 563 audio:
991 509 1046 563 Si
1074 511 1189 578 quis
1228 507 1482 563 Spiritum
1514 510 1709 563 Chriin
1743 509 2035 571 ituri/iubet,
2071 517 2109 571 Α
2142 509 2605 561 consubstantiale
2665 508 2837 575 ipsum
2914 508 3283 575 principaliter
3339 508 3682 576 signiﬁcaret.

473 604 555 653 hic
584 620 687 654 non
715 611 788 653 est
827 602 937 669 ejus
965 604 1007 652 ’.
1048 618 1065 649 ι
1234 660 1237 661 ν

548 690 817 755 Quoniam
855 690 1020 756 igitur
1052 705 1156 742 non
1186 692 1357 759 magis
1383 692 1633 759 proprius
1657 691 1849 755 Patris,
1874 706 2033 760 quam

478 779 601 832 Filii
627 790 711 833 est
748 781 983 848 Spiritus
1010 791 1248 843 sanctus,
1268 782 1391 849 quia
1423 792 1504 836 est
1525 783 1708 836 eadem
1738 782 2034 835 subsrantia

480 868 660 922 Patris
730 879 784 922 ct
837 870 979 931 Filii,
1031 867 1266 939 Spiritus
1316 880 1492 924 artem
1551 872 1934 939 proprietatem
1970 869 2034 922 ad

480 960 694 1012 Patrem
754 961 835 1013 vir
888 969 1110 1015 sanans
1168 962 1439 1030 intelligit,
1498 962 1623 1030 quia
1678 964 1921 1031 procedit
1970 976 2033 1014 ex

482 1052 660 1108 Patre.
694 1053 1007 1105 necessario
1056 1064 1107 1106 ct
1156 1053 1220 1105 ad
1276 1053 1470 1105 Filium
1520 1055 1717 1121 [)I'Opl'it
1738 1064 1818 1109 tas
1848 1054 2034 1107 eadem

478 1141 689 1193 ratione
739 1142 1085 1211 intelligenda
1135 1152 1241 1196 est.
1274 1144 1462 1211 ltaque
1492 1144 1635 1211 quod
1674 1144 1872 1199 dicitur
1915 1146 2038 1214 Spi-

478 1232 621 1284 ritus
659 1231 890 1295 Christi,
929 1243 982 1285 et
1037 1234 1274 1302 Spiritus
1310 1232 1453 1296 Filii,
1493 1250 1555 1287 ex
1592 1250 1657 1288 eo
1696 1236 1866 1303 ipsum
1917 1252 2037 1290 esse

476 1324 861 1384 commendat;
918 1325 1152 1377 maxime
1187 1340 1306 1377 cum
1342 1328 1423 1377 vir
1470 1338 1689 1379 sanctus
1723 1328 2037 1393 praerniserit

477 1415 692 1475 dicens,
721 1415 785 1465 ad
819 1414 1211 1468 ostendendum
1244 1416 1389 1469 illius
1416 1417 1798 1479 substantiam,
1834 1433 1898 1470 ex
1930 1419 2037 1471 Deo

473 1518 620 1561 esse,
641 1503 690 1555 id
718 1505 982 1566 Sirﬁitcre,
1004 1508 1148 1573 quod
1181 1508 1382 1560 dicitur
1408 1526 1419 1562 :
1444 1504 1673 1574 Spiritus
1695 1510 1802 1563 oris
1832 1511 1973 1562 illius
1993 1510 2032 1564 '.

473 1592 581 1645 Sed
621 1605 673 1646 et
705 1594 756 1645 in
789 1595 1040 1663 capitulis
1084 1612 1299 1665 quoque
1332 1599 1396 1651 ad
1449 1600 1885 1667 Amphilochium
1917 1601 1991 1652 ait
2019 1619 2032 1656 :

466 1702 502 1735 ηι
539 1683 719 1752 Neque
759 1685 886 1738 hinc
921 1688 1095 1740 solum
1128 1698 1334 1741 natura:
1368 1691 1683 1743 carnmunio
1709 1691 2033 1751 ostenditur,

473 1775 571 1827 sed
602 1776 729 1841 quia
778 1776 939 1828 ctiam
972 1792 1036 1829 ex
1074 1776 1181 1829 Deo
1207 1792 1329 1830 esse
1361 1778 1582 1841 dicitur,
1622 1794 1728 1832 non
1757 1782 1913 1848 quasi
1944 1796 2036 1848 per

467 1867 656 1918 omnia
704 1882 768 1918 ex
826 1865 935 1920 Deo
980 1867 1255 1936 prodiens,
1305 1868 1397 1921 sed
1448 1869 1601 1930 quasi
1655 1868 1889 1937 Spiritus
1924 1871 2035 1923 oris

470 1956 661 2018 illius;
692 1957 815 2011 hinc
847 1957 1065 2024 quidem
1105 1959 1379 2012 insinuata
1408 1961 1755 2029 pr0prietate,
1782 1961 2036 2015 substan-

467 2050 560 2101 tia:
582 2063 711 2102 vero
735 2050 895 2103 modo
925 2051 1179 2104 ineffabili
1210 2061 1446 2106 serv-ato.
1479 2055 1544 2107 Et
1572 2052 1807 2122 Spiritus
1835 2063 2038 2119 autem,

482 2140 684 2208 inquit,
718 2141 841 2195 Filii
876 2143 1099 2208 dicitur,
1140 2145 1294 2213 quasi
1341 2145 1591 2216 proprius
1625 2146 1698 2199 illi
1748 2161 1841 2215 per
1879 2154 2035 2199 natu-

468 2245 612 2286 ram.
656 2250 674 2281 ο

547 2321 620 2373 Ex
678 2322 761 2376 his
821 2331 999 2376 autem
1059 2331 1295 2389 constat,
1352 2324 1477 2394 quia
1518 2340 1747 2395 magnus
1803 2325 2037 2381 Basilius

470 2413 859 2481 proprietatem
909 2414 962 2467 in
995 2414 1196 2469 divinis
1230 2419 1480 2485 personis
1508 2418 1690 2472 dicere
1723 2419 1855 2481 vult,
1894 2418 2037 2471 velut

466 2521 654 2559 causa:
717 2506 1065 2576 causalisque
1111 2512 1470 2565 consortium.
1518 2510 1669 2576 Quod
1711 2513 1853 2566 enim
1886 2499 2035 2573 dicit,

470 2598 581 2651 tale
608 2606 685 2651 est
716 2616 729 2651 :
764 2597 899 2651 Cum
929 2599 1187 2655 audimus
1217 2602 1477 2671 Spiritum
1508 2613 1752 2658 sanctum
1782 2613 1834 2658 et
1866 2603 2063 2673 Spiri-,

473 2700 591 2741 tum
644 2688 754 2743 oris
803 2689 920 2753 Dei,
974 2690 1324 2762 intelligimus
1374 2692 1549 2762 ipsum
1622 2695 1941 2747 naturaliter
1974 2709 2039 2747 ex

475 2780 588 2831 Deo
621 2796 758 2833 che.
796 2779 908 2834 lloc
935 2792 1018 2836 εει
1059 2783 1207 2835 enim
1243 2785 1584 2852 proprietas;
1631 2790 1850 2838 modum
1886 2799 2035 2848 vero,

472 2886 586 2938 quo
608 2886 671 2923 ex
704 2871 809 2923 Deo
832 2881 935 2931 est,
964 2873 1069 2925 hoc
1092 2884 1171 2925 cst
1192 2875 1484 2940 procedere
1504 2875 1679 2942 ipsum
1704 2877 2035 2944 ignoramus.

474 2960 591 3015 Etsi
630 2964 774 3016 enim
811 2963 976 3015 alium
1010 2963 1231 3031 quidem
1264 2964 1433 3034 gigni,
1476 2966 1642 3018 alium
1676 2982 1807 3021 vero
1848 2982 2039 3036 proce-

469 3052 628 3115 dere,
678 3067 840 3123 atque
878 3055 1043 3108 alium
1072 3057 1293 3124 quidem
1339 3058 1454 3111 sine
1498 3058 1675 3111 medio
1719 3075 1780 3112 ex
1826 3060 2034 3128 primo,

2137 596 2292 650 Nunc
2328 612 2458 650 vero
2487 597 2797 665 bujusmudi
2824 598 3204 663 proruit-tatem
3231 590 3687 651 consubstantiaii-

2136 689 2405 756 sequitur.
2444 686 2593 740 Sicut
2618 698 2669 739 ct
2704 687 2891 749 Filius,
2928 703 3121 739 nomen
3151 690 3445 740 secundum
3471 704 3536 741 se
3564 706 3686 753 qur-

2136 779 2256 831 dem
2320 794 2631 846 processum
2686 779 2916 845 alicujus
2968 794 3031 829 ex
3088 780 3271 846 aliquo
3309 780 3595 843 signiﬁcat,
3633 783 3684 830 in

2136 870 2323 921 eadem
2378 871 2577 934 specie,
2617 879 3012 936 consequenter
3050 885 3176 919 vero
3225 870 3683 921 consubstantial.;

2136 962 2322 1014 etiam.
2353 962 2505 1025 Quot
2541 962 2684 1012 enim
2724 962 2791 1013 ita
2830 960 3109 1026 processit,
3166 961 3480 1012 necessario
3525 961 3687 1012 etiam

2139 1053 2605 1106 consubstantiale
2663 1065 2764 1106 cit.
2807 1051 2920 1103 Non
2971 1052 3130 1118 igitur
3182 1051 3418 1117 Spiritus
3471 1061 3689 1103 sanctus

2137 1146 2392 1213 proprius
2448 1143 2569 1195 Filii
2622 1143 2915 1196 secundum
2967 1152 3213 1194 naturam
3252 1142 3540 1201 diceretur,
3588 1145 3688 1194 nisi

2138 1247 2233 1300 per
2265 1235 2439 1299 ipsum
2484 1235 2782 1299 procedens
2812 1231 3153 1290 naturaliter,
3188 1246 3275 1295 per
3317 1232 3491 1295 ipsum
3527 1230 3689 1280 etiam

2138 1324 2500 1377 Subslantiam
2537 1324 2774 1376 haberet.
2807 1322 2959 1386 Quod
2987 1324 3130 1373 enim
3160 1338 3222 1373 cx
3255 1321 3455 1386 ali-pro,
3485 1332 3572 1371 aut
3604 1338 3694 1387 ινιτ

2137 1414 2356 1481 aliquod
2403 1416 2699 1468 secundum
2752 1414 3089 1480 tequivucum
3130 1428 3440 1478 ιιι-υνυδτςυιιι
3494 1414 3692 1477 prodit,

2138 1517 2351 1570 unaque
2386 1520 2448 1555 ex
2488 1504 2577 1555 illo
2612 1518 2734 1555 esse
2769 1512 3127 1563 monstratur,
3168 1516 3193 1551 a
3227 1515 3335 1568 quo
3369 1511 3418 1551 et
3455 1501 3694 1567 propriu-

2139 1603 2219 1645 tas
2247 1594 2476 1646 maxime
2497 1594 2694 1654 elucet,
2720 1604 2771 1643 et
2797 1593 3260 1644 cmrsubstantiale
3279 1602 3691 1657 consequenter,

2136 1682 2492 1751 ejusdemque
2520 1684 2717 1753 speciei
2750 1684 3171 1736 demonstratur.

2212 1775 2418 1827 Idcirco
2444 1789 2670 1843 magnus
2700 1788 2916 1841 quoque
2970 1772 3201 1825 Basilius
3232 1772 3357 1823 hinc
3395 1772 3693 1838 proprieta-

2142 1876 2247 1919 tem
2279 1864 2541 1918 insinuari
2574 1865 2733 1926 dixit,
2757 1864 2884 1932 quia
2915 1878 2977 1913 ex
3011 1862 3115 1912 Deo
3144 1875 3262 1913 esse
3300 1861 3511 1912 dicitur.
3541 1859 3693 1923 Quod

2143 1968 2320 2010 autem
2355 1972 2418 2010 ex
2467 1957 2577 2010 Deo
2614 1972 2732 2009 esse
2780 1955 3001 2017 dicitur,
3052 1970 3270 2007 causam
3306 1954 3558 2012 ostendit,
3589 1970 3693 2021 qua

2139 2051 2472 2116 prarcedentc
2501 2047 2970 2101 consmbstantialc
2995 2047 3154 2098 etiam
3192 2047 3484 2099 secundum
3512 2045 3697 2110 hujus-

2142 2140 2284 2193 modi
2342 2140 2725 2208 proprietatem
2791 2139 2842 2190 in
2899 2138 3099 2191 divinis
3150 2138 3397 2204 personis
3429 2140 3694 2202 sequitur.

2137 2230 2403 2295 Quoniam
2433 2231 2599 2299 igitur
2622 2229 2856 2298 Spiritus
2882 2239 3102 2281 sanctus
3126 2228 3420 2280 secundum
3446 2239 3693 2281 naturam

2138 2323 2391 2392 proprius
2426 2334 2508 2376 est
2553 2322 2714 2385 Filio,
2748 2330 2963 2375 constat
2995 2321 3123 2388 quia
3158 2320 3224 2373 ad
3256 2321 3406 2371 illum
3433 2321 3591 2372 veluti
3630 2322 3694 2371 ad

2137 2428 2361 2468 causam
2412 2412 2664 2467 refertur.
2700 2412 2853 2467 Unde
2886 2412 3049 2465 etiam
3101 2411 3584 2464 consubstantialis
3620 2412 3698 2463 illi

2135 2515 2241 2561 est.

2209 2620 2437 2691 Magnus
2467 2621 2592 2674 item
2616 2619 2845 2674 Basilius
2870 2619 2921 2672 in
2956 2617 3304 2685 Expositione
3333 2634 3477 2670 mur
3509 2619 3699 2685 psalmi

2139 2713 2215 2767 ait
2275 2731 2288 2765 :
2371 2712 2585 2773 tSicut
2647 2711 2809 2779 igitur
2891 2719 3105 2763 creator
3167 2707 3399 2761 Verbum
3470 2708 3703 2761 ﬁrmavit

2136 2806 2305 2858 C(BIOS
2328 2842 2343 2867 ,
2382 2804 2452 2856 ita
2485 2812 2537 2855 et
2562 2801 2821 2869 Spiritus,
2850 2801 2939 2869 qui
2979 2815 3041 2851 ex
3075 2799 3182 2852 Deo
3212 2808 3312 2858 cst,
3349 2800 3441 2867 qui
3480 2815 3507 2851 a
3541 2801 3701 2851 Patre

2136 2893 2402 2959 procedit,
2439 2892 2540 2944 hoc
2568 2900 2671 2953 est,
2718 2894 2811 2957 qui
2863 2903 2925 2941 ex
2968 2903 3063 2941 ore
3111 2890 3250 2954 ejus,
3286 2903 3352 2940 ne
3408 2888 3537 2956 quid
3575 2905 3698 2941 ρυιη

2135 2984 2467 3038 exteriorum
2518 2998 2662 3045 esse,
2707 2997 2883 3049 neque
2915 2989 3313 3042 creaturarum,
3360 2983 3643 3034 arbitreris
3686 3000 3698 3034 :

2142 3074 2234 3129 sed
2264 3084 2322 3128 ut
2352 3075 2495 3143 quod
2525 3089 2589 3126 cx
2623 3072 2734 3125 Deo
2759 3073 2958 3125 habeat
2986 3071 3375 3131 substantiam,
3410 3072 3703 3139 gloriﬁces.

471 3144 643 3199 alium
675 3162 802 3200 vero
832 3162 925 3217 per
957 3163 1106 3213 cum,
1139 3149 1229 3217 qui
1265 3150 1383 3203 sine
1420 3149 1599 3202 medio
1629 3164 1695 3203 ex
1730 3151 1903 3220 primo
1932 3162 2035 3215 est,
2065 3142 2111 3202 ϐ
2145 3165 2233 3220 0m

1740 3151 1903 3220 Ρνίιυο
1932 3162 2035 3215 εει.
2065 3142 2111 3202 ο
2145 3165 2345 3220 Omnes
2374 3142 2521 3218 cnim
2557 3164 2609 3216 in
2645 3177 2706 3217 eo
2739 3164 2973 3216 virtutes
3002 3162 3163 3214 simul
3200 3162 3451 3214 contulit.
3487 3182 3502 3212 ι

474 3238 839 3291 substantiam
890 3240 1088 3292 habere
1131 3240 1432 3305 credimus,
1474 3241 1828 3297 nihilominus
1861 3250 2036 3297 tamen

473 3329 695 3381 modum
730 3330 1065 3399 ignoramus.
1116 3332 1231 3386 Hoc
1260 3348 1386 3403 ergo
1416 3335 1651 3404 cognito,
1696 3337 1822 3405 quia
1863 3346 1940 3389 est
1971 3352 2037 3391 ex

477 3420 587 3473 Deo
640 3423 988 3487 naturaliter,
1042 3437 1439 3494 consequenter
1469 3428 1745 3496 quomodo
1794 3429 1863 3483 sit
1892 3445 2039 3497 qua:-

468 3525 633 3565 I'lllll‘.

546 3604 733 3671 Itaque
772 3606 1081 3674 proprietas
1117 3610 1233 3661 base
1265 3609 1636 3678 principaliter
1667 3611 1887 3680 quidem
1913 3627 2041 3667 cau-

469 3715 590 3753 sam
654 3711 709 3755 et
758 3708 974 3756 causale
1024 3704 1314 3772 signiﬁcat.
1366 3704 1588 3771 Deinde,
1628 3719 2039 3777 consequenter,

468 3791 948 3847 consubstantiale
978 3795 1168 3848 etiam.
1196 3798 1373 3865 Atque
1404 3797 1567 3866 hujus
1616 3799 1877 3853 indicium
1912 3812 1994 3854 est
2024 3818 2039 3854 :

470 3881 712 3948 primum
775 3883 1042 3949 quidem,
1115 3887 1243 3953 quia
1302 3887 1773 3943 tzonsubstantiale
1835 3889 2041 3943 nullam

473 3973 683 4027 indicat
711 3973 1121 4029 discretionem.
1156 3977 1469 4045 Proprietas
1495 3994 1626 4033 vero
1676 3980 2041 4035 diﬂ’erentiam

472 4068 976 4136 discretionemque
1024 4072 1393 4124 cenrmentlat.
1439 4070 1667 4137 Deinde,
1715 4074 1859 4141 quod
1910 4088 2044 4127 con-

473 4160 860 4213 substantialia
910 4162 1130 4230 quidem
1179 4164 1435 4229 invicem,
1467 4166 1765 4219 secundum
1799 4168 2040 4220 eamdem

471 4250 768 4304 verborum
812 4253 1099 4316 rationem,
1151 4253 1359 4322 absque
1410 4254 1518 4308 ulla
1572 4254 1879 4323 adjectione
1916 4271 2045 4310 con-

472 4353 802 4408 vertuntur;
839 4344 998 4398 Pater
1023 4345 1223 4415 quippe
1254 4347 1737 4403 consubstantialis
1775 4359 1857 4402 est
1882 4348 2039 4412 Filio,

2213 3256 2277 3311 Et
2307 3268 2430 3326 post
2459 3271 2627 3326 pauca
2661 3275 2674 3311 :
2710 3255 2873 3308 t'lloc
2914 3255 3130 3323 quidem
3185 3256 3236 3306 in
3297 3255 3415 3307 loco
3466 3253 3703 3323 Spiritus

2143 3353 2255 3405 oris
2289 3352 2407 3419 ejus
2453 3350 2582 3413 dici,
2629 3357 2687 3402 ut
2720 3342 3068 3416 intelligatur
3112 3347 3378 3411 Salvator,
3420 3348 3706 3401 sanctissi-

2143 3457 2372 3510 niusque
2433 3440 2550 3507 ejus
2614 3439 2868 3509 Spiritus.
2955 3437 3051 3491 Ubi
3127 3448 3304 3491 autem
3369 3438 3708 3490 invenietur?

2142 3533 2401 3601 Apostolo
2445 3532 2652 3586 scilicet
2702 3532 2915 3584 dieente
2962 3530 3028 3583 de
3073 3528 3209 3582 Filio
3245 3547 3259 3583 :
3299 3528 3493 3583 Fcrens
3530 3533 3708 3582 omnia

2154 3622 2317 3675 Verbo
2363 3623 2571 3675 virtutis
2620 3640 2731 3675 sua:
2762 3623 2801 3675 ⁸.
2860 3621 3129 3674 Virtutem
3205 3633 3255 3674 ct
3299 3623 3531 3675 Verbum
3586 3622 3704 3676 Filii

2142 3716 2404 3784 Spiritum
2462 3726 2709 3769 sanctum
2764 3716 2964 3784 posuit.
3008 3734 3026 3765 ι
3086 3717 3161 3769 Ac
3221 3732 3483 3768 rursum:
3539 3716 3705 3779 Quem

2147 3808 2403 3862 Dominus
2439 3808 2594 3862 Jesus
2647 3810 2928 3875 inter/idet
2968 3808 3171 3879 Spiritu
3218 3810 3324 3860 oris
3375 3812 3477 3871 sui,
3510 3820 3557 3862 ct
3612 3814 3702 3863 de-

2141 3909 2308 3953 struet
2364 3900 2722 3951 illustratione
2766 3901 3017 3953 adventus
3066 3901 3214 3952 sui“.
3266 3899 3341 3953 lix
3388 3916 3495 3968 quo
3539 3903 3701 3957 etiam

2142 3999 2378 4054 constat,
2407 3993 2633 4044 stultum
2673 4001 2727 4043 et
2763 3993 3191 4044 irrationabilcm
3240 3992 3404 4045 fuisse
3439 4007 3704 4059 quorum-

2144 4086 2267 4138 dam
2301 4084 2718 4153 nralignitatem,
2742 4085 2835 4151 qui
2865 4099 2929 4136 ex
2958 4085 3059 4137 hoc
3079 4085 3318 4152 Apostoli
3347 4086 3494 4137 dicto
3526 4086 3707 4148 Iesus,

2142 4176 2484 4239 deleverunt,
2515 4190 2582 4229 ne
2618 4176 2684 4229 de
2711 4174 2849 4227 Filio
2887 4174 2978 4228 Dei
3025 4176 3124 4227 hoc
3157 4176 3507 4241 intelligatur.
3546 4176 3617 4228 Ex
3645 4194 3710 4231 co

2141 4280 2311 4329 enim,
2356 4265 2498 4333 quod
2556 4265 2760 4318 illatum
2816 4273 2916 4327 cst,
2952 4266 3330 4327 illrtstmtione,
3377 4276 3704 4333 arguurrtur.

2141 4355 2349 4411 Futura
2421 4356 2564 4410 enim
2630 4357 2898 4424 apparitio
2964 4355 3176 4409 Domini
3247 4356 3373 4409 Jesn
3443 4360 3706 4421 creditur,

470 4445 531 4487 et
587 4432 759 4489 Filius
818 4438 1304 4491 consubstantialis
1356 4449 1439 4492 est
1489 4438 1657 4494 Patri.
1712 4439 1866 4506 Quod
1909 4456 2041 4497 sane
2074 4477 2116 4531 ι)
2146 4453 2232 4507 sin

1948 4456 2041 4497 me
2074 4477 2116 4531 ι)
2146 4451 2417 4518 simulque
2464 4449 2518 4503 in
2550 4448 2941 4502 vetustissimis
2985 4450 3385 4517 exemplaribus
3423 4450 3710 4519 integritas

472 4524 944 4578 consubstantiale
981 4526 1067 4581 hic
1110 4528 1272 4581 etiam
1314 4529 1697 4583 discretionem
1729 4545 2038 4600 prmsuppo-

476 4617 578 4675 nit,
606 4629 666 4667 ex
700 4616 1014 4670 nominibus
1040 4615 1221 4670 Patris
1279 4634 1340 4671 ac
1365 4618 1483 4672 Filii
1515 4623 1649 4675 satis
1676 4635 2043 4691 apparentem.

476 4704 703 4772 Propria
732 4722 863 4760 vero
894 4724 999 4761 non
1054 4707 1394 4778 simpliciter,
1432 4710 1526 4766 sed
1558 4728 1678 4766 cum
1713 4715 2045 4783 adjectione;

479 4810 658 4863 neque
684 4796 826 4849 enim
868 4798 1052 4851 dicere
1082 4813 1398 4864 possumus,
1430 4801 1587 4856 Pater
1617 4805 1867 4872 proprius
1911 4804 2049 4859 Filio

474 4894 529 4938 et
566 4885 737 4941 Filius
772 4889 1022 4956 proprius
1050 4887 1340 4959 Patr-i,§sed
1377 4892 1446 4945 ita
1471 4893 1689 4963 proprie
1716 4896 2002 4950 reddemus
2030 4915 2043 4951 :

480 4975 653 5031 Filius
716 4980 931 5047 quidem
1000 4981 1252 5048 proprius
1307 4993 1388 5036 est
1444 4983 1589 5037 Patri
1624 4985 1831 5049 Filius;
1890 4986 2047 5041 Pater

478 5082 662 5123 autem
715 5073 966 5139 proprius
1019 5085 1101 5127 est
1138 5074 1278 5128 Filio
1317 5075 1501 5130 Pater.
1551 5077 1646 5130 Illo
1694 5079 1842 5133 enim
1890 5081 2047 5135 modo

480 5162 797 5227 indiscrete,
826 5176 880 5216 et
938 5164 1055 5218 sine
1100 5166 1363 5222 relatione
1402 5169 1468 5222 ad
1511 5168 1739 5224 invicem
1771 5171 2043 5226 reddetur.

387 5260 401 5281 '
478 5254 572 5307 Sic
610 5263 792 5307 autem
827 5259 1213 5326 proprietatem
1246 5258 1364 5313 Filii
1398 5260 1465 5313 ad
1495 5259 1710 5315 Patrem
1745 5267 2044 5318 secundum

476 5360 641 5415 quam
674 5362 737 5399 ex
763 5347 856 5402 illo
889 5352 1125 5416 genitus,
1152 5351 1441 5422 Patrisque
1491 5356 1557 5408 ad
1603 5353 1824 5421 Filium,
1854 5371 2050 5411 secun-

473 5436 608 5489 dum
642 5453 802 5506 quam
835 5438 1010 5508 ipsius
1040 5438 1197 5495 Pater
1227 5453 1330 5510 est,
1364 5445 1658 5502 reddimus.

546 5530 844 5596 Oportebat
874 5532 1040 5601 igitur
1068 5534 1318 5588 sinrilitcr
1361 5541 1600 5591 converti
1633 5542 2045 5609 proprietatem,

476 5619 619 5672 sicut
677 5622 1148 5677 consubstantiale
1206 5637 1290 5680 est
1339 5646 1351 5680 :
1421 5630 1686 5697 siquidem
1746 5637 2048 5703 proprietas

591 5801 609 5830 ’
645 5799 804 5854 item.
841 5819 957 5866 vnt,
993 5805 1045 5858 0.
1164 5807 1182 5835 ³
1210 5804 1351 5860 Psal.
1397 5825 1567 5875 xxvii,
1602 5812 1654 5865 li.

1734 5816 1751 5843 ⁵
1788 5812 1947 5871 Hebr.
1978 5833 2015 5879 t,
2051 5818 2101 5871 3.

2149 4542 2465 4612 apostolica:
2518 4541 2803 4593 sententia:
2857 4542 3180 4593 ostenditur.
3244 4540 3357 4593 lioc
3416 4551 3594 4594 tamen
3658 4543 3709 4594 in

2145 4635 2267 4688 loco
2313 4643 2536 4687 sanctus
2570 4633 2650 4683 vir
2697 4647 2757 4685 os
2814 4630 2902 4684 Dei
2937 4630 3130 4684 Filium
3185 4646 3307 4685 esse
3359 4633 3465 4698 ait;
3502 4633 3712 4687 dixerat

2146 4725 2290 4777 enim
2352 4725 2603 4791 superius
2653 4722 2921 4790 Spiritum
2985 4738 3050 4776 ex
3114 4723 3204 4777 Dei
3260 4738 3353 4776 ore
3388 4739 3529 4785 esse,
3566 4728 3709 4794 quod

2147 4814 2289 4866 idem
2320 4812 2629 4881 signiﬁcare
2662 4812 2800 4865 dixit
2844 4830 2856 4864 :
2893 4812 2996 4875 Qui
3027 4830 3058 4864 a
3092 4812 3254 4864 Patre
3286 4814 3545 4877 procedit.

2221 4907 2456 4959 Sanctus
2500 4914 2678 4958 autem
2710 4906 3044 4959 Athanasius
3086 4906 3458 4960 Antiochenus
3502 4907 3716 4974 episco-

2150 5012 2274 5065 pus,
2327 4998 2378 5050 in
2433 5012 2497 5049 c0
2559 4997 2716 5058 libro,
2770 5012 2929 5064 quem
2986 4997 3361 5067 praediximus,
3398 5019 3414 5048 ι
3457 4994 3714 5060 Verbum,

2152 5088 2350 5156 inquit,
2408 5089 2524 5141 sine
2575 5087 2779 5156 Spiritu
2833 5105 2939 5141 non
2994 5099 3115 5155 est,
3173 5091 3315 5145 sicut
3370 5108 3547 5161 neque
3600 5096 3717 5147 sine

2157 5178 2331 5234 Verbo
2389 5196 2562 5238 mens.
2621 5180 2850 5235 Mentem
2912 5197 3039 5236 vero
3094 5197 3217 5237 esse
3281 5182 3495 5238 Patrem
3560 5185 3718 5237 Vi-rbi

2152 5274 2407 5328 dicimus.
2441 5272 2609 5335 Mens,
2644 5273 2694 5324 in
2726 5288 2834 5341 qua
2866 5271 3124 5340 Verbum,
3162 5291 3285 5328 cum
3316 5292 3423 5346 qua
3460 5276 3717 5345 Spiritus,

2155 5375 2408 5420 sanctum
2449 5363 2710 5433 Spiritum
2754 5365 2868 5419 oris
2902 5365 2989 5419 Dei
3020 5366 3231 5434 dicens,
3266 5384 3328 5422 os
3359 5370 3503 5423 enirn
3542 5370 3722 5424 Patris

2154 5452 2349 5508 Filius.
2387 5473 2406 5506 ι

2231 5543 2288 5599 Si
2323 5547 2489 5617 igitur
2553 5544 2788 5616 Spiritus
2817 5548 3036 5617 quidem
3085 5564 3149 5602 ex
3199 5564 3293 5602 ore
3343 5548 3433 5603 Dei
3466 5557 3574 5611 est,
3625 5551 3725 5601 hoc

2156 5647 2336 5692 autem
2388 5640 2529 5693 idem
2579 5651 2683 5703 est,
2719 5640 2862 5709 quoil
2919 5644 3007 5711 qui
3057 5658 3087 5695 a
3142 5641 3300 5696 Patre
3347 5644 3606 5711 procedit;
3664 5659 3727 5696 os

2181 5820 2199 5849 '
2232 5820 2269 5874 ll
2305 5820 2495 5876 Thess.
2528 5838 2586 5886 ra,
2623 5824 2671 5875 8.
