4462 6440
774 399 846 459 67
2041 408 2433 467 ΜΛΝΗΕΙΛΞ
2466 409 2536 467 CA

2247 408 2433 467 usus
2466 409 2765 468 emam:
3927 394 4009 481 ἐκ

778 519 957 563 autem
1008 510 1179 563 Patris
1214 512 1381 564 l-‘ilius
1413 520 1531 576 est;
1574 522 1626 565 et
1657 516 1799 582 quod
1838 516 2036 568 dii-itur
2075 533 2137 569 ex
2180 518 2337 571 Patre
2366 517 2413 576 Α
2440 533 2501 569 ex
2522 516 2680 579 iiliis,
2744 531 2800 571 ut
2854 520 2909 573 tit
2962 521 3013 573 in
3070 522 3404 588 hominibus,
3463 526 3661 581 habere
3717 531 3937 583 cretlifa.
3985 549 4001 576 ι

780 602 1092 667 procedere,
1126 603 1269 653 illius
1318 604 1679 657 substantiam
1728 607 1997 673 signiﬁcat
2032 625 2044 659 :
2098 622 2198 660 cur
2233 623 2340 659 non

778 691 830 742 id
862 706 1103 759 quoque,
1141 692 1284 759 quod
1321 693 1525 745 dicitur
1555 694 1674 745 l’ilii
1716 694 1972 761 Spiritus,
2010 704 2062 748 ct
2104 696 2342 760 Spiritus

775 782 887 833 oris
921 780 1063 847 ejus,
1092 782 1461 834 indxtl‘erenter
1487 784 1630 836 illius
1659 785 2015 837 substantiam
2046 786 2337 852 signiticet,

776 872 1075 923 secundum
1114 888 1274 939 quam
1306 888 1367 925 ex
1406 872 1565 926 Patre
1606 892 1699 943 per
1748 874 1943 928 Filium
1986 875 2247 944 procedit,
2281 887 2344 927 ac

775 976 869 1027 per
907 963 1100 1026 ipsum.
1129 972 1180 1013 et
1214 964 1279 1013 ah
1309 964 1424 1029 ipso
1451 980 1568 1016 esse
1606 966 1810 1018 habet?

844 1051 1070 1117 Magnus
1126 1056 1249 1105 item
1316 1054 1550 1109 Basilius
1591 1058 1644 1107 in
1705 1058 1795 1108 lib.
1845 1073 1895 1110 tv
1930 1058 2130 1111 Contra
2168 1057 2344 1110 Enno-

775 1144 956 1205 mium,
990 1145 1143 1211 quasi
1183 1160 1243 1195 ev
1284 1146 1561 1196 contrario
1605 1162 1915 1214 proponens
1949 1168 1959 1199 :
1997 1168 2013 1195 ι
2048 1149 2149 1198 Sed
2184 1150 2251 1201 dio
2276 1152 2339 1214 is,

774 1234 948 1297 inquit
984 1254 995 1285 :
1030 1233 1083 1285 Si
1128 1233 1214 1283 llei
1257 1236 1475 1300 qni-lem
1532 1237 1709 1304 imago
1739 1237 1907 1289 Filius
1954 1247 2054 1298 est,
2100 1237 2339 1291 Verbum

772 1335 950 1373 autem
991 1322 1108 1374 Filii
1161 1322 1422 1390 Spiritus,
1467 1340 1561 1377 cur
1597 1342 1701 1377 non
1738 1325 1903 1378 Filius
1950 1325 2069 1379 Filii
2104 1327 2340 1393 Spiritus

771 1413 951 1465 dictus
975 1414 1127 1466 est?»
1164 1414 1214 1465 In
1250 1416 1345 1467 has
1374 1416 1539 1481 igitur
1571 1418 1999 1483 ineptiasipsum
2035 1418 2343 1485 impellente

773 1500 1061 1564 Ennomio,
1123 1504 1227 1555 nisi
1279 1521 1343 1556 ex
1402 1505 1538 1557 Filio
1591 1520 1711 1559 esse
1766 1506 2028 1573 Spiritum
2083 1517 2336 1559 sanctum

770 1592 1038 1655 crederet,
1088 1592 1319 1648 Basilius
1355 1594 1612 1648 facillime
1646 1597 1720 1649 illi
1772 1598 2050 1651 obviasset
2104 1598 2336 1651 dicens:

769 1680 1055 1745 Quomodo
1087 1694 1233 1736 CSSt‘l
1279 1686 1518 1752 Spiritus
1550 1685 1720 1738 Filius
1752 1686 1895 1748 Filii,
1929 1688 2019 1755 qui
2058 1702 2164 1741 non
2198 1702 2338 1755 quo-

771 1771 1067 1825 modulibet
1093 1787 1155 1824 ex
1192 1772 1349 1837 Filio,
1382 1774 1498 1828 sive
1527 1792 1620 1843 per
1648 1768 2233 1846 Filium'procederct?
2262 1776 2335 1829 Ita

769 1863 914 1914 enim
967 1878 1025 1916 se
1074 1868 1465 1919 ccutroversize
1533 1866 1696 1933 hujus
1747 1869 1998 1921 molestia
2053 1869 2331 1921 eximeret.

772 1950 970 2005 Verum
1020 1955 1068 2006 id
1103 1956 1324 2023 quidem
1362 1972 1468 2009 non
1507 1958 1664 2017 dixit,
1711 1960 1806 2013 sed
1854 1960 2155 2029 subjiciens
2190 1958 2335 2028 quod

768 2054 1151 2110 proposuerat,
1186 2047 1348 2100 solvit
1378 2067 1390 2101 :
1432 2050 1571 2103 «Nos
1601 2059 1781 2103 autem
1816 2060 1871 2103 et
1910 2052 1975 2103 de
2010 2052 2113 2105 lioc
2142 2052 2206 2103 ad
2239 2064 2338 2103 nos

769 2135 938 2202 ipsos,
981 2148 1243 2202 quantum
1282 2139 1542 2206 possibile
1592 2152 1696 2203 cst,
1754 2142 2163 2209 respondemus.
2202 2140 2335 2194 Nam

766 2232 831 2280 ad
891 2236 943 2281 te
993 2229 1214 2295 quidem
1267 2233 1429 2282 etiam
1493 2233 1669 2285 facere
1729 2235 1863 2287 satis
1926 2242 2091 2296 esset,
2147 2232 2335 2285 eadem

767 2319 1291 2385 interrogatiuncula
1332 2322 1425 2373 tibi
1475 2338 1690 2389 quoque
1716 2325 2058 2377 imminente.
2101 2324 2337 2379 Dicimus

766 2411 951 2477 igitur,
1017 2413 1274 2479 quoniam
1306 2413 1486 2466 dicere
1526 2413 1718 2467 Fd'um
1751 2430 1812 2467 ex
1843 2414 1999 2477 Filio,
2034 2414 2336 2469 divinitatis

764 2496 1085 2553 Trinitatem
1120 2504 1169 2553 in
1218 2504 1590 2572 suspicionem
1626 2506 1993 2560 multitudinis
2019 2506 2333 2569 adduceret,

764 2592 1092 2645 audentibus
1166 2594 1503 2648 hominibus.
1562 2595 1619 2647 lu
1684 2608 1934 2664 promptu
1992 2596 2135 2649 enim
2195 2605 2334 2659 erat,

761 2684 1031 2751 suspicari
1061 2684 1319 2752 quoniam
1354 2686 1398 2739 si
1440 2685 1610 2741 Filius
1640 2702 1703 2739 ex
1734 2686 1872 2740 Filio
1902 2697 2065 2742 natus
2098 2697 2262 2751 esset,
2285 2697 2339 2742 et

760 2789 823 2827 ex
856 2790 920 2828 eo
962 2790 1153 2829 rursus
1190 2776 1352 2829 alium
1403 2780 1575 2840 nasci,
1610 2788 1775 2845 atque
1809 2793 2003 2832 rursus
2048 2778 2237 2841 alium,
2272 2791 2336 2830 ac

760 2868 1016 2936 deinceps
1049 2870 1101 2921 in
1138 2868 1542 2923 multitudinem
1592 2885 1859 2924 crescere.
1896 2871 2069 2938 Ilujus
2104 2884 2234 2938 ergo
2258 2868 2335 2922 rei

762 2960 957 3027 gratia,
1013 2975 1075 3013 ex
1136 2960 1244 3012 Deo
1295 2960 1514 3028 quidem
1564 2976 1686 3014 esse
1736 2960 2002 3030 Spiritum
2042 2961 2337 3028 Apostolus

762 3058 949 3117 aperte
987 3050 1303 3117 prtedicavit
1347 3050 1535 3104 dicens
1569 3068 1584 3103 :
1634 3050 1897 3115 Quoniam
1947 3050 2204 3114 Spiritum
2241 3051 2339 3104 Dei

2450 607 2586 660 Cum
2622 610 2795 664 divisa
2818 621 2849 662 -ι
2882 612 3047 678 igitur
3078 630 3090 664 :
3129 632 3145 661 ι
3183 612 3300 665 Non
3331 614 3471 673 ideo.
3506 620 3631 683 quia
3669 636 3770 670 non
3805 637 3866 672 ex
3901 621 4008 674 Deo

2451 714 2548 768 per
2580 699 2773 754 Filium
2812 705 2900 761 sit.
2944 720 2959 753 ι
2993 704 3248 765 ostendit,
3278 708 3401 773 quia
3436 722 3497 759 ex
3542 707 3646 761 Deo
3678 725 3769 778 per
3804 710 3998 764 Filium

2448 798 2551 850 est,
2596 789 2807 844 duabus
2866 791 3251 857 uegationibns
3305 807 3402 859 pro
3478 808 3580 845 una
3652 795 4008 849 ail'rznatione

2454 889 2629 933 utens.
2680 881 2849 943 Quem
2913 882 3075 949 igitur
3121 897 3241 935 esse
3288 897 3382 951 per
3412 881 3605 936 Filium
3663 884 3819 945 dixit,
3860 887 4005 938 hune

2452 973 2613 1025 etiam
2652 988 2745 1039 per
2782 971 2975 1025 Filium
3027 990 3245 1026 manare
3289 975 3565 1034 indicavit,
3608 990 3737 1036 esse,
3776 990 3862 1035 ac,
3902 994 4014 1028 mn-

2453 1080 2580 1115 rmre
2613 1066 2665 1115 in
2698 1067 3015 1124 substantia,
3061 1063 3432 1117 indiﬂcrentcr
3468 1080 3691 1131 ponens.

2523 1155 2652 1207 Nam
2681 1157 2747 1217 si,
2778 1170 2832 1207 ut
2858 1155 3073 1218 quidam
3100 1164 3309 1221 putant,
3342 1169 3577 1212 trianarc,
3622 1153 4012 1206 manih-statiu-

2450 1261 2719 1313 nem,qua
2751 1247 2950 1297 mumlo
2983 1244 3365 1297 maniiestatus
3398 1252 3499 1303 est,
3532 1228 3727 1308 signat,
3754 1244 4009 1309 quoniam

2449 1338 2748 1389 Secundum
2784 1336 2921 1387 hanc
2970 1335 3141 1393 magis
3170 1333 3363 1385 Filium
3406 1332 3640 1400 Spiritus
3669 1332 4006 1395 manifestat,

2448 1427 2548 1478 Ille
2576 1427 2737 1487 enim,
2789 1425 2985 1490 inquit,
3041 1440 3119 1475 me
3162 1423 3565 1490 elariﬁcubit’;
3620 1422 3723 1474 erit
3771 1437 3899 1489 ego
3955 1435 4009 1475 et

2448 1516 2620 1568 Filius
2658 1514 2890 1566 Verbum
2951 1515 3122 1565 sancti
3183 1511 3438 1579 Spiritus.
3493 1512 3557 1564 At
3618 1512 3666 1564 id
3715 1512 4010 1578 Gregorius

2447 1604 2726 1673 Nyssenus
2768 1604 2988 1671 negavit
3024 1603 3210 1656 dicens
3249 1618 3263 1655 :
3312 1620 3329 1651 α
3378 1601 3547 1654 Filius
3580 1611 3761 1653 autem
3793 1614 4011 1656 sanctus

2446 1696 2681 1762 Spiritus
2711 1709 2887 1761 neque
2916 1703 3021 1753 est,
3059 1707 3233 1759 neque
3269 1692 3490 1753 dicitur,
3523 1706 3701 1759 neque
3741 1696 4011 1745 converti-

2445 1791 2532 1833 tur
2559 1781 2774 1833 habitus
2808 1782 2908 1833 ista
2932 1778 3379 1846 consequentia.’
3404 1779 3603 1853 Nempe
3633 1788 3815 1833 autem
3845 1782 4008 1841 sitne,

2444 1874 2524 1926 vel
2555 1887 2661 1925 non
2704 1872 2771 1924 sit
2802 1870 2971 1923 Filius
2999 1868 3232 1940 Spiritus
3268 1871 3439 1923 sancti
3479 1871 3847 1923 manifestatio
3876 1872 4006 1923 nihil

2437 1971 2612 2031 potest
2656 1961 2972 2024 ostendere;
3023 1960 3126 2013 nisi
3188 1975 3423 2022 manare,
3460 1960 3815 2014 suls’antiam
3874 1962 4007 2013 sim-

2436 2054 2647 2123 pliciter
2678 2052 2967 2119 signiticet,
2994 2052 3137 2103 sicut
3161 2066 3283 2104 esse
3312 2051 3497 2111 etiam,
3526 2052 3821 2103 secumlum
3845 2066 4004 2119 quam

2439 2142 2643 2196 scilicet
2700 2140 3062 2193 substantiam
3098 2154 3195 2206 per
3252 2136 3453 2191 Filium
3509 2152 3631 2191 esse
3663 2152 3690 2190 a
3741 2138 4005 2204 theologis

2439 2231 2727 2284 asset-itur.

2514 2323 2577 2375 Et
2615 2321 2698 2374 his
2733 2334 2860 2373 vero
2893 2318 3021 2372 illud
3051 2317 3338 2370 coniicitur
3361 2328 3448 2381 ,et
3473 2317 3732 2385 Spiritum
3754 2327 4002 2371 sanctum

2442 2428 2547 2465 non
2581 2426 2702 2465 esse
2752 2412 2971 2472 Filium,
3019 2408 3220 2477 quippe
3266 2408 3629 2461 emanationis
3673 2409 4000 2467 diiTercntiu,

2439 2504 2541 2556 hoc
2579 2511 2680 2562 est,
2729 2500 2925 2553 modus
2966 2500 3222 2551 diiierens
3265 2513 3555 2565 processus
3605 2498 3824 2550 illorum
3874 2500 4003 2551 suh-

2438 2594 2672 2655 stantiat,
2726 2593 3026 2646 secundum
3082 2591 3394 2657 theologum
3448 2590 3811 2656 Gregorium,
3862 2592 4004 2641 hunc

2440 2687 2663 2748 Filium,
2697 2684 2846 2735 illum
2879 2682 3145 2750 Spiritum
3179 2690 3428 2734 sanctum
3452 2682 3709 2747 appellari
3736 2679 3879 2733 fetit.
3910 2680 4005 2732 llic

2438 2778 2583 2829 enim
2618 2790 2681 2827 ex
2735 2775 2893 2828 Patre
2925 2774 3044 2827 sine
3074 2773 3277 2838 medio,
3314 2773 3401 2826 ille
3438 2782 3641 2836 autem,
3680 2788 3775 2839 per
3809 2772 4001 2826 Filium

2439 2883 2559 2922 esse
2591 2868 2925 2935 perhibetur.

2511 2957 2707 3026 Liquet
2734 2966 2916 3009 autem
2952 2966 3005 3011 et
3038 2955 3165 3018 hoc,
3194 2954 3339 3025 quod
3362 2970 3592 3022 magnus
3623 2954 3855 3009 Basiiius
3878 2970 3999 3007 cum

2438 3052 2557 3121 jure
2593 3066 2694 3105 suo
2727 3048 3013 3104 confutare
3040 3049 3251 3117 objecta
3287 3048 3551 3103 valuisset
3578 3049 3765 3103 dicens
3798 3064 3812 3101 :
3854 3066 3871 3097 ι
3899 3046 4003 3113 Qui

760 3142 1056 3207 accepimus
1084 3143 1129 3202 ⁸,
1163 3156 1400 3209 eumque
1433 3157 1525 3209 per
1566 3141 1764 3221 Filium
1798 3158 2069 3205 manasse,
2099 3141 2327 3195 maniie-
2354 3162 2399 3221 ο
2444 3145 2605 3213 igitur
2650 3158 2824 3211 neque
2858 3158 2920 3195 ex
2963 3141 3121 3206 Filio,
3171 3157 3347 3210 neque
3378 3156 3474 3210 per
3507 3141 3700 3194 Filium
3743 3141 4004 3195 subsun-

757 3240 901 3281 stum
937 3228 1061 3283 fecit
1096 3228 1290 3293 Filius,
1326 3229 1586 3299 Spiritum
1639 3210 1819 3299 ipsum
1863 3231 2140 3299 appellans
2185 3231 2329 3284 sicut

757 3333 812 3375 et
857 3319 953 3374 Dei
1017 3330 1069 3374 et
1102 3320 1305 3375 Christi
1354 3331 1585 3375 mentem
1634 3322 1946 3385 nominans,
1982 3321 2124 3375 sicut
2153 3331 2207 3374 et
2236 3321 2331 3374 Dei

758 3413 1047 3482 Spiritum.
1120 3416 1240 3469 Filii
1312 3425 1497 3471 autem
1567 3416 1767 3471 Filium
1836 3416 2113 3486 appellare
2172 3425 2329 3470 caute

754 3508 1065 3561 declinavit.
1107 3526 1124 3557 ι
1628 3556 1640 3569 ,

825 3598 1013 3667 itaque
1049 3614 1284 3667 magnus
1318 3597 1551 3652 Basilius
1576 3596 1699 3651 Filii
1728 3598 1945 3667 quidem
1971 3598 2164 3651 Filium
2205 3612 2327 3652 esse

756 3690 1016 3759 Spiritum
1055 3700 1329 3759 uegat,ex
1374 3689 1509 3744 Filio
1568 3700 1750 3744 autem
1808 3690 1923 3745 sive
1983 3705 2075 3759 per
2128 3687 2324 3742 Filium

756 3782 971 3846 prodire
998 3790 1301 3836 asseverat.
1333 3782 1488 3844 Quod
1534 3793 1716 3836 autem
1758 3796 1978 3835 manare
2009 3781 2327 3834 naturaliter

750 3878 1030 3940 prorcdere
1070 3876 1366 3945 signiticet,
1404 3892 1466 3929 ex
1501 3890 1567 3929 eo
1598 3874 1816 3944 quidem
1850 3872 2194 3928 manifestum
2222 3885 2325 3937 est,

751 3968 895 4035 quod
937 3984 1002 4021 eo
1037 3969 1207 4021 verbo
1234 3970 1399 4022 etiam
1455 3970 1507 4021 in
1564 3968 1851 4021 nativitate
1911 3966 2032 4019 Filii
2089 3965 2326 4034 theologi

756 4069 1005 4112 utuntur.
1048 4058 1286 4113 Sanetus
1321 4059 1467 4113 enim
1500 4059 1758 4125 (lyrillus,
1797 4058 1851 4111 in
1884 4057 2045 4120 libro,
2067 4062 2225 4126 quem
2258 4055 2325 4109 ad

751 4149 1103 4204 Valerianum
1136 4151 1457 4221 episcopum
1493 4151 1738 4219 St'l‘ipsii,
1789 4169 1805 4200 ι
1835 4147 2092 4215 Sanctus,
2128 4150 2328 4217 inquit,

752 4259 848 4311 per
886 4254 1136 4296 naturam
1179 4258 1303 4297 cum
1361 4243 1455 4306 sit,
1512 4242 1973 4311 quemadmodum
2041 4249 2093 4296 et
2144 4239 2326 4303 Pater,

757 4335 802 4388 is
851 4338 943 4403 qui
1002 4350 1065 4388 ex
1114 4350 1179 4388 co
1232 4334 1476 4388 manavit
1512 4334 1829 4401 nnigenitus
1862 4332 2035 4387 Filius
2066 4348 2097 4386 a
2148 4331 2329 4395 Patre,

754 4428 1130 4482 sanctiﬁcatus
1195 4427 1400 4481 dicitur
1477 4426 1781 4482 secundum
1862 4426 2007 4495 quod
2075 4426 2327 4495 apparuit

754 4521 937 4573 homo.
983 4538 1001 4569 ι

816 4610 923 4665 Sed
958 4621 1010 4663 et
1048 4612 1161 4679 ipse
1192 4625 1413 4680 quoque
1449 4609 1683 4664 Basilius
1714 4610 1767 4663 in
1817 4610 1958 4663 libro
1994 4608 2065 4662 De
2120 4607 2329 4676 Spiritu

744 4710 964 4767 sancto,
1035 4721 1053 4754 ι
1108 4702 1369 4770 Spiritus,
1431 4701 1630 4769 inquit,
1694 4700 1827 4752 nihil
1882 4700 1982 4753 sibi
2042 4700 2328 4768 qua-situm

746 4794 929 4858 habet,
964 4793 1062 4857 sed
1110 4803 1315 4846 aeterne
1348 4803 1541 4845 cuncta
1588 4791 1773 4853 habet,
1810 4800 1868 4843 ut
1920 4788 2157 4859 Spiritus
2209 4789 2325 4851 Dei,

746 4899 908 4957 atque
938 4903 1001 4941 ex
1056 4888 1151 4941 illo
1202 4901 1453 4940 manans.
1499 4904 1517 4937 ι
1582 4885 1823 4949 Manere,
1877 4886 2059 4954 posuit
2098 4900 2193 4953 pro
2232 4900 2320 4951 eo,

744 4981 891 5050 quod
928 4989 1194 5043 est,esse.
1262 4977 1412 5031 Patet
1474 4988 1654 5031 autem
1713 4992 1777 5031 ex
1838 4977 2315 5046 praecedentibus:

750 5093 769 5124 ι
806 5072 925 5126 Filii
979 5072 1149 5128 enim.
1192 5070 1391 5138 inquit,
1443 5067 1709 5137 Spiritum
1766 5068 1941 5136 ipsum
1995 5068 2317 5130 nominavit,

741 5163 1204 5231 quemadmodum
1242 5171 1295 5216 et
1330 5161 1446 5225 Dei,
1478 5162 1668 5215 eodem
1704 5161 1863 5215 modo
1906 5176 2024 5214 esse
2054 5159 2316 5229 Spiritum

741 5254 865 5309 Filii
902 5254 1193 5324 Spiritum,
1226 5269 1337 5323 quo
1367 5255 1533 5307 etiam
1572 5262 1657 5307 est
1686 5253 1776 5306 Dei
1806 5264 1858 5306 et
1889 5252 2088 5307 Patris.
2134 5274 2151 5304 ι

814 5350 955 5402 Idem
991 5363 1182 5400 rursus
1224 5347 1277 5398 in
1310 5346 1543 5410 eisdem,
1575 5346 1843 5415 capitulo,
1878 5348 2025 5415 quod
2067 5347 2322 5402 inscribi-

742 5452 829 5494 tur
883 5457 897 5491 :
958 5440 1068 5491 Cur
1118 5454 1219 5491 non
1273 5451 1324 5492 et
1379 5437 1616 5507 Spiritus
1659 5436 1790 5490 Filii
1833 5435 2034 5497 Filius.
2090 5438 2315 5507 inquit:

746 5552 765 5583 ι
801 5532 918 5586 Non
957 5532 1098 5594 ideo,
1134 5532 1264 5600 quia
1324 5545 1430 5584 non
1464 5545 1527 5585 ex
1565 5528 1673 5584 Deo
1722 5545 1818 5599 per
1866 5528 2063 5583 Filium
2097 5530 2186 5592 sit,
2221 5538 2317 5582 sed

741 5641 810 5681 nc
840 5625 1127 5680 Trinitatis
1162 5623 1511 5679 existimetur
1562 5622 1769 5676 inlinita
1826 5622 2119 5677 multitudo
2175 5622 2317 5677 ﬁlios

815 5805 833 5833 ‘
863 5804 1019 5859 Rom.
1066 5819 1180 5868 vni,
1217 5802 1298 5855 15.
1415 5802 1434 5832 '
1463 5799 1619 5855 Joan.
1667 5815 1775 5863 xvi,
1820 5799 1901 5854 li.

2359 4511 2402 4566 υ
2434 4525 2592 4576 tertio
2652 4521 2703 4575 id
2761 4534 3049 4573 reservans
3080 4518 3219 4571 libro
3248 4535 3260 4570 :

2440 3237 2568 3289 tiam
2600 3234 2786 3299 habet,
2817 3232 2938 3287 Filii
2994 3231 3167 3287 Filius
3221 3232 3528 3287 existimari
3594 3232 3849 3300 credique
3896 3246 4002 3284 non

2440 3335 2654 3394 posset;
2698 3345 2715 3377 ι
2758 3325 3013 3393 quoniam
3040 3338 3103 3377 ea
3133 3323 3311 3390 potius
3343 3322 3611 3376 Sententia
3646 3336 3743 3375 sua
3774 3331 3910 3383 erat,
3939 3336 4002 3373 ex

2439 3418 2597 3472 Patre
2654 3433 2748 3487 per
2799 3417 3010 3477 Filium,
3050 3425 3214 3485 atque
3288 3430 3317 3467 a
3373 3413 3507 3466 Filio
3564 3428 3686 3466 esse
3743 3413 4001 3480 Spiritum

2435 3520 2709 3576 sanctum,
2728 3511 2775 3563 ei
2808 3519 2863 3562 ut
2884 3508 3200 3562 certissima:
3219 3522 3281 3558 ac
3307 3504 3668 3557 voracissima:
3696 3505 3962 3573 acquievit
3988 3520 4003 3567 ;

2439 3607 2673 3658 maxime
2691 3619 2812 3656 cum
2832 3602 3049 3666 dixerit,
3074 3602 3143 3653 ita
3167 3615 3287 3653 esse
3306 3597 3426 3650 Filii
3450 3597 3714 3665 Spiritum
3730 3612 4003 3657 sanetum,

2439 3697 2656 3750 sicutet
2684 3693 2877 3747 Patris.
2918 3691 3085 3759 Atqui
3146 3688 3320 3743 Pattis
3357 3698 3475 3751 est,
3513 3686 3809 3741 secundum
3861 3687 4003 3753 quod

2435 3805 2584 3845 exeo
2610 3798 2714 3844 est.
2753 3789 2818 3841 Et
2858 3784 2979 3839 Filii
3033 3786 3202 3852 igitur
3236 3783 3422 3837 eadem
3455 3784 3667 3835 ratione
3721 3790 3824 3843 est,
3866 3795 4005 3848 quo-

2437 3886 2583 3937 niam
2638 3882 2847 3936 scilicet
2907 3879 2975 3932 ab
3025 3879 3119 3931 illo
3179 3891 3301 3930 esse
3370 3876 3554 3940 habet,
3613 3889 3679 3928 ac
3738 3889 3833 3943 per
3881 3888 4002 3927 eum

2436 3976 2697 4045 procedit.

2509 4069 2653 4121 Idem
2712 4074 2971 4134 praeterea
3028 4062 3299 4122 Basilius.
3362 4060 3627 4115 adversus
3682 4058 4005 4113 Eunomium

2437 4171 2708 4227 pugnans,
2729 4162 3061 4208 asserentem
3082 4168 3144 4206 ex
3165 4151 3280 4204 solo
3296 4149 3431 4203 Filio
3449 4148 3710 4218 Spiritum
3732 4158 4004 4212 sanctum,

2438 4264 2559 4305 esse
2585 4246 2740 4317 quasi
2760 4254 3091 4306 creaturam,
3109 4243 3268 4297 sicuti
3294 4252 3348 4296 et
3372 4240 3567 4294 Filium
3594 4257 3658 4295 ex
3680 4240 3799 4293 solo
3827 4238 4005 4299 Patre,

2436 4350 2491 4395 et
2522 4340 2697 4407 ipsum
2731 4335 2887 4403 quasi
2933 4344 3241 4387 creaturam
3270 4350 3283 4385 :
3316 4346 3547 4399 arguere
3579 4330 3797 4399 quidem
3828 4330 4002 4393 illum,

2438 4431 2581 4500 quod
2606 4444 2713 4482 non
2740 4429 2806 4481 sit
2840 4443 2868 4479 a
2896 4424 3055 4488 Filio,
3081 4425 3225 4478 sicut
3249 4435 3502 4477 creatura
3538 4422 3753 4475 interim
3784 4422 4005 4487 emittit,

3329 4536 3345 4566 ι
3386 4518 3456 4569 lie
3488 4517 3609 4579 hoc,
3640 4517 3851 4585 inquit,
3881 4531 4004 4570 cum

2431 4616 2549 4681 plus
2590 4614 2686 4665 otii
2756 4611 2944 4682 fuerit,
3004 4610 3269 4663 dicemus.
3304 4628 3321 4659 ι
3371 4610 3528 4662 Circa
3603 4608 3763 4662 tinem
3823 4622 4003 4660 autem

2428 4705 2652 4759 secundi
2682 4704 2804 4757 libri
2836 4715 3026 4756 contra
3054 4703 3407 4767 Eunomium,
3443 4704 3494 4754 in
3522 4702 3673 4753 illum
3705 4702 4000 4755 inVehens:

2431 4816 2449 4847 ο
2495 4797 2629 4849 Illud
2684 4805 2894 4858 autem,
2943 4795 3139 4863 inquit,
3186 4796 3272 4847 cui
3309 4810 3373 4847 ex
3409 4794 3667 4846 omnibus
3701 4793 4002 4846 obseurum

2424 4904 2545 4944 esse
2573 4890 2763 4957 possit,
2794 4886 3357 4954 nullam.ellieientiam
3383 4884 3501 4938 Filii
3535 4900 3563 4935 a
3599 4884 3757 4937 Patre
3779 4884 3961 4937 dirimi
3986 4901 4001 4939 :

2430 4979 2677 5048 nihilque
2708 4992 2830 5033 esse
2872 4978 2924 5030 in
2954 4977 3232 5038 omnibus,
3275 4978 3420 5045 quod
3458 4975 3589 5027 insit
3634 4973 3772 5028 Filio
3798 4976 3939 5044 quod
3974 4991 4002 5027 a

2430 5072 2591 5126 Patre
2614 5070 2847 5123 alienum
2868 5069 2972 5122 sit?
2997 5067 3189 5121 Omnia
3220 5068 3503 5130 enim,ait,
3538 5082 3675 5127 mea,
3718 5077 3808 5118 tua
3838 5076 4002 5132 sunt;

2428 5175 2474 5216 et
2516 5173 2627 5227 tua,
2650 5178 2766 5215 mea
2802 5161 2985 5215 sunt“.
3006 5159 3290 5225 Quomodo
3317 5159 3481 5231 igitur
3515 5160 3752 5227 Spiritus
3778 5174 3997 5214 causam

2428 5254 2529 5307 soli
2571 5253 2710 5307 Filio
2752 5253 3018 5322 assignat,
3076 5252 3359 5321 ipsiusque
3390 5260 3599 5305 natura:
3624 5254 3998 5321 pra-dicatum,

2428 5345 2593 5413 hujus
2659 5343 2859 5412 accipit
2930 5342 3315 5397 creationem?
3378 5342 3656 5410 Siquidem
3705 5357 3837 5411 ergo
3895 5343 4003 5395 duo

2426 5435 2691 5504 principia
2750 5435 3209 5489 subintrodueeus
3260 5435 3363 5487 sibi
3418 5435 3648 5488 invicem
3705 5434 4000 5498 contraria,

2428 5530 2545 5581 hac
2580 5536 2656 5581 ait
2694 5565 2710 5591 ,
2744 5543 2867 5582 eum
2902 5526 3202 5582 Manicha'o
3239 5536 3295 5582 et
3338 5526 3613 5581 Marciane
3664 5536 4000 5583 conteretur.

2425 5619 2520 5675 Sin
2558 5634 2689 5675 vero
2757 5636 2822 5676 ex
2852 5635 2961 5676 uno
2991 5636 3112 5691 qua:
3138 5628 3287 5688 sunt,
3312 5620 3598 5691 suspendit
3623 5620 3827 5688 omnia,
3854 5621 4001 5691 quod

2020 5798 2040 5829 ⁸
2079 5797 2237 5853 Joan.
2279 5812 2416 5861 xvii,
2458 5796 2543 5851 10.
