4462 6440
829 401 897 465 71
2084 392 2476 454 MANUELIS
2508 392 2806 451 CALEC:F.
3948 378 3954 385 '
3987 389 4059 451 τε

844 514 983 568 Filii.
1026 532 1044 564 ι
1082 513 1177 566 Ilir
1201 510 1522 572 notandum,
1572 509 1710 578 quod
1743 508 1804 559 ad
1832 507 2250 572 ostendendum,
2280 506 2401 574 Spi-
2438 512 2474 565 Α
2507 507 2802 559 secundum
2838 507 2981 574 quod
3011 505 3236 558 invicem
3269 504 3579 559 differentes
3607 513 3751 569 sunt,
3793 504 4054 565 refertur;

834 610 995 658 ritum
1027 613 1269 657 sanctum
1292 602 1720 655 subs‘antialiter
1749 615 1887 662 esse,
1911 608 2070 665 atque
2101 599 2396 651 subsistere

835 697 955 755 hoc,
1014 693 1155 756 quod
1213 702 1314 752 est,
1361 693 1462 742 ltoc
1498 700 1579 741 est
1640 705 1667 741 a
1728 689 1863 740 Filio
1900 690 2192 740 discretum
2253 703 2396 751 esse,

832 785 1081 852 adiunxit
1116 801 1128 835 :
1165 802 1182 832 ε
1224 784 1460 851 Spiritus
1495 783 1637 833 enim
1677 790 1760 832 est
1794 790 1846 831 rt
1879 779 2071 842 Patris,
2101 791 2148 832 et
2183 779 2326 832 Filii.
2373 797 2390 828 ι

834 874 1019 942 Itaque
1086 890 1208 926 eum
1271 875 1466 925 dicitur
1531 873 1770 939 Spiritus
1834 871 1976 933 Filii,
2018 871 2396 923 discretionem

833 970 1122 1033 quamdam
1150 975 1362 1032 oportet
1396 965 1716 1031 intelligere,
1764 979 1870 1015 non
1921 960 2403 1016 consubstantiali-

833 1069 1019 1116 tatem,
1053 1066 1108 1107 ut
1143 1058 1362 1124 quidam
1403 1057 1655 1107 dixerunt
1681 1073 1694 1117 ;
1721 1055 1840 1117 etsi,
1875 1069 2037 1121 quam
2064 1053 2318 1112 maxime,
2346 1059 2401 1102 ut

832 1149 1036 1199 tlirtttnt
1070 1157 1172 1209 est,
1202 1147 1324 1197 inde.
1357 1145 1900 1198 consubstantialitas
1932 1145 2199 1212 sequitur.
2228 1142 2400 1195 Sicuti

833 1249 883 1289 et
910 1253 936 1289 a
959 1240 1119 1288 Patre
1149 1237 1366 1303 quidem
1413 1235 1744 1286 discernitur
1779 1234 2031 1302 Spiritus,
2070 1235 2195 1300 quia
2232 1233 2402 1300 ipsius

833 1342 915 1383 est
957 1331 1213 1396 Spiritus,
1250 1341 1437 1397 utpote
1481 1331 1547 1381 ab
1583 1331 1700 1396 ipso
1735 1330 2027 1397 prodiens;
2065 1329 2180 1394 ipso
2222 1337 2400 1381 autem

837 1423 960 1481 ltoc,
995 1422 1135 1487 quod
1172 1421 1315 1473 illius
1357 1431 1437 1472 est
1477 1420 1733 1486 Spiritus,
1769 1420 2009 1487 procedit
2040 1419 2107 1471 ab
2137 1420 2246 1479 illo,
2276 1434 2407 1473 con-

834 1511 1322 1578 substantialisque
1354 1511 1430 1562 illi
1465 1520 1568 1572 est,
1605 1520 1655 1562 et
1685 1510 1850 1562 Filius
1883 1526 1910 1561 a
1937 1509 2091 1561 Patre
2120 1510 2407 1575 distingui-

833 1613 939 1659 tur.
973 1601 1269 1652 secundum
1296 1599 1439 1666 quod
1469 1599 1637 1651 Filius
1661 1608 1764 1656 est.
1793 1615 1854 1651 ac
1881 1599 2134 1651 discretio
2161 1599 2404 1665 quaedam

834 1690 1077 1752 signatur
1098 1706 1158 1740 ex
1182 1691 1433 1753 nomine;
1463 1704 1527 1741 eo
1557 1702 1734 1741 autem
1767 1692 1903 1757 ipso,
1933 1690 2074 1757 quod
2103 1687 2272 1740 Filius
2299 1697 2403 1751 est,

834 1783 1057 1832 Omnino
1092 1781 1252 1832 etiam
1291 1780 1780 1831 consubstatttialis
1816 1772 1920 1830 est'.

2506 608 2680 659 neque
2717 596 2860 645 enim
2897 596 2960 645 ad
2992 593 3227 656 Patrem,
3257 595 3556 647 secundum
3590 595 3731 660 quod
3759 593 3916 646 Pater
3939 607 4016 648 est
4043 612 4054 648 :

2501 695 2644 737 esset
2684 685 2826 737 enim
2863 684 3098 752 Spiritus
3130 685 3337 748 Filius;
3379 699 3555 750 neque
3603 684 3668 735 ad
3719 683 3936 744 Filium,
3977 701 4063 736 Sv-

2502 776 2737 826 cundum
2780 776 2921 841 quod
2951 774 3119 828 Filius
3141 784 3224 828 cst
3263 792 3275 828 :
3312 775 3379 826 ad
3411 773 3606 830 Filium
3641 775 3880 827 enimsic
3907 773 4062 826 Pater

2503 863 2737 916 refertur
2772 865 2940 918 solus.
2976 863 3161 930 Itaque
3209 864 3462 932 quoniam
3524 881 3686 916 unum
3727 864 3944 930 aliquod
4000 877 4063 915 ac

2502 955 2724 1020 simplex
2757 967 2858 1018 est,
2893 959 2944 1009 in
2995 959 3153 1010 Patre
3229 974 3290 1010 ac
3343 955 3497 1016 Filio,
3539 957 3602 1010 ad
3647 958 3786 1024 quod
3840 959 4064 1008 refettur

2504 1046 2760 1112 Spiritus,
2793 1051 3003 1111 merito,
3032 1059 3087 1101 et
3140 1048 3298 1100 uuica
3336 1047 3595 1100 relatione
3634 1047 3699 1099 ad
3748 1061 3844 1098 eos
3877 1045 4062 1098 referri

2501 1139 2766 1190 dicendus
2800 1151 2900 1191 est.

2572 1249 2795 1315 Insuper
2823 1251 3081 1316 quoniam
3116 1251 3255 1304 idem
3287 1261 3340 1306 et
3384 1266 3524 1304 unus
3567 1249 3803 1319 Spiritus
3845 1254 4065 1300 sanctus

2504 1340 2897 1401 indifferenter,
2921 1351 2972 1394 et
3026 1342 3144 1395 sine
3194 1343 3372 1410 aliqua
3417 1342 3739 1410 adjectionis
3785 1340 4065 1398 varietate,

2502 1429 2678 1484 Patris
2723 1446 2788 1484 ac
2883 1431 3001 1484 Filii
3057 1430 3291 1500 Spiritus
3337 1435 3554 1494 dieitur,
3592 1446 3811 1485 necesse
3840 1439 3941 1492 est,
3990 1445 4070 1481 se-

2501 1524 2737 1574 cumlum
2775 1525 3026 1576 eumdem
3059 1524 3302 1589 modum,
3337 1525 3500 1578 etiam
3540 1525 3821 1577 amborum
3853 1522 3920 1574 sit
3947 1539 3960 1574 :
3983 1521 4066 1573 sin

2506 1613 2660 1675 alias,
2696 1612 2814 1664 Filii
2842 1615 2906 1665 ad
2939 1612 3153 1666 Patrem
3189 1615 3529 1681 illJ'qllalllaS
3576 1613 3844 1680 sequitur,
3879 1611 4069 1664 simili.

2508 1703 2820 1770 tudinlsque
2861 1704 3305 1756 incommutalile
3330 1704 3452 1754 hinc
3489 1704 3714 1754 tollitur.
3755 1700 4066 1754 Sicutenim

2501 1794 2792 1859 sapientia.
2847 1793 3085 1857 bonitas,
3137 1793 3346 1859 justitia
3377 1833 3390 1855 ,
3438 1792 3874 1859 conditionisque
3913 1791 4068 1849 ratio,

910 1867 969 1918 Et
1002 1867 1256 1934 quoniam
1311 1867 1361 1917 in
1418 1866 1615 1918 dit‘inis
1660 1866 1909 1932 personis
1963 1865 2223 1919 discretio
2265 1866 2399 1918 rela-
2438 1869 2477 1922 Β
2510 1885 2651 1937 patri

2309 1866 2399 1918 ’l-‘l'
2438 1869 2477 1922 Β
2510 1885 2651 1937 Patri
2691 1884 2933 1952 Filioque
2956 1871 3270 1946 distribtﬂa,
3301 1884 3380 1937 eis
3413 1883 3622 1944 itidem,
3653 1892 3705 1936 et
3737 1884 3853 1936 sine
3898 1881 4071 1934 varie-

832 1960 1032 2010 tionem
1075 1957 1374 2008 secundum
1427 1970 1646 2007 causam
1729 1956 2056 2023 eausaleque
2115 1955 2403 2023 significat,

833 2048 978 2116 quod
1045 2059 1222 2098 autem
1278 2048 1476 2098 dicitur
1525 2046 1647 2098 Filii
1711 2047 1964 2114 Spiritus,
2020 2048 2404 2100 discretionem

834 2138 1079 2196 indicat,
1119 2146 1352 2199 constat,
1388 2136 1515 2203 quia
1545 2153 1667 2189 (um
1698 2137 1927 2189 dicimus
1967 2135 2226 2206 Spiritum
2262 2137 2404 2198 Filii,

839 2229 1154 2280 relationem
1192 2228 1488 2279 secundum
1520 2243 1764 2292 causam,
1798 2238 1959 2296 atque
1983 2231 2201 2282 eattsale
2222 2231 2407 2298 signa-

838 2335 980 2373 mus.
1041 2320 1333 2371 En‘mvet'o
1383 2321 1430 2370 id
1489 2319 1671 2372 dicere
1717 2336 1821 2372 non
1851 2337 2166 2388 possumus,
2212 2320 2408 2375 referri

835 2412 1053 2479 quidem
1090 2411 1351 2476 Spiritum
1383 2423 1631 2463 sanctum
1658 2411 1720 2463 ad
1746 2411 1958 2464 Patrem
2017 2421 2068 2464 et
2094 2413 2157 2464 ad
2191 2412 2408 2478 Filium,

837 2505 979 2559 idem
1053 2519 1196 2565 esse,
1264 2504 1404 2571 quod
1479 2503 1840 2571 proprietates
1890 2505 2088 2557 habere
2145 2503 2406 2571 Spiritum

835 2605 1114 2658 sanetum,
1167 2602 1221 2648 ut
1267 2595 1329 2645 ad
1390 2593 1537 2661 ipsos
1587 2593 1900 2646 differenter
1960 2595 2260 2657 referatur;
2319 2604 2412 2648 aut

839 2686 1104 2754 Spiritum
1145 2683 1482 2737 diﬂ‘erentem
1517 2685 1830 2752 quempiam
1854 2699 1996 2748 esse,
2017 2699 2079 2736 ac
2103 2685 2408 2752 duplicem;

837 2784 931 2825 aut
971 2771 1188 2831 Filium,
1219 2786 1324 2822 non
1373 2770 1675 2822 secundum
1722 2772 2043 2834 essentiam,
2095 2787 2262 2824 unum
2295 2786 2412 2825 esse

836 2879 960 2917 eum
988 2862 1304 2927 Patre,qu:r.
1333 2861 1671 2913 identitatem
1694 2861 1814 2912 Filii
1842 2864 1907 2914 ad
1942 2861 2155 2914 Patrem
2193 2863 2411 2926 tollunt,

839 2967 1118 3022 unumque
1183 2967 1248 3005 ac
1301 2952 1603 3013 simplicem
1653 2950 1888 3020 Spiritus
1947 2969 2284 3022 processum,
2325 2971 2413 3008 se-

839 3045 1073 3096 cundum
1130 3058 1290 3109 quem
1349 3042 1412 3094 ad
1442 3040 1656 3095 Patrem
1701 3054 1753 3096 et
1806 3044 2004 3097 Filium
2057 3046 2315 3109 refertur,
2345 3061 2413 3098 ex

842 3136 998 3188 Patre
1036 3150 1128 3202 per
1163 3133 1356 3184 Filium
1388 3135 1711 3201 procedens,
1741 3151 1844 3188 una
1873 3137 2147 3190 auferunt.

913 3225 1138 3282 Deinde,
1189 3226 1288 3278 etsi
1320 3225 1489 3277 Filius
1523 3227 1586 3276 ad
1633 3225 1848 3277 Patrem
1922 3235 1970 3278 et
2021 3229 2084 3279 ad
2137 3227 2407 3295 Spiritum
2440 3240 2481 3298 ε

842 3319 1092 3381 refertur,
1127 3330 1177 3371 et
1227 3317 1384 3369 Pater
1429 3318 1611 3369 itidem
1648 3320 1712 3370 ad
1754 3317 1950 3371 Filium
2000 3327 2053 3371 et
2103 3318 2408 3387 Spiritum:

840 3409 932 3463 sed
966 3409 1190 3461 Omnino
1225 3409 1535 3460 baereticum
1567 3418 1673 3469 est,
1703 3410 1868 3461 etiam
1890 3410 1954 3463 de
1991 3409 2195 3478 Spiritu
2224 3421 2415 3464 saneto

842 3502 984 3554 istuu
1035 3510 1246 3567 putare,
1304 3509 1362 3551 tit
1416 3501 1530 3566 ipse
1585 3517 1823 3570 quoque,
1881 3503 2094 3571 gemina
2152 3505 2414 3556 relatione

840 3589 1051 3643 scilicet
1110 3591 1172 3641 ad
1226 3587 1442 3642 Patrem
1493 3589 1800 3658 Filiumque
1831 3590 2117 3645 referatur.
2179 3592 2415 3660 Spiritus

839 3685 982 3732 enim
1011 3677 1311 3730 secundum
1366 3693 1527 3729 unam
1585 3693 1647 3730 ac
1676 3681 1847 3731 solam
1902 3680 2240 3746 personalem
2293 3694 2417 3749 pro-

839 3772 1129 3839 prietatem
1187 3784 1369 3829 suam.
1404 3785 1466 3822 ac
1514 3771 1816 3823 secumlum
1849 3773 1994 3839 quod
2047 3771 2307 3840 Spiritus,
2348 3772 2414 3824 ad

839 3863 1053 3914 Patrem
1090 3861 1325 3913 refertur
1376 3871 1430 3914 et
1477 3859 1710 3914 Filium:
1761 3861 1920 3915 Pater
1948 3874 2129 3917 autem
2165 3875 2218 3918 et
2249 3864 2417 3918 Filius

839 3951 904 4003 ad
941 3953 1169 4004 invicem
1198 3951 1419 4020 quidem
1452 3962 1498 4004 et
1547 3952 1645 4020 ipsi
1698 3954 2080 4021 personalibus
2113 3955 2418 4022 proprieta-

840 4044 984 4098 tibus
1013 4043 1344 4097 referuntur.
1385 4044 1462 4095 Ad
1486 4043 1746 4113 Spiritum
1781 4060 1930 4111 vero,
1958 4061 2064 4099 non
2089 4046 2192 4109 his,
2229 4062 2415 4099 verum

838 4137 942 4189 alia
1000 4137 1284 4195 relatione,
1336 4150 1500 4204 quam
1554 4137 1930 4202 generationis
1980 4151 2043 4189 ac
2091 4135 2415 4195 nativitatis.

839 4227 1219 4296 productionis
1245 4224 1609 4297 [spirationis]
1642 4228 1875 4290 scilicet,
1906 4227 2206 4280 secundum
2228 4242 2416 4295 quam,

843 4334 1015 4373 unum
1051 4327 1183 4372 sunt
1220 4318 1381 4370 Pater
1426 4328 1479 4370 et
1524 4315 1734 4380 Filius;
1770 4317 1874 4370 etsi
1924 4317 2036 4371 suis
2081 4318 2148 4372 ad
2182 4318 2416 4372 invicem

842 4411 1167 4465 dierrentiis
1243 4411 1489 4474 discreti.
1554 4409 1729 4474 Nam,
1777 4410 2080 4464 secundum
2137 4411 2286 4478 quod
2333 4409 2420 4462 ille

840 4505 1020 4566 Pater,
1049 4504 1137 4556 Itic
1175 4501 1342 4556 Filius
1371 4512 1475 4567 est,
1532 4502 1596 4555 ad
1660 4503 1894 4556 invicem
1928 4503 2101 4557 solum
2133 4503 2418 4557 dicuntur.

841 4595 1028 4663 Itaque
1064 4592 1174 4647 illic
1212 4596 1428 4663 quidem
1461 4595 1541 4648 fas
1576 4605 1677 4659 est,
1726 4595 2028 4648 secundum
2076 4609 2244 4647 unum
2275 4594 2422 4648 sciIi-
2455 4599 2498 4653 υ

839 4697 948 4746 cet.
979 4702 1042 4738 ac
1077 4686 1256 4739 solum
1295 4686 1470 4753 ipsius
1504 4685 1845 4753 personalem
1879 4699 2220 4753 processum,
2247 4681 2421 4751 Spiri-

840 4785 957 4827 tum
1005 4784 1256 4826 sanetum
1295 4775 1361 4825 ad
1412 4772 1664 4836 Patrem,
1704 4788 1768 4827 ac
1824 4773 2019 4826 Filium
2069 4774 2304 4837 referre;
2367 4774 2419 4826 in

841 4868 998 4921 Patre
1040 4867 1203 4929 vero,
1237 4866 1302 4918 ad
1340 4865 1601 4932 Spiritum
1626 4877 1679 4917 et
1717 4865 1949 4919 Filium:
2003 4881 2066 4918 ac
2107 4879 2320 4928 rursus,
2368 4863 2420 4915 in

846 4959 984 5012 Filio
1033 4960 1097 5010 ad
1165 4958 1384 5011 Patrem
1427 4966 1478 5009 et
1543 4956 1803 5025 Spiritum
1867 4965 2143 5019 sanctum,
2196 4956 2423 5008 omnino

847 5049 1187 5117 impossibile
1213 5060 1295 5099 est
1327 5067 1339 5113 ;
1377 5063 1574 5115 nempe
1611 5049 1781 5111 enim,
1812 5049 1912 5100 etsi
1949 5047 2126 5101 Patris
2163 5063 2419 5113 persona,

845 5156 950 5192 una
1017 5157 1140 5192 cuttt
1176 5141 1243 5191 sit
1291 5156 1351 5194 ac
1393 5141 1645 5206 simplex,
1685 5139 1749 5192 ad
1801 5138 1994 5192 Filium
2047 5154 2111 5191 ac
2159 5137 2419 5206 Spiritum

842 5232 1099 5296 refertur,
1130 5234 1311 5286 dicere
1360 5248 1677 5301 possumus,
1707 5233 1967 5299 quoniam
2009 5230 2170 5284 Pater
2198 5231 2417 5299 quidem

841 5325 906 5376 ad
935 5323 1249 5377 differentes
1281 5338 1545 5391 personas
1605 5323 1866 5391 Spiritum
1905 5339 1967 5376 ac
1997 5321 2193 5375 Filium
2252 5323 2418 5376 refer-

843 5428 952 5480 tur,
975 5418 1275 5471 seeuudum
1309 5421 1457 5486 quod
1490 5429 1616 5470 sunt
1647 5433 1893 5486 persona:
1925 5416 2264 5480 differentes,
2303 5417 2424 5471 ideo

842 5520 897 5562 et
925 5507 1159 5562 refertur
1185 5508 1502 5563 dilferenter
1524 5510 1635 5578 ('29)
1663 5525 1678 5574 ;
1702 5509 1939 5579 Spiritus
1962 5518 2140 5562 autent
2177 5521 2420 5574 sanctus,

842 5604 944 5653 etsi
995 5602 1062 5653 ad
1124 5617 1389 5669 personas
1458 5601 1776 5657 differentes
1827 5603 2089 5666 refertur,
2146 5605 2241 5658 sed
2311 5619 2415 5656 non

2509 1982 2616 2026 tate
2649 1974 2970 2038 redduntur,
2991 1973 3220 2040 ideoque
3253 1988 3355 2025 una
3383 1974 3640 2036 essentia,
3666 1981 3719 2025 et
3752 1988 3853 2024 una
3881 1973 4070 2034 virtus,

2507 2076 2560 2118 rt
2593 2082 2737 2120 unus
2771 2065 2909 2119 Deus
2948 2075 3033 2120 est
3066 2082 3079 2117 :
3121 2068 3190 2118 ita
3243 2075 3298 2118 et
3335 2066 3386 2118 in
3425 2065 3627 2134 Spiritu
3656 2073 3866 2126 saneto,
3897 2081 4075 2132 :equa-

2510 2160 2673 2212 litatis
2721 2157 2860 2211 ratio
2909 2156 3222 2210 necessario
3263 2156 3503 2210 habenda
3531 2166 3631 2210 est.
3676 2157 3820 2209 Alias
3855 2158 4071 2224 quippe,

2509 2251 2647 2303 sicut
2673 2249 2723 2301 in
2762 2248 2889 2307 illis,
2931 2263 3052 2301 eum
3095 2262 3200 2300 non
3229 2246 3478 2300 similiter
3518 2246 3662 2299 Patri
3705 2247 4076 2301 retltluntttret

2510 2339 2690 2392 Filio:
2748 2337 3071 2400 diminutio,
3134 2337 3474 2404 varietasque
3531 2337 3782 2390 essentia?
3834 2335 3954 2389 Filii
4011 2339 4078 2391 ad

2513 2429 2746 2490 Patrem,
2777 2429 3041 2498 sequitur.
3075 2438 3130 2479 ut
3165 2429 3369 2481 dictum
3411 2439 3524 2491 cst,
3561 2429 3858 2508 secundum
3906 2430 4078 2482 Aria--

2512 2537 2706 2575 norum
2737 2519 3155 2589 propositionem
3188 2540 3202 2573 :
3231 2518 3474 2589 profecto
3501 2529 3553 2572 et
3579 2520 3630 2571 in
3655 2529 3843 2572 saneto
3875 2519 4080 2586 Spiritu

2512 2628 2635 2666 cum
2662 2610 2927 2664 ambobus
2961 2610 3232 2672 similiter,
3270 2626 3331 2662 ae
3367 2611 3484 2663 sine
3529 2610 3632 2661 ulla
3668 2609 3927 2662 varietate
3963 2611 4083 2662 red-

2513 2703 2696 2763 datur,
2742 2702 2788 2755 si
2827 2717 2858 2754 a
2911 2701 3064 2754 nobis
3099 2701 3444 2754 dissimiliter
3528 2716 3591 2752 ac
3633 2699 3778 2751 varie
3817 2701 4082 2762 redditur,

2515 2794 2658 2847 idem
2702 2793 3008 2847 necessario
3055 2793 3324 2859 sequitur,
3358 2791 3652 2862 multoque.
3683 2792 3770 2843 bic
3826 2791 4082 2858 amplius,

2514 2887 2774 2956 quoniam
2837 2897 2890 2939 et
2942 2885 3010 2938 de
3060 2883 3624 2940 consubstantialitate
3661 2883 3897 2953 Spiritus
3955 2883 4085 2952 ipsis

2515 2992 2694 3031 sermo
2717 2986 2818 3031 est.

2592 3091 2646 3144 ld
2688 3098 2736 3142 et
2789 3089 3029 3156 magistri
3082 3086 3337 3142 Ecclesia:
3379 3097 3690 3142 senserunt.
3734 3089 3826 3140 Ait
3885 3088 4088 3157 quippe

2517 3182 2755 3251 Cyrillus
2803 3181 3180 3243 beatissimus,
3237 3195 3360 3231 cunt
3420 3180 3549 3232 illud
3595 3188 3937 3246 exponeret:
3973 3178 4086 3245 Ego

2520 3273 2711 3341 rogabo
2741 3271 2977 3335 Patrem,
3009 3281 3054 3324 et
3092 3273 3256 3323 alium
3313 3269 3649 3323 Paracletum
3707 3270 3851 3322 dabit
3901 3272 4084 3323 vobis:

2528 3387 2544 3417 ι
2587 3365 2675 3416 Dei
2723 3365 2866 3416 enim
2911 3373 2966 3415 et
3007 3361 3183 3416 Patris
3230 3363 3557 3415 naturalium
3595 3361 3866 3416 bonorum
3903 3376 4090 3416 essen-

2526 3452 2724 3507 tialiter
2769 3452 2948 3505 socius
2996 3463 3355 3519 consorsque,
3415 3467 3539 3505 cum
3577 3452 3657 3505 sic
3694 3452 3883 3505 eodem
3927 3451 4090 3504 modo

2527 3543 2686 3597 habet
2715 3542 2999 3610 Spiritum,
3031 3557 3141 3612 quo
3170 3543 3372 3596 habere
3399 3557 3523 3595 eunt
3554 3542 3714 3595 Pater
3747 3542 4089 3610 intelligitur,

2526 3651 2634 3689 non
2683 3637 3007 3700 inductum,
3069 3650 3245 3704 neque
3287 3636 3632 3690 estrinsecus
3689 3634 3988 3704 injectum,
4039 3632 4089 3688 id

2525 3731 2726 3800 quippe
2773 3730 2999 3792 sentire,
3045 3743 3273 3783 summae
3321 3730 3556 3782 vesaniae
3609 3737 3729 3793 est;
3771 3728 3886 3792 sed,
3931 3725 4091 3781 sicuti

2527 3821 2904 3889 unusquisque
2932 3831 3180 3873 nostrum
3225 3820 3503 3888 proprium
3556 3821 3659 3874 sibi
3697 3819 3946 3873 continet
3983 3818 4094 3886 spi-

2527 3911 2713 3975 ritum,
2779 3923 2938 3981 atque
2985 3927 3047 3966 ex
3091 3911 3297 3965 intimis
3355 3913 3656 3967 visceribus
3711 3912 3776 3965 ad
3823 3911 4095 3965 exteriora

2528 4001 2825 4067 profundit.
2868 4001 3097 4071 Propter
3144 4002 3248 4057 hoc
3284 4003 3460 4072 ipsum
3508 4003 3744 4072 denique
3797 4003 4099 4058 itisuIlIavit

2527 4093 2887 4161 corporaliter
2919 4093 3194 4159 Christus,
3223 4093 3541 4159 ostendens,
3571 4096 3829 4162 quoniam
3862 4095 4004 4150 sicut
4032 4111 4098 4148 ex

2531 4188 2768 4239 humano
2817 4200 2910 4240 ore
2967 4187 3208 4254 procedit
3273 4185 3631 4254 corporaliter
3684 4188 3952 4256 spiritus.
4019 4188 4092 4240 ita

2528 4288 2580 4330 et
2617 4277 2674 4330 in
2721 4278 2902 4331 divina
2943 4277 3278 4338 substantia,
3311 4279 3404 4346 qui
3455 4293 3522 4330 ex
3565 4277 3680 4346 ipsa
3724 4286 3810 4332 est
3861 4277 4101 4346 Spiritus

2529 4367 2718 4422 deifice
2747 4368 3016 4438 digneque
3045 4367 3410 4438 profunditur.
3446 4387 3466 4422 ι

2599 4477 2756 4532 Idem
2785 4493 2976 4531 rursus
3017 4493 3139 4531 eum
3167 4478 3298 4532 illud
3332 4479 3704 4549 evangelicum
3755 4489 4052 4550 exponeret
4085 4500 4098 4535 :

2530 4567 2599 4620 Et
2622 4569 2757 4621 Deus
2797 4579 2910 4620 erat
2961 4567 3208 4632 Verbum,
3275 4587 3294 4621 ι
3339 4568 3457 4622 Non
3492 4585 3641 4638 ergo.
3668 4572 3879 4639 inquit,
3923 4575 4103 4625 mittor

2531 4669 2635 4725 est,
2669 4659 2762 4729 qui
2796 4660 3046 4714 eamdem
3082 4660 3245 4714 habet
3266 4659 3608 4713 efficientiam
3641 4677 3804 4730 quam
3831 4662 4104 4731 perfectus

2531 4751 2711 4817 Pater,
2749 4751 3124 4820 genitorisque
3181 4749 3445 4818 Spiritum
3495 4752 3659 4805 habet
3691 4753 3973 4820 proprium
4009 4769 4104 4806 na-

2534 4855 2668 4896 tura:
2701 4844 2906 4897 bonum
2949 4843 3266 4910 vivumque,
3291 4851 3345 4897 et
3401 4844 3505 4898 sibi
3553 4844 3989 4899 substantialiter
4023 4845 4105 4899 iti-

2532 4938 2719 5001 situm,
2762 4937 3224 5005 quemadmodum
3259 4936 3511 4991 videlicet
3539 4947 3596 4990 et
3642 4937 3819 4990 Pater.
3867 4958 3885 4988 ι

2603 5054 2783 5120 Hic,si
2806 5069 2995 5110 rursus
3015 5056 3140 5124 quis
3175 5055 3311 5109 duos
3344 5068 3638 5120 processus
3671 5053 3844 5108 sancti
3867 5050 4106 5122 Spiritus

2533 5164 2758 5218 ponens,
2801 5163 2967 5200 unum
3005 5147 3411 5214 intemporalem
3450 5143 3720 5216 [ἄχρονον]
3753 5160 3815 5199 ac
3848 5147 4107 5199 substan-

2531 5243 2734 5305 tialem,
2797 5240 3154 5305 temporalem
3213 5240 3442 5291 alterum
3499 5253 3599 5292 nec
3661 5238 4105 5304 substantialem,

2529 5331 2678 5384 Patri
2712 5329 2934 5398 quidem
2967 5329 3160 5380 ambos
3187 5327 3447 5395 assignet,
3488 5327 3623 5381 Filio
3654 5343 3781 5381 vero
3805 5327 4106 5382 Secundum

2534 5440 2599 5478 ac
2639 5423 3021 5493 temporalem,
3056 5422 3363 5475 secundum
3414 5435 3577 5489 quem
3621 5430 3678 5474 et
3723 5420 3864 5473 mitti
3905 5420 4106 5473 dicitur

2534 5517 2601 5576 ab
2636 5517 2781 5584 ipso,
2810 5527 2864 5570 et
2895 5516 3037 5578 dari,
3072 5523 3125 5569 et
3166 5514 3399 5580 infundi,
3429 5515 3549 5568 etsi
3577 5515 3706 5583 quid
3739 5513 3884 5567 aliud
3919 5513 4108 5583 bujus-

2536 5609 2682 5662 modi
2712 5609 2780 5662 de
2817 5619 2964 5661 tanta
2997 5622 3052 5662 re
3095 5608 3203 5662 dici
3237 5607 3654 5663 eonvenientius
3694 5615 3888 5677 potest.
3925 5605 4108 5660 Primo

917 5779 1026 5852 (9.9)
1057 5779 1182 5850 Lrg.
1209 5781 1370 5850 Greg.
1399 5785 1465 5837 de
1489 5781 1757 5846 Valentia,
1787 5791 1920 5837 tom.
1954 5782 1970 5833 I
2003 5781 2205 5836 Comm.
2237 5783 2375 5836 Ilico!
2410 5822 2422 5845 ,
2471 5783 2612 5837 disr.
2638 5783 2692 5846 2,
2725 5799 2781 5852 q.
2825 5786 2908 5840 Il).
2949 5804 2976 5848 ι·
3041 5790 3054 5802 ³
