4462 6440
776 398 842 458 75
2023 399 2413 457 MAXUELlS-
2454 400 2536 457 C.-\

2247 401 2413 457 ELES-
2454 400 2755 459 cases
3933 378 3998 470 is

776 506 965 563 Filius.
999 506 1167 558 l'ilius
1209 506 1389 558 omnia
1428 515 1509 558 est
1534 549 1545 566 ,
1588 523 1704 573 qum
1752 506 1941 570 Pater,
1982 510 2130 576 juxta
2168 514 2337 578 ipsius
2371 518 2410 567 Δ

777 597 983 647 Domini
1020 611 1204 647 vocem
1242 597 1513 649 dicentis:
1556 598 1779 655 Omnia.
1817 614 1931 659 quia
1969 602 2119 650 habet
2160 600 2333 661 I’aler,

774 700 886 739 mea
912 697 1055 738 sunt.
1084 687 1157 739 lic
1189 688 1331 740 enim
1366 704 1485 739 Vera
1526 690 1779 757 imaginis
1814 700 1939 741 sunt
1976 691 2181 749 omnia,
2214 706 2335 757 qum.

774 781 972 831 adsunt
1006 780 1291 846 prituitivm
1319 779 1523 831 fortine.
1579 800 1595 830 ι

844 866 1037 919 [iratus
1066 868 1192 919 item
1226 869 1461 934 (Zyi‘il'us
1486 868 1537 919 in
1568 868 1808 920 secundo
1836 870 1898 919 ad
1928 870 2197 922 llermiam
2222 871 2330 923 ait:

777 959 1181 1010 «(inmeritum
1243 958 1387 1010 Patri
1453 960 1726 1011 credimus
1785 960 1979 1013 Filium
2045 962 2333 1027 omniaque

770 1049 1048 1112 :equaliter
1075 1051 1385 1111 habenti-ni,
1414 1060 1609 1115 pra-ter
1638 1050 1810 1103 solum
1838 1051 2080 1118 gignere.
2114 1068 2130 1100 ι
2159 1051 2333 1103 Μαίης

769 1154 872 1203 ψιι·
905 1140 957 1191 in
998 1141 1133 1191 lihro
1170 1156 1270 1193 suo
1306 1140 1377 1193 De
1416 1140 1702 1203 Trinitate,
1759 1160 1776 1191 ι
1824 1140 1878 1193 1η
1920 1142 2055 1193 Filio
2081 1180 2095 1201 ,
2137 1142 2332 1209 inquit,

771 1232 1069 1297 unigenito,
1104 1247 1196 1298 per
1225 1232 1405 1283 otituia
1437 1232 1597 1283 simili
1626 1230 1767 1283 Patri
1822 1241 1873 1283 et
1899 1231 2115 1299 arquali,
2143 1240 2335 1299 praeter

769 1324 817 1375 id
850 1322 1052 1384 solum,
1082 1323 1226 1388 quod
1261 1320 1421 1373 Pater
1454 1337 1557 1372 non
1593 1330 1697 1373 est.
1747 1339 1764 1370 ι

840 1412 1006 1465 Divus
1044 1414 1167 1463 item
1223 1412 1649 1480 (ilit‘ysostomus
1695 1410 1746 1462 in
1797 1410 2015 1461 humilia
2065 1411 2131 1461 39
2171 1425 2334 1479 super

763 1504 1060 1565 Joannem,
1097 1518 1261 1570 super
1292 1503 1460 1556 illud:
1511 1500 1575 1553 Ut
1620 1518 1793 1555 omnes
1829 1503 2077 1554 honorent
2113 1499 2330 1564 Filium,

769 1599 900 1647 sicut
948 1597 1209 1647 honorant
1249 1606 1295 1647 et
1346 1592 1560 1645 Patrem
1592 1635 1606 1657 ,
1645 1612 1662 1643 ι
1706 1594 1842 1646 l\'um
1880 1608 2028 1659 ergo,
2062 1595 2253 1663 inquit,
2282 1596 2365 1645 et‘

773 1689 983 1738 Putrem
1028 1688 1201 1752 ipsum
1244 1685 1680 1752 appellabimus?
1727 1684 1902 1738 Absit.
1945 1684 2154 1737 Idcirco
2188 1684 2330 1736 enim

768 1781 901 1831 dixit
935 1777 1152 1840 Filium,
1188 1786 1246 1828 ut
1280 1784 1585 1828 manentem
1622 1769 1931 1837 Filiumfut
1962 1773 2198 1836 Patrem,
2236 1774 2331 1825 ho-

770 1868 1170 1933 nori'tntts.Qui
1203 1877 1380 1921 autem
1426 1868 1600 1933 ipsum
1638 1866 1768 1919 dicit
1796 1863 2034 1928 Patrem,
2075 1881 2181 1918 non
2218 1864 2327 1934 jam

768 1975 825 2017 ut
870 1964 1085 2017 Patrem
1134 1959 1330 2015 Filium
1366 1959 1621 2022 honorat,
1656 1958 1747 2011 sed
1786 1958 2074 2026 permiscet
2114 1966 2167 2010 et
2193 1972 2328 2010 con-

767 2056 942 2109 l'unriit
972 2053 1179 2105 omnia.
1220 2070 1237 2102 ι
1280 2055 1355 2104 Λα
1385 2060 1506 2119 post
1541 2048 1839 2116 pusillum:
1879 2067 1896 2098 ι
1938 2047 2091 2101 Dedit
2148 2059 2327 2101 autem

769 2148 970 2199 iiii-irco
1019 2145 1258 2204 dictum,
1315 2158 1380 2195 ne
1428 2142 1725 2208 ingenitum
1784 2142 1958 2208 ipsum
2009 2139 2329 2208 suspiceris,

770 2247 944 2299 neque
984 2231 1119 2283 duos
1172 2228 1357 2282 Patres
1401 2243 1522 2282 esse
1565 2236 1739 2295 putes.
1787 2226 1979 2281 Omnia
2025 2229 2166 2280 enim
2209 2243 2330 2296 qua:

771 2326 926 2377 Pater
969 2332 1073 2385 est,
1111 2320 1225 2375 bmc
1263 2330 1316 2375 et
1367 2320 1535 2375 Filius
1572 2326 1688 2381 est,
1727 2318 1941 2386 genitus
1999 2328 2052 2373 et
2105 2335 2330 2375 manens

766 2415 953 2468 Filius.
1004 2434 1023 2467 ι

834 2507 1022 2568 Porro,
1061 2508 1104 2560 si
1136 2506 1255 2575 quis
1297 2504 1456 2557 etiam
1485 2503 1745 2574 Spiritum
1778 2514 2049 2570 sanctum,
2081 2503 2323 2572 ejusdem

761 2599 1014 2651 essentne
1047 2613 1167 2651 eum
1197 2597 1355 2649 Patre
1388 2604 1439 2647 et
1469 2595 1607 2650 Filio
1630 2612 1752 2649 cum
1779 2597 1865 2659 sit,
1888 2605 1942 2649 et
1971 2594 2145 2663 ipsum
2172 2592 2325 2661 quasi

765 2689 1073 2743 necessario
1130 2704 1186 2741 se
1239 2689 1538 2755 producere
1585 2689 1920 2752 sultiul'erat,
1970 2687 2152 2741 audiet
2202 2686 2329 2738 hinc

762 2779 978 2847 quidem
1028 2794 1145 2831 esse
1183 2778 1314 2831 nihil
1386 2778 1529 2845 quod
1573 2780 1748 2847 ipsum
1784 2782 2022 2846 seipsum
2061 2778 2322 2846 proferat,

763 2882 1051 2934 ipsumque
1094 2866 1177 2919 sui
1225 2868 1397 2934 ipsius
1438 2882 1603 2921 causa
1652 2868 1756 2931 sit;
1794 2868 1917 2921 hinc
1963 2882 2090 2920 vero
2124 2868 2323 2918 nullam

760 2959 919 3010 aliam
947 2956 1103 3010 nobis
1133 2972 1418 3025 personam
1452 2967 1643 3027 praeter
1672 2968 1803 3020 tres,
1838 2959 1888 3012 in
1917 2959 2114 3012 divinis
2148 2958 2323 3010 tradi-

761 3061 893 3114 tam,
939 3059 988 3101 ut
1041 3049 1184 3101 illam
1231 3051 1493 3117 producat
1546 3049 1802 3119 Spiritus.
1854 3050 2043 3118 Itaque
2097 3036 2390 3117 cogeturC

759 3157 1051 3210 personant
1087 3142 1274 3203 aliam,
1303 3157 1424 3210 qua:
1452 3142 1799 3209 producatur,
1830 3142 2098 3206 invenire,
2150 3156 2324 3210 quan-

755 3234 1068 3301 doquident,
1098 3233 1245 3301 quod
1275 3233 1545 3301 producit,
1565 3243 1619 3289 et
1643 3234 1787 3302 quod
1818 3233 2156 3302 producitur,
2184 3233 2320 3285 idem

755 3341 876 3377 esse
912 3340 1020 3376 non
1058 3332 1253 3389 potest,
1281 3322 1552 3390 simulque
1582 3323 1854 3377 sermonis
1890 3322 2108 3377 tolletur
2134 3321 2323 3375 funda-

760 3426 1023 3467 mentum.
1057 3413 1503 3481 Prtesupponitur
1528 3414 1751 3483 quippe,
1776 3413 1930 3482 juxta
1957 3414 2097 3468 sacri
2124 3412 2323 3480 eloquii

759 3505 1087 3575 positionem
1113 3541 1129 3567 ,
1165 3504 1425 3572 Spiritum
1475 3501 1723 3572 produci,
1764 3503 1843 3554 vel
1878 3502 2198 3570 procedere;
2232 3517 2321 3554 so-

754 3599 974 3664 lumque
1008 3596 1151 3649 unde
1186 3595 1485 3663 queritur:
1521 3605 1573 3649 et
1604 3595 1650 3648 si
1686 3592 1863 3655 Pater,
1896 3603 1948 3645 et
1982 3590 2149 3645 Filius
2185 3606 2322 3645 unus

755 3688 1048 3757 productor
1070 3693 1175 3751 est,
1196 3696 1252 3741 at
1278 3687 1420 3755 quod
1447 3687 1712 3755 producit,
1738 3698 1793 3739 et
1815 3686 1957 3753 quod
1985 3685 2319 3753 producilu:-,

754 3778 894 3830 idem
941 3793 1060 3831 esse
1101 3792 1207 3831 non
1261 3786 1463 3845 potest.
1515 3777 1605 3830 Sic
1646 3777 1788 3829 enim
1827 3776 2136 3829 necessario
2177 3776 2318 3841 ejus,

751 3870 896 3935 quod
957 3868 1192 3927 dicitur.
1247 3868 1428 3929 unde,
1493 3882 1657 3919 causa
1718 3867 1982 3919 tolletur:
2041 3869 2140 3918 hac
2192 3880 2320 3915 vero

753 3959 983 4018 ratione,
1007 3970 1058 4011 et
1089 3959 1233 4027 quod
1257 3959 1459 4011 dicitur
1484 3974 1548 4011 ex
1575 3958 1728 4010 Patre
1753 3972 1847 4025 per
1871 3956 2063 4010 Filium
2094 3970 2321 4023 prorsus

749 4049 1051 4101 auferetur.
1098 4048 1213 4101 Non
1250 4064 1380 4118 ergo
1419 4060 1502 4102 cst
1541 4050 1776 4117 putanda
1818 4047 2076 4101 instantia
2101 4086 2114 4107 ,
2154 4062 2316 4114 quam

745 4151 801 4191 et
834 4154 918 4201 ea,
948 4138 1012 4192 de
1037 4140 1237 4208 quibus
1262 4154 1446 4193 sermo
1469 4149 1570 4205 est,
1599 4149 1785 4208 etqua:
1805 4154 1833 4192 a
1859 4138 2317 4207 disputationibus

744 4246 1009 4285 concessa
1040 4241 1188 4297 sunt,
1224 4233 1441 4288 tollunt.

2516 514 2586 564 Ex
2626 516 2709 564 his
2741 528 2868 579 ergo
2905 530 3021 581 qum
3054 516 3307 576 diximus,
3336 526 3576 583 aj-paret.
3606 528 3655 569 et
3681 518 3850 584 ipsum
3880 518 3998 569 Filii

2440 618 2655 661 nomen,
2678 613 2731 655 et
2773 605 3001 655 multum
3030 607 3262 668 quidem.
3288 609 3350 656 ad
3374 606 3701 672 propoSi-‘um
3730 608 3990 660 conferre.

2437 693 2617 759 Neque
2643 696 2784 745 enim
2822 694 2979 746 Pater
3017 712 3181 748 t'crus
3240 697 3397 749 Pater
3427 712 3547 749 esse
3571 700 3861 760 diceretur,
3896 702 3995 750 nisi

2435 784 2672 850 scipstun
2703 785 2915 850 penitus
2973 787 3396 839 communicat-ct
3447 788 3610 851 Filio;
3640 804 3811 856 neque.
3832 788 3997 841 Fili-rs

2440 888 2600 925 verus
2632 885 2773 925 esset
2814 873 3003 934 Filius,
3031 879 3132 927 n‘si
3156 876 3330 929 Patris
3354 880 3534 930 omnia
3574 880 3791 931 haberet
3830 883 3881 931 in
3914 898 3997 931 sr-

2434 964 2585 1030 ipso;
2615 964 2703 1015 sed
2738 980 2909 1031 neque
2936 976 3077 1017 esset
3108 967 3569 1020 inrmnmutabilis
3599 971 3773 1036 imago
3800 969 3995 1031 Patris.

2435 1054 2480 1105 si
2515 1053 2603 1105 illo
2652 1055 2826 1108 minor
2860 1066 3181 1122 appareret;
3233 1072 3406 1120 neque
3451 1059 3684 1126 sigillum
3734 1061 3999 1112 uniforme

2438 1156 2609 1207 es~et,
2647 1147 2789 1213 quod
2828 1146 2881 1198 in
2919 1162 2976 1199 se
3020 1148 3253 1200 ostendit
3291 1148 3505 1201 Patrem
3547 1151 3698 1216 juxta
3743 1133 3995 1219 magnum

2440 1236 2730 1290 Basilium:
2762 1258 2776 1287 ι
2808 1238 3057 1304 Ιιιιειίςὶιιίς
3080 1240 3277 1307 quippe
3296 1251 3419 1292 sunt
3441 1242 3643 1305 ctnnia,
3663 1257 3997 1309 quterunqus

2435 1325 2616 1378 insiint
2647 1326 2930 1393 primitivm
2956 1325 3162 1390 fut-nm,
3202 1346 3219 1377 ι
3254 1339 3309 1381 ιιι
3338 1330 3449 1393 ipse
3477 1332 3585 1391 ait;
3616 1341 3668 1382 et
3696 1332 3837 1383 sicut
3863 1333 3997 1384 Gie-

2436 1415 2617 1478 gorius
2637 1414 2943 1483 Thcologus
2964 1417 3453 1473 insm‘tnonihusdc
3469 1420 3605 1472 Filio
3627 1421 3763 1473 (“\it
3790 1440 3802 1474 :
3828 1442 3844 1472 ι
3877 1422 3948 1473 ΙΙ.ι
3970 1439 3997 1474 c

2433 1506 2577 1556 enim
2623 1508 2872 1573 imaginis
2909 1519 3099 1561 natura
3132 1520 3243 1573 est,
3294 1513 3653 1565 imitationem
3689 1529 3807 1565 esse
3840 1516 3993 1581 ptimi

2433 1596 2761 1661 exemplaris
2784 1635 2799 1658 ,
2834 1597 3085 1666 idemque
3116 1599 3237 1653 e‘sse
3277 1602 3480 1669 potius.
3513 1617 3673 1670 quam
3704 1605 3992 1657 assimula-

2437 1685 2638 1735 tioneni
2667 1724 2679 1745 .
2724 1701 2789 1737 ne
2824 1687 2894 1739 sit
2933 1689 2981 1738 in
3016 1689 3125 1740 alio
3160 1690 3377 1751 similis,
3412 1692 3463 1742 in
3497 1693 3603 1745 alio
3637 1675 3933 1745 dissimilis.
3973 1715 3989 1742 ι

2364 1739 2405 1792 Β
2434 1775 2495 1826 Et
2520 1775 2750 1841 adjecit:
2779 1795 2795 1825 ι
2828 1775 2926 1829 llic
2959 1790 3138 1830 autem
3168 1794 3230 1832 eo
3258 1782 3418 1833 etiam
3450 1782 3638 1849 magis,
3670 1797 3778 1850 quo
3810 1782 3995 1834 virens

2430 1865 2647 1917 riventis
2670 1876 2745 1917 est
2781 1867 2976 1936 imago.
3020 1886 3037 1918 ι
3073 1868 3178 1922 Sed
3219 1884 3394 1938 neque
3426 1871 3676 1923 Christus
3714 1887 3833 1923 vera
3865 1887 3993 1939 pro-

2430 1961 2651 2006 secutus
2683 1964 2831 2007 esset
2856 1955 2921 2008 de
2963 1956 3146 2025 seipso
3200 1957 3388 2011 dicens
3416 1960 3624 2023 omnia,
3660 1974 3779 2027 qua:
3818 1960 3855 2011 P
3894 1971 3991 2012 tris

2428 2053 2649 2107 essent,
2698 2059 2755 2099 se
2802 2045 3034 2112 habere;
3084 2048 3247 2102 habet
3287 2059 3467 2103 autem
3510 2050 3665 2103 Pater
3714 2054 3988 2120 proprium

2432 2144 2638 2188 natura:
2661 2151 2773 2190 sua:
2803 2136 3025 2201 bonum,
3055 2137 3313 2207 Spiritum
3340 2153 3614 2195 sanctum.
3640 2142 3702 2195 Et
3727 2145 3987 2211 quoniam

2431 2240 2590 2278 unam
2617 2231 2972 2297 eanulemque
3023 2241 3271 2284 naturam
3303 2232 3468 2287 Filius
3499 2251 3561 2288 ex
3593 2236 3747 2289 Patre
3773 2238 3987 2305 genitus

2430 2316 2593 2370 etiam
2629 2332 2751 2371 cum
2792 2318 2950 2374 Patre
2980 2321 3163 2386 habet,
3197 2323 3318 2389 quis
3349 2325 3543 2378 audeat
3576 2328 3674 2379 hac
3697 2328 3986 2394 prtelitum

2432 2408 2627 2462 Filium
2662 2426 2908 2465 asserere
2928 2422 3279 2478 paternorum
3300 2416 3567 2469 bonorum
3592 2420 3710 2469 aliis
3735 2420 3987 2486 gaudere.

2432 2502 2553 2554 aliis
2576 2503 2819 2571 privari?
2848 2506 3021 2572 Atque
3054 2505 3179 2559 hinc
3211 2509 3478 2568 omnium,
3510 2509 3650 2575 quod
3675 2510 3872 2563 dicitur
3901 2517 3988 2562 de~
4042 2492 4051 2499 ’

2430 2592 2726 2646 ﬁnitionem
2768 2593 2981 2657 tollere,
3028 2611 3150 2648 cum
3186 2596 3445 2651 Dominus
3494 2598 3666 2651 Patris
3712 2614 3893 2651 omnia
3931 2615 3989 2652 se

2431 2685 2627 2735 habere
2660 2685 2894 2736 dixerit?
2924 2682 3186 2738 Praeterea
3217 2688 3420 2740 dictum
3450 2697 3569 2743 est:
3602 2690 3705 2754 Qui
3731 2691 3857 2741 ridet
3888 2706 3986 2754 me,

2429 2776 2561 2825 videt
2599 2783 2645 2824 et
2684 2772 2893 2825 Patrem
2928 2774 2987 2825 ¹⁵.
3030 2773 3183 2837 Quod
3218 2787 3395 2829 autem
3430 2778 3661 2840 dicitur,
3701 2780 3852 2841 videt,
3889 2794 3987 2847 pro

2428 2879 2491 2916 co
2518 2864 2750 2931 positum
2771 2870 2875 2925 est,
2897 2863 3038 2931 quod
3063 2872 3165 2925 est,
3191 2864 3461 2933 intelligit,
3493 2866 3563 2919 ita
3587 2868 3989 2935 caponentibus

2430 2955 2700 3007 Pati-ilius.

2498 3044 2554 3096 Et
2602 3046 2724 3097 hinc
2773 3046 2954 3113 itaque
3004 3055 3256 3108 constat,
3300 3048 3444 3113 quod
3494 3046 3585 3115 qui
3628 3046 3822 3102 Filium
3870 3050 3987 3103 sine

2429 3136 2630 3203 Spiritu
2682 3138 2913 3203 cogitat,
2955 3137 3116 3189 etiatu
3153 3137 3365 3191 Patrem
3406 3136 3614 3205 Spiritu
3664 3143 3983 3199 destitutum

2428 3226 2708 3293 intelliget.
2751 3225 2887 3290 Quia
2931 3227 3075 3279 enim
3117 3226 3287 3280 Filius
3326 3225 3501 3280 Patris
3534 3237 3617 3281 est
3656 3229 3895 3281 deﬁnitio
3929 3239 3984 3281 et

2427 3315 2684 3379 verbum;
2715 3327 2767 3367 et
2805 3317 2948 3368 sicut
2977 3316 3220 3368 deﬁnitio
3257 3317 3322 3368 ad
3366 3316 3670 3381 deﬁnitum,
3699 3318 3812 3370 sive
3852 3318 3984 3371 deﬁ-

2425 3404 2612 3467 nibile,
2637 3404 2714 3458 sic
2736 3419 2792 3458 se
2814 3405 2975 3457 habet.
2998 3404 3168 3457 Filius
3190 3405 3254 3456 ad
3276 3404 3487 3457 Patrem
3511 3406 3662 3472 juxta
3678 3405 3984 3474 theologum

2425 3495 2745 3565 Gregorium
2774 3488 3049 3556 :omniiio,
3069 3497 3159 3563 qui
3178 3494 3380 3548 deﬁniti
3406 3496 3772 3550 deﬁuitiOnem
3794 3499 3962 3551 nescit

2425 3601 2600 3655 neque
2628 3588 2802 3653 ipsum
2834 3587 3106 3640 delinibilc
3137 3601 3199 3640 ac
3228 3587 3509 3640 deﬁnitum
3549 3591 3705 3644 sciet.
3732 3589 3914 3656 itaque
3940 3592 3983 3643 si

2423 3677 2640 3745 quidem
2681 3675 2844 3730 Pater
2889 3678 3122 3746 Spiritus
3166 3678 3342 3730 sancti
3381 3693 3546 3732 causa
3586 3688 3700 3744 est,
3733 3692 3783 3732 et
3817 3679 3985 3734 Filius

2423 3784 2545 3821 cum
2578 3784 2661 3822 eo.
2705 3769 2861 3833 Quod
2898 3771 2940 3822 si
2983 3784 3090 3822 non
3125 3768 3323 3831 Filius,
3357 3786 3529 3839 neque
3558 3770 3713 3824 Pater
3742 3774 3983 3840 quidem.

2422 3858 2555 3912 Nam
2582 3860 2724 3926 quod
2761 3863 2811 3911 in
2850 3861 3286 3914 inconttnutabili
3320 3862 3554 3931 imagine
3584 3878 3690 3915 non
3719 3864 3981 3926 cernitur,

2423 3951 2472 4002 id
2517 3966 2693 4017 neque
2734 3952 2784 4002 in
2845 3951 3115 4016 primitiva
3168 3952 3342 4005 forma
3392 3954 3738 4020 inspicietur.
3789 3954 3850 4007 Et
3891 3957 3980 4023 qui

2423 4039 2619 4093 Filium
2671 4039 2904 4108 Spiritus
2970 4042 3143 4095 sancti
3216 4058 3436 4095 raUsam
3492 4059 3597 4097 non
3643 4046 3881 4111 illSjllCil,
3920 4063 3985 4099 ne

2420 4133 2637 4185 Patrem
2675 4134 2889 4200 quidem
2927 4147 3151 4186 causam
3193 4132 3500 4201 hujusmodi
3539 4136 3722 4188 videre
3765 4137 3980 4203 poterit.

2420 4220 2572 4285 Quod
2606 4222 2747 4273 enim
2787 4221 2860 4274 ait
2891 4222 3161 4284 Christus,
3197 4223 3360 4274 veluti
3399 4223 3576 4275 brevis
3601 4225 3847 4291 quantam
3882 4224 3981 4276 Pa-

816 4322 1139 4391 Quanquam
1172 4326 1390 4378 etiamsi
1419 4325 1521 4379 alia
1548 4339 1776 4395 persona
1802 4324 1980 4386 detur,
2008 4322 2111 4376 hoc
2136 4322 2312 4391 ipsum
2348 4358 2390 4410 η
2422 4315 2519 4367 lI'iS
2541 4326 2578 4365 οι

2214 4339 2312 4376 mm
2348 4358 2390 4410 Β
2422 4315 2519 4367 tris
2541 4325 2591 4365 et
2619 4311 2734 4365 Filii
2764 4313 3059 4381 parilitatis
3091 4326 3142 4366 et
3197 4316 3339 4381 aiqui
3370 4314 3588 4366 honoris
3611 4316 3856 4367 deﬁnitio
3879 4328 3976 4370 est.

744 4426 797 4465 ιιι
830 4416 897 4466 de
947 4415 1035 4467 illa
1081 4416 1656 4485 quispiam-inquiret,
1706 4427 1870 4483 atque
1916 4415 1989 4465 ita
2045 4428 2312 4479 nusquam

743 4503 961 4557 sistetur
986 4504 1248 4558 inﬁnitas.
1276 4505 1397 4558 Pari
1424 4506 1565 4559 enim
1591 4506 1820 4569 ratione,
1842 4511 1936 4557 aut
1961 4503 2014 4556 in
2038 4501 2311 4554 inﬁnitum

742 4598 1087 4662 progreditur
1128 4611 1485 4664 processuum
1545 4611 1830 4659 numerus,
1874 4604 2002 4659 aut,
2048 4594 2093 4649 si
2149 4595 2315 4647 stabit

730 4688 971 4753 uspiam,
994 4702 1091 4740 cur
1111 4703 1217 4741 non
1249 4690 1350 4743 hoc
1370 4689 1538 4759 magis
1562 4691 1611 4741 in
1638 4689 1866 4757 Spiritu,
1886 4689 2040 4741 tertia
2062 4686 2313 4740 videlicet

740 4794 967 4846 persona
1001 4778 1308 4844 Trinitatis,
1345 4790 1402 4834 ut
1438 4791 1491 4834 et
1524 4780 1810 4834 Trinitatis
1848 4780 2003 4833 nobis
2038 4778 2312 4832 confessio

734 4878 1020 4934 servetur,
1070 4879 1122 4923 et
1165 4871 1477 4940 hujusntodi
1521 4872 1731 4923 vanitas
1766 4871 1989 4922 omnino
2030 4866 2313 4921 arceatur?

734 4960 869 5013 Nam
929 4971 1124 5028 praeter
1171 4961 1258 5025 id,
1319 4961 1463 5029 quod
1524 4962 1835 5029 huiusmodi
1890 4961 2309 5015 ratiocinatores

734 5051 884 5115 vani,
923 5052 1057 5105 nihil
1093 5053 1470 5115 concludunt,
1509 5052 1671 5105 etiam
1719 5068 1841 5122 qua:
1898 5053 2055 5106 nobis
2089 5055 2155 5106 de
2186 5051 2309 5106 Tri-

736 5144 902 5197 nitate
942 5154 1068 5197 sunt
1103 5147 1295 5199 tradita
1324 5188 1337 5209 ,
1375 5154 1686 5198 morentur.
1728 5144 1914 5199 Posito
1954 5147 2099 5199 enim
2139 5147 2305 5199 etiam

730 5250 793 5288 ex
849 5235 967 5287 solo
1024 5235 1183 5290 Patre
1235 5251 1356 5290 esse
1404 5236 1689 5304 Spiritum,
1740 5236 1929 5290 eadem
1980 5248 2030 5291 et
2072 5238 2137 5290 ad
2188 5238 2308 5290 illos

728 5326 1095 5381 nihilominus
1144 5328 1247 5380 erit
1286 5328 1581 5395 inStantia,
1628 5330 2007 5400 haasitatioque
2043 5330 2302 5387 manebit.

726 5416 798 5470 Ut
828 5432 959 5486 ergo
991 5429 1044 5473 ct
1067 5420 1148 5473 eis
1177 5419 1325 5489 ipsis,
1361 5430 1415 5475 et
1447 5422 1605 5475 nobis
1631 5424 1763 5477 nihil
1790 5425 1856 5478 ad
1881 5424 2305 5494 disputationem

729 5508 1018 5563 conici-cus
1061 5511 1326 5579 ejusmodi
1364 5512 1642 5577 instantia,
1687 5514 1795 5570 imo
1823 5518 1985 5570 etiam
2028 5517 2303 5588 prepOsita

726 5604 1020 5658 tlestruens
1049 5608 1358 5675 abjiciatur.

832 5784 873 5814 ”
910 5783 1063 5839 Joan.
1101 5803 1209 5851 xw,
1241 5789 1292 5842 υ.

2419 4403 2647 4468 Quanta:
2694 4404 2894 4470 igitur,
2941 4413 2993 4455 et
3032 4418 3195 4471 quam
3240 4404 3559 4470 periculosa:
3589 4404 3833 4457 audacite
3880 4415 3978 4469 est,

2417 4511 2538 4548 cum
2567 4506 2712 4547 tanta
2737 4496 2808 4546 sit
2832 4494 3098 4548 ambobus
3134 4494 3695 4548 incommutaliilitatis
3731 4495 3981 4547 identita-

2417 4586 2599 4653 tique
2629 4586 2765 4637 ratio
2788 4623 2801 4647 ,
2834 4584 3095 4652 Spiritum
3129 4599 3158 4636 a
3195 4582 3335 4635 Filio
3366 4582 3583 4636 auferre
3608 4622 3622 4645 ,
3658 4593 3844 4636 contra
3882 4585 3980 4635 Do-

2414 4675 2545 4727 mini
2578 4674 2911 4741 Patruu’tque
2935 4673 3288 4735 sententiam,
3313 4682 3369 4724 ιιι
3394 4672 3518 4724 hinc
3546 4674 3709 4724 etiam
3734 4674 3981 4741 imaginis

2415 4765 2938 4817 ineomtnutabilitas
2988 4764 3215 4816 tollatur
3274 4761 3643 4830 essentiaeque
3678 4761 3979 4815 diﬁ‘arentia

2415 4860 2725 4911 necessario
2757 4855 3056 4924 sequatur?
3081 4853 3233 4908 Unde
3263 4869 3394 4908 sane
3423 4861 3656 4915 constat,
3683 4852 3896 4907 Patrem
3928 4865 3982 4905 et

2412 4946 2610 5000 Filium
2645 4962 2806 4999 unam
2855 4960 2974 4999 esse
2993 4946 3167 4998 sancti
3210 4944 3445 5012 Spiritus
3466 4959 3709 5008 causam,
3731 4946 3979 5013 gignendi

2414 5037 2785 5104 nascendique
2819 5035 3150 5104 proprietate
3180 5045 3414 5087 servata.

2482 5151 2720 5205 Joannes
2746 5149 2873 5202 item
2904 5146 3323 5216 Cbrysostomus
3357 5144 3408 5196 in
3437 5142 3505 5195 58
3532 5157 3694 5210 super
3717 5140 3978 5196 Joannem

2413 5245 2654 5308 humilia,
2687 5241 3149 5310 interrogantibus
3178 5238 3412 5299 Arianis,
3437 5237 3710 5304 quomodo
3734 5236 3977 5302 ejusdem

2411 5346 2554 5392 esset
2603 5333 2875 5397 essentia,
2926 5332 3018 5401 qui
3073 5332 3344 5391 mitteret,
3398 5338 3451 5381 et
3499 5330 3590 5396 qui
3648 5327 3976 5391 mitteretur,

2412 5428 2691 5496 respondit
2732 5426 2962 5479 dicens:
3002 5441 3019 5473 ι
3054 5421 3267 5476 Rursus
3309 5419 3375 5473 ad
3407 5420 3643 5472 humana
3673 5418 3972 5472 orationem

2411 5519 2684 5573 convertis
2709 5559 2723 5581 ,
2764 5530 2940 5585 neque
2980 5514 3239 5582 intelligis
3276 5512 3373 5565 ista
3411 5521 3629 5580 propter
3664 5509 3798 5561 nihil
3829 5509 3973 5561 alutd

2410 5612 2542 5678 dici,
2576 5612 2680 5666 nisi
2712 5618 2768 5665 ut
2798 5617 2851 5666 et
2878 5622 3096 5665 causam
3132 5607 3389 5669 sciamus,
3421 5603 3549 5659 etin
3584 5600 3803 5656 Sabellii
3827 5615 3974 5653 mur-
