4462 6440
742 360 812 418 19
1123 444 1125 446 ι
1995 366 2378 423 ξιιεικυιειιδ
2416 369 2500 425 CA

2196 366 2378 423 usus
2416 369 2712 428 Cittaee
3884 376 3958 439 εο

742 490 864 526 cum
903 475 1002 527 hoc
1037 474 1089 526 in
1126 474 1331 541 Spititu
1366 485 1558 528 sancto
1597 491 1700 528 non
1736 475 1965 538 habeat,
2010 478 2128 530 ideo
2159 475 2302 543 quod
2335 485 2374 534 Α
2406 478 2774 545 disputatione
2829 483 3111 536 orthodoxi
3159 495 3209 538 et
3266 488 3514 542 Anomtni
3540 525 3554 550 ,
3607 502 3671 541 ex
3726 504 3956 557 persona

739 580 940 630 corpus
969 579 1070 616 non
1104 564 1463 630 assumpserit
1496 574 1549 615 ιιι
1584 564 1771 626 Filius,
1808 575 1973 618 restat
2003 566 2301 632 intelligen-

745 657 871 704 dtnn
905 655 969 704 de
1005 654 1242 705 naturali
1273 668 1529 720 processu
1565 656 1738 706 sancti
1777 654 1900 721 Spir
1927 664 2014 708 tus
2048 669 2108 707 es
2142 653 2298 719 Filio,

733 744 876 811 quod
916 744 1073 804 tnitti,
1105 754 1156 794 et
1181 747 1350 805 exire,
1380 754 1430 796 et
1467 745 1680 809 prodire
1707 745 1925 796 dicitur.

802 833 875 886 Ex
923 835 1122 902 quibus
1173 836 1332 887 etiam
1387 836 1623 886 maxime
1677 835 2023 888 manifestum
2071 843 2191 896 est,
2243 843 2301 886 ut

733 927 995 988 diximus,
1034 942 1139 978 non
1168 927 1308 978 duos
1345 941 1466 978 esse
1503 927 1675 979 sancti
1717 927 1954 994 Spiritus
1985 941 2297 994 processus,

730 1018 872 1083 quod
902 1031 930 1068 a
977 1016 1304 1082 quibusdam
1341 1017 1679 1077 assumitur;
1733 1016 1833 1068 hoc
1859 1015 2005 1068 enim
2055 1015 2299 1083 pluribus

733 1109 1007 1171 arguitur,
1048 1108 1148 1159 etsi
1191 1117 1410 1174 propter
1444 1107 1960 1170 illiustemporalem
1990 1106 2299 1160 manifesta-

735 1200 954 1258 tionem,
987 1207 1343 1263 nostrumque
1377 1196 1704 1263 profectum,
1731 1207 1994 1249 aeternum
2028 1196 2172 1262 quod
2194 1207 2295 1260 est,

731 1290 1028 1354 temporale
1055 1289 1322 1348 videatur,
1356 1297 1412 1340 ιιι
1441 1289 1692 1354 superius
1725 1287 1931 1340 dictum
1961 1295 2063 1339 est.

798 1382 952 1445 Quod
999 1382 1044 1434 si
1091 1381 1249 1432 divus
1295 1381 1714 1448 Cltrysostomus
1748 1380 1854 1432 alio
1888 1379 1938 1431 in
1970 1379 2088 1431 loco
2117 1379 2292 1432 dixit:

735 1488 753 1519 ι
786 1471 920 1521 Cum
955 1486 1082 1522 vero
1104 1470 1241 1520 tttilti
1273 1469 1535 1526 audit-ris,
1570 1467 1673 1518 noli
1700 1469 1765 1520 de
1787 1467 2069 1526 divinitate
2093 1469 2292 1520 dictum

728 1563 1006 1628 :n-cipt-re;
1074 1560 1216 1613 Deus
1268 1575 1370 1612 non
1431 1561 1684 1618 mittitur,
1726 1578 1742 1609 ι
1788 1560 2112 1620 dicendum,
2149 1561 2292 1625 quod

725 1655 848 1717 quia
880 1651 1094 1716 plurimi
1121 1650 1524 1713 iiiPl‘t‘lit'tlrtlm,
1550 1665 1612 1700 ex
1641 1664 1704 1700 eo
1732 1649 1874 1714 quod
1900 1649 2103 1701 dicitur
2131 1650 2290 1711 tuitti,

725 1747 924 1808 gradus
972 1743 1316 1794 divinitatum
1402 1735 1855 1800 introducentes;
1903 1755 2172 1808 unamque
2240 1749 2294 1793 et

723 1836 1083 1885 rnit‘ssimain
1108 1832 1397 1884 essentiam
1425 1842 1476 1882 et
1499 1831 1756 1883 deitatem
1782 1830 2107 1894 dividentes,
2128 1831 2286 1883 aliain

721 1927 937 1991 quidem
974 1925 1214 1985 mittere,
1257 1923 1394 1976 mitti
1429 1923 1588 1974 aliam
1649 1924 1951 1984 docebant;
1986 1923 2106 1976 ideo
2145 1938 2286 1991 pra!-

720 2028 903 2086 teptnr
938 2017 1151 2084 pictatis
1195 2016 1322 2067 illud
1382 2016 1596 2083 quidem
1636 2016 1896 2080 denegat,
1932 2030 1997 2067 ne
2031 2015 2286 2067 deitatum

721 2109 1096 2160 introdncatur
1133 2107 1440 2167 multitudo,
1471 2107 1804 2172 deorumque
1837 2105 2286 2171 consequentium

723 2204 918 2267 partim
945 2200 1313 2268 superiorum,
1343 2198 1540 2266 partim
1577 2196 1922 2260 inferiorum,
1949 2197 2104 2265 juxta
2139 2198 2288 2250 scili-

719 2305 802 2344 ιϊι
853 2291 1278 2346 substantiarum
1329 2290 1694 2352 differentias;
1747 2297 1799 2342 et
1838 2289 1913 2342 ait
1955 2288 2080 2356 quia
2116 2288 2288 2340 deitas

719 2402 821 2434 nntt
857 2383 1107 2440 mittitur,
1139 2394 1312 2449 neque
1341 2380 1501 2442 Deus,
1529 2377 1750 2447 quando
1774 2377 2074 2431 secundum
2106 2373 2288 2429 Deita-

719 2479 782 2528 tis
818 2491 1010 2526 ntnnen
1047 2474 1297 2526 absolute
1340 2473 1541 2524 dicitur
1568 2514 1582 2535 ,
1615 2481 1667 2523 et
1701 2472 1818 2524 sine
1849 2469 2138 2523 relatione.
2184 2466 2286 2521 Per

720 2571 766 2620 itl
803 2583 949 2629 vero,
984 2566 1126 2633 quod
1165 2565 1378 2617 mittere
1407 2571 1459 2616 et
1488 2563 1626 2615 mitti
1664 2561 1890 2625 dicitur,
1927 2573 2284 2628 personarum

661 2649 667 2654 ’
715 2660 1104 2718 substantiam,
1139 2670 1476 2723 causamque
1506 2663 1560 2706 et
1593 2653 1809 2706 causale
1851 2651 2161 2704 conﬁtetur.
2198 2648 2287 2701 Di-

714 2755 893 2820 t-itqne
929 2750 1130 2802 idcirco
1166 2748 1292 2806 dici,
1336 2749 1462 2815 quia
1511 2747 1765 2810 mittitur,
1806 2755 2105 2796 utcausam
2141 2741 2285 2794 Scia-

717 2857 868 2902 mus,
914 2850 966 2891 et
1011 2840 1062 2891 in
1108 2838 1326 2890 Sabe’llii
1361 2837 1613 2889 morbum
1646 2850 1753 2888 non
1789 2833 2116 2892 incidamus,
2150 2831 2284 2881 mitti

715 2933 790 2983 sic
818 2931 1113 2998 accipiens,
1149 2928 1447 2980 secundum
1481 2923 1625 2994 quod
1686 2939 1916 2991 persona
1955 2939 2016 2975 τι
2053 2935 2280 2990 persona

714 3023 1075 3075 sttltslatttiant
1109 3019 1308 3078 habet,
1358 3033 1420 3071 ex
1452 3009 1512 3071 ea
1551 3003 1839 3085 prodiens,
1876 3029 2000 3068 cum
2040 3027 2143 3065 una
2177 3012 2281 3064 illis

713 3114 781 3164 sit
813 3115 1069 3164 essentia.

788 3203 971 3271 itaque
1005 3201 1303 3254 secundum
1337 3202 1478 3269 quod
1515 3200 1698 3253 divina
1735 3213 1963 3269 persona
1996 3207 2096 3263 est,
2141 3197 2279 3248 mitti

715 3295 958 3360 ponitur,
991 3293 1117 3359 quia
1151 3301 1202 3342 et
1239 3290 1376 3342 mitti
1412 3291 1464 3342 in
1499 3289 1718 3348 divinis,
1753 3299 1809 3340 ut
1841 3289 2042 3340 dictum
2079 3297 2180 3349 cst,
2216 3285 2282 3338 ab

715 3387 820 3437 alio
862 3399 984 3436 esse
1034 3382 1326 3450 signiﬁcat.
1374 3380 1520 3432 Alias
1554 3381 1785 3447 quippe,
1832 3379 2026 3432 ct'sihi
2075 3379 2170 3444 ipsi
2224 3386 2277 3427 et

717 3475 1021 3529 Salvatoris
1049 3473 1332 3525 sententiis
1357 3471 1737 3523 adversaretur
1767 3470 2105 3536 apertissime
2135 3468 2200 3518 de
2225 3482 2282 3519 se

713 3568 966 3627 dict-uiis,
1000 3565 1294 3617 missurum
1330 3578 1387 3615 se
1413 3561 1776 3623 Paracletum,
1805 3561 2063 3627 Spiritum
2087 3561 2277 3611 verita-

711 3662 779 3711 tis
808 3677 817 3708 :
856 3660 1092 3724 scipsum
1122 3657 1391 3708 veritatem
1423 3655 1634 3716 dicens,
1665 3653 1813 3706 illum
1865 3652 2072 3705 scilicet
2105 3651 2278 3717 Spiri-

711 3761 848 3811 tum,
881 3763 1041 3816 qnetn
1075 3749 1237 3798 mittit
1267 3746 1443 3806 Pater,
1469 3755 1520 3798 et
1550 3745 1694 3811 quia
1728 3741 1885 3797 Patre
1915 3743 2170 3812 procedit.
2201 3742 2276 3794 Ex

709 3844 907 3910 quibus
939 3843 989 3893 id
1023 3842 1186 3892 etiam
1219 3848 1463 3908 apparet,
1495 3838 1640 3905 quod
1673 3838 1764 3904 qui
1801 3852 1894 3904 per
1924 3841 2125 3889 donum
2163 3834 2280 3888 sine

710 3935 1040 3994 substantia,
1070 3949 1172 3984 non
1205 3945 1519 4000 persmtam,
1549 3928 1850 3982 secundum
1880 3929 2022 3996 qttod
2050 3943 2277 3996 persona

709 4037 823 4083 ist,
877 4026 1015 4076 mitti
1053 4039 1081 4075 a
1134 4022 1272 4075 Filio
1314 4022 1576 4089 Spiritum
1611 4030 1860 4072 sanctum
1909 4017 2132 4078 dicunt,
2173 4033 2276 4069 non

712 4127 856 4170 recte
888 4116 1201 4184 opinantur.
1226 4113 1328 4176 Qui
1358 4112 1500 4164 enim
1531 4126 1595 4164 ex
1625 4111 1786 4162 Patre
1820 4124 1935 4178 proi
1956 4113 2084 4171 edit,
2119 4108 2279 4160 Para-

706 4210 880 4260 cletus
926 4216 1009 4258 cst
1036 4203 1274 4272 Spiritus
1303 4202 1580 4264 veritatis,
1623 4217 1770 4266 quem
1824 4206 1990 4252 mtttet
2035 4199 2276 4268 quidem,

707 4298 904 4365 inquit,
949 4295 1106 4347 l’ater
1133 4295 1184 4346 in
1214 4295 1424 4344 nomine
1455 4307 1588 4354 meo,
1619 4290 1719 4342 hoc
1753 4299 1857 4351 est,
1895 4303 1989 4358 per
2022 4305 2125 4342 me.
2154 4290 2276 4341 Mis-

706 4406 894 4450 surum
925 4403 1048 4441 vero
1077 4401 1156 4446 se,
1193 4386 1304 4451 ipse
1333 4399 1550 4451 quoque
1580 4383 1887 4449 pollicetur,
1922 4382 2010 4449 qui
2044 4383 2277 4449 discipu-

706 4485 784 4534 los
829 4483 1071 4542 doceret,
1120 4479 1310 4544 eisque
1356 4483 1669 4541 suggereret
1707 4475 1907 4527 omnia.
1939 4474 2104 4526 'Hunc
2145 4487 2275 4538 ergo

705 4572 974 4640 Spiritum
1025 4571 1149 4637 quis
1184 4569 1380 4621 audeat
1419 4571 1537 4621 sine
1577 4565 1877 4620 substantia
1914 4565 2126 4628 dicere,
2171 4564 2275 4617 nisi

705 4667 1086 4732 blasphemare
1116 4660 1280 4714 velit?

775 4731 1003 4826 magnus
1048 4768 1266 4822 quoque
1302 4753 1537 4804 Basilius
1572 4751 1622 4801 in
1659 4750 1798 4801 libro
1837 4748 1911 4800 De
1939 4731 2271 4812 sancto‘Spi-

703 4853 833 4912 ritu,
889 4868 906 4900 ι
954 4847 1218 4916 Spiritus,
1259 4843 1460 4912 inquit,
1492 4850 1731 4902 sanctus,
1773 4840 1904 4891 nihil
1939 4838 2040 4891 sibi
2079 4840 2272 4902 acqui-

701 4946 867 4995 situtn
905 4940 1110 4992 habens
1143 4947 1244 4998 est,
1289 4934 1383 4988 sed
1415 4942 1616 4986 aeterne
1652 4930 1814 4982 habet
1845 4929 2051 4989 omnia,
2093 4937 2148 4980 ut
2183 4927 2272 4978 Dei

699 5034 935 5103 Spiritus
957 5041 1010 5085 et
1035 5046 1102 5084 ex
1122 5045 1185 5083 eo
1214 5042 1460 5089 manans,
1479 5039 1813 5092 causamque
1842 5023 1877 5090 ιι
1897 5038 2015 5076 sum
2044 5021 2268 5084 habens,

703 5142 760 5180 ut
792 5127 992 5179 fontem
1025 5123 1131 5177 sui.
1165 5139 1182 5172 ι
1217 5119 1319 5174 Ubi
1345 5116 1664 5179 notandum,
1693 5115 1818 5184 quia
1849 5113 2012 5168 Deum
2044 5128 2266 5167 causam

698 5244 712 5271 ι
734 5239 819 5273 ssc
847 5220 1022 5271 sancti
1050 5215 1288 5283 Spiritus
1307 5229 1371 5266 ex
1395 5227 1460 5265 eo
1485 5210 1628 5279 quod
1658 5209 1780 5264 fons
1799 5210 1917 5277 ejus
1946 5209 2035 5284 sit,
2066 5217 2265 5260 monet.

695 5319 783 5369 Ait
812 5314 956 5367 enim
985 5328 999 5364 :
1033 5329 1051 5360 ι
1090 5310 1326 5362 Causam
1357 5306 1534 5374 ipsum
1563 5304 1745 5366 habet,
1781 5312 1838 5354 ut
1868 5301 2068 5353 fontem
2101 5299 2206 5352 sui.
2245 5317 2262 5348 ι

699 5409 891 5476 Liquet
921 5411 1102 5458 autem
1131 5441 1144 5464 ,
1190 5400 1314 5468 quia
1364 5399 1530 5452 tontis
1566 5410 1761 5450 nomen
1793 5407 2013 5446 causam
2059 5391 2264 5459 signiti-

693 5520 821 5560 care
865 5503 1000 5555 vult.

769 5601 992 5670 Magnus
1057 5598 1184 5650 item
1235 5590 1570 5648 Athanasius
1614 5592 1668 5642 in
1715 5603 1777 5641 ea
1826 5601 1988 5656 quant
2044 5584 2265 5653 scripsit

764 5787 807 5816 “
843 5782 1042 5838 Jerem.
1078 5800 1137 5848 tt,
1179 5783 1260 5837 l3.
1341 5785 1384 5814 "
1414 5781 1587 5837 Galat.
1624 5796 1702 5844 tn,
1726 5780 1776 5832 5.

2405 568 2692 621 orthodoxi
2736 573 2848 624 ait:
2885 593 2902 622 ι
2937 575 3199 640 Spiritum
3246 588 3424 628 autem
3474 581 3768 646 ingenitum
3810 579 3956 641 dico;

2404 671 2510 709 non
2543 658 2686 711 enim
2717 660 2874 714 habet
2905 666 3272 726 generationis
3305 678 3602 728 auctorem,
3629 674 3720 720 st'd
3761 672 3955 723 lentem

2402 747 2521 808 sui;
2554 748 2697 801 sicut
2725 751 2868 802 enim
2902 749 3025 804 fons
3059 750 3398 809 extrinsecus
3435 771 3538 807 non
3572 757 3761 823 m‘gnit,
3797 773 3956 822 quam

2401 834 2578 890 fundit
2605 854 2824 906 aquam,
2877 842 2964 894 sed
3006 857 3067 892 ex
3121 845 3302 911 seipso
3347 847 3615 898 inundans
3652 847 3842 902 habet,
3885 850 3954 896 ita

2400 935 2454 978 et
2502 928 2639 981 Deus
2675 929 2795 983 l‘ons
2829 930 3063 999 Spiritus
3101 945 3209 998 est,
3247 946 3302 986 nt
3345 936 3546 987 dictutn
3581 945 3695 995 est,
3737 935 3957 1001 largitor

2395 1019 2539 1086 ejus,
2577 1036 2679 1074 non
2713 1022 2864 1076 illum
2897 1018 3240 1080 extrinsecus
3279 1043 3522 1090 sumens,
3561 1029 3651 1081 sed
3681 1043 3743 1080 ex
3779 1027 3958 1093 seipse

2401 1109 2768 1177 βτυΐυηάθηες
2808 1117 3069 1183 Scriptum
3116 1119 3311 1186 quippe
3343 1128 3462 1172 est:
3498 1119 3614 1170 Duo
3651 1120 3783 1170 enim
3817 1117 3956 1167 mala

2400 1198 2522 1265 fecit
2565 1202 2787 1268 populus
2822 1221 3001 1268 meus;
3042 1224 3120 1258 nte
3164 1210 3547 1275 dereliquerunt
3584 1207 3778 1274 fontem
3811 1223 3956 1273 aqua:

2399 1291 2549 1356 vivat,
2584 1304 2630 1344 et
2663 1295 2905 1360 [oderunt
2941 1300 3040 1350 sibi
3079 1298 3222 1351 lacus
3263 1301 3538 1364 contritas,
3569 1299 3658 1366 qui
3689 1314 3789 1350 non
3813 1308 3956 1364 pote-

2400 1391 2520 1431 rnnt
2568 1398 2759 1449 aquam
2811 1389 3076 1440 continere
3105 1389 3168 1442 “.
3214 1390 3278 1441 Ει
3306 1390 3596 1456 Apostolus
3640 1390 3812 1441 dicit:
3855 1389 3956 1450 Qui

2399 1474 2538 1539 largi
2553 1472 2629 1524 "ur
2657 1475 2801 1527 nobis
2836 1475 3129 1543 Spiritum,
3163 1489 3210 1530 et
3246 1491 3492 1543 operatur
3522 1481 3574 1530 in
3613 1479 3758 1530 nobis
3790 1480 3955 1530 virtu-

2399 1574 2470 1612 tes
2502 1563 2568 1614 ".
2598 1562 2751 1624 Quod
2793 1575 2974 1616 autem
3010 1581 3150 1633 aqua
3180 1567 3294 1618 viva
3327 1568 3394 1618 sit
3423 1566 3676 1634 Spiritus,
3710 1565 3957 1617 Christus

2397 1653 2581 1706 docuit
2609 1655 2795 1708 dicens
2821 1671 2836 1708 :
2869 1655 2972 1719 Qui
3002 1658 3185 1710 biberit
3215 1673 3278 1710 ea:
3313 1675 3470 1724 aqua,
3498 1673 3653 1725 qnam
3671 1671 3761 1724 ego
3793 1655 3953 1715 dabo,

2398 1744 2533 1794 sicut
2570 1746 2695 1797 dicit
2733 1745 3281 1814 Scriptura,ﬂumina
3322 1751 3385 1801 de
3428 1757 3601 1800 ventre
3631 1746 3744 1813 ejus
3792 1745 3954 1810 ﬂuent

2394 1849 2547 1900 aqua
2575 1838 2698 1888 vim
2723 1837 2788 1887 “.
2835 1857 2852 1887 ι
2887 1840 2948 1890 Et
2978 1840 3079 1891 hoc
3115 1837 3167 1890 in
3202 1838 3320 1890 loco
3351 1853 3576 1905 magnus
3632 1836 3956 1889 Athanasius

2393 1924 2587 1991 fontem
2621 1926 2831 1980 Patrem
2861 1929 3024 1992 dixit,
3045 1929 3306 1997 Spiritum
3339 1946 3551 1996 aquam.

2470 2014 2565 2068 Ubi
2604 2031 2730 2069 vero
2779 2030 3063 2071 enumerat
3141 2018 3428 2087 Scriptura:
3457 2018 3761 2072 testimonia
3796 2025 3954 2070 natu-

2392 2107 2521 2159 ralis
2584 2111 3014 2170 communionis.
3050 2127 3112 2164 ex
3148 2126 3212 2163 eo
3243 2112 3387 2179 quod
3413 2111 3659 2164 similiter
3685 2111 3753 2163 sit
3777 2107 3954 2172 Pater,

2388 2209 2439 2247 et
2471 2195 2662 2262 Filius,
2695 2209 2747 2250 et
2777 2198 3014 2266 Spiritus
3047 2210 3291 2266 sanctus,
3333 2202 3404 2254 ibi
3439 2182 3712 2255 Christum
3751 2198 3952 2252 fontem

2391 2289 2625 2357 Spiritus
2672 2291 2824 2352 dicit,
2878 2308 3073 2360 aquam
3113 2309 3238 2346 vero
3265 2302 3512 2346 sanctum
3555 2283 3814 2360 Spiritum
3856 2305 3953 2342 no-

2391 2383 2581 2436 minat.
2616 2381 2702 2434 Ait
2730 2382 2960 2450 denique
2990 2400 3003 2436 :
3041 2403 3057 2433 ι
3099 2383 3233 2436 Dicit
3265 2384 3513 2436 Salvator
3543 2384 3734 2436 itermn
3759 2401 3769 2435 :
3797 2401 3813 2432 ι
3841 2381 3944 2445 Qui

2345 2457 2354 2469 ’
2387 2474 2552 2524 credit
2610 2474 2662 2524 in
2695 2489 2810 2535 me,
2852 2476 2986 2526 sicut
3066 2476 3193 2525 dicit
3256 2473 3533 2541 Scriptura
3570 2516 3583 2537 ,
3613 2473 3832 2540 ﬂumina
3889 2473 3953 2522 de

2389 2573 2560 2613 centre
2611 2561 2723 2623 eius
2772 2544 2934 2628 fluent
2991 2578 3139 2629 aqute
3214 2563 3340 2615 vivte
3372 2601 3385 2613 .
3419 2563 3705 2628 Expoucns
3770 2570 3946 2613 autem

2386 2653 2712 2722 evangelista
2769 2655 2896 2720 quid
2964 2655 3035 2706 sit
3091 2669 3228 2722 aqua
3284 2655 3400 2705 viva
3431 2671 3442 2706 :
3479 2651 3590 2704 Hoc
3621 2663 3836 2711 autem,
3866 2654 3949 2704 itt-

2385 2753 2524 2812 qu.t,
2586 2743 2790 2795 dicebat
2839 2747 2900 2795 tle
2921 2742 3144 2811 Spiritu,
3208 2761 3354 2812 quem
3377 2747 3636 2808 accepturi
3670 2752 3946 2795 eranlcre-

2387 2835 2564 2886 dentes
2629 2836 2680 2885 in
2733 2849 2849 2886 eunt
2879 2873 2892 2886 .
2931 2834 3069 2901 Dicit
3133 2837 3276 2888 enim
3338 2836 3640 2903 propheta:
3681 2834 3766 2886 Me
3799 2835 3944 2886 dere-

2384 2929 2643 2994 liquerunt
2676 2927 2869 2991 fontem
2916 2943 3068 2994 aqua:
3133 2930 3255 2978 viva
3289 2965 3305 2987 ,
3338 2938 3383 2978 et
3435 2926 3682 2994 foderunt
3733 2927 3830 2978 sibi
3870 2926 3952 2976 la-

2387 3038 2476 3072 cns
2533 3022 2784 3072 contritas
2823 3021 2957 3087 ,qui
3037 3037 3138 3072 non
3203 3031 3444 3087 poterunt
3526 3036 3715 3087 aquam
3787 3020 3950 3071 conti-

2303 3113 2346 3174 C
2383 3129 2517 3164 nere.
2537 3130 2553 3162 ι

2461 3204 2604 3256 Ilcm
2643 3218 2832 3256 rursus
2884 3203 2935 3254 iit
2980 3203 3116 3256 libro
3150 3202 3221 3254 De
3269 3203 3653 3267 dispensatione
3708 3202 3951 3253 incarna-

2387 3295 2541 3348 tionis
2604 3293 2836 3353 Domini,
2903 3295 3060 3359 cujus
3123 3292 3332 3344 initittnt
3388 3303 3470 3345 est
3525 3291 3674 3354 :Qni
3727 3293 3952 3357 maligne

2385 3387 2590 3437 divinas
2629 3383 2861 3434 Litteras
2897 3395 3072 3441 volunt
3125 3383 3435 3450 intelligere,
3477 3399 3493 3431 t
3558 3380 3715 3434 Novit
3777 3384 3945 3443 enim,

2384 3477 2604 3543 inquit,
2635 3465 2892 3544 propheta
2957 3475 3098 3543 apud
3156 3473 3321 3528 Deum
3357 3474 3570 3526 Patrem
3597 3489 3715 3526 esse
3754 3472 3947 3525 Filium

2386 3567 2586 3620 fontem
2623 3569 2797 3620 sancti
2839 3567 3095 3631 Spiritus.
3143 3586 3160 3616 ι
3226 3565 3328 3617 Sed
3367 3575 3418 3616 et
3449 3564 3868 3633 Chrysostomus
3897 3567 3948 3617 in

2382 3673 2633 3711 sermone
2668 3657 2740 3710 De
2773 3669 3102 3709 sacramento
3151 3657 3481 3722 baptismatis
3522 3672 3537 3707 :
3579 3675 3595 3706 t
3641 3656 3948 3723 Propterea,

2384 3751 2581 3818 inquit,
2624 3750 2861 3802 ostendit
2891 3764 2950 3802 se
3003 3751 3176 3816 ipsum
3235 3749 3483 3801 Salvator
3539 3748 3741 3800 fontem
3797 3763 3952 3815 aqua:

2382 3843 2537 3901 vivae,
2567 3850 2620 3893 et
2675 3855 2875 3907 aquam
2937 3839 3110 3890 vivam
3181 3838 3440 3906 Spiritum
3496 3849 3792 3892 sanctum.
3836 3856 3855 3888 ι
3892 3838 3948 3892 ιιι

2386 3931 2599 4000 hymnis
2670 3946 2888 3998 quoque
2945 3930 3272 3997 psallimus:
3336 3947 3353 3977 ι
3413 3927 3494 3981 Me
3550 3929 3952 3996 dereliqneruut

2382 4020 2583 4073 fontem
2647 4019 2879 4072 viventis
2949 4032 3148 4084 aquai,
3200 4014 3600 4082 Barrabatnque
3645 4014 3952 4081 petiverunt

2380 4124 2540 4178 atque
2574 4111 2920 4162 dimiserunt.
2958 4127 2974 4157 ι
3011 4107 3238 4160 Constat
3291 4107 3451 4175 igitur
3485 4145 3500 4169 ,
3533 4107 3679 4174 quod
3743 4107 3947 4163 dictum

2381 4215 2485 4266 est,
2517 4219 2595 4255 me
2648 4202 3040 4268 dereliquerunt
3079 4200 3273 4266 fontem
3307 4213 3456 4264 aqua:
3485 4202 3628 4258 vit'a',
3663 4198 3951 4264 aliquando

2379 4309 2624 4363 personae
2681 4292 2855 4345 Patris
2912 4291 3225 4350 convenire,
3283 4289 3576 4356 aliquando
3628 4304 3755 4341 vero
3784 4289 3946 4340 etiam

2381 4385 2500 4437 Filii
2539 4426 2549 4438 .
2581 4383 2709 4436 Viva
2771 4393 2949 4435 autem
3002 4397 3140 4449 aqua
3180 4382 3416 4449 SpiritUs
3449 4392 3669 4434 sanctus
3704 4389 3942 4445 vocatur,

2310 4446 2350 4500 θ
2384 4475 2526 4527 Fons
2585 4477 2764 4540 itaque
2795 4472 3033 4539 Spiritus
3053 4446 3236 4522 sancti
3268 4468 3427 4522 Pater
3453 4479 3506 4520 ct
3540 4467 3707 4520 Filius
3733 4479 3848 4520 est.-
3875 4468 3945 4523 Ita

2378 4567 2578 4634 quippe
2601 4578 2651 4617 et
2703 4579 2731 4616 a
2761 4563 2964 4615 sanctis
2989 4561 3239 4613 Patribus
3273 4560 3657 4627 exponiturlﬂt
3689 4563 3944 4627 qumtiam

2377 4660 2499 4713 fons
2528 4659 2742 4724 quidem
2789 4657 3022 4723 Spiritus
3058 4653 3214 4707 Pater
3279 4663 3381 4715 est,
3413 4665 3468 4706 ut
3527 4668 3689 4707 causa
3756 4655 3945 4721 ipsius,

2375 4761 2457 4806 est
2500 4762 2678 4803 autem
2735 4747 2904 4801 Filius
2957 4747 3130 4810 sancti
3197 4745 3436 4811 Spiritus
3472 4744 3613 4807 fons,
3650 4744 3940 4812 colligitur,

2375 4845 2498 4910 quia
2531 4859 2636 4893 una
2691 4855 2874 4902 causa,
2946 4853 3195 4905 unusque
3223 4836 3349 4889 fons
3387 4837 3560 4888 sancti
3597 4834 3830 4901 Spiritus
3863 4845 3944 4886 est

2377 4931 2533 4983 l’ater
2566 4939 2617 4982 et
2646 4928 2834 4982 Filius.
2859 4926 3053 4980 Omnia
3098 4927 3266 4987 enim,
3296 4940 3416 4992 qua:
3448 4924 3604 4977 Pater
3626 4926 3804 4988 habet,
3828 4925 3943 4977 Filii

2376 5032 2527 5082 sunt,
2554 5035 2607 5074 et
2666 5036 2784 5089 qua:
2841 5019 2960 5072 Filii
2991 5029 3119 5073 sunt
3178 5021 3242 5071 ad
3275 5016 3489 5071 Patrem
3519 5017 3852 5072 referuntur.
3879 5019 3944 5070 Et

2377 5115 2507 5168 illud
2577 5113 2738 5166 simul
2799 5121 3036 5173 constat,
3089 5111 3212 5179 quia
3254 5110 3396 5164 sicut
3427 5125 3521 5178 per
3555 5121 3802 5164 naturam
3837 5126 3941 5163 una

2374 5217 2456 5262 est
2517 5223 2678 5276 aqua,
2717 5215 2770 5259 et
2835 5219 2953 5274 qua:
3004 5204 3056 5256 in
3082 5205 3228 5256 fonte
3280 5211 3362 5254 est
3421 5211 3475 5255 et
3513 5217 3634 5270 qua:
3663 5211 3938 5254 manatu

2373 5299 2543 5362 fonte,
2610 5301 2681 5350 ita
2710 5311 2875 5349 unum
2909 5310 3002 5363 per
3029 5303 3279 5346 naturam
3307 5305 3431 5346 sunt
3465 5293 3644 5354 Pater,
3673 5301 3726 5345 et
3749 5289 3943 5356 Filius,

2371 5403 2425 5446 et
2455 5391 2694 5459 Spiritus
2747 5398 2964 5443 sanctus
3000 5425 3013 5437 .
3056 5386 3148 5439 Sin
3221 5401 3347 5439 vcro
3377 5400 3516 5453 aqua
3552 5401 3616 5439 ex
3651 5383 3798 5438 fonte
3822 5400 3938 5437 ma-

2375 5493 2486 5546 nat,
2533 5479 2902 5550 profunditur,
2955 5486 3173 5541 scatet;
3209 5476 3559 5530 manifestum
3623 5484 3724 5540 est,
3789 5475 3916 5543 quia

2370 5587 2421 5629 et
2492 5573 2725 5644 Spiritus
2744 5588 2808 5629 ex
2841 5570 2975 5627 Filio
3008 5580 3214 5636 manat,
3245 5579 3410 5624 scatet
3464 5577 3626 5638 atque
3658 5565 3938 5638 profundi-

1856 5779 1899 5807 "
1936 5775 2090 5830 Joan.
2128 5787 2222 5837 vn,
2256 5771 2343 5836 57,
2376 5770 2470 5824 33.
