4462 6440
771 339 839 396 33
2018 350 2409 411 MANUELIS
2445 359 2527 415 ea

2216 353 2409 411 IELIS
2445 359 2742 419 ωηερε
2842 422 2846 426 .
3899 364 3978 432 ’Μ

768 460 964 502 ωι-ϊωεξ
1027 451 1171 499 illum
1240 454 1467 515 genuit;
1513 457 1757 519 etprima
1834 456 2005 508 forma
2089 459 2315 526 Spiritui
2351 470 2395 522 Α
2428 469 2522 519 viri

2204 462 2315 512 ’ίιυῖ
2351 470 2395 522 A
2428 469 2598 525 virtus
2648 489 2768 525 rum
2826 475 3056 537 dicatur,
3118 481 3411 533 secundum
3462 479 3711 534 eumdem
3748 479 3966 531 modum

774 540 1052 590 Dominus.
1091 558 1106 586 ι
1150 538 1412 590 Prmtcrca
1458 556 1634 593 sermo
1663 545 1878 609 quidem
1912 545 2087 598 Patris
2120 548 2314 609 Filius,

770 629 992 678 vi-rhum
1044 638 1220 679 autent
1285 628 1399 680 Filii
1462 630 1695 696 Spiritus
1745 633 1798 684 itt
1830 650 1983 687 sacra
2037 636 2318 703 Scriptura

773 720 993 770 iiii-itur.
1071 718 1140 769 lta
1215 730 1261 769 et
1338 735 1563 785 magnus
1635 722 1863 775 Basilius
1915 728 2179 792 exposuit.
2246 728 2321 780 Ac

772 808 1019 873 proprius
1037 808 1249 875 quidem
1279 808 1451 859 Patris
1482 808 1668 872 Filius,
1694 812 1812 863 Filii
1842 824 2016 866 autem
2074 816 2321 881 proprius

771 897 1006 963 Spiritus
1079 907 1299 949 sant-tus
1352 912 1379 948 a
1430 900 1691 967 theologis
1761 904 2039 956 asscritur.
2097 906 2329 960 Sanetus

768 988 1001 1053 denique
1056 986 1285 1054 Cyrilfus
1355 990 1568 1042 iuliliro
1626 994 1704 1043 Ad
1781 997 2095 1059 monac/tos,
2166 999 2323 1065 cujus

768 1077 978 1127 initium
1044 1088 1126 1127 est
1193 1094 1207 1128 :
1272 1078 1600 1131 Aduenerant
1658 1085 1897 1147 quidem,
1968 1089 2124 1151 juxta
2187 1089 2322 1151 quod

766 1176 1068 1220 consuetum
1131 1182 1230 1233 est,
1325 1172 1377 1223 in
1438 1173 1780 1239 Alexandria,
1860 1195 1877 1225 ι
1940 1175 2090 1229 Sicut
2160 1180 2328 1238 enim,

769 1260 963 1325 inquit,
1030 1262 1301 1328 proprium
1368 1273 1450 1314 est
1504 1264 1761 1324 hominis,
1819 1266 1927 1316 imo
1968 1279 2020 1319 et
2065 1268 2329 1335 cujusque

767 1360 1084 1402 posterorum
1159 1354 1512 1414 animalium,
1584 1355 1725 1420 quod
1805 1372 1959 1407 exeo
2025 1360 2321 1410 secundum

768 1450 1011 1490 laturam
1074 1453 1380 1508 generatur,
1436 1444 1507 1494 ita
1551 1445 1829 1511 proprium
1869 1445 1958 1497 Dei
2008 1463 2145 1507 isse,
2180 1450 2324 1516 quod

764 1547 826 1583 ex
862 1532 999 1583 illius
1034 1535 1264 1586 essentia
1306 1544 1408 1596 cst,
1448 1537 1668 1603 intelligi
1703 1546 1754 1588 et
1778 1537 1878 1588 dici
1908 1539 2082 1590 debet.
2122 1559 2138 1587 ο

837 1622 1057 1689 Magnus
1109 1623 1234 1676 item
1289 1626 1635 1690 Athanasius,
1682 1628 1734 1678 in
1788 1626 2032 1680 tCoutra
2098 1630 2324 1682 Arianos

766 1712 859 1763 ΓΞ).
935 1731 951 1762 t
1017 1713 1150 1776 Quia
1219 1715 1388 1775 enim,
1452 1718 1656 1782 inquit,
1714 1708 1942 1769 Vctlium
2008 1720 2328 1771 naturaliter

768 1803 1040 1869 proprium
1074 1814 1155 1855 est
1210 1804 1525 1857 substantize
1584 1806 1691 1868 Dei,
1733 1822 1795 1860 ex
1836 1808 1952 1875 ipso
2010 1824 2220 1876 quoque
2275 1819 2322 1862 cl
2363 1803 2402 1823 "

768 1893 817 1943 in
875 1893 987 1956 ipso
1050 1902 1133 1945 est
1202 1912 1218 1942 ι

839 1983 1068 2035 κίε-επιή
1119 1983 1350 2053 Cyr-ilius
1398 1985 1743 2039 lit-azissimns
1786 1985 1918 2038 illud
1954 1985 2326 2053 evangelicum

776 2088 1055 2139 rspot'cus
1105 2074 1223 2125 :Dc
1307 2091 1415 2126 meo
1496 2076 1709 2139 arripiet
1744 2076 1821 2137 ",
1858 2077 1931 2127 ait
2008 2077 2073 2129 de
2130 2076 2330 2143 Spiritu

766 2174 954 2216 sancto
992 2182 1003 2216 :
1049 2185 1064 2213 ι
1111 2166 1414 2220 Procedens
1458 2169 1656 2233 quippe
1688 2182 1783 2234 per
1815 2183 1937 2220 eum
1983 2168 2324 2230 naturaliter,

766 2264 823 2305 ut
861 2256 1110 2322 proprius
1151 2257 1321 2323 ipsius
1366 2273 1487 2310 eum
1524 2260 1799 2319 omnibus,
1831 2273 1950 2327 quae
1991 2257 2173 2322 habet,
2210 2274 2332 2327 per-

764 2345 900 2398 li-cte
938 2350 1184 2414 acc'pere
1216 2349 1435 2412 dicitur,
1465 2365 1584 2417 qua:
1616 2351 1735 2418 ejus
1759 2359 1903 2402 sunt.
1955 2368 1971 2400 ι

834 2439 887 2491 Si
940 2439 1102 2509 igitur
1143 2456 1331 2493 mnnns
1385 2441 1550 2493 ferme
1602 2442 1772 2493 sancti
1830 2440 2018 2495 Patres
2068 2442 2325 2507 apostoli-

761 2544 882 2579 t‘ltln
944 2529 1071 2580 ἰΙΙιιίΙ
1129 2549 1141 2583 :
1199 2528 1505 2595 Canfnrmes
1557 2530 1798 2597 imaginis
1857 2528 1985 2582 Filii
2051 2530 2192 2596 ejus,
2248 2532 2316 2584 ita

760 2630 1161 2686 exposuerunt.
1202 2629 1280 2678 ut,
1327 2620 1615 2685 conj’ormes
1667 2617 1890 2685 Spiritui
1934 2619 2195 2681 dicerent,
2238 2619 2328 2687 qui

761 2723 839 2762 est
874 2713 1048 2779 imago
1081 2710 1200 2765 Filii
1241 2711 1373 2773 Dei;
1406 2711 1584 2777 imago
1613 2726 1741 2763 vero
1773 2726 1835 2763 cx
1871 2725 1978 2777 quo
2013 2720 2117 2767 est.
2155 2711 2327 2777 signi-

762 2804 920 2860 tirat;
983 2818 1090 2854 non
1145 2802 1288 2853 enim
1349 2799 1516 2853 Filius
1576 2799 1753 2868 imago
1812 2797 1985 2852 Patris
2037 2799 2327 2860 diceretur,

759 2895 863 2947 nisi
898 2909 961 2946 cx
992 2894 1082 2947 illo
1107 2900 1248 2946 esset
1278 2909 1292 2945 :
1325 2911 1340 2940 ο
1374 2890 1506 2944 Cum
1544 2890 1686 2943 cuitu
1726 2904 1792 2942 au
1816 2889 1974 2941 li'uus
2006 2888 2327 2955 imaginem,

761 2985 1140 3052 Splendorcm,
1224 2992 1283 3037 ut
1311 2984 1384 3035 ait
1464 2997 1693 3050 magnus
1773 2979 2033 3045 Basilius,
2118 2990 2330 3049 oportet

761 3076 1096 3144 intelligere;
1151 3090 1171 3125 ι
1215 3072 1471 3142 splendor
1523 3086 1651 3123 vero
1693 3070 2132 3123 manibstissime
2188 3086 2312 3138 pro-
2356 3094 2398 3150 ο

761 3182 973 3220 cessum
1051 3164 1369 3217 substantiae
1441 3162 2014 3228 designat:constat,
2081 3159 2207 3228 quia
2279 3168 2331 3211 ct

763 3257 1021 3325 Spiritus,
1072 3271 1193 3307 eum
1250 3254 1426 3321 imago
1467 3250 1585 3304 Filii
1622 3250 1855 3309 dicatur.
1896 3249 2099 3302 idcirco
2128 3249 2329 3302 dicitur

760 3350 937 3416 imago
977 3346 1114 3413 ejus,
1165 3344 1291 3412 quia
1324 3358 1387 3395 ex
1432 3341 1526 3395 illo
1555 3338 1861 3408 splendoris
1890 3338 2063 3391 instar
2086 3347 2330 3391 emanat.

764 3440 988 3504 linaque
1042 3436 1173 3488 illud
1226 3442 1475 3504 apparet,
1536 3430 1679 3500 quod
1745 3430 1849 3483 nisi
1906 3430 2069 3482 etiam
2130 3444 2159 3482 a
2195 3428 2332 3481 Filio

764 3529 1002 3597 Spiritus
1055 3534 1224 3588 esset,
1280 3537 1625 3591 nequaquam
1680 3522 1977 3575 secundum
2030 3519 2133 3573 hoc
2164 3517 2332 3572 Filius

757 3634 823 3670 ιιι
908 3616 1063 3669 Patre
1144 3612 1475 3682 Splenderet.
1552 3611 1629 3663 lla
1705 3624 1807 3663 nec
1872 3608 2332 3662 incommutabilis

761 3709 943 3775 imago
992 3713 1161 3759 esset.
1215 3701 1664 3756 Atimmutabilis
1706 3709 1820 3763 est,
1856 3699 2124 3768 personali
2154 3709 2334 3752 tamen

764 3799 1093 3853 disrrelione
1151 3805 1386 3850 servata.
1452 3794 1638 3847 Dictus
1696 3802 1783 3846 est
1842 3802 2020 3844 autem
2090 3806 2155 3844 ex
2224 3800 2332 3843 tota

765 3892 938 3959 gloria
990 3889 1130 3942 illius
1188 3886 1510 3940 illustratus.
1549 3882 1605 3936 Si
1648 3898 1711 3937 ex
1760 3890 1893 3945 tota,
1932 3890 2078 3936 totus
2114 3895 2334 3934 necesse

763 3993 845 4034 tSl
900 3979 1071 4031 totius
1107 3977 1284 4043 imago
1338 3974 1429 4038 sit,
1459 3989 1521 4027 ac
1583 3971 1884 4026 secundum
1947 3972 2048 4025 hoc
2109 3970 2334 4024 minimc

765 4070 1066 4124 variahilis.
1130 4069 1193 4120 Et
1262 4066 1517 4134 quoniam
1573 4064 1741 4116 Filius
1798 4072 1969 4116 totum
2016 4062 2068 4115 in
2112 4076 2172 4117 se
2216 4062 2335 4132 ipso

760 4162 997 4218 ostendit
1045 4160 1290 4222 Patrem;
1328 4158 1425 4209 hoc
1476 4165 1653 4208 autem
1706 4163 1820 4218 est,
1874 4155 2132 4221 quoniam
2186 4162 2334 4207 totus

765 4275 827 4311 ex
877 4266 991 4309 toto
1039 4264 1140 4307 est.
1177 4252 1266 4306 Ait
1314 4262 1492 4303 autem
1534 4249 1649 4318 ipse
1696 4248 1926 4301 Basilius
1959 4247 2023 4300 ad
2055 4247 2336 4316 Amphilo-

762 4349 945 4403 chium
987 4345 1234 4399 scribens
1269 4356 1282 4393 :
1322 4361 1339 4393 ι
1377 4340 1513 4405 Quia
1569 4339 1801 4407 Spiritus
1848 4347 2071 4391 sanctus
2098 4338 2333 4391 ostendit
2362 4328 2411 4387 D
2437 4331 2599 4387 ‘1“3'“
2649 4313 2918 4407 Fili-“Tua
2974 4309 3149 4407 Ρξξινί³

764 4439 816 4488 in
877 4437 1058 4503 sripso
1114 4432 1334 4497 Filium,
1382 4439 1436 4483 et
1495 4430 1830 4498 tuajestatem
1863 4428 2006 4497 ejus,
2045 4430 2184 4480 unde
2214 4442 2338 4497 pro-

763 4528 884 4589 diit,
941 4531 1177 4585 constat,
1225 4522 1349 4590 quia
1402 4530 1455 4573 ct
1511 4519 1748 4588 Spiritus
1798 4527 2017 4572 sanctus
2088 4527 2231 4571 totus
2269 4534 2335 4570 ex

765 4629 878 4672 toto
912 4616 1051 4669 Filio
1096 4624 1197 4667 est.
1266 4612 1328 4664 Et
1368 4611 1624 4679 quoniam
1667 4625 1830 4661 unum
1868 4617 2035 4660 totum
2065 4618 2147 4660 est
2179 4606 2338 4661 Pater

761 4720 814 4761 «ιι
861 4708 1047 4765 Filius,
1111 4719 1283 4773 neque
1336 4703 1478 4756 aliud
1544 4711 1627 4754 est
1699 4710 1871 4752 totum
1941 4697 2133 4762 Pater,
2190 4699 2335 4751 aliud

765 4812 937 4851 totum
973 4796 1140 4852 Filius
1164 4814 1178 4862 ;
1205 4806 1366 4863 patet.
1401 4796 1525 4864 quia
1554 4809 1615 4845 ex
1648 4808 1756 4844 uno
1790 4801 1901 4845 toto
1929 4794 2089 4844 Patre
2122 4802 2174 4845 et
2201 4790 2339 4843 Filio

767 4892 1001 4959 Spiritus
1051 4898 1270 4940 satu-tus
1324 4897 1427 4948 est,
1486 4895 1696 4938 servata
1758 4883 1965 4937 scilicet
2005 4882 2337 4937 discretione

721 5001 731 5009 '
765 4984 937 5038 l‘atlis
971 4992 1022 5036 ct
1055 4980 1191 5034 Ftlti.
1244 4999 1262 5030 ι

834 5074 1103 5137 Quoniam
1159 5084 1288 5122 vero
1319 5068 1480 5121 etiam
1535 5067 1652 5118 viva
1703 5065 1897 5123 virtus,
1955 5075 2006 5115 ct
2069 5062 2334 5114 naturalis

764 5177 925 5231 atque
975 5163 1284 5217 esseutialis
1331 5159 1567 5213 ellicacia
1607 5156 1799 5219 Patris,
1833 5163 1916 5207 e~t
1952 5153 2140 5215 Filius,
2172 5165 2337 5220 atque

766 5258 869 5309 hoc
905 5255 1150 5316 omnino,
1201 5252 1459 5322 quoniam
1498 5264 1562 5302 ex
1595 5249 1753 5301 Patre
1803 5256 1882 5300 est
1911 5248 2106 5312 (virtus
2138 5245 2337 5312 quippe

765 5352 815 5403 in
879 5358 1097 5417 pote::te
1139 5356 1302 5413 atque
1335 5359 1395 5397 ex
1432 5348 1648 5410 potente
1678 5348 1800 5406 est,
1833 5338 2239 5404 ellicientiaque
2269 5352 2335 5389 ex

763 5442 1033 5495 t'mClt'ttle
1104 5438 1353 5508 prodit),
1388 5443 1638 5495 constat,
1672 5433 1798 5500 quia
1859 5432 2022 5485 etiam
2103 5427 2339 5498 Spiritus

764 5528 883 5583 Fdii
936 5527 1199 5582 naturalis
1250 5535 1414 5594 atque
1462 5520 1767 5577 essentialis
1806 5520 2071 5584 efﬁcacia,
2134 5528 2189 5573 et
2219 5519 2337 5572 viva

837 5712 879 5742 “
906 5710 929 5760 .l
956 5725 1062 5760 ian.
1103 5724 1208 5773 nl,
1259 5706 1337 5758 Η.
1421 5704 1461 5734 ³⁷
1494 5701 1657 5756 llebt‘.
1694 5718 1732 5764 ι,
1772 5702 1823 5753 5.

2430 560 2645 619 dicitur.
2680 574 2890 617 servato
2928 575 3104 619 tamen
3157 584 3411 635 processu
3446 569 3713 621 differenti
3768 568 3887 619 Filii
3926 574 3980 619 et

2433 649 2688 717 Spirtus;
2727 656 2868 719 quot
2924 656 3008 708 hic
3043 658 3247 710 scilicet
3280 659 3593 711 immediate
3622 666 3675 710 et
3703 656 3983 710 continen—

2433 753 2510 795 ter
2570 761 2631 796 ex
2701 748 2894 811 primo,
2955 747 3041 798 ille
3072 763 3166 814 per
3219 764 3342 800 eum
3397 748 3487 815 qui
3540 749 3883 801 continenter
3918 758 3978 796 ex

2430 837 2605 901 primo
2646 838 2890 902 prodeat.
2951 838 3259 891 Secundum
3320 838 3563 891 eamdem
3597 850 3774 893 autem
3812 843 3980 894 ratio-

2430 940 2551 977 nem
2607 937 2659 979 et
2720 926 2884 979 facies
2948 927 3065 979 Filii
3135 928 3329 979 dicitur
3389 929 3643 995 Spiritus,
3711 939 3764 983 et
3815 932 3984 998 prima

2428 1017 2601 1069 forma
2643 1018 2877 1085 SpTritus
2922 1018 3197 1081 Dominus,
3229 1019 3364 1070 sicut
3400 1029 3454 1072 ct
3485 1018 3643 1072 Pater
3669 1019 3787 1071 Filii
3809 1036 3987 1072 causa:

2432 1110 2641 1161 ratione
2678 1109 2855 1159 dictus
2909 1119 3010 1160 est.
3065 1107 3196 1160 Viva
3248 1110 3392 1160 enim
3453 1109 3685 1163 viventis
3714 1109 3910 1177 imago,
3934 1118 3988 1161 et

2432 1201 2601 1265 ﬁgura
2631 1198 2946 1250 substantia:
2974 1198 3090 1265 ejus
3120 1210 3199 1250 est
3239 1199 3281 1228 ³⁷

2509 1290 2573 1341 Et
2605 1300 2769 1350 certe,
2801 1290 2844 1341 si
2878 1290 2993 1341 sine
3054 1289 3230 1340 medio
3262 1298 3405 1342 esset
3442 1288 3676 1355 Spiritus
3705 1303 3769 1341 ex
3804 1288 3984 1349 Patre,

2436 1384 2485 1435 il
2554 1392 2636 1434 est
2696 1397 2759 1433 cx
2817 1382 2963 1441 solo,
3036 1394 3311 1445 nunquam
3381 1370 3554 1434 dictus
3615 1388 3759 1432 esset
3822 1377 3989 1430 Filius

2432 1474 2648 1541 quidem
2683 1475 2860 1539 imago
2893 1471 3083 1531 Patris;
3116 1469 3235 1522 Filii
3266 1480 3442 1523 autem
3495 1471 3671 1537 imago
3704 1470 3937 1535 Spiritus
3971 1485 3983 1520 :

2434 1570 2488 1611 et
2518 1560 2681 1611 Filius
2740 1559 2957 1625 quidem
3011 1559 3289 1626 Operatio,
3323 1568 3375 1611 et
3425 1559 3598 1612 virtus
3630 1557 3826 1615 Patris;
3866 1556 3985 1609 Filii

2437 1660 2615 1701 autem
2670 1649 2912 1715 operatio
2946 1656 2997 1699 et
3045 1648 3218 1700 virtus
3278 1646 3530 1715 Spiritus.
3589 1648 3763 1713 Atque
3822 1645 3988 1699 Filius

2435 1739 2648 1803 quiicm
2702 1739 2866 1792 facies
2913 1738 3107 1801 Patris;
3144 1736 3264 1790 Filii
3322 1750 3448 1789 vero
3516 1735 3683 1789 facies
3732 1734 3984 1801 Spiritus.

2440 1831 2501 1883 Et
2532 1831 2659 1881 illud
2683 1845 2785 1882 una
2815 1843 2875 1881 ex
2908 1830 2993 1881 his
3024 1836 3267 1896 apparet,
3296 1825 3557 1896 Spiritum
3587 1825 3762 1879 Patris
3795 1826 3986 1878 Filium

2437 1944 2536 1979 nec
2568 1943 2706 1991 esse,
2744 1943 2842 1981 nec
2893 1927 3020 1991 dici;
3058 1940 3233 1994 neque
3266 1925 3553 1994 imaginem
3603 1925 3739 1993 ejus,
3790 1932 3987 1991 etqure

2435 2022 2537 2072 alia
2569 2019 2688 2071 Filii
2720 2034 2839 2072 esse
2864 2019 3141 2072 dicuntur.
3165 2016 3456 2071 Processus
3482 2016 3679 2086 quippe
3707 2013 3986 2076 differe-ns,

2433 2112 2901 2180 emanationisque
2965 2108 3289 2172 diﬂerentia,
3354 2108 3497 2160 hunc
3562 2106 3779 2169 Filium,
3842 2107 3986 2158 illum

2434 2204 2695 2270 Spiritum
2749 2201 2929 2255 vocari
2992 2200 3133 2254 fecit.
3168 2200 3223 2252 Si
3285 2200 3406 2268 quis
3462 2207 3674 2263 tamen,
3708 2213 3829 2267 qua:
3862 2206 3990 2250 sunt

2436 2296 2770 2361 huiusmodi,
2816 2293 3429 2371 consubstantialitatem
3480 2291 3696 2359 signare
3757 2300 3984 2352 assrrat,

2433 2391 2636 2454 audiat,
2668 2386 3152 2443 ronsuhstantialia
3212 2384 3428 2453 quidem
3498 2381 3764 2437 converti:
3817 2380 3983 2435 Fiiius

2434 2497 2611 2539 autem
2661 2484 2835 2538 saneti
2884 2481 3118 2551 Spiritus
3175 2494 3350 2548 neque
3394 2487 3496 2541 est,
3550 2491 3722 2544 neque
3766 2474 3984 2536 dicitur,

2431 2593 2604 2645 neque
2682 2578 3016 2630 convertitur
3088 2572 3306 2626 habitus
3390 2569 3489 2622 ista
3571 2567 3983 2635 consequentia.

2433 2669 2539 2723 Sed
2591 2684 2659 2724 ne
2717 2669 2844 2722 illud
2891 2669 3108 2737 quidem
3163 2681 3391 2733 usquam
3444 2663 3641 2715 lectum
3708 2665 3812 2718 est,
3842 2656 3988 2723 quod

2433 2765 2624 2826 Filius,
2652 2763 2846 2826 virtus,
2877 2769 2930 2815 et
2960 2760 3224 2814 naturalis
3278 2756 3690 2821 essentialisque
3720 2748 3986 2818 operatio,

2431 2864 2485 2907 et
2545 2855 2723 2921 imago
2784 2854 2884 2915 sit,
2917 2866 3095 2917 neque
3154 2850 3374 2903 verbum
3427 2847 3568 2912 ejus.
3614 2853 3668 2897 et
3720 2856 3839 2910 quah
3885 2839 3987 2893 aiia

2430 2942 2552 2995 Filii
2605 2942 2839 3011 Spiritus
2883 2950 3104 2996 sanctus
3156 2953 3278 2993 esse
3330 2939 3548 2991 dicitur.
3602 2932 3675 2984 Ex
3715 2946 3826 3001 quo
3855 2942 3990 2984 satis

2432 3039 2632 3106 liquet,
2696 3048 2916 3106 propter
2982 3036 3285 3090 divinarum
3359 3043 3713 3101 personarum
3801 3025 3867 3079 ad
3932 3038 3992 3077 se

2434 3131 2605 3183 imice
2629 3146 2657 3179 ιι
2709 3128 2973 3189 ordinem,
3023 3124 3322 3181 secundum
3378 3136 3567 3189 quem,
3604 3130 3908 3185 processus,
3940 3120 3995 3166 e'.

2441 3223 2739 3276 secundum
2825 3232 2988 3285 quem
3057 3216 3293 3284 Spiritus
3346 3224 3571 3267 sant-tus
3635 3208 3873 3280 procedit
3923 3220 3989 3259 ex

2435 3304 2594 3367 Patre
2644 3329 2737 3383 per
2779 3310 2971 3365 Filium
3000 3349 3015 3371 ,
3050 3309 3151 3363 ista
3207 3321 3315 3360 non
3349 3320 3507 3375 posse
3542 3301 3808 3365 converti,
3862 3297 3989 3364 quia

2440 3420 2617 3474 neque
2645 3420 2708 3458 ex
2740 3403 2898 3456 Patre
2952 3400 3120 3454 Filius
3150 3413 3244 3468 per
3270 3396 3528 3466 Spiritum
3560 3392 3815 3461 gignitur.
3844 3388 3995 3442 Sicut

2433 3498 2577 3552 enim
2623 3495 2784 3550 Pater
2828 3491 2948 3546 Filii
2986 3492 3163 3545 virtus
3207 3503 3313 3543 non
3352 3486 3572 3547 dicitur,
3600 3497 3775 3551 neque
3801 3494 3996 3548 opera-

2435 3590 2510 3641 tio
2533 3628 2547 3651 ,
2598 3601 2697 3641 nec
2730 3584 3017 3654 splendor,
3046 3590 3100 3635 et
3142 3581 3189 3635 si
3213 3580 3341 3650 quid
3392 3586 3477 3632 est
3513 3574 3824 3642 hujusmodi
3869 3574 3996 3643 (hoc

2436 3679 2582 3733 enim
2641 3685 2786 3731 esset
2841 3672 3160 3729 substantia:
3223 3669 3468 3724 ordinem
3520 3666 3754 3735 tollere).
3805 3664 3994 3719 eadem

2436 3770 2648 3824 ratione
2713 3780 2891 3835 neque
2962 3762 3129 3817 Filius
3194 3761 3295 3816 ista
3373 3773 3493 3814 esse
3541 3755 3713 3811 sancti
3763 3754 3998 3825 Spiritus

2435 3859 2655 3914 dicitur.

2507 3953 2699 4012 Porro,
2750 3947 2793 4004 si
2823 3947 2946 4017 quis
3001 3943 3290 4013 imaginem
3342 3936 3621 3994 hominum
3679 3934 3745 3990 ad
3803 3933 3995 3997 Deum,

2430 4046 2583 4115 juxta
2648 4038 3020 4112 proportionis
3063 4037 3339 4091 rationem
3394 4033 3448 4086 in
3509 4029 3742 4099 unagine
3798 4027 3996 4085 Patris.

2439 4138 2542 4190 hoc
2580 4145 2662 4188 est
2711 4131 2872 4190 Filio.
2924 4140 2983 4185 et
3019 4128 3256 4194 imagine
3290 4124 3434 4186 Filii,
3481 4122 3727 4176 videlicet
3768 4119 3996 4187 Spiritu,

2439 4223 2570 4278 velit
2610 4221 2894 4290 accipere,
2933 4234 3036 4272 non
3080 4216 3252 4283 magis
3285 4214 3429 4283 quod
3461 4213 3607 4266 volet
3662 4250 3677 4274 ,
3725 4208 3996 4272 ostendet,

3200 4307 3432 4362 essentia
3487 4303 3745 4359 alienabit
3772 4340 3789 4366 ,
3828 4300 4002 4370 Spiri-

2440 4416 2667 4476 tumque
2711 4420 2739 4457 a
2796 4402 2931 4457 Filio
2984 4403 3220 4454 alienum
3286 4413 3462 4466 neque
3523 4396 3628 4450 sibi
3679 4394 4002 4448 naturaliter

2440 4502 2660 4554 insitum
2692 4495 3109 4565 blasphemabit.
3163 4490 3338 4543 Fateri
3360 4488 3502 4542 enim
3536 4495 3775 4556 cogetur,
3804 4483 4000 4538 Filium

2441 4594 2505 4646 ad
2555 4592 2774 4644 Patrem
2821 4588 3065 4641 eamdem
3126 4583 3326 4636 habere
3375 4579 3677 4643 rationem,-
3708 4590 3872 4645 quam
3905 4576 4004 4627 ha-

2442 4686 2569 4739 bent
2606 4676 2800 4751 singuli
2826 4676 3110 4732 hominum
3146 4673 3213 4727 ad
3252 4671 3443 4725 Deum.

2516 4756 2716 4827 Verum
2802 4785 2866 4824 ex
2955 4766 3214 4836 praedicto
3311 4760 3608 4817 secundum
3712 4768 4004 4825 processus

2444 4877 2806 4938 prrsouaru-m
2834 4854 3073 4921 ~ordine,
3125 4857 3263 4909 ratio
3317 4852 3495 4907 etiam
3535 4845 4007 4904 consubstantiali-

2448 4962 2572 5013 tatis
2606 4965 2851 5026 apparet;
2893 4958 3109 5005 constat
3141 4948 3309 5007 enim,
3346 4943 3475 5014 quia
3509 4939 3651 5009 quod
3700 4952 3766 4991 ex
3790 4937 3999 5005 aliquo,

2444 5053 2529 5105 vel
2562 5065 2658 5113 per
2695 5048 2957 5116 aliquem.
2992 5039 3296 5096 secundum
3329 5034 3667 5103 azquivocum
3692 5044 4003 5100 processum

2443 5144 2638 5215 prodit,
2721 5138 2969 5193 eamdem
3053 5132 3177 5188 inde
3252 5138 3501 5181 naturam
3582 5123 3769 5178 sumit.
3837 5119 4005 5189 Atqui

2443 5210 2721 5307 proprium
2762 5230 2934 5284 Patris
2964 5225 3158 5281 Filium
3205 5235 3349 5280 esse,
3388 5226 3447 5270 ut
3475 5214 3565 5286 qui
3602 5228 3666 5268 ex
3690 5210 4007 5307 substantia

2445 5299 2591 5383 illitis
2632 5323 2722 5385 sit,
2758 5319 2931 5374 sancti
2982 5316 3169 5369 Patres
3221 5315 3557 5364 asseverant.
3606 5302 3829 5371 Magnus
3862 5299 4006 5354 enim

2446 5418 2776 5475 Athanasius
2823 5412 2900 5465 ait
2943 5428 2957 5465 :
3013 5427 3031 5460 ι
3066 5404 3332 5473 Quoniam
3367 5399 3603 5453 Verbum
3634 5409 3728 5463 per
3758 5401 4008 5445 naturam

2450 5512 2731 5584 proprium
2774 5518 2857 5560 eat
2891 5501 3139 5557 essentia:
3175 5496 3290 5560 Dei,
3343 5508 3405 5548 ex
3442 5491 3562 5561 ipso
3611 5496 3771 5556 atque
3808 5483 3861 5537 in
3893 5482 4015 5551 ipso
