  <div class='ocr_page' id='page_1' title='image "/cluster/home/n/w/nwhite01/storage/ocr_20150623/152/nnc1.0046980377/052.png"; bbox 0 0 4462 6440; ppageno 0'>
   <div class='ocr_carea' id='block_1_1' title="bbox 492 427 2254 495">
    <p class='ocr_par' dir='ltr' id='par_1_1' title="bbox 492 433 2250 495">
     <span class='ocr_line' id='line_1_1' title="bbox 492 433 2250 495; baseline -0.001 -3"><span class='ocrx_word' id='word_1_1' title='bbox 492 433 560 492; x_wconf 72' lang='grc'>85</span> <span class='ocrx_word' id='word_1_2' title='bbox 1559 436 1955 495; x_wconf 63' lang='grc' dir='ltr'><strong>Αυνιῖιλςιις</strong></span> <span class='ocrx_word' id='word_1_3' title='bbox 1986 433 2250 492; x_wconf 62' lang='lat' dir='ltr'><strong>GRH-120</strong></span> 
     </span>
    </p>
   </div>
   <div class='ocr_carea' id='block_1_2' title="bbox 1945 427 3707 495">
    <p class='ocr_par' dir='ltr' id='par_1_2' title="bbox 1945 427 3707 494">
     <span class='ocr_line' id='line_1_2' title="bbox 1945 427 3707 494; baseline 0.012 -10"><span class='ocrx_word' id='word_1_4' title='bbox 1945 433 2295 494; x_wconf 63' lang='lat' dir='ltr'><strong>LGRAECOS</strong></span> <span class='ocrx_word' id='word_1_5' title='bbox 2341 436 2483 491; x_wconf 83' lang='grc' dir='ltr'>ι.ιιι.</span> <span class='ocrx_word' id='word_1_6' title='bbox 2532 436 2606 492; x_wconf 87' lang='grc' dir='ltr'>ιι.</span> <span class='ocrx_word' id='word_1_7' title='bbox 3645 427 3707 483; x_wconf 77' lang='grc' dir='ltr'><strong>εε</strong></span> 
     </span>
    </p>
   </div>
   <div class='ocr_carea' id='block_1_3' title="bbox 497 546 2214 615">
    <p class='ocr_par' dir='ltr' id='par_1_3' title="bbox 497 546 2214 615">
     <span class='ocr_line' id='line_1_3' title="bbox 497 546 2214 615; baseline -0.001 -15"><span class='ocrx_word' id='word_1_8' title='bbox 497 560 599 601; x_wconf 66' lang='lat' dir='ltr'><strong>est.</strong></span> <span class='ocrx_word' id='word_1_9' title='bbox 649 571 667 602; x_wconf 76' lang='grc' dir='ltr'><strong>ι</strong></span> <span class='ocrx_word' id='word_1_10' title='bbox 704 552 832 614; x_wconf 59' lang='grc' dir='ltr'><strong>ράτε</strong></span> <span class='ocrx_word' id='word_1_11' title='bbox 862 561 1039 605; x_wconf 85' lang='lat' dir='ltr'><strong>autem</strong></span> <span class='ocrx_word' id='word_1_12' title='bbox 1077 553 1141 603; x_wconf 71' lang='lat' dir='ltr'><strong>de</strong></span> <span class='ocrx_word' id='word_1_13' title='bbox 1194 555 1291 605; x_wconf 67' lang='lat' dir='ltr'><strong>lt-tc</strong></span> <span class='ocrx_word' id='word_1_14' title='bbox 1325 553 1601 611; x_wconf 70' lang='lat' dir='ltr'><strong>dicuntur,</strong></span> <span class='ocrx_word' id='word_1_15' title='bbox 1641 554 1869 615; x_wconf 79' lang='lat' dir='ltr'><strong>p&#39;nti-na</strong></span> <span class='ocrx_word' id='word_1_16' title='bbox 1919 566 2038 604; x_wconf 81' lang='lat' dir='ltr'><strong>cum</strong></span> <span class='ocrx_word' id='word_1_17' title='bbox 2072 546 2115 603; x_wconf 79' lang='grc' dir='ltr'><strong>Λ</strong></span> <span class='ocrx_word' id='word_1_18' title='bbox 2147 550 2214 598; x_wconf 80' lang='lat' dir='ltr'><strong>ait</strong></span> 
     </span>
    </p>
   </div>
   <div class='ocr_carea' id='block_1_4' title="bbox 498 643 2047 709">
    <p class='ocr_par' dir='ltr' id='par_1_4' title="bbox 498 643 2047 709">
     <span class='ocr_line' id='line_1_4' title="bbox 498 643 2047 709; baseline 0.001 -20"><span class='ocrx_word' id='word_1_19' title='bbox 498 644 605 690; x_wconf 80' lang='lat' dir='ltr'><strong>sint</strong></span> <span class='ocrx_word' id='word_1_20' title='bbox 662 650 879 708; x_wconf 90' lang='lat' dir='ltr'><strong>propter</strong></span> <span class='ocrx_word' id='word_1_21' title='bbox 932 643 1331 695; x_wconf 78' lang='lat' dir='ltr'><strong>multitudinem</strong></span> <span class='ocrx_word' id='word_1_22' title='bbox 1360 685 1371 704; x_wconf 95' lang='lat'><strong>,</strong></span> <span class='ocrx_word' id='word_1_23' title='bbox 1412 644 1748 703; x_wconf 66' lang='lat' dir='ltr'><strong>omittimus,</strong></span> <span class='ocrx_word' id='word_1_24' title='bbox 1792 658 1883 709; x_wconf 82' lang='lat' dir='ltr'><strong>per</strong></span> <span class='ocrx_word' id='word_1_25' title='bbox 1929 657 2047 707; x_wconf 86' lang='lat' dir='ltr'><strong>que</strong></span> 
     </span>
    </p>
   </div>
   <div class='ocr_carea' id='block_1_5' title="bbox 495 730 2045 798">
    <p class='ocr_par' dir='ltr' id='par_1_5' title="bbox 495 730 2045 798">
     <span class='ocr_line' id='line_1_5' title="bbox 495 730 2045 798; baseline 0.001 -19"><span class='ocrx_word' id='word_1_26' title='bbox 495 745 555 778; x_wconf 63' lang='lat' dir='ltr'><strong>et</strong></span> <span class='ocrx_word' id='word_1_27' title='bbox 586 730 739 793; x_wconf 71' lang='lat' dir='ltr'><strong>&#39;ipso</strong></span> <span class='ocrx_word' id='word_1_28' title='bbox 797 746 935 794; x_wconf 84' lang='lat' dir='ltr'><strong>esse,</strong></span> <span class='ocrx_word' id='word_1_29' title='bbox 997 741 1054 784; x_wconf 88' lang='lat' dir='ltr'><strong>ut</strong></span> <span class='ocrx_word' id='word_1_30' title='bbox 1118 734 1369 798; x_wconf 74' lang='lat' dir='ltr'><strong>proprius</strong></span> <span class='ocrx_word' id='word_1_31' title='bbox 1448 734 1516 787; x_wconf 83' lang='lat' dir='ltr'><strong>sit</strong></span> <span class='ocrx_word' id='word_1_32' title='bbox 1574 734 1818 784; x_wconf 65' lang='lat' dir='ltr'><strong>(‘SSt&#39;iliiiC</strong></span> <span class='ocrx_word' id='word_1_33' title='bbox 1883 734 2045 791; x_wconf 69' lang='lat' dir='ltr'><strong>illius,</strong></span> 
     </span>
    </p>
   </div>
   <div class='ocr_carea' id='block_1_6' title="bbox 498 821 2044 889">
    <p class='ocr_par' dir='ltr' id='par_1_6' title="bbox 498 821 2044 889">
     <span class='ocr_line' id='line_1_6' title="bbox 498 821 2044 889; baseline 0.002 -22"><span class='ocrx_word' id='word_1_34' title='bbox 498 823 764 872; x_wconf 59' lang='lat' dir='ltr'><strong>astruitur</strong></span> <span class='ocrx_word' id='word_1_35' title='bbox 798 836 823 870; x_wconf 89' lang='lat' dir='ltr'><strong>a</strong></span> <span class='ocrx_word' id='word_1_36' title='bbox 875 824 1081 874; x_wconf 77' lang='lat' dir='ltr'><strong>sanctis</strong></span> <span class='ocrx_word' id='word_1_37' title='bbox 1128 823 1403 875; x_wconf 75' lang='lat' dir='ltr'><strong>Pultibus.</strong></span> <span class='ocrx_word' id='word_1_38' title='bbox 1438 823 1609 889; x_wconf 78' lang='lat' dir='ltr'><strong>Atque</strong></span> <span class='ocrx_word' id='word_1_39' title='bbox 1646 822 1769 873; x_wconf 87' lang='lat' dir='ltr'><strong>hinc</strong></span> <span class='ocrx_word' id='word_1_40' title='bbox 1807 821 2044 887; x_wconf 64' lang='lat' dir='ltr'><strong>dignosci</strong></span> 
     </span>
    </p>
   </div>
   <div class='ocr_carea' id='block_1_7' title="bbox 500 911 2048 979">
    <p class='ocr_par' dir='ltr' id='par_1_7' title="bbox 500 911 2048 979">
     <span class='ocr_line' id='line_1_7' title="bbox 500 911 2048 979; baseline 0.005 -23"><span class='ocrx_word' id='word_1_41' title='bbox 500 920 698 974; x_wconf 76' lang='lat' dir='ltr'><strong>p~t.st,</strong></span> <span class='ocrx_word' id='word_1_42' title='bbox 762 911 1018 978; x_wconf 72' lang='lat' dir='ltr'><strong>Spiritum</strong></span> <span class='ocrx_word' id='word_1_43' title='bbox 1055 913 1172 963; x_wconf 86' lang='lat' dir='ltr'><strong>ideo</strong></span> <span class='ocrx_word' id='word_1_44' title='bbox 1227 914 1342 964; x_wconf 84' lang='lat' dir='ltr'><strong>Fil.i</strong></span> <span class='ocrx_word' id='word_1_45' title='bbox 1404 913 1678 979; x_wconf 82' lang='lat' dir='ltr'><strong>proprium</strong></span> <span class='ocrx_word' id='word_1_46' title='bbox 1742 912 1869 973; x_wconf 61' lang='lat' dir='ltr'><strong>diei,</strong></span> <span class='ocrx_word' id='word_1_47' title='bbox 1923 912 2048 977; x_wconf 87' lang='lat' dir='ltr'><strong>quia</strong></span> 
     </span>
    </p>
   </div>
   <div class='ocr_carea' id='block_1_8' title="bbox 498 1000 2047 1069">
    <p class='ocr_par' dir='ltr' id='par_1_8' title="bbox 498 1000 2047 1069">
     <span class='ocr_line' id='line_1_8' title="bbox 498 1000 2047 1069; baseline 0 -20"><span class='ocrx_word' id='word_1_48' title='bbox 498 1014 560 1049; x_wconf 80' lang='lat' dir='ltr'><strong>ex</strong></span> <span class='ocrx_word' id='word_1_49' title='bbox 590 1001 825 1051; x_wconf 76' lang='lat' dir='ltr'><strong>essentia</strong></span> <span class='ocrx_word' id='word_1_50' title='bbox 875 1000 1069 1066; x_wconf 81' lang='lat' dir='ltr'><strong>ipsius,</strong></span> <span class='ocrx_word' id='word_1_51' title='bbox 1108 1016 1429 1069; x_wconf 76' lang='lat' dir='ltr'><strong>rursumque</strong></span> <span class='ocrx_word' id='word_1_52' title='bbox 1464 1017 1584 1053; x_wconf 89' lang='lat' dir='ltr'><strong>cum</strong></span> <span class='ocrx_word' id='word_1_53' title='bbox 1622 1001 1737 1052; x_wconf 89' lang='lat' dir='ltr'><strong>ideo</strong></span> <span class='ocrx_word' id='word_1_54' title='bbox 1767 1016 1826 1051; x_wconf 75' lang='lat' dir='ltr'><strong>ex</strong></span> <span class='ocrx_word' id='word_1_55' title='bbox 1861 1014 2047 1050; x_wconf 69' lang='lat' dir='ltr'><strong>esseu-</strong></span> 
     </span>
    </p>
   </div>
   <div class='ocr_carea' id='block_1_9' title="bbox 501 1087 2053 1158">
    <p class='ocr_par' dir='ltr' id='par_1_9' title="bbox 501 1087 2053 1158">
     <span class='ocr_line' id='line_1_9' title="bbox 501 1087 2053 1158; baseline 0.002 -22"><span class='ocrx_word' id='word_1_56' title='bbox 501 1088 571 1137; x_wconf 87' lang='lat' dir='ltr'><strong>tia</strong></span> <span class='ocrx_word' id='word_1_57' title='bbox 635 1087 751 1139; x_wconf 80' lang='lat' dir='ltr'><strong>Filii</strong></span> <span class='ocrx_word' id='word_1_58' title='bbox 809 1104 929 1142; x_wconf 87' lang='lat' dir='ltr'><strong>esse</strong></span> <span class='ocrx_word' id='word_1_59' title='bbox 997 1091 1318 1153; x_wconf 79' lang='lat' dir='ltr'><strong>asseverari,</strong></span> <span class='ocrx_word' id='word_1_60' title='bbox 1361 1093 1483 1158; x_wconf 86' lang='lat' dir='ltr'><strong>quia</strong></span> <span class='ocrx_word' id='word_1_61' title='bbox 1542 1092 1684 1142; x_wconf 83' lang='lat' dir='ltr'><strong>iliius</strong></span> <span class='ocrx_word' id='word_1_62' title='bbox 1736 1090 2053 1142; x_wconf 63' lang='lat' dir='ltr'><strong>substantia:</strong></span> 
     </span>
    </p>
   </div>
   <div class='ocr_carea' id='block_1_10' title="bbox 498 1178 2047 1248">
    <p class='ocr_par' dir='ltr' id='par_1_10' title="bbox 498 1178 2047 1248">
     <span class='ocr_line' id='line_1_10' title="bbox 498 1178 2047 1248; baseline -0.002 -14"><span class='ocrx_word' id='word_1_63' title='bbox 498 1178 771 1243; x_wconf 76' lang='lat' dir='ltr'><strong>ttropritnn</strong></span> <span class='ocrx_word' id='word_1_64' title='bbox 826 1193 946 1233; x_wconf 90' lang='lat' dir='ltr'><strong>esse</strong></span> <span class='ocrx_word' id='word_1_65' title='bbox 1000 1181 1197 1231; x_wconf 75' lang='lat' dir='ltr'><strong>bonurn</strong></span> <span class='ocrx_word' id='word_1_66' title='bbox 1246 1189 1329 1233; x_wconf 89' lang='lat' dir='ltr'><strong>cst</strong></span> <span class='ocrx_word' id='word_1_67' title='bbox 1394 1197 1407 1232; x_wconf 88' lang='lat'><strong>:</strong></span> <span class='ocrx_word' id='word_1_68' title='bbox 1462 1181 1753 1248; x_wconf 91' lang='lat' dir='ltr'><strong>procedere</strong></span> <span class='ocrx_word' id='word_1_69' title='bbox 1782 1181 1921 1232; x_wconf 76' lang='lat' dir='ltr'><strong>enim</strong></span> <span class='ocrx_word' id='word_1_70' title='bbox 1955 1194 2047 1246; x_wconf 91' lang='lat' dir='ltr'><strong>per</strong></span> 
     </span>
    </p>
   </div>
   <div class='ocr_carea' id='block_1_11' title="bbox 501 1268 2051 1337">
    <p class='ocr_par' dir='ltr' id='par_1_11' title="bbox 501 1268 2051 1337">
     <span class='ocr_line' id='line_1_11' title="bbox 501 1268 2051 1337; baseline 0.002 -20"><span class='ocrx_word' id='word_1_71' title='bbox 501 1268 693 1319; x_wconf 71' lang='lat' dir='ltr'><strong>Filium</strong></span> <span class='ocrx_word' id='word_1_72' title='bbox 759 1269 1077 1323; x_wconf 84' lang='lat' dir='ltr'><strong>naturaliter</strong></span> <span class='ocrx_word' id='word_1_73' title='bbox 1119 1268 1380 1337; x_wconf 89' lang='lat' dir='ltr'><strong>Spiritum</strong></span> <span class='ocrx_word' id='word_1_74' title='bbox 1404 1308 1419 1331; x_wconf 92' lang='lat'><strong>,</strong></span> <span class='ocrx_word' id='word_1_75' title='bbox 1452 1279 1508 1322; x_wconf 91' lang='lat' dir='ltr'><strong>ut</strong></span> <span class='ocrx_word' id='word_1_76' title='bbox 1562 1270 1729 1337; x_wconf 86' lang='lat' dir='ltr'><strong>ipsius</strong></span> <span class='ocrx_word' id='word_1_77' title='bbox 1753 1270 2051 1337; x_wconf 89' lang='lat' dir='ltr'><strong>propriuut,</strong></span> 
     </span>
    </p>
   </div>
   <div class='ocr_carea' id='block_1_12' title="bbox 501 1357 2055 1425">
    <p class='ocr_par' dir='ltr' id='par_1_12' title="bbox 501 1357 2055 1425">
     <span class='ocr_line' id='line_1_12' title="bbox 501 1357 2055 1425; baseline 0.003 -20"><span class='ocrx_word' id='word_1_78' title='bbox 501 1358 690 1407; x_wconf 56' lang='lat' dir='ltr'><strong>l&#39;eittts</strong></span> <span class='ocrx_word' id='word_1_79' title='bbox 748 1357 978 1425; x_wconf 68' lang='lat' dir='ltr'><strong>Cyrinus</strong></span> <span class='ocrx_word' id='word_1_80' title='bbox 1028 1358 1201 1416; x_wconf 79' lang='lat' dir='ltr'><strong>dixit,</strong></span> <span class='ocrx_word' id='word_1_81' title='bbox 1262 1358 1487 1425; x_wconf 88' lang='lat' dir='ltr'><strong>ideoque</strong></span> <span class='ocrx_word' id='word_1_82' title='bbox 1555 1358 1623 1410; x_wconf 87' lang='lat' dir='ltr'><strong>ab</strong></span> <span class='ocrx_word' id='word_1_83' title='bbox 1686 1371 1752 1410; x_wconf 90' lang='lat' dir='ltr'><strong>eo</strong></span> <span class='ocrx_word' id='word_1_84' title='bbox 1806 1358 2055 1423; x_wconf 89' lang='lat' dir='ltr'><strong>accipere</strong></span> 
     </span>
    </p>
   </div>
   <div class='ocr_carea' id='block_1_13' title="bbox 500 1444 2048 1514">
    <p class='ocr_par' dir='ltr' id='par_1_13' title="bbox 500 1444 2048 1514">
     <span class='ocr_line' id='line_1_13' title="bbox 500 1444 2048 1514; baseline 0.003 -24"><span class='ocrx_word' id='word_1_85' title='bbox 500 1444 730 1505; x_wconf 31' lang='lat' dir='ltr'><strong>dicitur,</strong></span> <span class='ocrx_word' id='word_1_86' title='bbox 785 1447 929 1512; x_wconf 76' lang='lat' dir='ltr'><strong>quod</strong></span> <span class='ocrx_word' id='word_1_87' title='bbox 1003 1461 1096 1512; x_wconf 71' lang='lat' dir='ltr'><strong>per</strong></span> <span class='ocrx_word' id='word_1_88' title='bbox 1155 1446 1465 1514; x_wconf 71' lang='lat' dir='ltr'><strong>huiusmodi</strong></span> <span class='ocrx_word' id='word_1_89' title='bbox 1544 1459 1858 1513; x_wconf 89' lang='lat' dir='ltr'><strong>processum</strong></span> <span class='ocrx_word' id='word_1_90' title='bbox 1927 1459 2048 1497; x_wconf 86' lang='lat' dir='ltr'><strong>esse</strong></span> 
     </span>
    </p>
   </div>
   <div class='ocr_carea' id='block_1_14' title="bbox 502 1532 1311 1598">
    <p class='ocr_par' dir='ltr' id='par_1_14' title="bbox 502 1532 1311 1598">
     <span class='ocr_line' id='line_1_14' title="bbox 502 1532 1311 1598; baseline 0.006 -17"><span class='ocrx_word' id='word_1_91' title='bbox 502 1532 733 1597; x_wconf 75' lang='lat' dir='ltr'><strong>Spit&#39;ttus</strong></span> <span class='ocrx_word' id='word_1_92' title='bbox 764 1543 984 1585; x_wconf 83' lang='lat' dir='ltr'><strong>sanctus</strong></span> <span class='ocrx_word' id='word_1_93' title='bbox 1018 1534 1311 1598; x_wconf 89' lang='lat' dir='ltr'><strong>acceperit.</strong></span> 
     </span>
    </p>
   </div>
   <div class='ocr_carea' id='block_1_15' title="bbox 579 1621 2057 1689">
    <p class='ocr_par' dir='ltr' id='par_1_15' title="bbox 579 1621 2057 1689">
     <span class='ocr_line' id='line_1_15' title="bbox 579 1621 2057 1689; baseline 0 -18"><span class='ocrx_word' id='word_1_94' title='bbox 579 1621 798 1687; x_wconf 70' lang='lat' dir='ltr'><strong>Magnus</strong></span> <span class='ocrx_word' id='word_1_95' title='bbox 834 1624 958 1675; x_wconf 86' lang='lat' dir='ltr'><strong>item</strong></span> <span class='ocrx_word' id='word_1_96' title='bbox 995 1624 1326 1676; x_wconf 70' lang='lat' dir='ltr'><strong>Athanasius</strong></span> <span class='ocrx_word' id='word_1_97' title='bbox 1354 1663 1366 1681; x_wconf 88' lang='lat'><strong>,</strong></span> <span class='ocrx_word' id='word_1_98' title='bbox 1414 1623 1479 1674; x_wconf 88' lang='lat' dir='ltr'><strong>de</strong></span> <span class='ocrx_word' id='word_1_99' title='bbox 1504 1623 1689 1675; x_wconf 89' lang='lat' dir='ltr'><strong>eodem</strong></span> <span class='ocrx_word' id='word_1_100' title='bbox 1722 1662 1735 1683; x_wconf 96' lang='lat'><strong>,</strong></span> <span class='ocrx_word' id='word_1_101' title='bbox 1792 1624 1842 1674; x_wconf 76' lang='grc' dir='ltr'><strong>ιιι</strong></span> <span class='ocrx_word' id='word_1_102' title='bbox 1882 1622 2057 1689; x_wconf 85' lang='lat' dir='ltr'><strong>primo</strong></span> 
     </span>
    </p>
   </div>
   <div class='ocr_carea' id='block_1_16' title="bbox 500 1710 2054 1780">
    <p class='ocr_par' dir='ltr' id='par_1_16' title="bbox 500 1710 2054 1780">
     <span class='ocr_line' id='line_1_16' title="bbox 500 1710 2054 1780; baseline 0.003 -23"><span class='ocrx_word' id='word_1_103' title='bbox 500 1710 695 1760; x_wconf 72' lang='lat' dir='ltr'><strong>Contra</strong></span> <span class='ocrx_word' id='word_1_104' title='bbox 724 1714 946 1763; x_wconf 77' lang='lat' dir='ltr'><strong>.irimtoa</strong></span> <span class='ocrx_word' id='word_1_105' title='bbox 985 1728 1001 1763; x_wconf 92' lang='lat'><em>:</em></span> <span class='ocrx_word' id='word_1_106' title='bbox 1029 1731 1046 1762; x_wconf 84' lang='grc'><strong>‹</strong></span> <span class='ocrx_word' id='word_1_107' title='bbox 1082 1712 1192 1763; x_wconf 80' lang='lat' dir='ltr'><strong>Nisi</strong></span> <span class='ocrx_word' id='word_1_108' title='bbox 1224 1716 1390 1775; x_wconf 83' lang='lat' dir='ltr'><strong>enim,</strong></span> <span class='ocrx_word' id='word_1_109' title='bbox 1425 1712 1617 1780; x_wconf 85' lang='lat' dir='ltr'><strong>inquit,</strong></span> <span class='ocrx_word' id='word_1_110' title='bbox 1644 1722 1787 1765; x_wconf 85' lang='lat' dir='ltr'><strong>esset</strong></span> <span class='ocrx_word' id='word_1_111' title='bbox 1822 1712 2054 1765; x_wconf 78' lang='lat' dir='ltr'><strong>Verbum</strong></span> 
     </span>
    </p>
   </div>
   <div class='ocr_carea' id='block_1_17' title="bbox 503 1804 2052 1876">
    <p class='ocr_par' dir='ltr' id='par_1_17' title="bbox 503 1804 2052 1876">
     <span class='ocr_line' id='line_1_17' title="bbox 503 1804 2052 1876; baseline 0.005 -25"><span class='ocrx_word' id='word_1_112' title='bbox 503 1817 720 1867; x_wconf 65' lang='lat' dir='ltr'><strong>g-rmen</strong></span> <span class='ocrx_word' id='word_1_113' title='bbox 764 1806 1035 1869; x_wconf 78' lang='lat' dir='ltr'><strong>proprium</strong></span> <span class='ocrx_word' id='word_1_114' title='bbox 1082 1806 1400 1857; x_wconf 73' lang='lat' dir='ltr'><strong>substantia:</strong></span> <span class='ocrx_word' id='word_1_115' title='bbox 1438 1804 1632 1863; x_wconf 79' lang='lat' dir='ltr'><strong>Patris.</strong></span> <span class='ocrx_word' id='word_1_116' title='bbox 1673 1807 1827 1874; x_wconf 89' lang='lat' dir='ltr'><strong>quasi</strong></span> <span class='ocrx_word' id='word_1_117' title='bbox 1867 1809 2052 1876; x_wconf 90' lang='lat' dir='ltr'><strong>splen-</strong></span> 
     </span>
    </p>
   </div>
   <div class='ocr_carea' id='block_1_18' title="bbox 503 1871 2141 1969">
    <p class='ocr_par' dir='ltr' id='par_1_18' title="bbox 503 1871 2141 1969">
     <span class='ocr_line' id='line_1_18' title="bbox 503 1871 2141 1969; baseline 0.01 -26"><span class='ocrx_word' id='word_1_118' title='bbox 503 1894 603 1943; x_wconf 76' lang='lat' dir='ltr'><strong>dor</strong></span> <span class='ocrx_word' id='word_1_119' title='bbox 665 1895 818 1956; x_wconf 85' lang='lat' dir='ltr'><strong>lueis,</strong></span> <span class='ocrx_word' id='word_1_120' title='bbox 871 1896 1096 1949; x_wconf 79' lang='lat' dir='ltr'><strong>distaret</strong></span> <span class='ocrx_word' id='word_1_121' title='bbox 1158 1912 1284 1950; x_wconf 73' lang='lat' dir='ltr'><strong>vero</strong></span> <span class='ocrx_word' id='word_1_122' title='bbox 1331 1907 1521 1951; x_wconf 88' lang='lat' dir='ltr'><strong>natura</strong></span> <span class='ocrx_word' id='word_1_123' title='bbox 1584 1897 1748 1953; x_wconf 87' lang='lat' dir='ltr'><strong>Filius</strong></span> <span class='ocrx_word' id='word_1_124' title='bbox 1798 1916 1825 1953; x_wconf 91' lang='lat' dir='ltr'><strong>a</strong></span> <span class='ocrx_word' id='word_1_125' title='bbox 1886 1904 2061 1969; x_wconf 85' lang='lat' dir='ltr'><strong>Patre,</strong></span> <span class='ocrx_word' id='word_1_126' title='bbox 2100 1871 2141 1928; x_wconf 75' lang='grc' dir='ltr'><strong><em>Β</em></strong></span> 
     </span>
    </p>
   </div>
   <div class='ocr_carea' id='block_1_19' title="bbox 506 1988 2061 2066">
    <p class='ocr_par' dir='ltr' id='par_1_19' title="bbox 506 1988 2061 2066">
     <span class='ocr_line' id='line_1_19' title="bbox 506 1988 2061 2066; baseline 0.011 -30"><span class='ocrx_word' id='word_1_127' title='bbox 506 1988 781 2039; x_wconf 71' lang='grc' dir='ltr'><strong>ς.ιεῐίορι·ρι</strong></span> <span class='ocrx_word' id='word_1_128' title='bbox 852 1989 1060 2044; x_wconf 87' lang='lat' dir='ltr'><strong>Patrem</strong></span> <span class='ocrx_word' id='word_1_129' title='bbox 1126 1992 1301 2044; x_wconf 86' lang='lat' dir='ltr'><strong>solum</strong></span> <span class='ocrx_word' id='word_1_130' title='bbox 1374 1994 1522 2046; x_wconf 78' lang='lat' dir='ltr'><strong>dare.</strong></span> <span class='ocrx_word' id='word_1_131' title='bbox 1567 2013 1583 2043; x_wconf 77' lang='grc' dir='ltr'><strong>ι</strong></span> <span class='ocrx_word' id='word_1_132' title='bbox 1624 1994 1721 2048; x_wconf 67' lang='lat' dir='ltr'><strong>llic</strong></span> <span class='ocrx_word' id='word_1_133' title='bbox 1786 1998 2061 2066; x_wconf 90' lang='lat' dir='ltr'><strong>proprium</strong></span> 
     </span>
    </p>
   </div>
   <div class='ocr_carea' id='block_1_20' title="bbox 509 2078 2065 2150">
    <p class='ocr_par' dir='ltr' id='par_1_20' title="bbox 509 2078 2065 2150">
     <span class='ocr_line' id='line_1_20' title="bbox 509 2078 2065 2150; baseline 0.009 -21"><span class='ocrx_word' id='word_1_134' title='bbox 509 2078 683 2131; x_wconf 60' lang='lat' dir='ltr'><strong>Pstris</strong></span> <span class='ocrx_word' id='word_1_135' title='bbox 741 2079 971 2133; x_wconf 74' lang='lat' dir='ltr'><strong>Verbum</strong></span> <span class='ocrx_word' id='word_1_136' title='bbox 1052 2083 1146 2142; x_wconf 90' lang='lat' dir='ltr'><strong>ait,</strong></span> <span class='ocrx_word' id='word_1_137' title='bbox 1206 2097 1302 2135; x_wconf 91' lang='lat' dir='ltr'><strong>cett</strong></span> <span class='ocrx_word' id='word_1_138' title='bbox 1364 2082 1707 2150; x_wconf 78' lang='lat' dir='ltr'><strong>splendorem</strong></span> <span class='ocrx_word' id='word_1_139' title='bbox 1771 2086 1928 2141; x_wconf 86' lang='lat' dir='ltr'><strong>lueis.</strong></span> <span class='ocrx_word' id='word_1_140' title='bbox 1997 2091 2065 2143; x_wconf 79' lang='lat' dir='ltr'><strong>At</strong></span> 
     </span>
    </p>
   </div>
   <div class='ocr_carea' id='block_1_21' title="bbox 509 2172 2067 2250">
    <p class='ocr_par' dir='ltr' id='par_1_21' title="bbox 509 2172 2067 2250">
     <span class='ocr_line' id='line_1_21' title="bbox 509 2172 2067 2250; baseline 0.008 -27"><span class='ocrx_word' id='word_1_141' title='bbox 509 2172 764 2237; x_wconf 87' lang='lat' dir='ltr'><strong>splendor</strong></span> <span class='ocrx_word' id='word_1_142' title='bbox 789 2188 849 2223; x_wconf 60' lang='lat' dir='ltr'><strong>et</strong></span> <span class='ocrx_word' id='word_1_143' title='bbox 886 2188 1047 2226; x_wconf 83' lang='lat' dir='ltr'><strong>causa</strong></span> <span class='ocrx_word' id='word_1_144' title='bbox 1087 2175 1223 2228; x_wconf 85' lang='lat' dir='ltr'><strong>lucis</strong></span> <span class='ocrx_word' id='word_1_145' title='bbox 1254 2185 1353 2229; x_wconf 90' lang='lat' dir='ltr'><strong>est.</strong></span> <span class='ocrx_word' id='word_1_146' title='bbox 1388 2177 1450 2228; x_wconf 81' lang='lat' dir='ltr'><strong>Et</strong></span> <span class='ocrx_word' id='word_1_147' title='bbox 1496 2181 1769 2247; x_wconf 90' lang='lat' dir='ltr'><strong>proprium</strong></span> <span class='ocrx_word' id='word_1_148' title='bbox 1805 2181 1970 2250; x_wconf 76' lang='lat' dir='ltr'><strong>igitur</strong></span> <span class='ocrx_word' id='word_1_149' title='bbox 2002 2200 2067 2236; x_wconf 76' lang='lat' dir='ltr'><strong>ex</strong></span> 
     </span>
    </p>
   </div>
   <div class='ocr_carea' id='block_1_22' title="bbox 508 2264 1120 2316">
    <p class='ocr_par' dir='ltr' id='par_1_22' title="bbox 508 2264 1120 2316">
     <span class='ocr_line' id='line_1_22' title="bbox 508 2264 1120 2316; baseline 0.011 -7"><span class='ocrx_word' id='word_1_150' title='bbox 508 2276 524 2309; x_wconf 76' lang='grc' dir='ltr'><strong>ι</strong></span> <span class='ocrx_word' id='word_1_151' title='bbox 540 2275 669 2313; x_wconf 81' lang='lat' dir='ltr'><strong>ausa</strong></span> <span class='ocrx_word' id='word_1_152' title='bbox 707 2275 825 2313; x_wconf 89' lang='lat' dir='ltr'><strong>esse</strong></span> <span class='ocrx_word' id='word_1_153' title='bbox 864 2264 1120 2316; x_wconf 84' lang='lat' dir='ltr'><strong>ostendit.</strong></span> 
     </span>
    </p>
   </div>
   <div class='ocr_carea' id='block_1_23' title="bbox 581 2351 2069 2422">
    <p class='ocr_par' dir='ltr' id='par_1_23' title="bbox 581 2351 2069 2422">
     <span class='ocr_line' id='line_1_23' title="bbox 581 2351 2069 2422; baseline 0.009 -20"><span class='ocrx_word' id='word_1_154' title='bbox 581 2351 815 2405; x_wconf 85' lang='lat' dir='ltr'><strong>Sanetus</strong></span> <span class='ocrx_word' id='word_1_155' title='bbox 843 2353 1074 2422; x_wconf 80' lang='lat' dir='ltr'><strong>Cyrillns</strong></span> <span class='ocrx_word' id='word_1_156' title='bbox 1121 2370 1284 2422; x_wconf 89' lang='lat' dir='ltr'><strong>super</strong></span> <span class='ocrx_word' id='word_1_157' title='bbox 1324 2357 1451 2410; x_wconf 92' lang='lat' dir='ltr'><strong>illud</strong></span> <span class='ocrx_word' id='word_1_158' title='bbox 1493 2375 1505 2410; x_wconf 92' lang='lat'><strong>:</strong></span> <span class='ocrx_word' id='word_1_159' title='bbox 1548 2358 1678 2413; x_wconf 87' lang='lat' dir='ltr'><strong>Cum</strong></span> <span class='ocrx_word' id='word_1_160' title='bbox 1715 2371 1886 2415; x_wconf 81' lang='lat' dir='ltr'><strong>autem</strong></span> <span class='ocrx_word' id='word_1_161' title='bbox 1920 2378 2069 2416; x_wconf 72' lang='lat' dir='ltr'><strong>vene-</strong></span> 
     </span>
    </p>
   </div>
   <div class='ocr_carea' id='block_1_24' title="bbox 512 2442 2070 2517">
    <p class='ocr_par' dir='ltr' id='par_1_24' title="bbox 512 2442 2070 2517">
     <span class='ocr_line' id='line_1_24' title="bbox 512 2442 2070 2517; baseline 0.009 -25"><span class='ocrx_word' id='word_1_162' title='bbox 512 2444 578 2493; x_wconf 87' lang='lat' dir='ltr'><strong>rit</strong></span> <span class='ocrx_word' id='word_1_163' title='bbox 640 2442 944 2496; x_wconf 76' lang='lat' dir='ltr'><strong>Puracletm</strong></span> <span class='ocrx_word' id='word_1_164' title='bbox 972 2444 1018 2476; x_wconf 85' lang='grc'><strong>⁸⁸</strong></span> <span class='ocrx_word' id='word_1_165' title='bbox 1049 2486 1063 2508; x_wconf 85' lang='grc'><strong>,</strong></span> <span class='ocrx_word' id='word_1_166' title='bbox 1104 2464 1120 2495; x_wconf 76' lang='grc' dir='ltr'><strong>ι</strong></span> <span class='ocrx_word' id='word_1_167' title='bbox 1167 2446 1221 2500; x_wconf 93' lang='lat' dir='ltr'><strong>Si</strong></span> <span class='ocrx_word' id='word_1_168' title='bbox 1259 2462 1388 2516; x_wconf 79' lang='lat' dir='ltr'><strong>ergo</strong></span> <span class='ocrx_word' id='word_1_169' title='bbox 1412 2488 1428 2510; x_wconf 91' lang='lat'><strong>,</strong></span> <span class='ocrx_word' id='word_1_170' title='bbox 1456 2450 1665 2517; x_wconf 90' lang='lat' dir='ltr'><strong>inquit,</strong></span> <span class='ocrx_word' id='word_1_171' title='bbox 1700 2451 1938 2506; x_wconf 82' lang='lat' dir='ltr'><strong>ofticium</strong></span> <span class='ocrx_word' id='word_1_172' title='bbox 1970 2455 2070 2507; x_wconf 80' lang='lat' dir='ltr'><strong>mi-</strong></span> 
     </span>
    </p>
   </div>
   <div class='ocr_carea' id='block_1_25' title="bbox 512 2532 2069 2609">
    <p class='ocr_par' dir='ltr' id='par_1_25' title="bbox 512 2532 2069 2609">
     <span class='ocr_line' id='line_1_25' title="bbox 512 2532 2069 2609; baseline 0.01 -26"><span class='ocrx_word' id='word_1_173' title='bbox 512 2532 667 2584; x_wconf 90' lang='lat' dir='ltr'><strong>nistri</strong></span> <span class='ocrx_word' id='word_1_174' title='bbox 696 2532 889 2586; x_wconf 71' lang='lat' dir='ltr'><strong>Filium</strong></span> <span class='ocrx_word' id='word_1_175' title='bbox 923 2535 1144 2604; x_wconf 88' lang='lat' dir='ltr'><strong>implere</strong></span> <span class='ocrx_word' id='word_1_176' title='bbox 1170 2538 1537 2603; x_wconf 78' lang='lat' dir='ltr'><strong>arbitramini,</strong></span> <span class='ocrx_word' id='word_1_177' title='bbox 1570 2542 1805 2595; x_wconf 90' lang='lat' dir='ltr'><strong>alienum</strong></span> <span class='ocrx_word' id='word_1_178' title='bbox 1842 2546 1943 2599; x_wconf 92' lang='lat' dir='ltr'><strong>hoc</strong></span> <span class='ocrx_word' id='word_1_179' title='bbox 1967 2554 2069 2609; x_wconf 93' lang='lat' dir='ltr'><strong>est,</strong></span> 
     </span>
    </p>
   </div>
   <div class='ocr_carea' id='block_1_26' title="bbox 509 2623 2073 2705">
    <p class='ocr_par' dir='ltr' id='par_1_26' title="bbox 509 2623 2073 2705">
     <span class='ocr_line' id='line_1_26' title="bbox 509 2623 2073 2705; baseline 0.01 -29"><span class='ocrx_word' id='word_1_180' title='bbox 509 2640 573 2676; x_wconf 76' lang='lat' dir='ltr'><strong>ex</strong></span> <span class='ocrx_word' id='word_1_181' title='bbox 610 2623 717 2677; x_wconf 86' lang='lat' dir='ltr'><strong>Deo</strong></span> <span class='ocrx_word' id='word_1_182' title='bbox 758 2634 811 2678; x_wconf 91' lang='lat' dir='ltr'><strong>et</strong></span> <span class='ocrx_word' id='word_1_183' title='bbox 864 2626 1024 2680; x_wconf 90' lang='lat' dir='ltr'><strong>Patre</strong></span> <span class='ocrx_word' id='word_1_184' title='bbox 1074 2629 1447 2695; x_wconf 86' lang='lat' dir='ltr'><strong>procedentem</strong></span> <span class='ocrx_word' id='word_1_185' title='bbox 1494 2633 1694 2700; x_wconf 84' lang='lat' dir='ltr'><strong>Spiritu</strong></span> <span class='ocrx_word' id='word_1_186' title='bbox 1722 2651 1775 2699; x_wconf 83' lang='grc' dir='ltr'>ιι,</span> <span class='ocrx_word' id='word_1_187' title='bbox 1831 2638 1922 2705; x_wconf 91' lang='lat' dir='ltr'><strong>qui</strong></span> <span class='ocrx_word' id='word_1_188' title='bbox 1979 2655 2073 2705; x_wconf 82' lang='lat' dir='ltr'><strong>per</strong></span> 
     </span>
    </p>
   </div>
   <div class='ocr_carea' id='block_1_27' title="bbox 514 2722 2071 2793">
    <p class='ocr_par' dir='ltr' id='par_1_27' title="bbox 514 2722 2071 2793">
     <span class='ocr_line' id='line_1_27' title="bbox 514 2722 2071 2793; baseline 0.012 -28"><span class='ocrx_word' id='word_1_189' title='bbox 514 2724 768 2768; x_wconf 82' lang='lat' dir='ltr'><strong>naturam</strong></span> <span class='ocrx_word' id='word_1_190' title='bbox 850 2730 1069 2772; x_wconf 87' lang='lat' dir='ltr'><strong>sanctus</strong></span> <span class='ocrx_word' id='word_1_191' title='bbox 1133 2730 1236 2780; x_wconf 87' lang='lat' dir='ltr'><strong>est,</strong></span> <span class='ocrx_word' id='word_1_192' title='bbox 1324 2722 1477 2776; x_wconf 92' lang='lat' dir='ltr'><strong>nobis</strong></span> <span class='ocrx_word' id='word_1_193' title='bbox 1566 2724 1905 2793; x_wconf 78' lang='lat' dir='ltr'><strong>largientem,</strong></span> <span class='ocrx_word' id='word_1_194' title='bbox 1964 2745 2071 2783; x_wconf 92' lang='lat' dir='ltr'><strong>non</strong></span> 
     </span>
    </p>
   </div>
   <div class='ocr_carea' id='block_1_28' title="bbox 513 2810 2072 2890">
    <p class='ocr_par' dir='ltr' id='par_1_28' title="bbox 513 2810 2072 2890">
     <span class='ocr_line' id='line_1_28' title="bbox 513 2810 2072 2890; baseline 0.011 -30"><span class='ocrx_word' id='word_1_195' title='bbox 513 2810 809 2861; x_wconf 77' lang='lat' dir='ltr'><strong>secundum</strong></span> <span class='ocrx_word' id='word_1_196' title='bbox 852 2820 1099 2865; x_wconf 92' lang='lat' dir='ltr'><strong>naturam</strong></span> <span class='ocrx_word' id='word_1_197' title='bbox 1146 2825 1366 2869; x_wconf 83' lang='lat' dir='ltr'><strong>sanctus</strong></span> <span class='ocrx_word' id='word_1_198' title='bbox 1398 2827 1477 2869; x_wconf 91' lang='lat' dir='ltr'><strong>est</strong></span> <span class='ocrx_word' id='word_1_199' title='bbox 1510 2817 1698 2883; x_wconf 82' lang='lat' dir='ltr'><strong>Filius,</strong></span> <span class='ocrx_word' id='word_1_200' title='bbox 1726 2822 1817 2875; x_wconf 92' lang='lat' dir='ltr'><strong>scd</strong></span> <span class='ocrx_word' id='word_1_201' title='bbox 1851 2825 2072 2890; x_wconf 86' lang='lat' dir='ltr'><strong>partici-</strong></span> 
     </span>
    </p>
   </div>
   <div class='ocr_carea' id='block_1_29' title="bbox 514 2900 2069 2980">
    <p class='ocr_par' dir='ltr' id='par_1_29' title="bbox 514 2900 2069 2980">
     <span class='ocr_line' id='line_1_29' title="bbox 514 2900 2069 2980; baseline 0.012 -29"><span class='ocrx_word' id='word_1_202' title='bbox 514 2900 729 2966; x_wconf 81' lang='lat' dir='ltr'><strong>patione</strong></span> <span class='ocrx_word' id='word_1_203' title='bbox 781 2903 925 2955; x_wconf 89' lang='lat' dir='ltr'><strong>sicut</strong></span> <span class='ocrx_word' id='word_1_204' title='bbox 971 2913 1025 2957; x_wconf 92' lang='lat' dir='ltr'><strong>et</strong></span> <span class='ocrx_word' id='word_1_205' title='bbox 1073 2919 1191 2958; x_wconf 89' lang='lat' dir='ltr'><strong>nos.</strong></span> <span class='ocrx_word' id='word_1_206' title='bbox 1249 2924 1266 2955; x_wconf 79' lang='grc' dir='ltr'><strong>ι</strong></span> <span class='ocrx_word' id='word_1_207' title='bbox 1323 2905 1434 2959; x_wconf 89' lang='lat' dir='ltr'><strong>lloc</strong></span> <span class='ocrx_word' id='word_1_208' title='bbox 1463 2924 1764 2976; x_wconf 77' lang='lat' dir='ltr'><strong>exponens,</strong></span> <span class='ocrx_word' id='word_1_209' title='bbox 1800 2915 1942 2980; x_wconf 88' lang='lat' dir='ltr'><strong>quod</strong></span> <span class='ocrx_word' id='word_1_210' title='bbox 1974 2918 2069 2979; x_wconf 89' lang='lat' dir='ltr'><strong>ait,</strong></span> 
     </span>
    </p>
   </div>
   <div class='ocr_carea' id='block_1_30' title="bbox 512 2992 2068 3071">
    <p class='ocr_par' dir='ltr' id='par_1_30' title="bbox 512 2992 2068 3071">
     <span class='ocr_line' id='line_1_30' title="bbox 512 2992 2068 3071; baseline 0.014 -31"><span class='ocrx_word' id='word_1_211' title='bbox 512 2992 764 3056; x_wconf 78' lang='lat' dir='ltr'><strong>alienum,</strong></span> <span class='ocrx_word' id='word_1_212' title='bbox 825 3008 887 3046; x_wconf 78' lang='lat' dir='ltr'><strong>ex</strong></span> <span class='ocrx_word' id='word_1_213' title='bbox 942 2993 1089 3057; x_wconf 88' lang='lat' dir='ltr'><strong>Deo,</strong></span> <span class='ocrx_word' id='word_1_214' title='bbox 1146 2997 1340 3065; x_wconf 90' lang='lat' dir='ltr'><strong>inquit,</strong></span> <span class='ocrx_word' id='word_1_215' title='bbox 1391 3010 1443 3052; x_wconf 89' lang='lat' dir='ltr'><strong>et</strong></span> <span class='ocrx_word' id='word_1_216' title='bbox 1476 3001 1629 3055; x_wconf 86' lang='lat' dir='ltr'><strong>Patre</strong></span> <span class='ocrx_word' id='word_1_217' title='bbox 1663 3008 2068 3071; x_wconf 90' lang='lat' dir='ltr'><strong>procedentem;</strong></span> 
     </span>
    </p>
   </div>
   <div class='ocr_carea' id='block_1_31' title="bbox 516 3085 2072 3159">
    <p class='ocr_par' dir='ltr' id='par_1_31' title="bbox 516 3085 2072 3159">
     <span class='ocr_line' id='line_1_31' title="bbox 516 3085 2072 3159; baseline 0.014 -30"><span class='ocrx_word' id='word_1_218' title='bbox 516 3094 623 3131; x_wconf 78' lang='lat' dir='ltr'><strong>non</strong></span> <span class='ocrx_word' id='word_1_219' title='bbox 685 3090 965 3148; x_wconf 84' lang='lat' dir='ltr'><strong>propterea</strong></span> <span class='ocrx_word' id='word_1_220' title='bbox 1018 3085 1253 3138; x_wconf 90' lang='lat' dir='ltr'><strong>alienum</strong></span> <span class='ocrx_word' id='word_1_221' title='bbox 1309 3088 1528 3151; x_wconf 88' lang='lat' dir='ltr'><strong>dicens,</strong></span> <span class='ocrx_word' id='word_1_222' title='bbox 1582 3094 1707 3159; x_wconf 89' lang='lat' dir='ltr'><strong>quia</strong></span> <span class='ocrx_word' id='word_1_223' title='bbox 1760 3111 1823 3148; x_wconf 82' lang='lat' dir='ltr'><strong>ex</strong></span> <span class='ocrx_word' id='word_1_224' title='bbox 1882 3095 1989 3151; x_wconf 89' lang='lat' dir='ltr'><strong>Deo</strong></span> <span class='ocrx_word' id='word_1_225' title='bbox 2020 3109 2072 3151; x_wconf 92' lang='lat' dir='ltr'><strong>et</strong></span> 
     </span>
    </p>
   </div>
   <div class='ocr_carea' id='block_1_32' title="bbox 3156 545 3708 599">
    <p class='ocr_par' dir='ltr' id='par_1_32' title="bbox 3156 545 3708 599">
     <span class='ocr_line' id='line_1_32' title="bbox 3156 545 3708 599; baseline 0.005 -3"><span class='ocrx_word' id='word_1_226' title='bbox 3156 562 3256 596; x_wconf 84' lang='lat' dir='ltr'><strong>non</strong></span> <span class='ocrx_word' id='word_1_227' title='bbox 3313 545 3542 596; x_wconf 79' lang='lat' dir='ltr'><strong>alienum</strong></span> <span class='ocrx_word' id='word_1_228' title='bbox 3594 561 3708 599; x_wconf 53' lang='lat' dir='ltr'><strong>esse</strong></span> 
     </span>
    </p>
   </div>
   <div class='ocr_carea' id='block_1_33' title="bbox 3255 640 3714 704">
    <p class='ocr_par' dir='ltr' id='par_1_33' title="bbox 3255 640 3714 704">
     <span class='ocr_line' id='line_1_33' title="bbox 3255 640 3714 704; baseline -0.007 -17"><span class='ocrx_word' id='word_1_229' title='bbox 3255 647 3415 703; x_wconf 71' lang='lat' dir='ltr'><strong>atque.</strong></span> <span class='ocrx_word' id='word_1_230' title='bbox 3484 652 3543 690; x_wconf 71' lang='lat' dir='ltr'><strong>ex</strong></span> <span class='ocrx_word' id='word_1_231' title='bbox 3599 640 3714 704; x_wconf 60' lang='lat' dir='ltr'><strong>ipso</strong></span> 
     </span>
    </p>
   </div>
   <div class='ocr_carea' id='block_1_34' title="bbox 2287 548 3097 603">
    <p class='ocr_par' dir='ltr' id='par_1_34' title="bbox 2287 548 3097 603">
     <span class='ocr_line' id='line_1_34' title="bbox 2287 548 3097 603; baseline 0.002 -4"><span class='ocrx_word' id='word_1_232' title='bbox 2287 570 2293 599; x_wconf 92' lang='lat'>:</span> <span class='ocrx_word' id='word_1_233' title='bbox 2342 568 2355 596; x_wconf 79' lang='grc' dir='ltr'><strong>ι</strong></span> <span class='ocrx_word' id='word_1_234' title='bbox 2439 550 2746 603; x_wconf 68' lang='lat' dir='ltr'><strong>O~tenditttr</strong></span> <span class='ocrx_word' id='word_1_235' title='bbox 2803 548 3097 601; x_wconf 67' lang='lat' dir='ltr'><strong>eiitlenter.</strong></span> 
     </span>
    </p>
   </div>
   <div class='ocr_carea' id='block_1_35' title="bbox 2158 638 3168 704">
    <p class='ocr_par' dir='ltr' id='par_1_35' title="bbox 2158 638 3168 704">
     <span class='ocr_line' id='line_1_35' title="bbox 2158 638 3168 704; baseline -0.006 -14"><span class='ocrx_word' id='word_1_236' title='bbox 2158 658 2182 690; x_wconf 85' lang='lat' dir='ltr'><strong>:t</strong></span> <span class='ocrx_word' id='word_1_237' title='bbox 2245 639 2373 689; x_wconf 68' lang='lat' dir='ltr'><strong>l&quot;.li.t</strong></span> <span class='ocrx_word' id='word_1_238' title='bbox 2438 638 2729 704; x_wconf 48' lang='lat' dir='ltr'><strong>5.:llilfl&#39;3l,</strong></span> <span class='ocrx_word' id='word_1_239' title='bbox 2790 642 2878 689; x_wconf 68' lang='lat' dir='ltr'><strong>sed</strong></span> <span class='ocrx_word' id='word_1_240' title='bbox 2951 639 2999 688; x_wconf 89' lang='lat' dir='ltr'><strong>itt</strong></span> <span class='ocrx_word' id='word_1_241' title='bbox 3055 638 3168 704; x_wconf 78' lang='lat' dir='ltr'><strong>ipso</strong></span> 
     </span>
    </p>
   </div>
   <div class='ocr_carea' id='block_1_36' title="bbox 2160 745 2372 780">
    <p class='ocr_par' dir='ltr' id='par_1_36' title="bbox 2160 745 2372 780">
     <span class='ocr_line' id='line_1_36' title="bbox 2160 745 2372 780; baseline -0.019 -1"><span class='ocrx_word' id='word_1_242' title='bbox 2160 745 2297 780; x_wconf 53' lang='lat' dir='ltr'><strong>(av).</strong></span> <span class='ocrx_word' id='word_1_243' title='bbox 2360 752 2372 775; x_wconf 76' lang='grc' dir='ltr'><strong>ι</strong></span> 
     </span>
    </p>
   </div>
   <div class='ocr_carea' id='block_1_37' title="bbox 2230 814 3718 885">
    <p class='ocr_par' dir='ltr' id='par_1_37' title="bbox 2230 814 3718 885">
     <span class='ocr_line' id='line_1_37' title="bbox 2230 814 3718 885; baseline 0.003 -22"><span class='ocrx_word' id='word_1_244' title='bbox 2230 823 2301 869; x_wconf 68' lang='lat' dir='ltr'><strong>Ac</strong></span> <span class='ocrx_word' id='word_1_245' title='bbox 2335 834 2423 885; x_wconf 76' lang='lat' dir='ltr'><strong>per</strong></span> <span class='ocrx_word' id='word_1_246' title='bbox 2455 819 2631 869; x_wconf 67' lang='lat' dir='ltr'><strong>oznn‘a</strong></span> <span class='ocrx_word' id='word_1_247' title='bbox 2672 818 2713 869; x_wconf 87' lang='lat' dir='ltr'><strong>si</strong></span> <span class='ocrx_word' id='word_1_248' title='bbox 2749 817 2869 883; x_wconf 79' lang='lat' dir='ltr'><strong>quis</strong></span> <span class='ocrx_word' id='word_1_249' title='bbox 2897 827 3137 868; x_wconf 69' lang='lat' dir='ltr'><strong>sanetum</strong></span> <span class='ocrx_word' id='word_1_250' title='bbox 3174 814 3430 881; x_wconf 64' lang='lat' dir='ltr'><strong>Cyrillum</strong></span> <span class='ocrx_word' id='word_1_251' title='bbox 3471 817 3718 868; x_wconf 69' lang='lat' dir='ltr'><strong>observet</strong></span> 
     </span>
    </p>
   </div>
   <div class='ocr_carea' id='block_1_38' title="bbox 2159 907 3715 974">
    <p class='ocr_par' dir='ltr' id='par_1_38' title="bbox 2159 907 3715 974">
     <span class='ocr_line' id='line_1_38' title="bbox 2159 907 3715 974; baseline -0.002 -15"><span class='ocrx_word' id='word_1_252' title='bbox 2159 910 2485 974; x_wconf 68' lang='lat' dir='ltr'><strong>diligent’us,</strong></span> <span class='ocrx_word' id='word_1_253' title='bbox 2522 910 2589 961; x_wconf 89' lang='lat' dir='ltr'><strong>ita</strong></span> <span class='ocrx_word' id='word_1_254' title='bbox 2636 924 2757 959; x_wconf 83' lang='lat' dir='ltr'><strong>cum</strong></span> <span class='ocrx_word' id='word_1_255' title='bbox 2787 922 2996 973; x_wconf 30' lang='lat' dir='ltr'><strong>sentpcr</strong></span> <span class='ocrx_word' id='word_1_256' title='bbox 3034 908 3261 959; x_wconf 58' lang='lat' dir='ltr'><strong>inveniet</strong></span> <span class='ocrx_word' id='word_1_257' title='bbox 3292 907 3547 971; x_wconf 78' lang='lat' dir='ltr'><strong>Spiritum</strong></span> <span class='ocrx_word' id='word_1_258' title='bbox 3588 924 3715 958; x_wconf 65' lang='lat' dir='ltr'><strong>sa..-</strong></span> 
     </span>
    </p>
   </div>
   <div class='ocr_carea' id='block_1_39' title="bbox 2160 998 3712 1067">
    <p class='ocr_par' dir='ltr' id='par_1_39' title="bbox 2160 998 3712 1067">
     <span class='ocr_line' id='line_1_39' title="bbox 2160 998 3712 1067; baseline -0.003 -16"><span class='ocrx_word' id='word_1_259' title='bbox 2160 1011 2301 1051; x_wconf 77' lang='lat' dir='ltr'><strong>t‘ltltll</strong></span> <span class='ocrx_word' id='word_1_260' title='bbox 2337 1002 2608 1067; x_wconf 78' lang='lat' dir='ltr'><strong>proprium</strong></span> <span class='ocrx_word' id='word_1_261' title='bbox 2644 1015 2761 1051; x_wconf 70' lang='lat' dir='ltr'><strong>cs~e</strong></span> <span class='ocrx_word' id='word_1_262' title='bbox 2788 999 2903 1050; x_wconf 69' lang='lat' dir='ltr'><strong>Filii</strong></span> <span class='ocrx_word' id='word_1_263' title='bbox 2930 1000 3124 1049; x_wconf 79' lang='lat' dir='ltr'><strong>dicere.</strong></span> <span class='ocrx_word' id='word_1_264' title='bbox 3160 1008 3212 1049; x_wconf 91' lang='lat' dir='ltr'><strong>ut</strong></span> <span class='ocrx_word' id='word_1_265' title='bbox 3244 998 3329 1065; x_wconf 62' lang='lat' dir='ltr'><strong>qui</strong></span> <span class='ocrx_word' id='word_1_266' title='bbox 3367 1015 3427 1049; x_wconf 69' lang='lat' dir='ltr'><strong>ex</strong></span> <span class='ocrx_word' id='word_1_267' title='bbox 3467 1000 3581 1065; x_wconf 70' lang='grc' dir='ltr'>ιιιςιι</span> <span class='ocrx_word' id='word_1_268' title='bbox 3624 1001 3712 1053; x_wconf 76' lang='lat' dir='ltr'><strong>sit,</strong></span> 
     </span>
    </p>
   </div>
   <div class='ocr_carea' id='block_1_40' title="bbox 2160 1088 3717 1153">
    <p class='ocr_par' dir='ltr' id='par_1_40' title="bbox 2160 1088 3717 1153">
     <span class='ocr_line' id='line_1_40' title="bbox 2160 1088 3717 1153; baseline -0.001 -15"><span class='ocrx_word' id='word_1_269' title='bbox 2160 1098 2208 1138; x_wconf 83' lang='lat' dir='ltr'><strong>et</strong></span> <span class='ocrx_word' id='word_1_270' title='bbox 2246 1090 2367 1153; x_wconf 74' lang='lat' dir='ltr'><strong>quia</strong></span> <span class='ocrx_word' id='word_1_271' title='bbox 2399 1090 2535 1139; x_wconf 85' lang='lat' dir='ltr'><strong>idem</strong></span> <span class='ocrx_word' id='word_1_272' title='bbox 2578 1098 2677 1145; x_wconf 81' lang='lat' dir='ltr'><strong>est,</strong></span> <span class='ocrx_word' id='word_1_273' title='bbox 2713 1088 2969 1153; x_wconf 85' lang='lat' dir='ltr'><strong>Spiritum</strong></span> <span class='ocrx_word' id='word_1_274' title='bbox 3014 1098 3257 1140; x_wconf 76' lang='lat' dir='ltr'><strong>sanetum</strong></span> <span class='ocrx_word' id='word_1_275' title='bbox 3302 1088 3562 1152; x_wconf 69' lang='lat' dir='ltr'><strong>Spiritum</strong></span> <span class='ocrx_word' id='word_1_276' title='bbox 3598 1104 3717 1143; x_wconf 63' lang='lat' dir='ltr'><strong>esse.</strong></span> 
     </span>
    </p>
   </div>
   <div class='ocr_carea' id='block_1_41' title="bbox 2161 1178 3717 1245">
    <p class='ocr_par' dir='ltr' id='par_1_41' title="bbox 2161 1178 3717 1245">
     <span class='ocr_line' id='line_1_41' title="bbox 2161 1178 3717 1245; baseline 0.001 -16"><span class='ocrx_word' id='word_1_277' title='bbox 2161 1178 2277 1230; x_wconf 74' lang='lat' dir='ltr'><strong>Fdii</strong></span> <span class='ocrx_word' id='word_1_278' title='bbox 2331 1180 2529 1240; x_wconf 74' lang='lat' dir='ltr'><strong>dicere,</strong></span> <span class='ocrx_word' id='word_1_279' title='bbox 2583 1190 2633 1230; x_wconf 90' lang='lat' dir='ltr'><strong>et</strong></span> <span class='ocrx_word' id='word_1_280' title='bbox 2692 1180 2964 1244; x_wconf 77' lang='lat' dir='ltr'><strong>proprium</strong></span> <span class='ocrx_word' id='word_1_281' title='bbox 3023 1180 3190 1243; x_wconf 69' lang='lat' dir='ltr'><strong>ipsius</strong></span> <span class='ocrx_word' id='word_1_282' title='bbox 3245 1195 3365 1229; x_wconf 58' lang='lat' dir='ltr'><strong>este</strong></span> <span class='ocrx_word' id='word_1_283' title='bbox 3406 1198 3418 1239; x_wconf 83' lang='grc'>;</span> <span class='ocrx_word' id='word_1_284' title='bbox 3456 1178 3717 1245; x_wconf 63' lang='grc' dir='ltr'>ςψὶοᾱειιιιι</span> 
     </span>
    </p>
   </div>
   <div class='ocr_carea' id='block_1_42' title="bbox 2162 1270 3716 1335">
    <p class='ocr_par' dir='ltr' id='par_1_42' title="bbox 2162 1270 3716 1335">
     <span class='ocr_line' id='line_1_42' title="bbox 2162 1270 3716 1335; baseline -0.001 -15"><span class='ocrx_word' id='word_1_285' title='bbox 2162 1281 2337 1322; x_wconf 77' lang='lat' dir='ltr'><strong>autem</strong></span> <span class='ocrx_word' id='word_1_286' title='bbox 2403 1271 2520 1323; x_wconf 80' lang='lat' dir='ltr'><strong>Filii</strong></span> <span class='ocrx_word' id='word_1_287' title='bbox 2582 1272 2802 1321; x_wconf 77' lang='lat' dir='ltr'><strong>relative</strong></span> <span class='ocrx_word' id='word_1_288' title='bbox 2835 1270 2935 1321; x_wconf 90' lang='lat' dir='ltr'><strong>dici</strong></span> <span class='ocrx_word' id='word_1_289' title='bbox 2970 1309 2983 1330; x_wconf 95' lang='lat'><strong>,</strong></span> <span class='ocrx_word' id='word_1_290' title='bbox 3011 1285 3170 1335; x_wconf 89' lang='lat' dir='ltr'><strong>supra</strong></span> <span class='ocrx_word' id='word_1_291' title='bbox 3224 1281 3581 1321; x_wconf 66' lang='lat' dir='ltr'><strong>tltOltSll‘nittitt</strong></span> <span class='ocrx_word' id='word_1_292' title='bbox 3614 1280 3716 1328; x_wconf 48' lang='lat' dir='ltr'><strong>est;</strong></span> 
     </span>
    </p>
   </div>
   <div class='ocr_carea' id='block_1_43' title="bbox 2162 1358 3717 1426">
    <p class='ocr_par' dir='ltr' id='par_1_43' title="bbox 2162 1358 3717 1426">
     <span class='ocr_line' id='line_1_43' title="bbox 2162 1358 3717 1426; baseline -0.003 -14"><span class='ocrx_word' id='word_1_293' title='bbox 2162 1361 2325 1412; x_wconf 81' lang='lat' dir='ltr'><strong>sedet</strong></span> <span class='ocrx_word' id='word_1_294' title='bbox 2374 1374 2599 1426; x_wconf 78' lang='lat' dir='ltr'><strong>magnus</strong></span> <span class='ocrx_word' id='word_1_295' title='bbox 2662 1358 2888 1410; x_wconf 75' lang='lat' dir='ltr'><strong>Basilius</strong></span> <span class='ocrx_word' id='word_1_296' title='bbox 2950 1358 3199 1411; x_wconf 58' lang='lat' dir='ltr'><strong>sumi-ere</strong></span> <span class='ocrx_word' id='word_1_297' title='bbox 3268 1359 3339 1410; x_wconf 85' lang='lat' dir='ltr'><strong>ait</strong></span> <span class='ocrx_word' id='word_1_298' title='bbox 3398 1369 3448 1409; x_wconf 85' lang='lat' dir='ltr'><strong>et</strong></span> <span class='ocrx_word' id='word_1_299' title='bbox 3513 1360 3611 1408; x_wconf 43' lang='lat' dir='ltr'><strong>hoc</strong></span> <span class='ocrx_word' id='word_1_300' title='bbox 3656 1361 3717 1413; x_wconf 87' lang='lat' dir='ltr'><strong>ad</strong></span> 
     </span>
    </p>
   </div>
   <div class='ocr_carea' id='block_1_44' title="bbox 2161 1448 3719 1515">
    <p class='ocr_par' dir='ltr' id='par_1_44' title="bbox 2161 1448 3719 1515">
     <span class='ocr_line' id='line_1_44' title="bbox 2161 1448 3719 1515; baseline -0.001 -18"><span class='ocrx_word' id='word_1_301' title='bbox 2161 1448 2278 1515; x_wconf 89' lang='lat' dir='ltr'><strong>ejus</strong></span> <span class='ocrx_word' id='word_1_302' title='bbox 2345 1448 2696 1501; x_wconf 84' lang='lat' dir='ltr'><strong>substantiam</strong></span> <span class='ocrx_word' id='word_1_303' title='bbox 2767 1448 3185 1507; x_wconf 83' lang='lat' dir='ltr'><strong>insinuatnlun,</strong></span> <span class='ocrx_word' id='word_1_304' title='bbox 3262 1448 3396 1499; x_wconf 89' lang='lat' dir='ltr'><strong>sicut</strong></span> <span class='ocrx_word' id='word_1_305' title='bbox 3456 1459 3509 1500; x_wconf 89' lang='lat' dir='ltr'><strong>et</strong></span> <span class='ocrx_word' id='word_1_306' title='bbox 3578 1449 3719 1514; x_wconf 82' lang='lat' dir='ltr'><strong>quod</strong></span> 
     </span>
    </p>
   </div>
   <div class='ocr_carea' id='block_1_45' title="bbox 2162 1536 3721 1604">
    <p class='ocr_par' dir='ltr' id='par_1_45' title="bbox 2162 1536 3721 1604">
     <span class='ocr_line' id='line_1_45' title="bbox 2162 1536 3721 1604; baseline -0.001 -15"><span class='ocrx_word' id='word_1_307' title='bbox 2162 1553 2221 1589; x_wconf 72' lang='lat' dir='ltr'><strong>ex</strong></span> <span class='ocrx_word' id='word_1_308' title='bbox 2278 1538 2382 1590; x_wconf 83' lang='lat' dir='ltr'><strong>Deo</strong></span> <span class='ocrx_word' id='word_1_309' title='bbox 2411 1554 2526 1593; x_wconf 76' lang='lat' dir='ltr'><strong>ess:</strong></span> <span class='ocrx_word' id='word_1_310' title='bbox 2565 1539 2802 1601; x_wconf 83' lang='lat' dir='ltr'><strong>dicitur;</strong></span> <span class='ocrx_word' id='word_1_311' title='bbox 2855 1537 3193 1604; x_wconf 81' lang='lat' dir='ltr'><strong>Spiritusquc</strong></span> <span class='ocrx_word' id='word_1_312' title='bbox 3250 1538 3313 1590; x_wconf 84' lang='lat' dir='ltr'><strong>atl</strong></span> <span class='ocrx_word' id='word_1_313' title='bbox 3364 1536 3557 1589; x_wconf 72' lang='lat' dir='ltr'><strong>Filium</strong></span> <span class='ocrx_word' id='word_1_314' title='bbox 3594 1554 3721 1604; x_wconf 83' lang='lat' dir='ltr'><strong>pto-</strong></span> 
     </span>
    </p>
   </div>
   <div class='ocr_carea' id='block_1_46' title="bbox 2165 1626 3720 1698">
    <p class='ocr_par' dir='ltr' id='par_1_46' title="bbox 2165 1626 3720 1698">
     <span class='ocr_line' id='line_1_46' title="bbox 2165 1626 3720 1698; baseline -0.004 -17"><span class='ocrx_word' id='word_1_315' title='bbox 2165 1633 2481 1698; x_wconf 89' lang='lat' dir='ltr'><strong>prietatem.</strong></span> <span class='ocrx_word' id='word_1_316' title='bbox 2536 1644 2599 1680; x_wconf 76' lang='lat' dir='ltr'><strong>ex</strong></span> <span class='ocrx_word' id='word_1_317' title='bbox 2658 1644 2722 1682; x_wconf 87' lang='lat' dir='ltr'><strong>eo</strong></span> <span class='ocrx_word' id='word_1_318' title='bbox 2787 1628 2930 1695; x_wconf 90' lang='lat' dir='ltr'><strong>quod</strong></span> <span class='ocrx_word' id='word_1_319' title='bbox 2996 1626 3234 1695; x_wconf 80' lang='lat' dir='ltr'><strong>Spiritus</strong></span> <span class='ocrx_word' id='word_1_320' title='bbox 3311 1627 3427 1678; x_wconf 86' lang='lat' dir='ltr'><strong>Filii</strong></span> <span class='ocrx_word' id='word_1_321' title='bbox 3489 1629 3720 1682; x_wconf 84' lang='lat' dir='ltr'><strong>dicatur.</strong></span> 
     </span>
    </p>
   </div>
   <div class='ocr_carea' id='block_1_47' title="bbox 2166 1719 3712 1787">
    <p class='ocr_par' dir='ltr' id='par_1_47' title="bbox 2166 1719 3712 1787">
     <span class='ocr_line' id='line_1_47' title="bbox 2166 1719 3712 1787; baseline -0.001 -18"><span class='ocrx_word' id='word_1_322' title='bbox 2166 1720 2435 1787; x_wconf 73' lang='lat' dir='ltr'><strong>intelligit,</strong></span> <span class='ocrx_word' id='word_1_323' title='bbox 2472 1719 2612 1771; x_wconf 85' lang='lat' dir='ltr'><strong>sicut</strong></span> <span class='ocrx_word' id='word_1_324' title='bbox 2646 1719 2706 1771; x_wconf 87' lang='lat' dir='ltr'><strong>ad</strong></span> <span class='ocrx_word' id='word_1_325' title='bbox 2758 1719 2967 1772; x_wconf 84' lang='lat' dir='ltr'><strong>Patrem</strong></span> <span class='ocrx_word' id='word_1_326' title='bbox 3008 1734 3248 1786; x_wconf 86' lang='lat' dir='ltr'><strong>quoque,</strong></span> <span class='ocrx_word' id='word_1_327' title='bbox 3290 1719 3545 1783; x_wconf 87' lang='lat' dir='ltr'><strong>quoniam</strong></span> <span class='ocrx_word' id='word_1_328' title='bbox 3599 1734 3712 1782; x_wconf 64' lang='lat' dir='ltr'><strong>pro-</strong></span> 
     </span>
    </p>
   </div>
   <div class='ocr_carea' id='block_1_48' title="bbox 2167 1806 3725 1877">
    <p class='ocr_par' dir='ltr' id='par_1_48' title="bbox 2167 1806 3725 1877">
     <span class='ocr_line' id='line_1_48' title="bbox 2167 1806 3725 1877; baseline -0.005 -14"><span class='ocrx_word' id='word_1_329' title='bbox 2167 1810 2309 1863; x_wconf 85' lang='lat' dir='ltr'><strong>Cedit</strong></span> <span class='ocrx_word' id='word_1_330' title='bbox 2391 1825 2454 1862; x_wconf 76' lang='lat' dir='ltr'><strong>ex</strong></span> <span class='ocrx_word' id='word_1_331' title='bbox 2493 1808 2673 1861; x_wconf 84' lang='lat' dir='ltr'><strong>Patre.</strong></span> <span class='ocrx_word' id='word_1_332' title='bbox 2757 1808 3141 1877; x_wconf 85' lang='lat' dir='ltr'><strong>Proprietatetn</strong></span> <span class='ocrx_word' id='word_1_333' title='bbox 3206 1807 3346 1859; x_wconf 84' lang='lat' dir='ltr'><strong>enim</strong></span> <span class='ocrx_word' id='word_1_334' title='bbox 3409 1808 3458 1858; x_wconf 93' lang='lat' dir='ltr'><strong>in</strong></span> <span class='ocrx_word' id='word_1_335' title='bbox 3530 1806 3725 1875; x_wconf 71' lang='lat' dir='ltr'><strong>tlit‘inis</strong></span> 
     </span>
    </p>
   </div>
   <div class='ocr_carea' id='block_1_49' title="bbox 2172 1897 3726 1967">
    <p class='ocr_par' dir='ltr' id='par_1_49' title="bbox 2172 1897 3726 1967">
     <span class='ocr_line' id='line_1_49' title="bbox 2172 1897 3726 1967; baseline -0.002 -20"><span class='ocrx_word' id='word_1_336' title='bbox 2172 1899 2414 1967; x_wconf 81' lang='lat' dir='ltr'><strong>personis</strong></span> <span class='ocrx_word' id='word_1_337' title='bbox 2468 1897 2632 1951; x_wconf 75' lang='lat' dir='ltr'><strong>veluti</strong></span> <span class='ocrx_word' id='word_1_338' title='bbox 2661 1912 2835 1951; x_wconf 80' lang='lat' dir='ltr'><strong>cause</strong></span> <span class='ocrx_word' id='word_1_339' title='bbox 2892 1908 2945 1950; x_wconf 83' lang='lat' dir='ltr'><strong>et</strong></span> <span class='ocrx_word' id='word_1_340' title='bbox 3005 1899 3235 1951; x_wconf 78' lang='lat' dir='ltr'><strong>causalis</strong></span> <span class='ocrx_word' id='word_1_341' title='bbox 3288 1900 3726 1951; x_wconf 78' lang='lat' dir='ltr'><strong>Communinnem</strong></span> 
     </span>
    </p>
   </div>
   <div class='ocr_carea' id='block_1_50' title="bbox 2171 1988 3729 2057">
    <p class='ocr_par' dir='ltr' id='par_1_50' title="bbox 2171 1988 3729 2057">
     <span class='ocr_line' id='line_1_50' title="bbox 2171 1988 3729 2057; baseline -0.003 -16"><span class='ocrx_word' id='word_1_342' title='bbox 2171 1990 2339 2057; x_wconf 80' lang='lat' dir='ltr'><strong>accipi</strong></span> <span class='ocrx_word' id='word_1_343' title='bbox 2376 1990 2487 2041; x_wconf 78' lang='lat' dir='ltr'><strong>vult</strong></span> <span class='ocrx_word' id='word_1_344' title='bbox 2522 2008 2534 2041; x_wconf 90' lang='lat'>:</span> <span class='ocrx_word' id='word_1_345' title='bbox 2571 1990 2659 2055; x_wconf 87' lang='lat' dir='ltr'><strong>qui</strong></span> <span class='ocrx_word' id='word_1_346' title='bbox 2696 1998 2749 2041; x_wconf 90' lang='lat' dir='ltr'><strong>et</strong></span> <span class='ocrx_word' id='word_1_347' title='bbox 2798 1988 2862 2040; x_wconf 90' lang='lat' dir='ltr'><strong>ad</strong></span> <span class='ocrx_word' id='word_1_348' title='bbox 2896 1988 3332 2056; x_wconf 82' lang='lat' dir='ltr'><strong>Amphilochium</strong></span> <span class='ocrx_word' id='word_1_349' title='bbox 3389 1988 3628 2041; x_wconf 54' lang='lat' dir='ltr'><strong>scribens</strong></span> <span class='ocrx_word' id='word_1_350' title='bbox 3664 1988 3729 2043; x_wconf 65' lang='lat' dir='ltr'><strong>de.</strong></span> 
     </span>
    </p>
   </div>
   <div class='ocr_carea' id='block_1_51' title="bbox 2171 2078 3729 2149">
    <p class='ocr_par' dir='ltr' id='par_1_51' title="bbox 2171 2078 3729 2149">
     <span class='ocr_line' id='line_1_51' title="bbox 2171 2078 3729 2149; baseline -0.006 -15"><span class='ocrx_word' id='word_1_351' title='bbox 2171 2090 2361 2134; x_wconf 89' lang='lat' dir='ltr'><strong>saneto</strong></span> <span class='ocrx_word' id='word_1_352' title='bbox 2431 2079 2630 2149; x_wconf 72' lang='lat' dir='ltr'><strong>Spiritu</strong></span> <span class='ocrx_word' id='word_1_353' title='bbox 2704 2078 2861 2140; x_wconf 69' lang='lat' dir='ltr'><strong>dixit,</strong></span> <span class='ocrx_word' id='word_1_354' title='bbox 2915 2095 3020 2130; x_wconf 89' lang='lat' dir='ltr'><strong>non</strong></span> <span class='ocrx_word' id='word_1_355' title='bbox 3087 2078 3212 2131; x_wconf 87' lang='lat' dir='ltr'><strong>hinc</strong></span> <span class='ocrx_word' id='word_1_356' title='bbox 3281 2078 3454 2129; x_wconf 88' lang='lat' dir='ltr'><strong>solutn</strong></span> <span class='ocrx_word' id='word_1_357' title='bbox 3527 2090 3729 2132; x_wconf 58' lang='lat' dir='ltr'><strong>natura».</strong></span> 
     </span>
    </p>
   </div>
   <div class='ocr_carea' id='block_1_52' title="bbox 2172 2173 3728 2238">
    <p class='ocr_par' dir='ltr' id='par_1_52' title="bbox 2172 2173 3728 2238">
     <span class='ocr_line' id='line_1_52' title="bbox 2172 2173 3728 2238; baseline -0.004 -10"><span class='ocrx_word' id='word_1_358' title='bbox 2172 2178 2605 2229; x_wconf 80' lang='lat' dir='ltr'><strong>communionem</strong></span> <span class='ocrx_word' id='word_1_359' title='bbox 2665 2174 3063 2234; x_wconf 87' lang='lat' dir='ltr'><strong>demonstrari.</strong></span> <span class='ocrx_word' id='word_1_360' title='bbox 3114 2173 3206 2226; x_wconf 91' lang='lat' dir='ltr'><strong>sed</strong></span> <span class='ocrx_word' id='word_1_361' title='bbox 3265 2174 3519 2238; x_wconf 88' lang='lat' dir='ltr'><strong>quoniam</strong></span> <span class='ocrx_word' id='word_1_362' title='bbox 3568 2176 3728 2223; x_wconf 66' lang='lat' dir='ltr'><strong>etiam</strong></span> 
     </span>
    </p>
   </div>
   <div class='ocr_carea' id='block_1_53' title="bbox 2172 2264 3733 2329">
    <p class='ocr_par' dir='ltr' id='par_1_53' title="bbox 2172 2264 3733 2329">
     <span class='ocr_line' id='line_1_53' title="bbox 2172 2264 3733 2329; baseline -0.003 -9"><span class='ocrx_word' id='word_1_363' title='bbox 2172 2284 2235 2320; x_wconf 78' lang='lat' dir='ltr'><strong>ex</strong></span> <span class='ocrx_word' id='word_1_364' title='bbox 2298 2267 2403 2319; x_wconf 91' lang='lat' dir='ltr'><strong>Deo</strong></span> <span class='ocrx_word' id='word_1_365' title='bbox 2462 2281 2581 2319; x_wconf 88' lang='lat' dir='ltr'><strong>esse</strong></span> <span class='ocrx_word' id='word_1_366' title='bbox 2632 2266 2860 2329; x_wconf 90' lang='lat' dir='ltr'><strong>dicitur,</strong></span> <span class='ocrx_word' id='word_1_367' title='bbox 2919 2264 3267 2319; x_wconf 82' lang='lat' dir='ltr'><strong>manifestum</strong></span> <span class='ocrx_word' id='word_1_368' title='bbox 3313 2277 3438 2322; x_wconf 74' lang='lat' dir='ltr'><strong>est,</strong></span> <span class='ocrx_word' id='word_1_369' title='bbox 3503 2266 3627 2329; x_wconf 61' lang='lat' dir='ltr'><strong>quia</strong></span> <span class='ocrx_word' id='word_1_370' title='bbox 3681 2274 3733 2316; x_wconf 77' lang='lat' dir='ltr'><strong>et</strong></span> 
     </span>
    </p>
   </div>
   <div class='ocr_carea' id='block_1_54' title="bbox 2172 2354 3734 2425">
    <p class='ocr_par' dir='ltr' id='par_1_54' title="bbox 2172 2354 3734 2425">
     <span class='ocr_line' id='line_1_54' title="bbox 2172 2354 3734 2425; baseline -0.001 -18"><span class='ocrx_word' id='word_1_371' title='bbox 2172 2358 2315 2425; x_wconf 89' lang='lat' dir='ltr'><strong>quod</strong></span> <span class='ocrx_word' id='word_1_372' title='bbox 2394 2358 2592 2410; x_wconf 91' lang='lat' dir='ltr'><strong>dicitur</strong></span> <span class='ocrx_word' id='word_1_373' title='bbox 2652 2356 2884 2425; x_wconf 90' lang='lat' dir='ltr'><strong>Spiritus</strong></span> <span class='ocrx_word' id='word_1_374' title='bbox 2954 2359 3205 2424; x_wconf 89' lang='lat' dir='ltr'><strong>proprius</strong></span> <span class='ocrx_word' id='word_1_375' title='bbox 3258 2354 3402 2415; x_wconf 86' lang='lat' dir='ltr'><strong>Filii,</strong></span> <span class='ocrx_word' id='word_1_376' title='bbox 3462 2356 3569 2407; x_wconf 88' lang='lat' dir='ltr'><strong>ha-c</strong></span> <span class='ocrx_word' id='word_1_377' title='bbox 3620 2371 3734 2405; x_wconf 75' lang='lat' dir='ltr'><strong>om~</strong></span> 
     </span>
    </p>
   </div>
   <div class='ocr_carea' id='block_1_55' title="bbox 2173 2447 3731 2516">
    <p class='ocr_par' dir='ltr' id='par_1_55' title="bbox 2173 2447 3731 2516">
     <span class='ocr_line' id='line_1_55' title="bbox 2173 2447 3731 2516; baseline -0.004 -14"><span class='ocrx_word' id='word_1_378' title='bbox 2173 2450 2263 2503; x_wconf 89' lang='lat' dir='ltr'><strong>nia</strong></span> <span class='ocrx_word' id='word_1_379' title='bbox 2321 2449 2453 2511; x_wconf 85' lang='lat' dir='ltr'><strong>vult;</strong></span> <span class='ocrx_word' id='word_1_380' title='bbox 2503 2448 2627 2516; x_wconf 86' lang='lat' dir='ltr'><strong>quia</strong></span> <span class='ocrx_word' id='word_1_381' title='bbox 2678 2452 2820 2501; x_wconf 88' lang='lat' dir='ltr'><strong>enim</strong></span> <span class='ocrx_word' id='word_1_382' title='bbox 2884 2448 2935 2500; x_wconf 89' lang='lat' dir='ltr'><strong>itt</strong></span> <span class='ocrx_word' id='word_1_383' title='bbox 2992 2448 3189 2499; x_wconf 85' lang='lat' dir='ltr'><strong>divinis</strong></span> <span class='ocrx_word' id='word_1_384' title='bbox 3248 2447 3533 2514; x_wconf 84' lang='lat' dir='ltr'><strong>personis,</strong></span> <span class='ocrx_word' id='word_1_385' title='bbox 3586 2447 3731 2513; x_wconf 77' lang='lat' dir='ltr'><strong>quod</strong></span> 
     </span>
    </p>
   </div>
   <div class='ocr_carea' id='block_1_56' title="bbox 2174 2537 3730 2607">
    <p class='ocr_par' dir='ltr' id='par_1_56' title="bbox 2174 2537 3730 2607">
     <span class='ocr_line' id='line_1_56' title="bbox 2174 2537 3730 2607; baseline -0.004 -14"><span class='ocrx_word' id='word_1_386' title='bbox 2174 2542 2373 2595; x_wconf 87' lang='lat' dir='ltr'><strong>dicitttr</strong></span> <span class='ocrx_word' id='word_1_387' title='bbox 2431 2541 2529 2593; x_wconf 89' lang='lat' dir='ltr'><strong>hoc</strong></span> <span class='ocrx_word' id='word_1_388' title='bbox 2580 2540 2760 2607; x_wconf 76' lang='lat' dir='ltr'><strong>huius,</strong></span> <span class='ocrx_word' id='word_1_389' title='bbox 2812 2540 3198 2607; x_wconf 76' lang='lat' dir='ltr'><strong>prepriumque</strong></span> <span class='ocrx_word' id='word_1_390' title='bbox 3246 2539 3349 2590; x_wconf 89' lang='lat' dir='ltr'><strong>hoc</strong></span> <span class='ocrx_word' id='word_1_391' title='bbox 3382 2537 3541 2605; x_wconf 85' lang='lat' dir='ltr'><strong>hujus</strong></span> <span class='ocrx_word' id='word_1_392' title='bbox 3589 2552 3730 2595; x_wconf 48' lang='lat' dir='ltr'><strong>esse,</strong></span> 
     </span>
    </p>
   </div>
   <div class='ocr_carea' id='block_1_57' title="bbox 2176 2629 3734 2696">
    <p class='ocr_par' dir='ltr' id='par_1_57' title="bbox 2176 2629 3734 2696">
     <span class='ocr_line' id='line_1_57' title="bbox 2176 2629 3734 2696; baseline -0.004 -11"><span class='ocrx_word' id='word_1_393' title='bbox 2176 2642 2377 2686; x_wconf 88' lang='lat' dir='ltr'><strong>remota</strong></span> <span class='ocrx_word' id='word_1_394' title='bbox 2405 2633 2623 2684; x_wconf 88' lang='lat' dir='ltr'><strong>materia</strong></span> <span class='ocrx_word' id='word_1_395' title='bbox 2644 2632 3000 2696; x_wconf 83' lang='lat' dir='ltr'><strong>omnibusque</strong></span> <span class='ocrx_word' id='word_1_396' title='bbox 3022 2630 3166 2682; x_wconf 91' lang='lat' dir='ltr'><strong>illam</strong></span> <span class='ocrx_word' id='word_1_397' title='bbox 3198 2645 3226 2681; x_wconf 92' lang='lat' dir='ltr'><strong>e</strong></span> <span class='ocrx_word' id='word_1_398' title='bbox 3247 2629 3473 2696; x_wconf 72' lang='lat' dir='ltr'><strong>vestigio</strong></span> <span class='ocrx_word' id='word_1_399' title='bbox 3502 2642 3734 2695; x_wconf 77' lang='lat' dir='ltr'><strong>sequen—</strong></span> 
     </span>
    </p>
   </div>
   <div class='ocr_carea' id='block_1_58' title="bbox 2178 2721 3736 2792">
    <p class='ocr_par' dir='ltr' id='par_1_58' title="bbox 2178 2721 3736 2792">
     <span class='ocr_line' id='line_1_58' title="bbox 2178 2721 3736 2792; baseline -0.004 -14"><span class='ocrx_word' id='word_1_400' title='bbox 2178 2726 2342 2787; x_wconf 89' lang='lat' dir='ltr'><strong>tibus,</strong></span> <span class='ocrx_word' id='word_1_401' title='bbox 2362 2739 2533 2792; x_wconf 89' lang='lat' dir='ltr'><strong>neque</strong></span> <span class='ocrx_word' id='word_1_402' title='bbox 2554 2732 2611 2776; x_wconf 92' lang='lat' dir='ltr'><strong>ut</strong></span> <span class='ocrx_word' id='word_1_403' title='bbox 2632 2723 2955 2789; x_wconf 78' lang='lat' dir='ltr'><strong>membrum,</strong></span> <span class='ocrx_word' id='word_1_404' title='bbox 2974 2736 3144 2790; x_wconf 86' lang='lat' dir='ltr'><strong>neque</strong></span> <span class='ocrx_word' id='word_1_405' title='bbox 3166 2731 3221 2773; x_wconf 89' lang='lat' dir='ltr'><strong>ut</strong></span> <span class='ocrx_word' id='word_1_406' title='bbox 3248 2721 3539 2789; x_wconf 72' lang='lat' dir='ltr'><strong>possessio,</strong></span> <span class='ocrx_word' id='word_1_407' title='bbox 3563 2735 3736 2787; x_wconf 85' lang='lat' dir='ltr'><strong>neque</strong></span> 
     </span>
    </p>
   </div>
   <div class='ocr_carea' id='block_1_59' title="bbox 2129 2811 3738 2878">
    <p class='ocr_par' dir='ltr' id='par_1_59' title="bbox 2129 2811 3738 2878">
     <span class='ocr_line' id='line_1_59' title="bbox 2129 2811 3738 2878; baseline -0.006 -8"><span class='ocrx_word' id='word_1_408' title='bbox 2129 2870 2134 2874; x_wconf 78' lang='grc'><em>,</em></span> <span class='ocrx_word' id='word_1_409' title='bbox 2180 2815 2476 2870; x_wconf 88' lang='lat' dir='ltr'><strong>secundum</strong></span> <span class='ocrx_word' id='word_1_410' title='bbox 2528 2815 2689 2867; x_wconf 88' lang='lat' dir='ltr'><strong>ullam</strong></span> <span class='ocrx_word' id='word_1_411' title='bbox 2744 2814 3141 2877; x_wconf 75' lang='lat' dir='ltr'><strong>excellentiam,</strong></span> <span class='ocrx_word' id='word_1_412' title='bbox 3194 2821 3359 2878; x_wconf 68' lang='lat' dir='ltr'><strong>atiue</strong></span> <span class='ocrx_word' id='word_1_413' title='bbox 3425 2811 3738 2877; x_wconf 85' lang='lat' dir='ltr'><strong>Itujusmodi</strong></span> 
     </span>
    </p>
   </div>
   <div class='ocr_carea' id='block_1_60' title="bbox 2177 2903 3734 2973">
    <p class='ocr_par' dir='ltr' id='par_1_60' title="bbox 2177 2903 3734 2973">
     <span class='ocr_line' id='line_1_60' title="bbox 2177 2903 3734 2973; baseline -0.006 -16"><span class='ocrx_word' id='word_1_414' title='bbox 2177 2906 2556 2973; x_wconf 88' lang='lat' dir='ltr'><strong>proprietatem</strong></span> <span class='ocrx_word' id='word_1_415' title='bbox 2667 2904 2909 2968; x_wconf 89' lang='lat' dir='ltr'><strong>dicitur,</strong></span> <span class='ocrx_word' id='word_1_416' title='bbox 2974 2903 3148 2955; x_wconf 89' lang='lat' dir='ltr'><strong>solum</strong></span> <span class='ocrx_word' id='word_1_417' title='bbox 3241 2916 3367 2953; x_wconf 85' lang='lat' dir='ltr'><strong>vero</strong></span> <span class='ocrx_word' id='word_1_418' title='bbox 3437 2903 3734 2953; x_wconf 78' lang='lat' dir='ltr'><strong>SCt‘lttttlttm</strong></span> 
     </span>
    </p>
   </div>
   <div class='ocr_carea' id='block_1_61' title="bbox 2178 2990 3742 3060">
    <p class='ocr_par' dir='ltr' id='par_1_61' title="bbox 2178 2990 3742 3060">
     <span class='ocr_line' id='line_1_61' title="bbox 2178 2990 3742 3060; baseline -0.005 -13"><span class='ocrx_word' id='word_1_419' title='bbox 2178 3010 2395 3047; x_wconf 85' lang='lat' dir='ltr'><strong>causam</strong></span> <span class='ocrx_word' id='word_1_420' title='bbox 2453 3004 2505 3047; x_wconf 90' lang='lat' dir='ltr'><strong>et</strong></span> <span class='ocrx_word' id='word_1_421' title='bbox 2556 2994 2792 3055; x_wconf 85' lang='lat' dir='ltr'><strong>causale;</strong></span> <span class='ocrx_word' id='word_1_422' title='bbox 2865 3006 2973 3060; x_wconf 93' lang='lat' dir='ltr'><strong>quo</strong></span> <span class='ocrx_word' id='word_1_423' title='bbox 3033 2993 3147 3044; x_wconf 67' lang='lat' dir='ltr'><strong>Solo</strong></span> <span class='ocrx_word' id='word_1_424' title='bbox 3193 2991 3417 3043; x_wconf 89' lang='lat' dir='ltr'><strong>alterum</strong></span> <span class='ocrx_word' id='word_1_425' title='bbox 3478 2990 3543 3041; x_wconf 88' lang='lat' dir='ltr'><strong>ab</strong></span> <span class='ocrx_word' id='word_1_426' title='bbox 3573 2990 3742 3041; x_wconf 69' lang='lat' dir='ltr'><strong>alti-ro</strong></span> 
     </span>
    </p>
   </div>
   <div class='ocr_carea' id='block_1_62' title="bbox 2178 3082 3741 3153">
    <p class='ocr_par' dir='ltr' id='par_1_62' title="bbox 2178 3082 3741 3153">
     <span class='ocr_line' id='line_1_62' title="bbox 2178 3082 3741 3153; baseline -0.006 -14"><span class='ocrx_word' id='word_1_427' title='bbox 2178 3086 2437 3153; x_wconf 78' lang='lat' dir='ltr'><strong>distingui</strong></span> <span class='ocrx_word' id='word_1_428' title='bbox 2513 3099 2573 3140; x_wconf 87' lang='lat' dir='ltr'><strong>ac</strong></span> <span class='ocrx_word' id='word_1_429' title='bbox 2642 3083 2873 3136; x_wconf 88' lang='lat' dir='ltr'><strong>discerni</strong></span> <span class='ocrx_word' id='word_1_430' title='bbox 2956 3082 3437 3150; x_wconf 82' lang='lat' dir='ltr'><strong>deprehendimus,</strong></span> <span class='ocrx_word' id='word_1_431' title='bbox 3503 3088 3741 3137; x_wconf 89' lang='lat' dir='ltr'><strong>constat.</strong></span> 
     </span>
    </p>
   </div>
   <div class='ocr_carea' id='block_1_63' title="bbox 517 3169 3742 3262">
    <p class='ocr_par' dir='ltr' id='par_1_63' title="bbox 517 3169 3742 3262">
     <span class='ocr_line' id='line_1_63' title="bbox 517 3169 3742 3262; baseline 0 -42"><span class='ocrx_word' id='word_1_432' title='bbox 517 3169 674 3221; x_wconf 76' lang='lat' dir='ltr'><strong>Patre</strong></span> <span class='ocrx_word' id='word_1_433' title='bbox 738 3173 828 3232; x_wconf 85' lang='lat' dir='ltr'><strong>sit,</strong></span> <span class='ocrx_word' id='word_1_434' title='bbox 877 3172 969 3225; x_wconf 84' lang='lat' dir='ltr'><strong>sed</strong></span> <span class='ocrx_word' id='word_1_435' title='bbox 1009 3176 1135 3241; x_wconf 90' lang='lat' dir='ltr'><strong>quia</strong></span> <span class='ocrx_word' id='word_1_436' title='bbox 1188 3190 1293 3228; x_wconf 80' lang='lat' dir='ltr'><strong>non</strong></span> <span class='ocrx_word' id='word_1_437' title='bbox 1343 3178 1501 3231; x_wconf 78' lang='lat' dir='ltr'><strong>sitex</strong></span> <span class='ocrx_word' id='word_1_438' title='bbox 1557 3178 1709 3234; x_wconf 84' lang='lat' dir='ltr'><strong>Filio.</strong></span> <span class='ocrx_word' id='word_1_439' title='bbox 1776 3182 1830 3236; x_wconf 90' lang='lat' dir='ltr'><strong>Si</strong></span> <span class='ocrx_word' id='word_1_440' title='bbox 1882 3185 2067 3254; x_wconf 80' lang='lat' dir='ltr'><strong>igitur,</strong></span> <span class='ocrx_word' id='word_1_441' title='bbox 2102 3205 2144 3262; x_wconf 69' lang='grc' dir='ltr'>ο</span> <span class='ocrx_word' id='word_1_442' title='bbox 2177 3178 2321 3246; x_wconf 66' lang='lat' dir='ltr'><strong>Quia,</strong></span> <span class='ocrx_word' id='word_1_443' title='bbox 2387 3186 2441 3231; x_wconf 91' lang='lat' dir='ltr'><strong>et</strong></span> <span class='ocrx_word' id='word_1_444' title='bbox 2494 3176 2637 3246; x_wconf 89' lang='lat' dir='ltr'><strong>quod</strong></span> <span class='ocrx_word' id='word_1_445' title='bbox 2700 3176 2895 3229; x_wconf 88' lang='lat' dir='ltr'><strong>dicitur</strong></span> <span class='ocrx_word' id='word_1_446' title='bbox 2948 3176 3225 3243; x_wconf 85' lang='lat' dir='ltr'><strong>proprium</strong></span> <span class='ocrx_word' id='word_1_447' title='bbox 3295 3171 3414 3225; x_wconf 83' lang='lat' dir='ltr'><strong>Filii</strong></span> <span class='ocrx_word' id='word_1_448' title='bbox 3480 3172 3742 3239; x_wconf 83' lang='lat' dir='ltr'><strong>Spiritum</strong></span> 
     </span>
    </p>
   </div>
   <div class='ocr_carea' id='block_1_64' title="bbox 515 3262 2082 3343">
    <p class='ocr_par' dir='ltr' id='par_1_64' title="bbox 515 3262 2082 3343">
     <span class='ocr_line' id='line_1_64' title="bbox 515 3262 2082 3343; baseline 0.011 -32"><span class='ocrx_word' id='word_1_449' title='bbox 515 3274 547 3325; x_wconf 85' lang='lat' dir='ltr'><strong>q</strong></span> <span class='ocrx_word' id='word_1_450' title='bbox 575 3262 969 3315; x_wconf 70' lang='lat' dir='ltr'><strong>zeum-dmodum</strong></span> <span class='ocrx_word' id='word_1_451' title='bbox 998 3264 1272 3331; x_wconf 88' lang='lat' dir='ltr'><strong>proprium</strong></span> <span class='ocrx_word' id='word_1_452' title='bbox 1296 3276 1376 3319; x_wconf 72' lang='lat' dir='ltr'><strong>est</strong></span> <span class='ocrx_word' id='word_1_453' title='bbox 1410 3268 1661 3335; x_wconf 85' lang='lat' dir='ltr'><strong>hominis,</strong></span> <span class='ocrx_word' id='word_1_454' title='bbox 1696 3275 1839 3340; x_wconf 83' lang='lat' dir='ltr'><strong>quod</strong></span> <span class='ocrx_word' id='word_1_455' title='bbox 1876 3292 1939 3327; x_wconf 82' lang='lat' dir='ltr'><strong>ex</strong></span> <span class='ocrx_word' id='word_1_456' title='bbox 1966 3277 2082 3343; x_wconf 80' lang='lat' dir='ltr'><strong>ipso</strong></span> 
     </span>
    </p>
   </div>
   <div class='ocr_carea' id='block_1_65' title="bbox 516 3351 2080 3432">
    <p class='ocr_par' dir='ltr' id='par_1_65' title="bbox 516 3351 2080 3432">
     <span class='ocr_line' id='line_1_65' title="bbox 516 3351 2080 3432; baseline 0.015 -33"><span class='ocrx_word' id='word_1_457' title='bbox 516 3351 812 3403; x_wconf 74' lang='lat' dir='ltr'><strong>secundum</strong></span> <span class='ocrx_word' id='word_1_458' title='bbox 842 3362 1085 3407; x_wconf 89' lang='lat' dir='ltr'><strong>naturam</strong></span> <span class='ocrx_word' id='word_1_459' title='bbox 1108 3366 1291 3409; x_wconf 90' lang='lat' dir='ltr'><strong>natutn</strong></span> <span class='ocrx_word' id='word_1_460' title='bbox 1318 3357 1498 3419; x_wconf 82' lang='lat' dir='ltr'><strong>fuerit,</strong></span> <span class='ocrx_word' id='word_1_461' title='bbox 1520 3360 1589 3413; x_wconf 93' lang='lat' dir='ltr'><strong>ita</strong></span> <span class='ocrx_word' id='word_1_462' title='bbox 1609 3370 1661 3413; x_wconf 86' lang='lat' dir='ltr'><strong>et</strong></span> <span class='ocrx_word' id='word_1_463' title='bbox 1684 3366 1955 3432; x_wconf 88' lang='lat' dir='ltr'><strong>proprium</strong></span> <span class='ocrx_word' id='word_1_464' title='bbox 1989 3366 2080 3422; x_wconf 88' lang='lat' dir='ltr'><strong>Dei</strong></span> 
     </span>
    </p>
   </div>
   <div class='ocr_carea' id='block_1_66' title="bbox 517 3444 2083 3523">
    <p class='ocr_par' dir='ltr' id='par_1_66' title="bbox 517 3444 2083 3523">
     <span class='ocr_line' id='line_1_66' title="bbox 517 3444 2083 3523; baseline 0.014 -32"><span class='ocrx_word' id='word_1_465' title='bbox 517 3450 622 3501; x_wconf 68' lang='lat' dir='ltr'><strong>est,</strong></span> <span class='ocrx_word' id='word_1_466' title='bbox 655 3444 883 3507; x_wconf 78' lang='lat' dir='ltr'><strong>quodex</strong></span> <span class='ocrx_word' id='word_1_467' title='bbox 908 3444 1023 3511; x_wconf 85' lang='lat' dir='ltr'><strong>ejus</strong></span> <span class='ocrx_word' id='word_1_468' title='bbox 1042 3448 1270 3499; x_wconf 80' lang='lat' dir='ltr'><strong>essentia</strong></span> <span class='ocrx_word' id='word_1_469' title='bbox 1294 3458 1405 3513; x_wconf 86' lang='lat' dir='ltr'><strong>est;</strong></span> <span class='ocrx_word' id='word_1_470' title='bbox 1425 3450 1624 3502; x_wconf 88' lang='lat' dir='ltr'><strong>dicitur</strong></span> <span class='ocrx_word' id='word_1_471' title='bbox 1649 3466 1825 3507; x_wconf 84' lang='lat' dir='ltr'><strong>autem</strong></span> <span class='ocrx_word' id='word_1_472' title='bbox 1850 3455 2083 3523; x_wconf 70' lang='lat' dir='ltr'><strong>Spiritus</strong></span> 
     </span>
    </p>
   </div>
   <div class='ocr_carea' id='block_1_67' title="bbox 520 3533 2077 3612">
    <p class='ocr_par' dir='ltr' id='par_1_67' title="bbox 520 3533 2077 3612">
     <span class='ocr_line' id='line_1_67' title="bbox 520 3533 2077 3612; baseline 0.013 -30"><span class='ocrx_word' id='word_1_473' title='bbox 520 3535 765 3599; x_wconf 69' lang='lat' dir='ltr'><strong>proprius</strong></span> <span class='ocrx_word' id='word_1_474' title='bbox 803 3533 1239 3604; x_wconf 88' lang='lat' dir='ltr'><strong>Filii,.quomodo</strong></span> <span class='ocrx_word' id='word_1_475' title='bbox 1269 3555 1374 3591; x_wconf 89' lang='lat' dir='ltr'><strong>non</strong></span> <span class='ocrx_word' id='word_1_476' title='bbox 1423 3542 1539 3593; x_wconf 90' lang='lat' dir='ltr'><strong>ideo</strong></span> <span class='ocrx_word' id='word_1_477' title='bbox 1566 3544 1815 3612; x_wconf 87' lang='lat' dir='ltr'><strong>proprius</strong></span> <span class='ocrx_word' id='word_1_478' title='bbox 1859 3547 2077 3609; x_wconf 88' lang='lat' dir='ltr'><strong>dicitur,</strong></span> 
     </span>
    </p>
   </div>
   <div class='ocr_carea' id='block_1_68' title="bbox 520 3627 2081 3704">
    <p class='ocr_par' dir='ltr' id='par_1_68' title="bbox 520 3627 2081 3704">
     <span class='ocr_line' id='line_1_68' title="bbox 520 3627 2081 3704; baseline 0.015 -33"><span class='ocrx_word' id='word_1_479' title='bbox 520 3630 777 3686; x_wconf 67' lang='lat' dir='ltr'><strong>quoniam</strong></span> <span class='ocrx_word' id='word_1_480' title='bbox 818 3642 884 3679; x_wconf 82' lang='lat' dir='ltr'><strong>ex</strong></span> <span class='ocrx_word' id='word_1_481' title='bbox 928 3627 1045 3695; x_wconf 90' lang='lat' dir='ltr'><strong>ipso</strong></span> <span class='ocrx_word' id='word_1_482' title='bbox 1069 3629 1192 3681; x_wconf 83' lang='lat' dir='ltr'><strong>est?</strong></span> <span class='ocrx_word' id='word_1_483' title='bbox 1235 3628 1291 3682; x_wconf 90' lang='lat' dir='ltr'><strong>Si</strong></span> <span class='ocrx_word' id='word_1_484' title='bbox 1336 3632 1476 3684; x_wconf 87' lang='lat' dir='ltr'><strong>enim</strong></span> <span class='ocrx_word' id='word_1_485' title='bbox 1503 3647 1565 3685; x_wconf 66' lang='lat' dir='ltr'><strong>ex</strong></span> <span class='ocrx_word' id='word_1_486' title='bbox 1597 3634 1713 3701; x_wconf 87' lang='lat' dir='ltr'><strong>ipso</strong></span> <span class='ocrx_word' id='word_1_487' title='bbox 1744 3652 1849 3689; x_wconf 91' lang='lat' dir='ltr'><strong>non</strong></span> <span class='ocrx_word' id='word_1_488' title='bbox 1881 3647 1983 3704; x_wconf 85' lang='lat' dir='ltr'><strong>est,</strong></span> <span class='ocrx_word' id='word_1_489' title='bbox 2013 3642 2081 3695; x_wconf 85' lang='lat' dir='ltr'><strong>ab</strong></span> 
     </span>
    </p>
   </div>
   <div class='ocr_carea' id='block_1_69' title="bbox 521 3718 2008 3784">
    <p class='ocr_par' dir='ltr' id='par_1_69' title="bbox 521 3718 2008 3784">
     <span class='ocr_line' id='line_1_69' title="bbox 521 3718 2008 3784; baseline 0.013 -19"><span class='ocrx_word' id='word_1_490' title='bbox 521 3718 640 3783; x_wconf 67' lang='lat' dir='ltr'><strong>ipso</strong></span> <span class='ocrx_word' id='word_1_491' title='bbox 682 3718 891 3771; x_wconf 87' lang='lat' dir='ltr'><strong>alienus</strong></span> <span class='ocrx_word' id='word_1_492' title='bbox 928 3718 1056 3781; x_wconf 89' lang='lat' dir='ltr'><strong>erit,</strong></span> <span class='ocrx_word' id='word_1_493' title='bbox 1112 3721 1211 3772; x_wconf 89' lang='lat' dir='ltr'><strong>etsi</strong></span> <span class='ocrx_word' id='word_1_494' title='bbox 1255 3734 1360 3773; x_wconf 91' lang='lat' dir='ltr'><strong>non</strong></span> <span class='ocrx_word' id='word_1_495' title='bbox 1397 3724 1466 3774; x_wconf 91' lang='lat' dir='ltr'><strong>sit</strong></span> <span class='ocrx_word' id='word_1_496' title='bbox 1514 3739 1543 3777; x_wconf 89' lang='lat' dir='ltr'><strong>a</strong></span> <span class='ocrx_word' id='word_1_497' title='bbox 1571 3722 1729 3779; x_wconf 82' lang='lat' dir='ltr'><strong>Patre</strong></span> <span class='ocrx_word' id='word_1_498' title='bbox 1778 3727 2008 3784; x_wconf 85' lang='lat' dir='ltr'><strong>alienus.</strong></span> 
     </span>
    </p>
   </div>
   <div class='ocr_carea' id='block_1_70' title="bbox 596 3808 2082 3888">
    <p class='ocr_par' dir='ltr' id='par_1_70' title="bbox 596 3808 2082 3888">
     <span class='ocr_line' id='line_1_70' title="bbox 596 3808 2082 3888; baseline 0.012 -29"><span class='ocrx_word' id='word_1_499' title='bbox 596 3808 657 3860; x_wconf 81' lang='lat' dir='ltr'><strong>Et</strong></span> <span class='ocrx_word' id='word_1_500' title='bbox 720 3809 851 3862; x_wconf 88' lang='lat' dir='ltr'><strong>illud</strong></span> <span class='ocrx_word' id='word_1_501' title='bbox 907 3817 1087 3864; x_wconf 83' lang='lat' dir='ltr'><strong>autem</strong></span> <span class='ocrx_word' id='word_1_502' title='bbox 1148 3812 1312 3866; x_wconf 81' lang='lat' dir='ltr'><strong>siznul</strong></span> <span class='ocrx_word' id='word_1_503' title='bbox 1367 3816 1694 3881; x_wconf 78' lang='lat' dir='ltr'><strong>ostenditur,</strong></span> <span class='ocrx_word' id='word_1_504' title='bbox 1746 3822 1915 3888; x_wconf 89' lang='lat' dir='ltr'><strong>quod,</strong></span> <span class='ocrx_word' id='word_1_505' title='bbox 1980 3823 2082 3877; x_wconf 92' lang='lat' dir='ltr'><strong>nisi</strong></span> 
     </span>
    </p>
   </div>
   <div class='ocr_carea' id='block_1_71' title="bbox 519 3900 2078 3980">
    <p class='ocr_par' dir='ltr' id='par_1_71' title="bbox 519 3900 2078 3980">
     <span class='ocr_line' id='line_1_71' title="bbox 519 3900 2078 3980; baseline 0.01 -28"><span class='ocrx_word' id='word_1_506' title='bbox 519 3910 669 3952; x_wconf 82' lang='lat' dir='ltr'><strong>esset</strong></span> <span class='ocrx_word' id='word_1_507' title='bbox 713 3917 776 3953; x_wconf 80' lang='lat' dir='ltr'><strong>ex</strong></span> <span class='ocrx_word' id='word_1_508' title='bbox 832 3900 989 3963; x_wconf 82' lang='lat' dir='ltr'><strong>Filio,</strong></span> <span class='ocrx_word' id='word_1_509' title='bbox 1040 3902 1272 3956; x_wconf 89' lang='lat' dir='ltr'><strong>ministri</strong></span> <span class='ocrx_word' id='word_1_510' title='bbox 1335 3905 1514 3959; x_wconf 62' lang='lat' dir='ltr'><strong>ofﬁcio</strong></span> <span class='ocrx_word' id='word_1_511' title='bbox 1564 3907 1731 3963; x_wconf 85' lang='lat' dir='ltr'><strong>Filius</strong></span> <span class='ocrx_word' id='word_1_512' title='bbox 1767 3910 2078 3980; x_wconf 82' lang='lat' dir='ltr'><strong>fungeretur</strong></span> 
     </span>
    </p>
   </div>
   <div class='ocr_carea' id='block_1_72' title="bbox 522 3990 2077 4069">
    <p class='ocr_par' dir='ltr' id='par_1_72' title="bbox 522 3990 2077 4069">
     <span class='ocr_line' id='line_1_72' title="bbox 522 3990 2077 4069; baseline 0.01 -26"><span class='ocrx_word' id='word_1_513' title='bbox 522 3992 665 4058; x_wconf 85' lang='lat' dir='ltr'><strong>apud</strong></span> <span class='ocrx_word' id='word_1_514' title='bbox 707 3990 944 4047; x_wconf 81' lang='lat' dir='ltr'><strong>Patrem.</strong></span> <span class='ocrx_word' id='word_1_515' title='bbox 981 3991 1106 4047; x_wconf 66' lang='lat' dir='ltr'><strong>Haec</strong></span> <span class='ocrx_word' id='word_1_516' title='bbox 1130 3995 1275 4048; x_wconf 89' lang='lat' dir='ltr'><strong>enim</strong></span> <span class='ocrx_word' id='word_1_517' title='bbox 1328 4007 1512 4065; x_wconf 87' lang='lat' dir='ltr'><strong>aperte</strong></span> <span class='ocrx_word' id='word_1_518' title='bbox 1558 4015 1721 4068; x_wconf 87' lang='lat' dir='ltr'><strong>supra</strong></span> <span class='ocrx_word' id='word_1_519' title='bbox 1767 4001 1877 4069; x_wconf 87' lang='lat' dir='ltr'><strong>jam</strong></span> <span class='ocrx_word' id='word_1_520' title='bbox 1934 4005 2077 4058; x_wconf 90' lang='lat' dir='ltr'><strong>dicta</strong></span> 
     </span>
    </p>
   </div>
   <div class='ocr_carea' id='block_1_73' title="bbox 520 4082 2082 4155">
    <p class='ocr_par' dir='ltr' id='par_1_73' title="bbox 520 4082 2082 4155">
     <span class='ocr_line' id='line_1_73' title="bbox 520 4082 2082 4155; baseline 0.008 -17"><span class='ocrx_word' id='word_1_521' title='bbox 520 4094 671 4138; x_wconf 81' lang='lat' dir='ltr'><strong>sunt.</strong></span> <span class='ocrx_word' id='word_1_522' title='bbox 732 4082 928 4139; x_wconf 85' lang='lat' dir='ltr'><strong>Beatus</strong></span> <span class='ocrx_word' id='word_1_523' title='bbox 982 4095 1161 4138; x_wconf 87' lang='lat' dir='ltr'><strong>autem</strong></span> <span class='ocrx_word' id='word_1_524' title='bbox 1218 4086 1451 4155; x_wconf 74' lang='lat' dir='ltr'><strong>Cyrilltts</strong></span> <span class='ocrx_word' id='word_1_525' title='bbox 1495 4090 1834 4145; x_wconf 82' lang='lat' dir='ltr'><strong>manifestius</strong></span> <span class='ocrx_word' id='word_1_526' title='bbox 1879 4102 1935 4147; x_wconf 87' lang='lat' dir='ltr'><strong>et</strong></span> <span class='ocrx_word' id='word_1_527' title='bbox 1962 4096 2082 4150; x_wconf 90' lang='lat' dir='ltr'><strong>aliis</strong></span> 
     </span>
    </p>
   </div>
   <div class='ocr_carea' id='block_1_74' title="bbox 523 4174 2083 4247">
    <p class='ocr_par' dir='ltr' id='par_1_74' title="bbox 523 4174 2083 4247">
     <span class='ocr_line' id='line_1_74' title="bbox 523 4174 2083 4247; baseline 0.01 -22"><span class='ocrx_word' id='word_1_528' title='bbox 523 4177 577 4226; x_wconf 92' lang='lat' dir='ltr'><strong>in</strong></span> <span class='ocrx_word' id='word_1_529' title='bbox 636 4174 769 4228; x_wconf 89' lang='lat' dir='ltr'><strong>locis</strong></span> <span class='ocrx_word' id='word_1_530' title='bbox 831 4175 946 4229; x_wconf 58' lang='lat' dir='ltr'><strong>haec</strong></span> <span class='ocrx_word' id='word_1_531' title='bbox 1000 4176 1178 4238; x_wconf 87' lang='lat' dir='ltr'><strong>ponit.</strong></span> <span class='ocrx_word' id='word_1_532' title='bbox 1234 4175 1372 4230; x_wconf 83' lang='lat' dir='ltr'><strong>Nam</strong></span> <span class='ocrx_word' id='word_1_533' title='bbox 1438 4178 1489 4231; x_wconf 92' lang='lat' dir='ltr'><strong>in</strong></span> <span class='ocrx_word' id='word_1_534' title='bbox 1532 4182 1870 4247; x_wconf 81' lang='lat' dir='ltr'><strong>expositione</strong></span> <span class='ocrx_word' id='word_1_535' title='bbox 1916 4182 2083 4241; x_wconf 84' lang='lat' dir='ltr'><strong>Joclis</strong></span> 
     </span>
    </p>
   </div>
   <div class='ocr_carea' id='block_1_75' title="bbox 524 4266 2082 4339">
    <p class='ocr_par' dir='ltr' id='par_1_75' title="bbox 524 4266 2082 4339">
     <span class='ocr_line' id='line_1_75' title="bbox 524 4266 2082 4339; baseline 0.01 -24"><span class='ocrx_word' id='word_1_536' title='bbox 524 4266 837 4333; x_wconf 57' lang='lat' dir='ltr'><strong>prophetae,</strong></span> <span class='ocrx_word' id='word_1_537' title='bbox 874 4285 892 4316; x_wconf 73' lang='grc' dir='ltr'><strong>ι</strong></span> <span class='ocrx_word' id='word_1_538' title='bbox 930 4266 1183 4335; x_wconf 91' lang='lat' dir='ltr'><strong>Proprius</strong></span> <span class='ocrx_word' id='word_1_539' title='bbox 1238 4268 1375 4336; x_wconf 77' lang='lat' dir='ltr'><strong>ejus,</strong></span> <span class='ocrx_word' id='word_1_540' title='bbox 1427 4270 1619 4339; x_wconf 88' lang='lat' dir='ltr'><strong>inquit,</strong></span> <span class='ocrx_word' id='word_1_541' title='bbox 1655 4271 1703 4325; x_wconf 91' lang='lat' dir='ltr'><strong>id</strong></span> <span class='ocrx_word' id='word_1_542' title='bbox 1738 4281 1819 4326; x_wconf 67' lang='lat' dir='ltr'><strong>est</strong></span> <span class='ocrx_word' id='word_1_543' title='bbox 1851 4272 1991 4338; x_wconf 81' lang='lat' dir='ltr'><strong>Filii,</strong></span> <span class='ocrx_word' id='word_1_544' title='bbox 2031 4287 2082 4330; x_wconf 90' lang='lat' dir='ltr'><strong>et</strong></span> 
     </span>
    </p>
   </div>
   <div class='ocr_carea' id='block_1_76' title="bbox 528 4357 2078 4430">
    <p class='ocr_par' dir='ltr' id='par_1_76' title="bbox 528 4357 2078 4430">
     <span class='ocr_line' id='line_1_76' title="bbox 528 4357 2078 4430; baseline 0.01 -26"><span class='ocrx_word' id='word_1_545' title='bbox 528 4357 578 4406; x_wconf 92' lang='lat' dir='ltr'><strong>in</strong></span> <span class='ocrx_word' id='word_1_546' title='bbox 639 4357 773 4422; x_wconf 78' lang='lat' dir='ltr'><strong>ipso,</strong></span> <span class='ocrx_word' id='word_1_547' title='bbox 837 4366 889 4410; x_wconf 92' lang='lat' dir='ltr'><strong>et</strong></span> <span class='ocrx_word' id='word_1_548' title='bbox 913 4372 976 4410; x_wconf 83' lang='lat' dir='ltr'><strong>ex</strong></span> <span class='ocrx_word' id='word_1_549' title='bbox 1018 4359 1135 4426; x_wconf 89' lang='lat' dir='ltr'><strong>ipso</strong></span> <span class='ocrx_word' id='word_1_550' title='bbox 1190 4358 1421 4427; x_wconf 86' lang='lat' dir='ltr'><strong>Spiritus</strong></span> <span class='ocrx_word' id='word_1_551' title='bbox 1461 4370 1563 4424; x_wconf 89' lang='lat' dir='ltr'><strong>est,</strong></span> <span class='ocrx_word' id='word_1_552' title='bbox 1622 4364 2078 4430; x_wconf 86' lang='lat' dir='ltr'><strong>quemadmodum</strong></span> 
     </span>
    </p>
   </div>
   <div class='ocr_carea' id='block_1_77' title="bbox 525 4448 2080 4523">
    <p class='ocr_par' dir='ltr' id='par_1_77' title="bbox 525 4448 2080 4523">
     <span class='ocr_line' id='line_1_77' title="bbox 525 4448 2080 4523; baseline 0.007 -24"><span class='ocrx_word' id='word_1_553' title='bbox 525 4448 732 4501; x_wconf 80' lang='lat' dir='ltr'><strong>scilicet</strong></span> <span class='ocrx_word' id='word_1_554' title='bbox 762 4449 927 4501; x_wconf 84' lang='lat' dir='ltr'><strong>etiam</strong></span> <span class='ocrx_word' id='word_1_555' title='bbox 977 4450 1076 4517; x_wconf 91' lang='lat' dir='ltr'><strong>ipsi</strong></span> <span class='ocrx_word' id='word_1_556' title='bbox 1129 4448 1235 4501; x_wconf 87' lang='lat' dir='ltr'><strong>Deo</strong></span> <span class='ocrx_word' id='word_1_557' title='bbox 1291 4459 1343 4502; x_wconf 88' lang='lat' dir='ltr'><strong>ct</strong></span> <span class='ocrx_word' id='word_1_558' title='bbox 1395 4451 1533 4503; x_wconf 88' lang='lat' dir='ltr'><strong>Patri</strong></span> <span class='ocrx_word' id='word_1_559' title='bbox 1561 4453 1899 4523; x_wconf 78' lang='lat' dir='ltr'><strong>intelligitur.</strong></span> <span class='ocrx_word' id='word_1_560' title='bbox 1950 4475 1967 4506; x_wconf 74' lang='grc' dir='ltr'><strong>ι</strong></span> <span class='ocrx_word' id='word_1_561' title='bbox 2005 4459 2080 4510; x_wconf 82' lang='lat' dir='ltr'><strong>Ac</strong></span> 
     </span>
    </p>
   </div>
   <div class='ocr_carea' id='block_1_78' title="bbox 527 4529 2580 4617">
    <p class='ocr_par' dir='ltr' id='par_1_78' title="bbox 527 4529 2580 4617">
     <span class='ocr_line' id='line_1_78' title="bbox 527 4529 2580 4617; baseline 0.003 -26"><span class='ocrx_word' id='word_1_562' title='bbox 527 4554 722 4591; x_wconf 80' lang='lat' dir='ltr'><strong>rursus</strong></span> <span class='ocrx_word' id='word_1_563' title='bbox 789 4539 841 4590; x_wconf 84' lang='lat' dir='ltr'><strong>iit</strong></span> <span class='ocrx_word' id='word_1_564' title='bbox 894 4538 1145 4593; x_wconf 86' lang='lat' dir='ltr'><strong>laudibus</strong></span> <span class='ocrx_word' id='word_1_565' title='bbox 1191 4538 1483 4595; x_wconf 89' lang='lat' dir='ltr'><strong>Theodosii</strong></span> <span class='ocrx_word' id='word_1_566' title='bbox 1538 4543 1818 4614; x_wconf 79' lang='lat' dir='ltr'><strong>principis,</strong></span> <span class='ocrx_word' id='word_1_567' title='bbox 1858 4566 1875 4596; x_wconf 73' lang='grc' dir='ltr'><strong>ι</strong></span> <span class='ocrx_word' id='word_1_568' title='bbox 1908 4547 2092 4617; x_wconf 82' lang='lat' dir='ltr'><strong>Bapti-</strong></span> <span class='ocrx_word' id='word_1_569' title='bbox 2125 4529 2167 4584; x_wconf 82' lang='grc' dir='ltr'><strong>Ῑ)</strong></span> <span class='ocrx_word' id='word_1_570' title='bbox 2199 4546 2580 4616; x_wconf 85' lang='lat' dir='ltr'><strong>proprietatem</strong></span> 
     </span>
    </p>
   </div>
   <div class='ocr_carea' id='block_1_79' title="bbox 524 4628 2093 4698">
    <p class='ocr_par' dir='ltr' id='par_1_79' title="bbox 524 4628 2093 4698">
     <span class='ocr_line' id='line_1_79' title="bbox 524 4628 2093 4698; baseline 0.006 -16"><span class='ocrx_word' id='word_1_571' title='bbox 524 4640 763 4693; x_wconf 74' lang='lat' dir='ltr'><strong>zintem,</strong></span> <span class='ocrx_word' id='word_1_572' title='bbox 822 4630 1015 4697; x_wconf 87' lang='lat' dir='ltr'><strong>inquit,</strong></span> <span class='ocrx_word' id='word_1_573' title='bbox 1067 4628 1249 4684; x_wconf 85' lang='lat' dir='ltr'><strong>Jesum</strong></span> <span class='ocrx_word' id='word_1_574' title='bbox 1311 4631 1360 4682; x_wconf 92' lang='lat' dir='ltr'><strong>in</strong></span> <span class='ocrx_word' id='word_1_575' title='bbox 1390 4631 1535 4698; x_wconf 79' lang='lat' dir='ltr'><strong>igne,</strong></span> <span class='ocrx_word' id='word_1_576' title='bbox 1588 4649 1693 4687; x_wconf 90' lang='lat' dir='ltr'><strong>non</strong></span> <span class='ocrx_word' id='word_1_577' title='bbox 1730 4637 1963 4690; x_wconf 83' lang='lat' dir='ltr'><strong>alienum</strong></span> <span class='ocrx_word' id='word_1_578' title='bbox 1997 4640 2093 4692; x_wconf 89' lang='lat' dir='ltr'><strong>im-</strong></span> 
     </span>
    </p>
   </div>
   <div class='ocr_carea' id='block_1_80' title="bbox 526 4720 2091 4789">
    <p class='ocr_par' dir='ltr' id='par_1_80' title="bbox 526 4720 2091 4789">
     <span class='ocr_line' id='line_1_80' title="bbox 526 4720 2091 4789; baseline 0.006 -16"><span class='ocrx_word' id='word_1_579' title='bbox 526 4723 831 4774; x_wconf 85' lang='lat' dir='ltr'><strong>mitteutetn</strong></span> <span class='ocrx_word' id='word_1_580' title='bbox 910 4720 1215 4789; x_wconf 87' lang='lat' dir='ltr'><strong>Spiritum,</strong></span> <span class='ocrx_word' id='word_1_581' title='bbox 1293 4724 1431 4776; x_wconf 82' lang='lat' dir='ltr'><strong>servi</strong></span> <span class='ocrx_word' id='word_1_582' title='bbox 1518 4725 1761 4789; x_wconf 91' lang='lat' dir='ltr'><strong>scilicet,</strong></span> <span class='ocrx_word' id='word_1_583' title='bbox 1855 4731 2091 4782; x_wconf 91' lang='lat' dir='ltr'><strong>ministri</strong></span> 
     </span>
    </p>
   </div>
   <div class='ocr_carea' id='block_1_81' title="bbox 527 4811 2089 4884">
    <p class='ocr_par' dir='ltr' id='par_1_81' title="bbox 527 4811 2089 4884">
     <span class='ocr_line' id='line_1_81' title="bbox 527 4811 2089 4884; baseline 0.008 -23"><span class='ocrx_word' id='word_1_584' title='bbox 527 4812 745 4872; x_wconf 73' lang='lat' dir='ltr'><strong>ortieio;</strong></span> <span class='ocrx_word' id='word_1_585' title='bbox 781 4812 894 4873; x_wconf 89' lang='lat' dir='ltr'><strong>sed,</strong></span> <span class='ocrx_word' id='word_1_586' title='bbox 918 4821 978 4865; x_wconf 92' lang='lat' dir='ltr'><strong>ut</strong></span> <span class='ocrx_word' id='word_1_587' title='bbox 1006 4811 1166 4865; x_wconf 88' lang='lat' dir='ltr'><strong>Deum</strong></span> <span class='ocrx_word' id='word_1_588' title='bbox 1202 4828 1323 4865; x_wconf 86' lang='lat' dir='ltr'><strong>cu-n</strong></span> <span class='ocrx_word' id='word_1_589' title='bbox 1352 4829 1563 4867; x_wconf 91' lang='lat' dir='ltr'><strong>summa</strong></span> <span class='ocrx_word' id='word_1_590' title='bbox 1636 4824 1922 4884; x_wconf 85' lang='lat' dir='ltr'><strong>potestate,</strong></span> <span class='ocrx_word' id='word_1_591' title='bbox 1967 4835 2089 4873; x_wconf 90' lang='lat' dir='ltr'><strong>eum</strong></span> 
     </span>
    </p>
   </div>
   <div class='ocr_carea' id='block_1_82' title="bbox 528 4904 1487 4972">
    <p class='ocr_par' dir='ltr' id='par_1_82' title="bbox 528 4904 1487 4972">
     <span class='ocr_line' id='line_1_82' title="bbox 528 4904 1487 4972; baseline -0.001 -17"><span class='ocrx_word' id='word_1_592' title='bbox 528 4905 620 4972; x_wconf 85' lang='lat' dir='ltr'><strong>qui</strong></span> <span class='ocrx_word' id='word_1_593' title='bbox 653 4918 716 4953; x_wconf 76' lang='lat' dir='ltr'><strong>ex</strong></span> <span class='ocrx_word' id='word_1_594' title='bbox 748 4918 805 4955; x_wconf 91' lang='lat' dir='ltr'><strong>se</strong></span> <span class='ocrx_word' id='word_1_595' title='bbox 835 4912 975 4964; x_wconf 90' lang='lat' dir='ltr'><strong>erat,</strong></span> <span class='ocrx_word' id='word_1_596' title='bbox 1005 4918 1069 4955; x_wconf 86' lang='lat' dir='ltr'><strong>ac</strong></span> <span class='ocrx_word' id='word_1_597' title='bbox 1098 4904 1298 4971; x_wconf 84' lang='lat' dir='ltr'><strong>proprii</strong></span> <span class='ocrx_word' id='word_1_598' title='bbox 1327 4904 1432 4956; x_wconf 91' lang='lat' dir='ltr'><strong>sui.</strong></span> <span class='ocrx_word' id='word_1_599' title='bbox 1471 4924 1487 4954; x_wconf 74' lang='grc' dir='ltr'><strong>ι</strong></span> 
     </span>
    </p>
   </div>
   <div class='ocr_carea' id='block_1_83' title="bbox 606 4997 2095 5067">
    <p class='ocr_par' dir='ltr' id='par_1_83' title="bbox 606 4997 2095 5067">
     <span class='ocr_line' id='line_1_83' title="bbox 606 4997 2095 5067; baseline 0.007 -21"><span class='ocrx_word' id='word_1_600' title='bbox 606 4998 813 5050; x_wconf 74' lang='lat' dir='ltr'><strong>ttursus</strong></span> <span class='ocrx_word' id='word_1_601' title='bbox 878 5012 1041 5066; x_wconf 89' lang='lat' dir='ltr'><strong>super</strong></span> <span class='ocrx_word' id='word_1_602' title='bbox 1063 4997 1289 5052; x_wconf 82' lang='lat' dir='ltr'><strong>Joannis</strong></span> <span class='ocrx_word' id='word_1_603' title='bbox 1332 4997 1643 5067; x_wconf 72' lang='lat' dir='ltr'><strong>Evangelio,</strong></span> <span class='ocrx_word' id='word_1_604' title='bbox 1696 5019 1713 5051; x_wconf 77' lang='grc' dir='ltr'><strong>ι</strong></span> <span class='ocrx_word' id='word_1_605' title='bbox 1755 5001 2095 5057; x_wconf 88' lang='lat' dir='ltr'><strong>Naturalium</strong></span> 
     </span>
    </p>
   </div>
   <div class='ocr_carea' id='block_1_84' title="bbox 530 5089 2105 5156">
    <p class='ocr_par' dir='ltr' id='par_1_84' title="bbox 530 5089 2105 5156">
     <span class='ocr_line' id='line_1_84' title="bbox 530 5089 2105 5156; baseline 0.004 -13"><span class='ocrx_word' id='word_1_606' title='bbox 530 5091 701 5152; x_wconf 86' lang='lat' dir='ltr'><strong>enim,</strong></span> <span class='ocrx_word' id='word_1_607' title='bbox 758 5090 955 5156; x_wconf 81' lang='lat' dir='ltr'><strong>inquit,</strong></span> <span class='ocrx_word' id='word_1_608' title='bbox 1015 5089 1109 5143; x_wconf 82' lang='lat' dir='ltr'><strong>Dei</strong></span> <span class='ocrx_word' id='word_1_609' title='bbox 1167 5106 1226 5144; x_wconf 80' lang='lat' dir='ltr'><strong>ac</strong></span> <span class='ocrx_word' id='word_1_610' title='bbox 1262 5093 1439 5145; x_wconf 88' lang='lat' dir='ltr'><strong>Patris</strong></span> <span class='ocrx_word' id='word_1_611' title='bbox 1500 5095 1764 5147; x_wconf 90' lang='lat' dir='ltr'><strong>bonorum</strong></span> <span class='ocrx_word' id='word_1_612' title='bbox 1826 5097 2004 5149; x_wconf 61' lang='lat' dir='ltr'><strong>sireius</strong></span> <span class='ocrx_word' id='word_1_613' title='bbox 2051 5105 2105 5149; x_wconf 92' lang='lat' dir='ltr'><strong>ct</strong></span> 
     </span>
    </p>
   </div>
   <div class='ocr_carea' id='block_1_85' title="bbox 532 5180 2101 5254">
    <p class='ocr_par' dir='ltr' id='par_1_85' title="bbox 532 5180 2101 5254">
     <span class='ocr_line' id='line_1_85' title="bbox 532 5180 2101 5254; baseline 0.005 -21"><span class='ocrx_word' id='word_1_614' title='bbox 532 5195 759 5233; x_wconf 76' lang='lat' dir='ltr'><strong>consors</strong></span> <span class='ocrx_word' id='word_1_615' title='bbox 825 5180 997 5234; x_wconf 87' lang='lat' dir='ltr'><strong>Filius</strong></span> <span class='ocrx_word' id='word_1_616' title='bbox 1052 5183 1411 5236; x_wconf 88' lang='lat' dir='ltr'><strong>essentialiter</strong></span> <span class='ocrx_word' id='word_1_617' title='bbox 1482 5199 1604 5237; x_wconf 89' lang='lat' dir='ltr'><strong>cutn</strong></span> <span class='ocrx_word' id='word_1_618' title='bbox 1670 5186 1779 5248; x_wconf 91' lang='lat' dir='ltr'><strong>sit,</strong></span> <span class='ocrx_word' id='word_1_619' title='bbox 1842 5187 2101 5254; x_wconf 86' lang='lat' dir='ltr'><strong>Spiritum</strong></span> 
     </span>
    </p>
   </div>
   <div class='ocr_carea' id='block_1_86' title="bbox 531 5273 2097 5344">
    <p class='ocr_par' dir='ltr' id='par_1_86' title="bbox 531 5273 2097 5344">
     <span class='ocr_line' id='line_1_86' title="bbox 531 5273 2097 5344; baseline 0.004 -20"><span class='ocrx_word' id='word_1_620' title='bbox 531 5273 715 5324; x_wconf 83' lang='lat' dir='ltr'><strong>habet.</strong></span> <span class='ocrx_word' id='word_1_621' title='bbox 758 5291 773 5321; x_wconf 76' lang='grc' dir='ltr'><strong>ι</strong></span> <span class='ocrx_word' id='word_1_622' title='bbox 818 5273 893 5325; x_wconf 71' lang='lat' dir='ltr'><strong>Ac</strong></span> <span class='ocrx_word' id='word_1_623' title='bbox 930 5283 1049 5339; x_wconf 82' lang='lat' dir='ltr'><strong>post</strong></span> <span class='ocrx_word' id='word_1_624' title='bbox 1089 5288 1259 5341; x_wconf 84' lang='lat' dir='ltr'><strong>panea</strong></span> <span class='ocrx_word' id='word_1_625' title='bbox 1315 5292 1326 5325; x_wconf 91' lang='lat'><strong>:</strong></span> <span class='ocrx_word' id='word_1_626' title='bbox 1368 5293 1384 5324; x_wconf 74' lang='grc' dir='ltr'><strong>ι</strong></span> <span class='ocrx_word' id='word_1_627' title='bbox 1431 5275 1583 5328; x_wconf 84' lang='lat' dir='ltr'><strong>Sicut</strong></span> <span class='ocrx_word' id='word_1_628' title='bbox 1632 5286 1685 5329; x_wconf 81' lang='lat' dir='ltr'><strong>et</strong></span> <span class='ocrx_word' id='word_1_629' title='bbox 1717 5277 1951 5344; x_wconf 81' lang='lat' dir='ltr'><strong>quisque</strong></span> <span class='ocrx_word' id='word_1_630' title='bbox 2006 5294 2097 5331; x_wconf 88' lang='lat' dir='ltr'><strong>n0-</strong></span> 
     </span>
    </p>
   </div>
   <div class='ocr_carea' id='block_1_87' title="bbox 534 5358 2102 5437">
    <p class='ocr_par' dir='ltr' id='par_1_87' title="bbox 534 5358 2102 5437">
     <span class='ocr_line' id='line_1_87' title="bbox 534 5358 2102 5437; baseline 0.006 -23"><span class='ocrx_word' id='word_1_631' title='bbox 534 5373 709 5414; x_wconf 86' lang='lat' dir='ltr'><strong>strum</strong></span> <span class='ocrx_word' id='word_1_632' title='bbox 746 5358 1020 5431; x_wconf 81' lang='lat' dir='ltr'><strong>preprium</strong></span> <span class='ocrx_word' id='word_1_633' title='bbox 1055 5363 1106 5415; x_wconf 91' lang='lat' dir='ltr'><strong>in</strong></span> <span class='ocrx_word' id='word_1_634' title='bbox 1137 5365 1317 5432; x_wconf 91' lang='lat' dir='ltr'><strong>seipso</strong></span> <span class='ocrx_word' id='word_1_635' title='bbox 1343 5364 1601 5433; x_wconf 73' lang='lat' dir='ltr'><strong>Spiritum</strong></span> <span class='ocrx_word' id='word_1_636' title='bbox 1637 5367 1901 5427; x_wconf 89' lang='lat' dir='ltr'><strong>continet,</strong></span> <span class='ocrx_word' id='word_1_637' title='bbox 1936 5378 2102 5437; x_wconf 88' lang='lat' dir='ltr'><strong>atque</strong></span> 
     </span>
    </p>
   </div>
   <div class='ocr_carea' id='block_1_88' title="bbox 534 5454 2099 5527">
    <p class='ocr_par' dir='ltr' id='par_1_88' title="bbox 534 5454 2099 5527">
     <span class='ocr_line' id='line_1_88' title="bbox 534 5454 2099 5527; baseline 0.005 -21"><span class='ocrx_word' id='word_1_638' title='bbox 534 5469 600 5506; x_wconf 72' lang='lat' dir='ltr'><strong>ex</strong></span> <span class='ocrx_word' id='word_1_639' title='bbox 678 5454 884 5507; x_wconf 86' lang='lat' dir='ltr'><strong>intimis</strong></span> <span class='ocrx_word' id='word_1_640' title='bbox 964 5456 1265 5509; x_wconf 77' lang='lat' dir='ltr'><strong>visceribus</strong></span> <span class='ocrx_word' id='word_1_641' title='bbox 1333 5459 1396 5509; x_wconf 79' lang='lat' dir='ltr'><strong>ad</strong></span> <span class='ocrx_word' id='word_1_642' title='bbox 1468 5458 1731 5512; x_wconf 66' lang='lat' dir='ltr'><strong>exteriora</strong></span> <span class='ocrx_word' id='word_1_643' title='bbox 1802 5459 2099 5527; x_wconf 57' lang='lat' dir='ltr'><strong>profundit.</strong></span> 
     </span>
    </p>
   </div>
   <div class='ocr_carea' id='block_1_89' title="bbox 539 5546 2099 5617">
    <p class='ocr_par' dir='ltr' id='par_1_89' title="bbox 539 5546 2099 5617">
     <span class='ocr_line' id='line_1_89' title="bbox 539 5546 2099 5617; baseline 0.007 -20"><span class='ocrx_word' id='word_1_644' title='bbox 539 5546 751 5599; x_wconf 73' lang='lat' dir='ltr'><strong>ldcireo</strong></span> <span class='ocrx_word' id='word_1_645' title='bbox 804 5546 947 5600; x_wconf 89' lang='lat' dir='ltr'><strong>enim</strong></span> <span class='ocrx_word' id='word_1_646' title='bbox 1008 5547 1171 5600; x_wconf 90' lang='lat' dir='ltr'><strong>etiam</strong></span> <span class='ocrx_word' id='word_1_647' title='bbox 1224 5550 1577 5617; x_wconf 87' lang='lat' dir='ltr'><strong>corporaliter</strong></span> <span class='ocrx_word' id='word_1_648' title='bbox 1637 5550 1932 5604; x_wconf 67' lang='lat' dir='ltr'><strong>insumat-it</strong></span> <span class='ocrx_word' id='word_1_649' title='bbox 1976 5568 2099 5608; x_wconf 89' lang='lat' dir='ltr'><strong>eum</strong></span> 
     </span>
    </p>
   </div>
   <div class='ocr_carea' id='block_1_90' title="bbox 536 5637 2103 5711">
    <p class='ocr_par' dir='ltr' id='par_1_90' title="bbox 536 5637 2103 5711">
     <span class='ocr_line' id='line_1_90' title="bbox 536 5637 2103 5711; baseline 0.004 -20"><span class='ocrx_word' id='word_1_650' title='bbox 536 5637 719 5691; x_wconf 80' lang='lat' dir='ltr'><strong>Jesus.</strong></span> <span class='ocrx_word' id='word_1_651' title='bbox 769 5655 788 5687; x_wconf 74' lang='grc' dir='ltr'><strong>ι</strong></span> <span class='ocrx_word' id='word_1_652' title='bbox 852 5638 993 5692; x_wconf 89' lang='lat' dir='ltr'><strong>Idem</strong></span> <span class='ocrx_word' id='word_1_653' title='bbox 1056 5639 1110 5692; x_wconf 91' lang='lat' dir='ltr'><strong>in</strong></span> <span class='ocrx_word' id='word_1_654' title='bbox 1161 5641 1394 5709; x_wconf 87' lang='lat' dir='ltr'><strong>quodam</strong></span> <span class='ocrx_word' id='word_1_655' title='bbox 1453 5656 1573 5711; x_wconf 89' lang='lat' dir='ltr'><strong>cap.</strong></span> <span class='ocrx_word' id='word_1_656' title='bbox 1622 5641 1676 5694; x_wconf 87' lang='lat' dir='ltr'><strong>ll</strong></span> <span class='ocrx_word' id='word_1_657' title='bbox 1734 5641 1982 5697; x_wconf 78' lang='lat' dir='ltr'><strong>Thesauri</strong></span> <span class='ocrx_word' id='word_1_658' title='bbox 2026 5644 2103 5698; x_wconf 88' lang='lat' dir='ltr'><strong>sic</strong></span> 
     </span>
    </p>
   </div>
   <div class='ocr_carea' id='block_1_91' title="bbox 624 5818 1106 5885">
    <p class='ocr_par' dir='ltr' id='par_1_91' title="bbox 624 5818 1106 5885">
     <span class='ocr_line' id='line_1_91' title="bbox 624 5818 1106 5885; baseline 0.01 -15"><span class='ocrx_word' id='word_1_659' title='bbox 624 5820 667 5849; x_wconf 89' lang='grc'><strong>³¹¹</strong></span> <span class='ocrx_word' id='word_1_660' title='bbox 701 5818 857 5873; x_wconf 81' lang='lat' dir='ltr'><strong>Joau.</strong></span> <span class='ocrx_word' id='word_1_661' title='bbox 892 5836 978 5885; x_wconf 67' lang='lat' dir='ltr'><strong>xv,</strong></span> <span class='ocrx_word' id='word_1_662' title='bbox 1018 5820 1106 5875; x_wconf 70' lang='grc'><strong>26.</strong></span> 
     </span>
    </p>
   </div>
   <div class='ocr_carea' id='block_1_92' title="bbox 2185 3266 3731 3330">
    <p class='ocr_par' dir='ltr' id='par_1_92' title="bbox 2185 3266 3731 3330">
     <span class='ocr_line' id='line_1_92' title="bbox 2185 3266 3731 3330; baseline -0.005 -9"><span class='ocrx_word' id='word_1_663' title='bbox 2185 3282 2345 3330; x_wconf 88' lang='lat' dir='ltr'><strong>esse,</strong></span> <span class='ocrx_word' id='word_1_664' title='bbox 2408 3266 2701 3321; x_wconf 86' lang='lat' dir='ltr'><strong>secundum</strong></span> <span class='ocrx_word' id='word_1_665' title='bbox 2776 3267 2915 3318; x_wconf 89' lang='lat' dir='ltr'><strong>hanc</strong></span> <span class='ocrx_word' id='word_1_666' title='bbox 2987 3266 3154 3317; x_wconf 72' lang='lat' dir='ltr'><strong>sola-tt</strong></span> <span class='ocrx_word' id='word_1_667' title='bbox 3228 3278 3406 3318; x_wconf 66' lang='lat' dir='ltr'><strong>cause</strong></span> <span class='ocrx_word' id='word_1_668' title='bbox 3469 3266 3731 3315; x_wconf 83' lang='lat' dir='ltr'><strong>rationem</strong></span> 
     </span>
    </p>
   </div>
   <div class='ocr_carea' id='block_1_93' title="bbox 2186 3339 3740 3425">
    <p class='ocr_par' dir='ltr' id='par_1_93' title="bbox 2186 3339 3740 3425">
     <span class='ocr_line' id='line_1_93' title="bbox 2186 3339 3740 3425; baseline -0.005 -14"><span class='ocrx_word' id='word_1_669' title='bbox 2186 3357 2354 3425; x_wconf 89' lang='lat' dir='ltr'><strong>accipi</strong></span> <span class='ocrx_word' id='word_1_670' title='bbox 2420 3365 2630 3425; x_wconf 85' lang='lat' dir='ltr'><strong>potest,</strong></span> <span class='ocrx_word' id='word_1_671' title='bbox 2686 3339 2916 3407; x_wconf 73' lang='lat' dir='ltr'><strong>maxime</strong></span> <span class='ocrx_word' id='word_1_672' title='bbox 2996 3370 3115 3406; x_wconf 84' lang='lat' dir='ltr'><strong>eum</strong></span> <span class='ocrx_word' id='word_1_673' title='bbox 3176 3356 3517 3423; x_wconf 84' lang='lat' dir='ltr'><strong>apertissime</strong></span> <span class='ocrx_word' id='word_1_674' title='bbox 3568 3354 3740 3406; x_wconf 84' lang='lat' dir='ltr'><strong>sancti</strong></span> 
     </span>
    </p>
   </div>
   <div class='ocr_carea' id='block_1_94' title="bbox 2184 3443 3742 3514">
    <p class='ocr_par' dir='ltr' id='par_1_94' title="bbox 2184 3443 3742 3514">
     <span class='ocr_line' id='line_1_94' title="bbox 2184 3443 3742 3514; baseline -0.003 -14"><span class='ocrx_word' id='word_1_675' title='bbox 2184 3457 2519 3511; x_wconf 85' lang='lat' dir='ltr'><strong>asscverent,</strong></span> <span class='ocrx_word' id='word_1_676' title='bbox 2608 3446 2798 3499; x_wconf 82' lang='lat' dir='ltr'><strong>Filium</strong></span> <span class='ocrx_word' id='word_1_677' title='bbox 2869 3446 3088 3514; x_wconf 89' lang='lat' dir='ltr'><strong>quidem</strong></span> <span class='ocrx_word' id='word_1_678' title='bbox 3172 3446 3445 3512; x_wconf 72' lang='lat' dir='ltr'><strong>proprium</strong></span> <span class='ocrx_word' id='word_1_679' title='bbox 3543 3443 3742 3503; x_wconf 85' lang='lat' dir='ltr'><strong>Patris,</strong></span> 
     </span>
    </p>
   </div>
   <div class='ocr_carea' id='block_1_95' title="bbox 2184 3534 3745 3608">
    <p class='ocr_par' dir='ltr' id='par_1_95' title="bbox 2184 3534 3745 3608">
     <span class='ocr_line' id='line_1_95' title="bbox 2184 3534 3745 3608; baseline -0.003 -19"><span class='ocrx_word' id='word_1_680' title='bbox 2184 3541 2442 3608; x_wconf 88' lang='lat' dir='ltr'><strong>quoniam</strong></span> <span class='ocrx_word' id='word_1_681' title='bbox 2472 3555 2535 3591; x_wconf 78' lang='lat' dir='ltr'><strong>ex</strong></span> <span class='ocrx_word' id='word_1_682' title='bbox 2567 3540 2685 3607; x_wconf 90' lang='lat' dir='ltr'><strong>ipso</strong></span> <span class='ocrx_word' id='word_1_683' title='bbox 2711 3547 2813 3601; x_wconf 80' lang='lat' dir='ltr'><strong>est;</strong></span> <span class='ocrx_word' id='word_1_684' title='bbox 2851 3538 3110 3605; x_wconf 89' lang='lat' dir='ltr'><strong>Spiritum</strong></span> <span class='ocrx_word' id='word_1_685' title='bbox 3142 3552 3267 3588; x_wconf 63' lang='lat' dir='ltr'><strong>vero</strong></span> <span class='ocrx_word' id='word_1_686' title='bbox 3300 3536 3572 3602; x_wconf 86' lang='lat' dir='ltr'><strong>proprium</strong></span> <span class='ocrx_word' id='word_1_687' title='bbox 3605 3534 3745 3597; x_wconf 73' lang='lat' dir='ltr'><strong>Filii,</strong></span> 
     </span>
    </p>
   </div>
   <div class='ocr_carea' id='block_1_96' title="bbox 2185 3627 3739 3700">
    <p class='ocr_par' dir='ltr' id='par_1_96' title="bbox 2185 3627 3739 3700">
     <span class='ocr_line' id='line_1_96' title="bbox 2185 3627 3739 3700; baseline -0.003 -16"><span class='ocrx_word' id='word_1_688' title='bbox 2185 3640 2245 3684; x_wconf 93' lang='lat' dir='ltr'><strong>ut</strong></span> <span class='ocrx_word' id='word_1_689' title='bbox 2295 3632 2466 3699; x_wconf 92' lang='lat' dir='ltr'><strong>quiin</strong></span> <span class='ocrx_word' id='word_1_690' title='bbox 2511 3632 2627 3700; x_wconf 90' lang='lat' dir='ltr'><strong>ipso</strong></span> <span class='ocrx_word' id='word_1_691' title='bbox 2680 3639 2732 3685; x_wconf 91' lang='lat' dir='ltr'><strong>et</strong></span> <span class='ocrx_word' id='word_1_692' title='bbox 2763 3646 2855 3697; x_wconf 92' lang='lat' dir='ltr'><strong>per</strong></span> <span class='ocrx_word' id='word_1_693' title='bbox 2901 3632 3073 3697; x_wconf 87' lang='lat' dir='ltr'><strong>ipsum</strong></span> <span class='ocrx_word' id='word_1_694' title='bbox 3124 3630 3438 3681; x_wconf 87' lang='lat' dir='ltr'><strong>naturaliter</strong></span> <span class='ocrx_word' id='word_1_695' title='bbox 3490 3627 3739 3694; x_wconf 81' lang='lat' dir='ltr'><strong>prodeat,</strong></span> 
     </span>
    </p>
   </div>
   <div class='ocr_carea' id='block_1_97' title="bbox 2186 3718 3746 3790">
    <p class='ocr_par' dir='ltr' id='par_1_97' title="bbox 2186 3718 3746 3790">
     <span class='ocr_line' id='line_1_97' title="bbox 2186 3718 3746 3790; baseline -0.002 -17"><span class='ocrx_word' id='word_1_696' title='bbox 2186 3731 2346 3790; x_wconf 91' lang='lat' dir='ltr'><strong>atque</strong></span> <span class='ocrx_word' id='word_1_697' title='bbox 2420 3736 2485 3775; x_wconf 79' lang='lat' dir='ltr'><strong>ex</strong></span> <span class='ocrx_word' id='word_1_698' title='bbox 2558 3722 2674 3789; x_wconf 89' lang='lat' dir='ltr'><strong>ipso</strong></span> <span class='ocrx_word' id='word_1_699' title='bbox 2722 3722 2808 3785; x_wconf 84' lang='lat' dir='ltr'><strong>sit;</strong></span> <span class='ocrx_word' id='word_1_700' title='bbox 2854 3722 2999 3789; x_wconf 87' lang='lat' dir='ltr'><strong>quod</strong></span> <span class='ocrx_word' id='word_1_701' title='bbox 3058 3720 3330 3789; x_wconf 67' lang='lat' dir='ltr'><strong>signiﬁcat</strong></span> <span class='ocrx_word' id='word_1_702' title='bbox 3383 3729 3437 3771; x_wconf 92' lang='lat' dir='ltr'><strong>et</strong></span> <span class='ocrx_word' id='word_1_703' title='bbox 3506 3718 3623 3770; x_wconf 85' lang='lat' dir='ltr'><strong>i‘ilii</strong></span> <span class='ocrx_word' id='word_1_704' title='bbox 3680 3720 3746 3770; x_wconf 90' lang='lat' dir='ltr'><strong>at</strong></span> 
     </span>
    </p>
   </div>
   <div class='ocr_carea' id='block_1_98' title="bbox 2186 3809 3754 3882">
    <p class='ocr_par' dir='ltr' id='par_1_98' title="bbox 2186 3809 3754 3882">
     <span class='ocr_line' id='line_1_98' title="bbox 2186 3809 3754 3882; baseline -0.007 -14"><span class='ocrx_word' id='word_1_705' title='bbox 2186 3815 2422 3876; x_wconf 88' lang='lat' dir='ltr'><strong>Patrem,</strong></span> <span class='ocrx_word' id='word_1_706' title='bbox 2472 3825 2525 3867; x_wconf 92' lang='lat' dir='ltr'><strong>et</strong></span> <span class='ocrx_word' id='word_1_707' title='bbox 2581 3813 2816 3882; x_wconf 88' lang='lat' dir='ltr'><strong>Spiritus</strong></span> <span class='ocrx_word' id='word_1_708' title='bbox 2871 3811 2934 3865; x_wconf 88' lang='lat' dir='ltr'><strong>ad</strong></span> <span class='ocrx_word' id='word_1_709' title='bbox 2983 3809 3173 3864; x_wconf 85' lang='lat' dir='ltr'><strong>Filium</strong></span> <span class='ocrx_word' id='word_1_710' title='bbox 3223 3810 3754 3864; x_wconf 67' lang='lat' dir='ltr'><strong>consubstantialitu-</strong></span> 
     </span>
    </p>
   </div>
   <div class='ocr_carea' id='block_1_99' title="bbox 2186 3902 3753 3974">
    <p class='ocr_par' dir='ltr' id='par_1_99' title="bbox 2186 3902 3753 3974">
     <span class='ocr_line' id='line_1_99' title="bbox 2186 3902 3753 3974; baseline -0.004 -15"><span class='ocrx_word' id='word_1_711' title='bbox 2186 3918 2317 3962; x_wconf 81' lang='lat' dir='ltr'><strong>tem.</strong></span> <span class='ocrx_word' id='word_1_712' title='bbox 2360 3905 2546 3974; x_wconf 76' lang='lat' dir='ltr'><strong>Neque</strong></span> <span class='ocrx_word' id='word_1_713' title='bbox 2605 3905 2771 3968; x_wconf 86' lang='lat' dir='ltr'><strong>enim,</strong></span> <span class='ocrx_word' id='word_1_714' title='bbox 2822 3904 3078 3973; x_wconf 80' lang='lat' dir='ltr'><strong>quoniam</strong></span> <span class='ocrx_word' id='word_1_715' title='bbox 3130 3902 3612 3957; x_wconf 59' lang='lat' dir='ltr'><strong>consubstantialis</strong></span> <span class='ocrx_word' id='word_1_716' title='bbox 3652 3908 3753 3971; x_wconf 78' lang='lat' dir='ltr'><strong>est,</strong></span> 
     </span>
    </p>
   </div>
   <div class='ocr_carea' id='block_1_100' title="bbox 2186 3996 3757 4065">
    <p class='ocr_par' dir='ltr' id='par_1_100' title="bbox 2186 3996 3757 4065">
     <span class='ocr_line' id='line_1_100' title="bbox 2186 3996 3757 4065; baseline -0.006 -12"><span class='ocrx_word' id='word_1_717' title='bbox 2186 3999 2306 4053; x_wconf 89' lang='lat' dir='ltr'><strong>ideo</strong></span> <span class='ocrx_word' id='word_1_718' title='bbox 2364 4001 2523 4054; x_wconf 89' lang='lat' dir='ltr'><strong>etiam</strong></span> <span class='ocrx_word' id='word_1_719' title='bbox 2576 4013 2641 4052; x_wconf 76' lang='lat' dir='ltr'><strong>ex</strong></span> <span class='ocrx_word' id='word_1_720' title='bbox 2701 3998 2820 4065; x_wconf 63' lang='lat' dir='ltr'><strong>ipso</strong></span> <span class='ocrx_word' id='word_1_721' title='bbox 2867 4007 2970 4059; x_wconf 91' lang='lat' dir='ltr'><strong>est,</strong></span> <span class='ocrx_word' id='word_1_722' title='bbox 3032 3996 3520 4050; x_wconf 83' lang='lat' dir='ltr'><strong>consubstantialis</strong></span> <span class='ocrx_word' id='word_1_723' title='bbox 3555 3996 3757 4061; x_wconf 77' lang='lat' dir='ltr'><strong>quippe</strong></span> 
     </span>
    </p>
   </div>
   <div class='ocr_carea' id='block_1_101' title="bbox 2187 4086 3756 4156">
    <p class='ocr_par' dir='ltr' id='par_1_101' title="bbox 2187 4086 3756 4156">
     <span class='ocr_line' id='line_1_101' title="bbox 2187 4086 3756 4156; baseline -0.004 -14"><span class='ocrx_word' id='word_1_724' title='bbox 2187 4091 2419 4151; x_wconf 85' lang='lat' dir='ltr'><strong>ratione,</strong></span> <span class='ocrx_word' id='word_1_725' title='bbox 2462 4104 2628 4142; x_wconf 91' lang='lat' dir='ltr'><strong>unum</strong></span> <span class='ocrx_word' id='word_1_726' title='bbox 2666 4099 2815 4146; x_wconf 87' lang='lat' dir='ltr'><strong>sunt.</strong></span> <span class='ocrx_word' id='word_1_727' title='bbox 2866 4088 3157 4156; x_wconf 81' lang='lat' dir='ltr'><strong>nullusque</strong></span> <span class='ocrx_word' id='word_1_728' title='bbox 3183 4086 3316 4138; x_wconf 82' lang='lat' dir='ltr'><strong>ordo</strong></span> <span class='ocrx_word' id='word_1_729' title='bbox 3343 4128 3357 4151; x_wconf 95' lang='lat'><strong>,</strong></span> <span class='ocrx_word' id='word_1_730' title='bbox 3392 4101 3487 4139; x_wconf 86' lang='lat' dir='ltr'><strong>seu</strong></span> <span class='ocrx_word' id='word_1_731' title='bbox 3518 4086 3756 4145; x_wconf 71' lang='lat' dir='ltr'><strong>habitus,</strong></span> 
     </span>
    </p>
   </div>
   <div class='ocr_carea' id='block_1_102' title="bbox 2190 4177 3756 4249">
    <p class='ocr_par' dir='ltr' id='par_1_102' title="bbox 2190 4177 3756 4249">
     <span class='ocr_line' id='line_1_102' title="bbox 2190 4177 3756 4249; baseline -0.008 -14"><span class='ocrx_word' id='word_1_732' title='bbox 2190 4197 2285 4235; x_wconf 90' lang='lat' dir='ltr'><strong>seu</strong></span> <span class='ocrx_word' id='word_1_733' title='bbox 2330 4194 2617 4249; x_wconf 85' lang='lat' dir='ltr'><strong>processus</strong></span> <span class='ocrx_word' id='word_1_734' title='bbox 2668 4179 2987 4247; x_wconf 90' lang='lat' dir='ltr'><strong>inspicitur,</strong></span> <span class='ocrx_word' id='word_1_735' title='bbox 3023 4178 3147 4246; x_wconf 91' lang='lat' dir='ltr'><strong>quia</strong></span> <span class='ocrx_word' id='word_1_736' title='bbox 3195 4192 3302 4230; x_wconf 91' lang='lat' dir='ltr'><strong>una</strong></span> <span class='ocrx_word' id='word_1_737' title='bbox 3358 4177 3591 4228; x_wconf 82' lang='lat' dir='ltr'><strong>essentia</strong></span> <span class='ocrx_word' id='word_1_738' title='bbox 3655 4186 3756 4234; x_wconf 64' lang='lat' dir='ltr'><strong>Osi,</strong></span> 
     </span>
    </p>
   </div>
   <div class='ocr_carea' id='block_1_103' title="bbox 2189 4266 3759 4337">
    <p class='ocr_par' dir='ltr' id='par_1_103' title="bbox 2189 4266 3759 4337">
     <span class='ocr_line' id='line_1_103' title="bbox 2189 4266 3759 4337; baseline -0.006 -14"><span class='ocrx_word' id='word_1_739' title='bbox 2189 4284 2466 4337; x_wconf 90' lang='lat' dir='ltr'><strong>unumque</strong></span> <span class='ocrx_word' id='word_1_740' title='bbox 2520 4269 2649 4321; x_wconf 88' lang='lat' dir='ltr'><strong>illud</strong></span> <span class='ocrx_word' id='word_1_741' title='bbox 2683 4268 2984 4321; x_wconf 83' lang='lat' dir='ltr'><strong>secundum</strong></span> <span class='ocrx_word' id='word_1_742' title='bbox 3019 4280 3077 4319; x_wconf 90' lang='lat' dir='ltr'><strong>se</strong></span> <span class='ocrx_word' id='word_1_743' title='bbox 3117 4266 3457 4318; x_wconf 85' lang='lat' dir='ltr'><strong>individuum</strong></span> <span class='ocrx_word' id='word_1_744' title='bbox 3501 4273 3604 4327; x_wconf 85' lang='lat' dir='ltr'><strong>est,</strong></span> <span class='ocrx_word' id='word_1_745' title='bbox 3667 4266 3759 4316; x_wconf 66' lang='lat' dir='ltr'><strong>sed</strong></span> 
     </span>
    </p>
   </div>
   <div class='ocr_carea' id='block_1_104' title="bbox 2188 4354 3759 4430">
    <p class='ocr_par' dir='ltr' id='par_1_104' title="bbox 2188 4354 3759 4430">
     <span class='ocr_line' id='line_1_104' title="bbox 2188 4354 3759 4430; baseline -0.004 -17"><span class='ocrx_word' id='word_1_746' title='bbox 2188 4361 2445 4430; x_wconf 90' lang='lat' dir='ltr'><strong>quoniam</strong></span> <span class='ocrx_word' id='word_1_747' title='bbox 2478 4375 2540 4412; x_wconf 78' lang='lat' dir='ltr'><strong>ex</strong></span> <span class='ocrx_word' id='word_1_748' title='bbox 2576 4360 2692 4427; x_wconf 88' lang='lat' dir='ltr'><strong>ipso</strong></span> <span class='ocrx_word' id='word_1_749' title='bbox 2721 4368 2824 4425; x_wconf 90' lang='lat' dir='ltr'><strong>est,</strong></span> <span class='ocrx_word' id='word_1_750' title='bbox 2859 4358 3059 4411; x_wconf 84' lang='lat' dir='ltr'><strong>ideirco</strong></span> <span class='ocrx_word' id='word_1_751' title='bbox 3084 4357 3243 4410; x_wconf 89' lang='lat' dir='ltr'><strong>etiam</strong></span> <span class='ocrx_word' id='word_1_752' title='bbox 3276 4354 3759 4408; x_wconf 65' lang='lat' dir='ltr'><strong>consubstantialis</strong></span> 
     </span>
    </p>
   </div>
   <div class='ocr_carea' id='block_1_105' title="bbox 2191 4445 3760 4519">
    <p class='ocr_par' dir='ltr' id='par_1_105' title="bbox 2191 4445 3760 4519">
     <span class='ocr_line' id='line_1_105' title="bbox 2191 4445 3760 4519; baseline -0.009 -12"><span class='ocrx_word' id='word_1_753' title='bbox 2191 4463 2274 4507; x_wconf 87' lang='lat' dir='ltr'><strong>est</strong></span> <span class='ocrx_word' id='word_1_754' title='bbox 2309 4470 2321 4505; x_wconf 89' lang='lat'><strong>:</strong></span> <span class='ocrx_word' id='word_1_755' title='bbox 2358 4452 2605 4519; x_wconf 86' lang='lat' dir='ltr'><strong>sequitur</strong></span> <span class='ocrx_word' id='word_1_756' title='bbox 2653 4451 2794 4502; x_wconf 89' lang='lat' dir='ltr'><strong>enim</strong></span> <span class='ocrx_word' id='word_1_757' title='bbox 2846 4448 3155 4517; x_wconf 71' lang='lat' dir='ltr'><strong>huiusmodi</strong></span> <span class='ocrx_word' id='word_1_758' title='bbox 3184 4462 3383 4505; x_wconf 58' lang='lat' dir='ltr'><strong>causae.</strong></span> <span class='ocrx_word' id='word_1_759' title='bbox 3417 4445 3650 4499; x_wconf 79' lang='lat' dir='ltr'><strong>causalis</strong></span> <span class='ocrx_word' id='word_1_760' title='bbox 3675 4461 3760 4508; x_wconf 69' lang='lat' dir='ltr'><strong>[IE3</strong></span> 
     </span>
    </p>
   </div>
   <div class='ocr_carea' id='block_1_106' title="bbox 2671 4538 3761 4600">
    <p class='ocr_par' dir='ltr' id='par_1_106' title="bbox 2671 4538 3761 4600">
     <span class='ocr_line' id='line_1_106' title="bbox 2671 4538 3761 4600; baseline -0.006 -7"><span class='ocrx_word' id='word_1_761' title='bbox 2671 4540 3249 4600; x_wconf 81' lang='lat' dir='ltr'><strong>eonsuhstantialitas,</strong></span> <span class='ocrx_word' id='word_1_762' title='bbox 3309 4539 3447 4591; x_wconf 82' lang='lat' dir='ltr'><strong>sicut</strong></span> <span class='ocrx_word' id='word_1_763' title='bbox 3493 4548 3542 4588; x_wconf 75' lang='grc' dir='ltr'><strong>ιιι</strong></span> <span class='ocrx_word' id='word_1_764' title='bbox 3648 4538 3761 4588; x_wconf 71' lang='lat' dir='ltr'><strong>l—‘iiii</strong></span> 
     </span>
    </p>
   </div>
   <div class='ocr_carea' id='block_1_107' title="bbox 2203 4630 3765 4700">
    <p class='ocr_par' dir='ltr' id='par_1_107' title="bbox 2203 4630 3765 4700">
     <span class='ocr_line' id='line_1_107' title="bbox 2203 4630 3765 4700; baseline -0.007 -9"><span class='ocrx_word' id='word_1_765' title='bbox 2203 4653 2423 4698; x_wconf 86' lang='lat' dir='ltr'><strong>nomen,</strong></span> <span class='ocrx_word' id='word_1_766' title='bbox 2485 4634 2782 4689; x_wconf 87' lang='lat' dir='ltr'><strong>secundum</strong></span> <span class='ocrx_word' id='word_1_767' title='bbox 2840 4648 2897 4685; x_wconf 88' lang='lat' dir='ltr'><strong>sc</strong></span> <span class='ocrx_word' id='word_1_768' title='bbox 2924 4632 3138 4700; x_wconf 91' lang='lat' dir='ltr'><strong>quidem</strong></span> <span class='ocrx_word' id='word_1_769' title='bbox 3186 4646 3499 4700; x_wconf 84' lang='lat' dir='ltr'><strong>processum</strong></span> <span class='ocrx_word' id='word_1_770' title='bbox 3535 4630 3617 4682; x_wconf 85' lang='lat' dir='ltr'><strong>ali-</strong></span> <span class='ocrx_word' id='word_1_771' title='bbox 3643 4630 3765 4695; x_wconf 72' lang='lat' dir='ltr'><strong>nius</strong></span> 
     </span>
    </p>
   </div>
   <div class='ocr_carea' id='block_1_108' title="bbox 2201 4723 3738 4796">
    <p class='ocr_par' dir='ltr' id='par_1_108' title="bbox 2201 4723 3738 4796">
     <span class='ocr_line' id='line_1_108' title="bbox 2201 4723 3738 4796; baseline -0.011 -13"><span class='ocrx_word' id='word_1_772' title='bbox 2201 4744 2265 4783; x_wconf 79' lang='lat' dir='ltr'><strong>ex</strong></span> <span class='ocrx_word' id='word_1_773' title='bbox 2303 4728 2485 4796; x_wconf 88' lang='lat' dir='ltr'><strong>aliquo</strong></span> <span class='ocrx_word' id='word_1_774' title='bbox 2541 4724 2912 4793; x_wconf 90' lang='lat' dir='ltr'><strong>principaliter</strong></span> <span class='ocrx_word' id='word_1_775' title='bbox 2968 4724 3175 4776; x_wconf 81' lang='lat' dir='ltr'><strong>indicat</strong></span> <span class='ocrx_word' id='word_1_776' title='bbox 3210 4723 3260 4773; x_wconf 91' lang='lat' dir='ltr'><strong>in</strong></span> <span class='ocrx_word' id='word_1_777' title='bbox 3313 4724 3500 4773; x_wconf 84' lang='lat' dir='ltr'><strong>eadem</strong></span> <span class='ocrx_word' id='word_1_778' title='bbox 3560 4724 3738 4787; x_wconf 72' lang='lat' dir='ltr'><strong>specie</strong></span> 
     </span>
    </p>
   </div>
   <div class='ocr_carea' id='block_1_109' title="bbox 2202 4813 3764 4887">
    <p class='ocr_par' dir='ltr' id='par_1_109' title="bbox 2202 4813 3764 4887">
     <span class='ocr_line' id='line_1_109' title="bbox 2202 4813 3764 4887; baseline -0.008 -14"><span class='ocrx_word' id='word_1_779' title='bbox 2202 4827 2597 4887; x_wconf 85' lang='lat' dir='ltr'><strong>eonscqucnter</strong></span> <span class='ocrx_word' id='word_1_780' title='bbox 2697 4830 2824 4868; x_wconf 83' lang='lat' dir='ltr'><strong>vero</strong></span> <span class='ocrx_word' id='word_1_781' title='bbox 2910 4813 3530 4868; x_wconf 80' lang='lat' dir='ltr'><strong>consubstantialitatem</strong></span> <span class='ocrx_word' id='word_1_782' title='bbox 3627 4824 3764 4866; x_wconf 79' lang='lat' dir='ltr'><strong>ess-..</strong></span> 
     </span>
    </p>
   </div>
   <div class='ocr_carea' id='block_1_110' title="bbox 2201 4904 3740 4976">
    <p class='ocr_par' dir='ltr' id='par_1_110' title="bbox 2201 4904 3740 4976">
     <span class='ocr_line' id='line_1_110' title="bbox 2201 4904 3740 4976; baseline -0.006 -14"><span class='ocrx_word' id='word_1_783' title='bbox 2201 4910 2356 4968; x_wconf 75' lang='lat' dir='ltr'><strong>Nam,</strong></span> <span class='ocrx_word' id='word_1_784' title='bbox 2414 4907 2557 4976; x_wconf 90' lang='lat' dir='ltr'><strong>quod</strong></span> <span class='ocrx_word' id='word_1_785' title='bbox 2603 4907 2670 4959; x_wconf 86' lang='lat' dir='ltr'><strong>ita</strong></span> <span class='ocrx_word' id='word_1_786' title='bbox 2724 4905 2999 4975; x_wconf 81' lang='lat' dir='ltr'><strong>procedit,</strong></span> <span class='ocrx_word' id='word_1_787' title='bbox 3058 4909 3368 4958; x_wconf 88' lang='lat' dir='ltr'><strong>necessario</strong></span> <span class='ocrx_word' id='word_1_788' title='bbox 3405 4904 3567 4957; x_wconf 82' lang='lat' dir='ltr'><strong>etiam</strong></span> <span class='ocrx_word' id='word_1_789' title='bbox 3642 4919 3740 4956; x_wconf 71' lang='lat' dir='ltr'><strong>cm:</strong></span> 
     </span>
    </p>
   </div>
   <div class='ocr_carea' id='block_1_111' title="bbox 2199 4998 2723 5055">
    <p class='ocr_par' dir='ltr' id='par_1_111' title="bbox 2199 4998 2723 5055">
     <span class='ocr_line' id='line_1_111' title="bbox 2199 4998 2723 5055; baseline -0.013 0"><span class='ocrx_word' id='word_1_790' title='bbox 2199 4998 2563 5055; x_wconf 86' lang='lat' dir='ltr'><strong>substantiale</strong></span> <span class='ocrx_word' id='word_1_791' title='bbox 2622 5006 2723 5049; x_wconf 90' lang='lat' dir='ltr'><strong>est.</strong></span> 
     </span>
    </p>
   </div>
   <div class='ocr_carea' id='block_1_112' title="bbox 2274 5083 3769 5159">
    <p class='ocr_par' dir='ltr' id='par_1_112' title="bbox 2274 5083 3769 5159">
     <span class='ocr_line' id='line_1_112' title="bbox 2274 5083 3769 5159; baseline -0.006 -17"><span class='ocrx_word' id='word_1_792' title='bbox 2274 5092 2458 5159; x_wconf 79' lang='lat' dir='ltr'><strong>Itaque</strong></span> <span class='ocrx_word' id='word_1_793' title='bbox 2489 5089 2540 5139; x_wconf 91' lang='lat' dir='ltr'><strong>id</strong></span> <span class='ocrx_word' id='word_1_794' title='bbox 2574 5086 2813 5155; x_wconf 80' lang='lat' dir='ltr'><strong>quidem,</strong></span> <span class='ocrx_word' id='word_1_795' title='bbox 2838 5084 2981 5154; x_wconf 88' lang='lat' dir='ltr'><strong>quod</strong></span> <span class='ocrx_word' id='word_1_796' title='bbox 3002 5085 3200 5139; x_wconf 85' lang='lat' dir='ltr'><strong>dicitur</strong></span> <span class='ocrx_word' id='word_1_797' title='bbox 3232 5083 3373 5138; x_wconf 90' lang='lat' dir='ltr'><strong>istud</strong></span> <span class='ocrx_word' id='word_1_798' title='bbox 3403 5098 3468 5136; x_wconf 72' lang='lat' dir='ltr'><strong>cx</strong></span> <span class='ocrx_word' id='word_1_799' title='bbox 3496 5083 3598 5135; x_wconf 85' lang='lat' dir='ltr'><strong>isto</strong></span> <span class='ocrx_word' id='word_1_800' title='bbox 3629 5096 3769 5142; x_wconf 79' lang='lat' dir='ltr'><strong>esse,</strong></span> 
     </span>
    </p>
   </div>
   <div class='ocr_carea' id='block_1_113' title="bbox 2205 5178 3774 5249">
    <p class='ocr_par' dir='ltr' id='par_1_113' title="bbox 2205 5178 3774 5249">
     <span class='ocr_line' id='line_1_113' title="bbox 2205 5178 3774 5249; baseline -0.008 -11"><span class='ocrx_word' id='word_1_801' title='bbox 2205 5194 2264 5238; x_wconf 91' lang='lat' dir='ltr'><strong>ut</strong></span> <span class='ocrx_word' id='word_1_802' title='bbox 2288 5199 2447 5238; x_wconf 84' lang='lat' dir='ltr'><strong>causa</strong></span> <span class='ocrx_word' id='word_1_803' title='bbox 2479 5184 2766 5249; x_wconf 81' lang='lat' dir='ltr'><strong>accipitur,</strong></span> <span class='ocrx_word' id='word_1_804' title='bbox 2801 5196 2960 5245; x_wconf 49' lang='lat' dir='ltr'><strong>porro</strong></span> <span class='ocrx_word' id='word_1_805' title='bbox 2984 5179 3125 5247; x_wconf 91' lang='lat' dir='ltr'><strong>quod</strong></span> <span class='ocrx_word' id='word_1_806' title='bbox 3159 5179 3259 5231; x_wconf 88' lang='lat' dir='ltr'><strong>ista</strong></span> <span class='ocrx_word' id='word_1_807' title='bbox 3286 5187 3502 5246; x_wconf 86' lang='lat' dir='ltr'><strong>propter</strong></span> <span class='ocrx_word' id='word_1_808' title='bbox 3529 5178 3742 5242; x_wconf 82' lang='lat' dir='ltr'><strong>ejusmo</strong></span> <span class='ocrx_word' id='word_1_809' title='bbox 3763 5204 3774 5213; x_wconf 85' lang='lat'><strong>-</strong></span> 
     </span>
    </p>
   </div>
   <div class='ocr_carea' id='block_1_114' title="bbox 2210 5269 3766 5343">
    <p class='ocr_par' dir='ltr' id='par_1_114' title="bbox 2210 5269 3766 5343">
     <span class='ocr_line' id='line_1_114' title="bbox 2210 5269 3766 5343; baseline -0.006 -17"><span class='ocrx_word' id='word_1_810' title='bbox 2210 5276 2257 5326; x_wconf 91' lang='lat' dir='ltr'><strong>di</strong></span> <span class='ocrx_word' id='word_1_811' title='bbox 2292 5288 2603 5343; x_wconf 87' lang='lat' dir='ltr'><strong>processum</strong></span> <span class='ocrx_word' id='word_1_812' title='bbox 2644 5272 3007 5340; x_wconf 77' lang='lat' dir='ltr'><strong>:equivoetnn.</strong></span> <span class='ocrx_word' id='word_1_813' title='bbox 3058 5269 3553 5323; x_wconf 87' lang='lat' dir='ltr'><strong>consubstantialia</strong></span> <span class='ocrx_word' id='word_1_814' title='bbox 3619 5276 3766 5322; x_wconf 72' lang='lat' dir='ltr'><strong>sunt.</strong></span> 
     </span>
    </p>
   </div>
   <div class='ocr_carea' id='block_1_115' title="bbox 2211 5359 3777 5429">
    <p class='ocr_par' dir='ltr' id='par_1_115' title="bbox 2211 5359 3777 5429">
     <span class='ocr_line' id='line_1_115' title="bbox 2211 5359 3777 5429; baseline -0.004 -13"><span class='ocrx_word' id='word_1_815' title='bbox 2211 5376 2265 5418; x_wconf 88' lang='lat' dir='ltr'><strong>ut</strong></span> <span class='ocrx_word' id='word_1_816' title='bbox 2297 5364 2513 5418; x_wconf 80' lang='lat' dir='ltr'><strong>causale</strong></span> <span class='ocrx_word' id='word_1_817' title='bbox 2571 5373 2649 5415; x_wconf 90' lang='lat' dir='ltr'><strong>est</strong></span> <span class='ocrx_word' id='word_1_818' title='bbox 2687 5378 2699 5425; x_wconf 91' lang='lat'><strong>;</strong></span> <span class='ocrx_word' id='word_1_819' title='bbox 2754 5378 2928 5429; x_wconf 76' lang='lat' dir='ltr'><strong>neque</strong></span> <span class='ocrx_word' id='word_1_820' title='bbox 2969 5360 3110 5413; x_wconf 85' lang='lat' dir='ltr'><strong>enim</strong></span> <span class='ocrx_word' id='word_1_821' title='bbox 3148 5374 3392 5422; x_wconf 90' lang='lat' dir='ltr'><strong>causam,</strong></span> <span class='ocrx_word' id='word_1_822' title='bbox 3451 5368 3508 5411; x_wconf 87' lang='grc' dir='ltr'><strong>ιιι</strong></span> <span class='ocrx_word' id='word_1_823' title='bbox 3558 5359 3777 5409; x_wconf 68' lang='grc' dir='ltr'>(ἰαιιςμισι</span> 
     </span>
    </p>
   </div>
   <div class='ocr_carea' id='block_1_116' title="bbox 2212 5451 3775 5527">
    <p class='ocr_par' dir='ltr' id='par_1_116' title="bbox 2212 5451 3775 5527">
     <span class='ocr_line' id='line_1_116' title="bbox 2212 5451 3775 5527; baseline -0.004 -17"><span class='ocrx_word' id='word_1_824' title='bbox 2212 5473 2410 5527; x_wconf 89' lang='lat' dir='ltr'><strong>ponere</strong></span> <span class='ocrx_word' id='word_1_825' title='bbox 2447 5465 2679 5523; x_wconf 87' lang='lat' dir='ltr'><strong>oportet,</strong></span> <span class='ocrx_word' id='word_1_826' title='bbox 2718 5455 2860 5522; x_wconf 86' lang='lat' dir='ltr'><strong>quod</strong></span> <span class='ocrx_word' id='word_1_827' title='bbox 2912 5455 3131 5522; x_wconf 85' lang='lat' dir='ltr'><strong>quidam</strong></span> <span class='ocrx_word' id='word_1_828' title='bbox 3158 5452 3606 5506; x_wconf 76' lang='lat' dir='ltr'><strong>irrationabiliter</strong></span> <span class='ocrx_word' id='word_1_829' title='bbox 3645 5451 3775 5504; x_wconf 71' lang='lat' dir='ltr'><strong>tari-</strong></span> 
     </span>
    </p>
   </div>
   <div class='ocr_carea' id='block_1_117' title="bbox 2213 5544 3773 5614">
    <p class='ocr_par' dir='ltr' id='par_1_117' title="bbox 2213 5544 3773 5614">
     <span class='ocr_line' id='line_1_117' title="bbox 2213 5544 3773 5614; baseline -0.004 -14"><span class='ocrx_word' id='word_1_830' title='bbox 2213 5560 2309 5602; x_wconf 88' lang='lat' dir='ltr'><strong>ttttt</strong></span> <span class='ocrx_word' id='word_1_831' title='bbox 2342 5589 2355 5613; x_wconf 95' lang='lat'><strong>,</strong></span> <span class='ocrx_word' id='word_1_832' title='bbox 2402 5549 2639 5601; x_wconf 77' lang='lat' dir='ltr'><strong>dicentes</strong></span> <span class='ocrx_word' id='word_1_833' title='bbox 2706 5556 2922 5614; x_wconf 63' lang='lat' dir='ltr'><strong>propter</strong></span> <span class='ocrx_word' id='word_1_834' title='bbox 2972 5546 3535 5599; x_wconf 75' lang='lat' dir='ltr'><strong>consubstantialitaie</strong></span> <span class='ocrx_word' id='word_1_835' title='bbox 3564 5561 3592 5596; x_wconf 80' lang='lat' dir='ltr'><strong>tl</strong></span> <span class='ocrx_word' id='word_1_836' title='bbox 3668 5544 3773 5595; x_wconf 74' lang='lat' dir='ltr'><strong>ilu-t</strong></span> 
     </span>
    </p>
   </div>
   <div class='ocr_carea' id='block_1_118' title="bbox 2216 5638 3775 5709">
    <p class='ocr_par' dir='ltr' id='par_1_118' title="bbox 2216 5638 3775 5709">
     <span class='ocr_line' id='line_1_118' title="bbox 2216 5638 3775 5709; baseline -0.004 -14"><span class='ocrx_word' id='word_1_837' title='bbox 2216 5640 2408 5695; x_wconf 73' lang='lat' dir='ltr'><strong>Filium</strong></span> <span class='ocrx_word' id='word_1_838' title='bbox 2470 5639 2751 5709; x_wconf 89' lang='lat' dir='ltr'><strong>proptiuut</strong></span> <span class='ocrx_word' id='word_1_839' title='bbox 2810 5638 3010 5702; x_wconf 79' lang='lat' dir='ltr'><strong>Patris,</strong></span> <span class='ocrx_word' id='word_1_840' title='bbox 3070 5648 3125 5691; x_wconf 88' lang='lat' dir='ltr'><strong>et</strong></span> <span class='ocrx_word' id='word_1_841' title='bbox 3178 5638 3443 5708; x_wconf 79' lang='lat' dir='ltr'><strong>Spiritum</strong></span> <span class='ocrx_word' id='word_1_842' title='bbox 3500 5650 3775 5707; x_wconf 71' lang='lat' dir='ltr'><strong>pri-prum</strong></span> 
     </span>
    </p>
   </div>
  </div>
