4462 6440
716 380 784 444 δ’]
1981 399 2367 461 MANL'ELIS
2398 410 2478 463 (Ἀ

2187 403 2367 461 ELIS
2398 410 2700 471 euecti:
3877 397 3949 474 εδ

713 594 904 645 tutcm,
929 594 975 634 ct
1004 587 1430 640 substantialiter
1457 590 1672 642 insitam
1698 597 2065 659 operationem
2097 597 2290 664 Patris;

717 676 978 741 Spiritum
1035 692 1160 730 vero
1193 679 1478 748 imaginem
1525 681 1666 742 Filii,
1704 695 1758 736 et
1789 687 2068 754 virtutem,
2103 703 2156 743 et
2193 708 2290 743 ua-

715 764 944 816 tnralem
1013 767 1406 833 Opi-rationem,
1472 781 1524 821 et
1578 775 2010 830 substantialiter
2071 781 2287 833 insitam

715 854 911 921 ipsius;
953 857 1064 908 lure
1092 859 1234 910 enim
1265 861 1446 913 omnia
1481 879 1698 915 causam
1727 875 1782 919 ct
1819 871 2037 922 causale
2072 871 2290 938 signare

710 962 739 998 a
781 949 988 1000 sanctis
1024 949 1276 1004 l'atrihns
1309 963 1585 1006 ostensum
1628 967 1709 1008 est
1739 974 1752 1019 ;
1814 961 2094 1025 proprium
2123 965 2285 1028 quip-

716 1052 778 1102 pe
811 1038 1021 1102 dicunt,
1050 1043 1307 1108 quoniam
1340 1057 1402 1095 cx
1440 1046 1558 1111 ipso
1589 1056 1672 1098 est
1699 1062 1712 1108 ;
1773 1056 1824 1099 et
1850 1050 1951 1100 alia
1982 1067 2100 1118 quae
2127 1068 2285 1118 supra

712 1140 1019 1189 posmmns.

783 1260 1088 1315 Attcslatur
1122 1265 1202 1318 bis
1246 1283 1473 1334 magnus
1515 1267 1745 1323 Basilius
1779 1273 1828 1323 in
1863 1288 2114 1325 u-riuone
2146 1274 2282 1326 Cun-

715 1361 798 1402 tra
833 1351 1118 1406 Subcilium
1165 1367 1209 1407 et
1246 1359 1551 1410 Anonm‘nm
1607 1363 1796 1415 ditens
1840 1380 1853 1414 :
1891 1365 2129 1418 «Patrrm
2155 1383 2285 1418 eou-

715 1445 949 1503 lito'mur,
976 1455 1027 1496 et
1062 1445 1289 1507 Filiuar;
1322 1461 1526 1500 naturze
1560 1461 1665 1503 aut-
1692 1469 1738 1503 m
1770 1453 2130 1514 identitau-m,
2157 1473 2287 1522 quo-

718 1533 862 1583 niam
915 1552 976 1586 ex
1039 1537 1193 1589 Patre
1233 1537 1399 1591 l’ilins
1433 1551 1568 1592 est.)
1620 1542 1678 1595 I'It
1733 1559 1925 1598 rursus
1967 1547 2015 1598 in
2049 1548 2280 1599 eodem:

718 1619 817 1671 .tJt
849 1623 1026 1686 imago
1059 1625 1149 1690 qui
1176 1630 1277 1675 5cm
1321 1631 1639 1682 varii-tatem
1701 1645 1805 1684 non
1838 1633 2016 1696 habet,
2053 1643 2108 1686 ut
2137 1639 2284 1704 geni-

713 1723 798 1765 tus
836 1722 1035 1772 autem,
1071 1719 1361 1770 toiisubsla
1392 1720 1689 1772 .tialitatem
1751 1734 1950 1775 servat.
1995 1743 2011 1774 ι
2047 1724 2279 1782 Sanctus

713 1812 891 1853 autem
930 1803 1184 1871 (Ty-iilus,
1241 1823 1403 1874 super
1469 1810 1644 1862 illud:
1685 1811 1817 1864 Cum
1872 1817 2066 1867 venerit
2118 1833 2282 1882 para-
2318 1845 2360 1902 Β

713 1895 938 1946 rictus”
977 1933 991 1954 ,
1035 1897 1218 1964 Itaque
1287 1913 1407 1949 cum
1459 1900 1684 1962 diceret,
1736 1903 1958 1972 inquit:
2005 1904 2120 1958 Non
2171 1911 2286 1976 spi-

714 1987 1055 2049 rimmltuins
1111 1991 1293 2040 swculi
1353 1995 1676 2059 accepimus,
1731 1995 1830 2047 sed
1885 1994 2164 2064 Spiritum,
2199 1989 2288 2068 qui

713 2091 776 2125 t-.r
816 2076 916 2126 ι)εο
941 2078 1098 2136 est”,
1143 2081 1415 2140 ostendit,
1462 2098 1567 2134 non
1606 2086 1866 2138 mundani
1909 2091 2146 2156 generis,
2192 2094 2283 2144 sed

712 2166 787 2217 dii
808 2168 908 2219 inte
934 2172 1180 2220 essentia:
1203 2188 1320 2224 esse
1347 2172 1606 2239 Spiritum
1635 2188 1906 2229 sanctum.
1925 2197 1942 2228 ι
1961 2178 2102 2232 Idem
2124 2198 2286 2250 super

711 2257 840 2309 iii'rd
881 2259 1328 2322 :Quiazlrscmdi
1385 2265 1449 2316 de
1503 2265 1648 2327 cmlo,
1701 2283 1801 2319 non
1858 2277 1913 2320 ut
1969 2270 2162 2336 faciam
2199 2289 2286 2328 vo-

1531 2380 1547 2408 σ
1592 2363 1746 2425 Quod
1801 2363 1945 2416 enim
2004 2380 2066 2418 ex
2123 2365 2283 2420 Patre

713 2458 871 2496 natus
901 2461 1018 2498 esse
1050 2445 1222 2500 Filius
1257 2449 1476 2512 dicitur,
1511 2467 1734 2523 prorsus
1764 2456 1925 2506 etiam
1958 2455 2155 2509 invitos
2186 2471 2278 2510 co-

708 2550 795 2600 μιει
823 2538 893 2589 illi
926 2540 1443 2594 censnbstant‘valem
1475 2557 1594 2595 cum
1619 2542 1898 2598 fatei'iJl-Zt
1926 2563 2116 2600 rursus
2148 2547 2199 2601 in
2221 2563 2280 2601 tu

708 2631 777 2680 αλ
839 2630 1154 2682 "crinium:
1195 2651 1211 2680 α
1246 2632 1515 2694 Qumriam
1574 2651 1638 2688 ex
1691 2638 1804 2703 ipsa
1855 2636 1944 2691 Dei
2000 2648 2053 2692 et
2107 2638 2280 2693 Patris

707 2724 940 2775 cssemia
972 2736 1126 2776 ortus
1157 2734 1234 2777 est
1271 2725 1436 2779 Filius
1462 2769 1473 2787 ,
1500 2741 1606 2779 non
1655 2727 1810 2782 aliter
1846 2744 2006 2798 quam
2046 2731 2133 2784 ille
2160 2747 2282 2786 esse

639 2869 642 2872 ,
711 2814 1069 2882 ίιιιτιΙΙίεθιιιν,
1114 2827 1380 2882 quantum
1416 2817 1480 2870 ad
1526 2819 1860 2872 identitatem
1916 2822 2272 2874 naturalem.»

791 2906 1026 2957 Sanetus
1061 2921 1187 2958 vero
1219 2905 1491 2960 Maximus
1523 2923 1644 2960 cum
1678 2919 1990 2978 exponeret,
2015 2912 2142 2979 quid
2174 2913 2274 2964 sibi

709 2997 836 3048 velit
869 3002 1009 3065 apud
1044 3000 1364 3065 proplu‘tam
1398 2997 1718 3053 Zachariam
1740 3003 1804 3065 δ’,
1827 3018 2050 3056 aureum
2077 3005 2280 3056 candeo

712 3089 944 3150 labrum,
979 3101 1030 3141 ct
1062 3106 1226 3157 super
1259 3107 1379 3142 eum
1419 3091 1644 3160 lampis,
1673 3099 1744 3144 ait
1784 3112 1796 3146 :
1834 3112 1852 3144 ‹
1891 3095 2126 3162 Spiritus
2155 3111 2233 3148 sal

709 3191 852 3238 ctus,
883 3179 1348 3245 quemadmodum
1385 3182 1706 3234 naturaliter
1745 3185 2049 3238 secundum
2087 3201 2276 3238 essen-

705 3271 832 3322 tiam
868 3269 959 3324 Dei
993 3280 1044 3322 et
1081 3272 1251 3323 Patris
1283 3284 1384 3334 est,
1420 3272 1490 3324 ita
1543 3285 1592 3326 ct
1617 3273 1735 3327 Filii
1763 3276 2062 3328 secundum
2096 3292 2282 3330 εεδηιι-

710 3366 840 3416 tiam
874 3373 1015 3424 est,»
1045 3365 1203 3430 qttzisi
1236 3379 1299 3416 ex
1340 3363 1496 3418 Patre
1529 3367 1896 3420 essentialiler
1923 3383 2018 3436 per
2070 3365 2265 3434 Filium

706 3459 946 3526 genitum
994 3457 1334 3510 inelilrblliter
1368 3458 1643 3524 prodiens.

709 2354 962 2406 larualem
1019 2359 1276 2420 meum“,
1341 2361 1471 2412 ait:

777 3594 1004 3645 (lotistat
1042 3593 1206 3661 igitur
1237 3609 1300 3646 ex
1343 3595 1426 3648 his
1474 3595 1671 3647 Filium
1721 3593 1868 3648 Patri
1913 3597 2278 3649 consubstan-

705 3688 887 3738 tialem
921 3701 1066 3748 cs~e,
1103 3687 1361 3753 quoniam
1425 3702 1488 3738 ex
1528 3687 1643 3754 ipso
1687 3699 1800 3748 est;
1842 3703 2168 3754 rursmnqne
2195 3704 2279 3740 Sr-

708 3781 946 3833 eundum
991 3779 1239 3831 eamdem
1280 3778 1544 3830 rationem
1571 3779 1832 3844 Spiritum
1867 3778 2007 3832 Filio
2036 3782 2275 3834 consub-

705 3870 1013 3923 stantialem
1078 3884 1220 3930 esse,
1287 3869 1412 3936 quia
1461 3884 1556 3936 per
1605 3868 1784 3937 ipsum
1835 3868 2097 3937 procedit,
2135 3871 2272 3924 etin

703 3963 823 4030 ipso
853 3972 1015 4029 atque
1045 3977 1107 4013 ex
1141 3961 1258 4027 ipso
1290 3969 1392 4013 est.
1422 3961 1525 4013 lsta
1562 3962 1762 4028 quippe
1795 3975 1822 4012 a
1858 3962 2062 4016 sanctis
2093 3961 2276 4017 Eccle-

703 4056 799 4107 siae
845 4053 1118 4121 magistris
1177 4052 1251 4104 ita
1291 4049 1600 4103 traduntur.
1646 4051 1702 4104 Si
1752 4053 1874 4119 quis
1924 4062 2106 4106 autem
2157 4053 2275 4106 ideo

705 4145 986 4213 proprium
1040 4143 1160 4196 Fild
1226 4142 1488 4210 Spiritum
1545 4143 1702 4203 dicit,
1753 4143 1880 4210 quia
1949 4159 2043 4211 per
2097 4145 2270 4212 ipsum

705 4237 788 4287 his
830 4235 919 4301 qui
952 4234 1100 4302 digni
1135 4241 1283 4292 sunt,
1342 4232 1525 4294 datur,
1601 4233 1647 4285 is
1691 4248 1792 4284 mu
1846 4235 1976 4288 sitis
2025 4236 2273 4287 animad-

698 4327 859 4377 vcrtit
885 4327 1002 4378 dari
1042 4326 1182 4390 quod
1217 4324 1440 4386 dicitur,
1474 4325 1768 4392 temporale
1790 4341 1910 4378 esst:
1943 4344 1957 4391 ;
1991 4329 2266 4396 proprium

933 505 975 542 rt
1018 493 1211 545 Ftlium
1249 498 1467 562 quidem
1503 500 1814 566 imaginem.
1844 505 2136 572 vivamque
2175 510 2283 559 vir-
2313 513 2356 570 Λ
2391 530 2564 582 neque
2599 533 2695 572 unc

2187 510 2283 559 *‘if-
2313 513 2356 570 Λ
2391 530 2564 582 neque
2599 533 2837 586 unquam
2873 520 3082 571 dicetur
3117 521 3185 572 ab
3220 522 3302 574 his
3346 521 3436 588 qui
3473 521 3554 588 pic
3588 532 3637 573 et
3689 523 3949 575 callidum:

2395 606 2460 656 de
2495 605 2604 660 Deo
2639 624 2737 660 suo
2764 610 3026 662 sentiunt.

2465 694 2791 764 Quanquam
2871 698 3183 766 hujusmodi
3237 700 3782 752 consubstantialitas
3843 715 3948 750 non

2396 788 2611 853 proprie
2633 789 3170 842 consubstantial'tas
3197 799 3300 847 est.
3325 792 3415 842 sed
3441 805 3502 844 ea
3528 805 3647 856 qua:
3679 789 3952 841 connectit

2393 877 2623 929 alterum
2649 879 2825 942 alteri,
2857 890 3040 946 utpote
3071 894 3163 946 per
3189 880 3362 947 ipsum
3391 895 3456 932 ex
3500 880 3616 946 ipso
3639 878 3951 930 naturaliter

2392 978 2552 1034 atque
2609 969 2969 1021 essentialiter
3019 971 3309 1021 exsisteus.
3351 969 3756 1036 Attestaturque
3824 969 3951 1019 huic

2391 1059 2680 1109 asswtioni
2715 1058 2971 1120 Basilius,
3010 1075 3130 1112 cum
3168 1060 3325 1122 dicit,
3364 1074 3473 1112 non
3522 1074 3644 1126 quae
3695 1073 3951 1125 germana

2392 1147 2620 1200 invicem
2645 1149 2774 1212 sint,
2799 1150 3281 1202 consubstantialia
3304 1150 3433 1204 dici.
3466 1150 3554 1202 Ait
3581 1149 3725 1200 enim
3752 1149 3953 1214 epistu-

2390 1237 2435 1290 la
2465 1243 2530 1292 ad
2559 1241 2800 1293 Canonic
2837 1257 2863 1293 s
2897 1259 2909 1292 :
2953 1257 2970 1288 ι
3001 1241 3268 1304 Quoniam
3303 1240 3466 1306 igitur
3504 1239 3594 1290 lux
3629 1253 3659 1291 a
3687 1238 3953 1306 principio

2394 1329 2554 1382 Pater
2598 1339 2700 1391 est,
2740 1331 2826 1382 lux
2861 1340 3038 1382 autem
3094 1331 3268 1395 genita
3324 1329 3510 1382 Filius.
3547 1329 3660 1380 Lux
3707 1342 3854 1388 vero,
3901 1339 3955 1380 et

2391 1418 2476 1471 lux
2531 1428 2759 1485 utraque
2803 1430 2909 1482 est,
2961 1421 3153 1471 merito
3223 1421 3362 1471 hanc
3433 1417 3950 1471 consubstantialem

2389 1511 2640 1570 dixerint,
2662 1521 2721 1562 ut
2744 1517 2947 1563 natura:
2967 1525 3181 1576 mquam
3208 1511 3462 1562 honorem
3487 1507 3946 1562 commendarent.

2394 1599 2507 1651 Non
2541 1599 2683 1651 enim
2716 1616 2832 1667 qua:
2865 1616 3114 1669 germana
3158 1590 3304 1662 sunt,
3338 1597 3818 1653 consubstantialia
3869 1597 3952 1647 (Ii--

2387 1701 2606 1750 cuntur,
2639 1699 2697 1742 ut
2724 1690 2942 1758 quidam
2972 1690 3216 1742 arbitrati
3243 1698 3368 1740 sunt
3397 1689 3523 1750 ;sed
3557 1703 3680 1740 cum
3712 1696 3766 1738 et
3787 1701 3950 1737 causa

2391 1788 2444 1831 ct
2481 1781 2622 1848 quod
2652 1796 2715 1834 ex
2750 1795 2914 1834 causa
2949 1782 3312 1833 substantiam
3346 1780 3530 1840 habet,
3574 1777 3816 1846 ejusdem
3858 1790 3951 1827 ua-

2394 1883 2525 1926 tnra:
2557 1881 2704 1938 sunt,
2738 1855 3220 1928 consulnstautialia
3253 1871 3529 1924 dicuntur.

2463 1964 2606 2018 Idem
2639 1965 2689 2018 in
2715 1979 2967 2019 sermone
3005 1975 3190 2017 contra
3227 1963 3522 2016 Sabellium
3566 1969 3619 2014 et
3655 1961 3949 2012 Auomoeos

2333 2066 2343 2076 ·
2391 2054 2457 2106 de
2491 2053 2652 2109 Patre
2683 2045 2745 2109 et.
2766 2053 2904 2108 Filio
2935 2055 3211 2108 disserens
3239 2053 3351 2105 ait:
3385 2051 3548 2106 rCum
3573 2061 3751 2104 autem
3787 2066 3946 2101 unam
4015 2073 4022 2078 -

2389 2145 2681 2200 essentiam
2709 2146 2854 2208 dico,
2886 2146 2992 2198 unli
3029 2147 3138 2197 duo
3173 2161 3232 2197 ex
3280 2158 3388 2196 uno
3423 2142 3592 2194 divisa
3626 2142 3947 2207 intelligi-re.

2389 2237 2478 2287 sed
2510 2250 2570 2287 ex
2616 2233 2771 2288 Patre
2803 2235 3068 2303 principio
3103 2233 3298 2286 Filium
3337 2236 3659 2292 subsistere,
3712 2248 3816 2284 non
3851 2230 3950 2282 Pa-

2389 2335 2522 2377 trem
2559 2337 2611 2378 et
2664 2324 2856 2378 Filium
2897 2341 2963 2378 ex
3028 2325 3208 2392 aliqua
3241 2324 3506 2390 snperiori
3547 2318 3944 2375 essent:a.Non

2389 2418 2534 2469 ruim
2591 2431 2846 2484 germana
2885 2415 3165 2478 dicimus;
3213 2413 3304 2467 sed
3361 2412 3571 2465 Putrem
3628 2414 3948 2465 conlitemur

2386 2520 2431 2558 ιιι
2464 2507 2656 2560 Filium
2691 2523 2715 2569 ξ,
2740 2508 2992 2561 essentia:
3022 2521 3148 2559 vero
3178 2506 3537 2570 identitatem,
3590 2503 3846 2572 quoni.uu
3881 2517 3946 2554 ex

2386 2598 2541 2652 Patre
2583 2598 2748 2651 Filius
2787 2612 2887 2652 est.
2932 2616 2952 2651 ι
3657 2583 3661 2587 ”

2457 2689 2569 2744 l-loc
2597 2692 2758 2760 igitur
2791 2691 2841 2743 in
2879 2693 2996 2743 loco
3048 2691 3320 2744 lucretiris
3372 2685 3702 2757 quihusdam
3753 2697 3942 2738 confra

2387 2781 2852 2835 consubstantiale
2881 2779 3053 2834 Patris
3099 2790 3146 2834 et
3180 2779 3298 2832 Filii
3324 2780 3644 2837 nitentibus,
3670 2786 3722 2829 et
3742 2777 3947 2830 calum-

2389 2874 2535 2925 niam
2571 2873 2695 2926 itule
2721 2873 3059 2926 strnentihus
3094 2891 3107 2936 ;
3145 2873 3275 2926 utsi
3315 2872 3529 2938 quidem
3581 2869 3944 2922 consubstan-

2393 2965 2534 3017 tialis
2569 2969 2638 3017 slt
2670 2963 2829 3017 Pater
2859 2963 3017 3025 Filio,
3059 2963 3406 3033 ejusdemque
3453 2962 3725 3025 essentim,
3761 2961 3944 3021 turbo,

2238 3052 2277 3147 ὲ-
2307 3077 2348 3133 c
2385 3071 2479 3121 pro
2513 3054 2666 3107 Patre
2694 3065 2744 3106 et
2777 3053 2932 3119 Fdio,
2965 3055 3073 3108 duo
3115 3055 3445 3108 inducantur
3491 3052 3687 3105 fratres
3743 3066 3807 3103 ex
3837 3065 3943 3103 una

2385 3147 2619 3198 essentia
2651 3163 2663 3198 :
2699 3154 2860 3213 atque
2891 3148 2955 3198 ad
2986 3147 3081 3199 has
3111 3145 3477 3198 absurditates
3511 3143 3802 3204 devolutis,
3837 3155 3950 3192 nia-

2384 3255 2519 3307 guns
2552 3236 2781 3290 Basilius
2831 3237 3080 3290 concedit
3110 3235 3329 3303 quidem
3381 3235 3621 3294 interim,
3665 3248 3782 3301 qua:
3827 3247 3948 3300 ger-

2386 3345 2544 3382 mana
2578 3330 2708 3393 sint,
2745 3330 2975 3382 invicem
3006 3327 3484 3382 consubstantialia
3518 3326 3623 3378 dici
3663 3342 3674 3376 :
3710 3327 3800 3378 sed
3833 3333 3945 3377 tum

2385 3421 2649 3488 profecto,
2681 3434 2801 3473 cum
2836 3429 2889 3472 et
2913 3433 3096 3482 causa,
3129 3427 3183 3472 et
3207 3420 3351 3486 quod
3383 3433 3444 3470 ex
3492 3433 3654 3471 causa
3687 3417 3945 3470 substan-

2385 3515 2513 3566 tiam
2546 3513 2734 3577 habet,
2762 3513 3010 3582 ejusdem
3067 3521 3273 3566 natura:
3334 3511 3559 3566 fuerint.
3618 3510 3684 3564 Et
3733 3511 3883 3564 addit
3931 3527 3945 3562 :

2390 3624 2404 3653 ι
2433 3602 2547 3655 Non
2563 3604 2706 3656 enim
2722 3603 3247 3672 germanadicimus,
3273 3602 3367 3656 sed
3391 3601 3598 3655 Patrem
3626 3602 3949 3656 conﬁtemur

2381 3703 2434 3744 et
2460 3691 2678 3756 Filium,
2700 3692 2957 3761 quoniam
2986 3691 3286 3760 ingenitum
3319 3692 3540 3760 quidem
3577 3692 3758 3745 lumen
3793 3690 3949 3744 Pater

2380 3791 2485 3840 est,
2526 3780 2764 3848 genitum
2800 3794 2930 3834 vero
2964 3780 3142 3834 lumen
3173 3779 3362 3834 Filius.
3394 3799 3412 3831 ι
3457 3778 3623 3846 Quasi
3669 3790 3722 3834 et
3753 3782 3804 3834 in
3838 3781 3941 3844 his,

2385 3887 2504 3939 qum
2537 3871 2860 3937 situpliciter
2911 3870 3398 3924 cunsubstantialia
3454 3887 3575 3924 eum
3604 3872 3735 3934 sint,
3788 3881 3840 3925 et
3875 3886 3943 3924 ex

2380 3977 2489 4014 uno
2518 3960 2874 4014 substantiam
2911 3960 3164 4023 habeant,
3193 3960 3263 4015 sit
3310 3962 3530 4029 quidem
3589 3961 3894 4030 proprietas
3927 3976 3942 4012 :

2379 4053 2536 4105 sicuti
2570 4059 2623 4105 et
2655 4050 2947 4105 multitudo
2997 4049 3282 4105 hominum
3319 4053 3422 4106 sibi
3452 4052 3680 4105 invicem
3711 4054 3948 4106 consub-

2377 4144 2665 4198 stantiales
2697 4154 2842 4208 sunt,
2873 4159 2997 4198 cum
3037 4161 3104 4200 ex
3134 4161 3241 4199 uno
3272 4155 3422 4214 patre
3449 4148 3616 4199 Adam
3643 4146 3948 4215 generatio-

2379 4251 2500 4288 nem
2532 4235 2786 4297 habeant,
2845 4251 2951 4288 non
2984 4246 3164 4290 tamen
3201 4246 3345 4290 tanta
3391 4247 3473 4292 est
3506 4239 3586 4293 eis
3642 4239 3947 4307 proprietas

2376 4328 2534 4382 sicuti
2571 4343 2691 4381 cum
2723 4341 2910 4380 eorum
2945 4344 3064 4396 quae
3095 4329 3339 4394 ejusdem
3373 4339 3577 4384 natura:
3608 4343 3755 4394 sunt,
3792 4331 3937 4384 aliud

696 4430 804 4472 aut:
829 4436 878 4470 m
908 4433 1026 4471 esse
1055 4417 1174 4470 Filii
1203 4416 1464 4483 Spititltm
1496 4429 1784 4470 retentum.
1815 4417 2100 4486 Nunquam
2124 4420 2268 4471 enim
2303 4407 2349 4464 ι)
2377 4427 2460 4470 est
2490 4429 2667 4479 causa,
2697 4417 2844 4471 ahud
2873 4419 3124 4484 causale;
3150 4430 3276 4474 tunc
3305 4420 3450 4473 enim
3477 4422 3692 4488 propr-le
3713 4423 3948 4476 consub-

701 4507 948 4576 prei‘erto
977 4507 1122 4574 quod
1160 4505 1455 4573 tetnporale
1487 4515 1591 4570 est,
1632 4506 1750 4573 ejus
1779 4521 1946 4560 causa
1991 4522 2112 4560 esse
2145 4522 2271 4574 pos-

700 4613 804 4662 set,
846 4601 987 4668 quod
1022 4615 1184 4668 supra
1218 4610 1432 4665 tempus
1464 4607 1564 4652 cst.
1603 4597 1762 4662 Nam,
1799 4600 1843 4652 si
1906 4599 2112 4652 homini
2145 4615 2269 4668 pro-

696 4679 873 4763 prium
910 4693 1102 4761 ipsius,
1148 4692 1199 4742 in
1257 4701 1522 4758 quantum
1587 4691 1746 4751 vivit,
1786 4706 1998 4759 semper
2047 4707 2166 4744 cum
2201 4707 2269 4744 eo

694 4797 799 4845 est.
837 4787 1008 4838 multo
1043 4786 1093 4855 id
1129 4785 1296 4853 magis
1334 4786 1384 4835 in
1421 4782 1514 4836 Dei
1554 4783 1726 4835 Verbo
1755 4785 1857 4836 erit
1893 4799 1908 4848 ;
1945 4792 2106 4852 atque
2158 4801 2264 4838 una

695 4880 947 4931 minister
977 4884 1142 4936 esset,
1177 4873 1457 4942 quodnon
1513 4889 1608 4938 per
1662 4874 1860 4940 ipsum,
1919 4881 1974 4926 et
2020 4889 2084 4925 ex
2144 4874 2264 4942 ipso

693 4969 1013 5022 naturaliter
1046 4969 1366 5032 procederet
1417 4966 1575 5018 dans.
1621 4963 1946 5032 Quanquam
1989 4965 2034 5018 si
2073 4981 2267 5018 secun-

686 5065 814 5112 dum
854 5061 1094 5127 aliquam
1137 5056 1730 5111 eonsubstantialitatis
1761 5055 2054 5121 rationem,
2086 5057 2265 5125 qualis

687 5151 753 5204 tle
772 5151 982 5204 duobus
999 5151 1274 5218 aliquibus
1291 5148 1851 5200 consubstantialibus
1870 5157 1969 5212 est,
1989 5148 2039 5200 in
2064 5149 2264 5216 quibus

692 5247 920 5298 alterum
946 5261 1041 5312 per
1063 5244 1293 5296 alterum
1327 5259 1432 5294 non
1453 5251 1554 5299 est,
1583 5254 1720 5294 esset
1746 5241 1984 5309 Spiritus
2009 5243 2261 5310 proprius

689 5337 831 5402 Filii,
868 5347 1031 5402 atque
1053 5351 1114 5388 ex
1139 5333 1437 5387 substantia
1465 5331 1584 5384 Filii
1612 5341 1762 5386 esset
1796 5333 1982 5399 utique
2008 5342 2061 5385 et
2092 5330 2263 5384 Filius

688 5430 860 5481 sancti
893 5429 1129 5496 Spiritus
1180 5426 1450 5495 proprius,
1511 5439 1563 5478 et
1589 5441 1653 5478 ex
1688 5427 1990 5479 substantia
2025 5425 2263 5492 Spiritus

684 5531 906 5588 propter
941 5520 1355 5571 conversionem
1399 5516 1712 5586 hujusmodi
1753 5516 2256 5570 consubstantiaiis.

678 5615 748 5663 At
787 5610 933 5663 istud
998 5624 1173 5679 neque
1204 5609 1410 5664 dictum
1463 5618 1546 5664 est
1575 5611 1645 5664 ab
1692 5610 1875 5680 aliquo
1915 5620 2252 5672 sanctorum,

749 5789 792 5820 "
829 5797 988 5846 Joan.
1015 5809 1103 5854 xv,
1146 5793 1228 5844 .Lli.
1313 5791 1353 5818 '°“
1389 5791 1399 5842 Ι
1434 5794 1559 5847 Cor.
1603 5811 1658 5859 tl,
1701 5794 1783 5846 l2.

1901 5792 1934 5824 “
1988 5789 2144 5843 Jnau.
2177 5804 2247 5848 vt,
2278 5789 2362 5844 38.

2374 4505 2651 4560 stantialia
2684 4505 2963 4562 dicuntur.

2443 4600 2596 4652 Sicut
2632 4600 2794 4674 igitur
2817 4601 2984 4653 Filius
3007 4618 3069 4653 ex
3103 4600 3259 4653 Patre
3289 4617 3407 4656 esse
3439 4603 3644 4657 habens
3702 4606 3942 4658 consub-

2367 4689 2642 4743 stantialis
2668 4689 2741 4743 illi
2774 4698 2879 4752 est,
2900 4700 3061 4759 atque
3080 4693 3180 4745 ista
3205 4693 3428 4746 invicem
3458 4695 3941 4749 consubstantialia

2367 4791 2528 4843 Sunt;
2557 4795 2679 4834 esse
2712 4782 2856 4835 enim
2883 4799 2945 4835 ex
2987 4781 3191 4850 Spiritu
3234 4782 3452 4847 Filium,
3493 4801 3788 4854 processus
3817 4789 3926 4845 ille.

2377 4873 2673 4924 secundum
2703 4887 2863 4940 quem
2893 4888 2957 4925 ev
2991 4872 3151 4926 Patre
3179 4889 3274 4942 per
3308 4873 3504 4929 Filiqu
3549 4879 3792 4945 procedit
3827 4877 3944 4947 Spi‘

2375 4963 2533 5022 ritus,
2561 4962 2782 5015 minime
2805 4962 3091 5030 permittit:
3116 4965 3187 5015 ita
3216 4964 3360 5016 enim
3383 4965 3701 5020 cavebimus
3727 4977 3780 5020 et
3806 4969 3944 5022 duos

2374 5055 2516 5110 lilios
2545 5056 2596 5108 in
2630 5065 2815 5110 sancta
2852 5054 3123 5109 Trinitate
3170 5057 3441 5122 contiteri,
3493 5069 3546 5112 et
3574 5061 3940 5114 consubstan-

2374 5150 2654 5203 tialitatem
2687 5150 2923 5203 maxime
2957 5149 3255 5203 reddimus.
3299 5149 3365 5203 Et
3397 5149 3524 5203 illud
3560 5151 3721 5220 simul
3756 5156 3928 5205 oste'n-

2370 5241 2540 5302 ditur,
2575 5242 2716 5308 quod
2753 5239 2851 5294 nisi
2893 5240 2963 5293 sit
2989 5257 3051 5293 ex
3091 5238 3226 5292 Filio
3255 5239 3513 5308 Spiritus,
3548 5257 3812 5311 germana
3837 5243 3938 5296 sibi

2368 5331 2600 5385 invicem
2624 5340 2786 5385 erunt
2812 5329 2982 5385 Filius
3012 5341 3066 5385 et
3102 5330 3356 5401 Spiritus.
3385 5332 3578 5387 Dicens
3621 5335 3789 5398 enim,
3819 5334 3939 5388 Noli
3981 5333 3984 5336 λ

2369 5424 2480 5476 duo
2515 5439 2726 5490 ett-uno
2747 5424 2921 5476 divisa
2973 5424 3297 5492 inteliigore,
3347 5438 3451 5475 non
3483 5424 3628 5477 enim
3684 5441 3936 5494 germana

2368 5519 2625 5579 dicimus,
2669 5517 2854 5571 docuit
2877 5536 2890 5571 :
2914 5520 3166 5585 quoniam
3196 5519 3238 5579 si
3271 5534 3374 5587 qua
3408 5530 3613 5580 essent,
3647 5535 3710 5573 ex
3745 5520 3935 5573 eodem

2373 5609 2739 5674 solummodo,
2798 5609 3100 5662 secundum
3167 5611 3308 5677 quod
3363 5625 3426 5662 ex
3489 5609 3676 5662 eodem
3729 5616 3934 5670 essent.

2486 5789 2525 5820 ⁵³
2559 5788 2723 5844 'I'..ich.
2772 5804 2842 5846 tv.
2883 5787 2915 5840 (Ξ
2948 5803 3098 5858 seqq.
