4462 6440
741 440 798 498 tt:
1993 431 2386 490 maxumus
2420 427 2716 487 cnect:
2866 490 2869 492 _
3890 401 3957 469 9'2

739 546 968 607 Spiritus
1007 541 1097 593 D-i
1132 541 1334 590 Imht'ln!
1368 539 1419 590 iu
1457 538 1617 591 vobis.
1648 538 1705 591 Si
1746 539 1862 607 quis
1914 551 2086 591 autem
2123 536 2289 605 Spiri-
2323 542 2367 596 Α
2466 533 2833 598 Constatergo
2863 542 2924 582 ex
2947 523 3314 593 superioribus
3337 520 3717 575 TilCOt'UI‘illll“
3751 519 3967 570 lueretu—

739 646 848 685 tu-n
883 632 1077 685 Christi
1108 646 1207 681 nou
1239 629 1415 687 Imbct,
1448 630 1528 679 hic
1573 644 1671 679 non
1704 637 1779 679 est
1808 629 1916 695 ejus
1947 629 2008 677 ⁸³.
2040 627 2288 680 Procedit

738 727 880 773 enim
942 737 1003 773 ex
1062 720 1170 772 Deo
1230 727 1283 771 et
1340 717 1497 770 Patre
1553 718 1789 785 Spiritus
1846 730 2091 780 sanctus,
2145 716 2293 783 juxta

742 811 1039 861 Snivatoris
1063 824 1269 859 vocem.
1300 809 1389 859 Est
1418 816 1595 859 autem
1630 822 1803 874 neque
1834 807 2040 859 alienus
2068 824 2092 856 a
2126 805 2295 869 Filio;

739 903 921 952 omnia
958 901 1101 951 enim
1142 900 1230 952 ille
1263 914 1383 951 cum
1417 896 1573 951 Patre
1608 899 1789 951 habet.
1828 918 1845 949 ο

818 994 889 1042 tix
922 990 1002 1041 his
1032 992 1195 1056 igitur
1221 990 1393 1042 sancti
1420 988 1517 1041 viri
1554 1004 1703 1040 mens
1732 988 2013 1056 diligenter
2046 988 2298 1041 intuenda

740 1094 845 1143 est,
876 1092 1041 1148 utque
1077 1081 1165 1133 ille
1201 1080 1465 1133 intellexit
1496 1081 1773 1146 proprium
1806 1095 1923 1133 esse
1965 1080 2086 1133 Filii
2131 1078 2303 1147 Spiri-

745 1185 858 1224 tnm
920 1182 1203 1235 sanctum;
1260 1171 1381 1237 quis
1436 1171 1578 1223 cnim
1630 1171 1966 1223 commodior
2022 1181 2071 1223 et
2130 1171 2305 1238 aptior

743 1266 1030 1315 Vt‘l‘i‘--;1‘tl'tl
1090 1278 1309 1313 suorum
1349 1262 1614 1327 interpres
1641 1277 1758 1314 esse
1790 1263 1981 1330 possit,
2018 1278 2176 1330 quam
2218 1262 2306 1314 ille.

744 1354 877 1415 ipse,
911 1353 1002 1418 qui
1045 1350 1301 1417 scripsit?
1357 1350 1641 1417 Proprium
1690 1351 1858 1409 enim.
1918 1360 1973 1403 ttt
2032 1352 2305 1417 propriam

746 1441 864 1492 Elii
926 1443 1202 1495 virtutem.
1249 1440 1386 1492 dixit
1434 1439 1692 1506 Spiritum
1752 1448 2022 1501 sanctum,
2074 1454 2303 1508 cumque

747 1548 841 1596 per
873 1532 1044 1596 ipsam
1086 1539 1364 1597 operatum
1404 1548 1415 1580 :
1455 1539 1618 1596 atque
1668 1530 1790 1581 ideo
1815 1529 2177 1582 essentialiter
2211 1528 2310 1595 ipsi

748 1621 989 1670 innatum
1019 1619 1089 1669 ibi
1113 1636 1207 1681 is",
1237 1628 1401 1685 atque
1431 1634 1495 1669 ex
1533 1634 1597 1669 eo
1624 1632 1768 1679 esse,
1794 1618 2085 1684 Otttttiaqtte
2113 1618 2314 1669 habere

750 1711 964 1770 Filium,
1024 1728 1143 1778 qua:
1180 1711 1337 1763 habet
1374 1709 1553 1767 Pater.
1609 1719 1801 1775 pra-ter
1854 1712 2051 1771 Solum,
2101 1708 2313 1762 Patrem

748 1817 888 1852 ceso.
922 1801 1023 1853 Sed
1059 1814 1109 1854 et
1145 1803 1412 1854 rationem
1447 1803 1678 1855 reddens
1724 1802 1849 1854 dicti
1877 1788 1989 1862 sui,
2022 1816 2142 1853 cum
2173 1801 2319 1853 dice—

750 1903 851 1956 rrt,
909 1891 1169 1960 Spiritum
1204 1901 1447 1945 sanctum
1509 1892 1626 1944 Filii
1676 1909 1815 1953 esse,
1852 1893 1991 1945 sicut
2036 1901 2089 1943 et
2123 1892 2318 1955 Patris,

752 1999 927 2050 neque
981 1985 1122 2036 enim
1184 1999 1307 2036 esse
1367 1984 1433 2034 ab
1492 1999 1557 2035 eo
1610 1984 1868 2047 alienum,
1924 1984 2051 2051 quia
2112 1984 2324 2038 scilicet

753 2075 931 2128 Patris
960 2076 1141 2127 omnia
1180 2090 1301 2128 cum
1348 2074 1507 2127 Patre
1556 2074 1822 2127 haberet:
1868 2074 2067 2142 quippe
2099 2084 2323 2127 natura-

753 2167 882 2217 li-zm
915 2166 1005 2217 Dei
1063 2178 1116 2218 et
1154 2164 1331 2219 Patris
1366 2166 1629 2218 bonorum
1677 2166 1847 2217 hmres
1884 2164 2051 2218 Filius
2080 2180 2201 2218 cum
2230 2166 2323 2229 sit,

758 2254 918 2307 l-abct
946 2264 999 2307 ct
1048 2256 1334 2324 Spiritum,
1399 2255 1849 2322 quemadmodum
1883 2262 1935 2307 et
1967 2254 2018 2307 in
2065 2254 2182 2322 ipso
2217 2252 2325 2307 Deo

752 2357 805 2397 et
844 2345 998 2399 Patre
1036 2346 1377 2413 intelligitur,
1407 2354 1600 2414 prmter
1639 2346 1814 2398 solum
1842 2343 2053 2399 Patrem
2088 2360 2231 2409 esse,
2267 2352 2325 2398 nt

753 2438 862 2489 alio
893 2441 943 2489 in
978 2439 1096 2491 loco
1135 2439 1232 2501 ait,
1269 2439 1508 2491 ostendit
1540 2452 1597 2490 se
1633 2437 1804 2507 magis
1840 2452 2177 2497 asseverare,
2205 2452 2326 2505 qua:

756 2529 809 2581 in
844 2544 985 2583 novo
1034 2528 1275 2598 capitulo
1322 2530 1553 2591 dixerat,
1605 2544 1767 2597 quam
1804 2528 2091 2593 abnegare,
2152 2544 2328 2597 neque

756 2617 1069 2672 Theo-inriti
1098 2618 1409 2686 opinionem
1439 2619 1663 2672 omnino
1689 2617 1987 2687 suscipere,
2013 2625 2072 2671 υι
2094 2618 2329 2671 maxime

757 2725 1146 2778 perniciosam.

828 2800 923 2852 Est
956 2815 1086 2867 ergo
1121 2799 1399 2867 indignum
1437 2812 1569 2853 sane
1607 2806 1661 2852 et
1685 2797 2116 2866 iniquissimum,
2147 2798 2330 2851 Tb-‘o-

761 2892 922 2945 doriti
956 2890 1201 2959 proferre
1233 2890 1491 2959 capitula,
1525 2904 1645 2957 qua!
1689 2889 1947 2942 oblivioni
1983 2901 2255 2958 perpetua:
2281 2901 2334 2944 et

763 2984 1030 3038 oblationi
1071 2982 1328 3037 tradenda
1364 2990 1471 3035 tota
1517 2979 1760 3049 synodus
1791 2980 1992 3041 sanxit.
2043 2981 2237 3050 hisque
2266 2983 2335 3037 de

767 3078 907 3130 beati
938 3075 1125 3145 Cyr-illi
1173 3083 1351 3128 mente
1381 3074 1648 3128 indicare.
1682 3072 1870 3127 Potius
1897 3084 2076 3127 autem
2126 3088 2188 3127 ex
2224 3075 2332 3138 his,

2404 638 2524 675 cum
2563 620 2746 679 fuisse.
2786 629 2947 686 atque
2981 616 3033 668 in
3060 617 3142 668 bis
3172 614 3403 666 maxime
3427 626 3546 679 quae
3569 619 3755 661 contra
3778 606 3840 658 ῐ).
3859 606 3961 673 Cy-

2401 712 2579 763 rillum
2622 709 2861 773 scripsit.
2897 704 3212 770 Huiusmodi
3246 711 3423 754 autem
3450 700 3665 764 scriptis
3689 699 3751 748 ad
3788 706 3965 749 astru-

2400 802 2595 854 endam
2618 798 2860 851 veritatis
2907 795 3141 864 regulam
3167 795 3241 845 uti
3262 792 3481 843 minime
3505 788 3773 841 convenit.
3802 785 3969 838 Porro

2403 894 2446 946 si
2502 892 2625 958 quis
2681 903 2803 942 eum
2863 886 3201 954 postmodum
3251 884 3317 934 ab
3370 880 3606 933 Ecclesia
3660 887 3968 944 susceptum

2403 998 2523 1035 esse
2571 980 2710 1049 (3‘2)
2756 978 3105 1044 poenitentem
3159 975 3323 1033 dicat,
3376 972 3506 1024 nihil
3559 971 3622 1022 ad
3675 984 3807 1020 rem.
3881 968 3969 1018 Illa

2404 1073 2568 1133 enim,
2595 1073 2732 1121 unde
2759 1066 3071 1120 Theodoriti
3102 1065 3242 1116 dicta
3278 1061 3642 1129 proferuntur,
3662 1061 3727 1110 ab
3762 1057 3976 1108 univcr-

2408 1160 2612 1214 s:»libus
2643 1158 2861 1226 synodis
2884 1156 3138 1206 damnata
3171 1160 3319 1204 sunt.

2480 1248 2669 1314 Liquet
2711 1255 2888 1297 autem
2915 1253 2966 1297 et
2999 1243 3047 1295 id
3099 1241 3240 1307 quod
3271 1239 3479 1305 opinari
3516 1250 3684 1302 neque
3713 1250 3777 1287 ex
3819 1232 3975 1293 Fitio,

2410 1351 2583 1405 neque
2602 1351 2693 1405 per
2722 1334 2912 1386 Filium
2944 1333 3203 1398 Spiritum
3232 1339 3477 1383 sanetum
3504 1328 3701 1379 habere
3725 1324 3979 1377 substan-

2415 1427 2565 1489 tiam,
2596 1423 2778 1490 opinio
2812 1421 3041 1474 Nestorii
3084 1430 3204 1480 est;
3242 1419 3327 1470 cui
3366 1415 3725 1468 Tlteodoritns
3747 1428 3971 1465 consors

2417 1513 2536 1576 fuit,
2566 1523 2621 1563 ut
2652 1528 2737 1565 res
2768 1513 2893 1577 ipsm
2921 1518 3207 1562 testantur.
3247 1507 3313 1561 Et
3341 1508 3453 1574 ipse
3484 1518 3663 1555 autem
3700 1502 3978 1553 Nestorium

2419 1606 2470 1657 in
2491 1603 2735 1672 symbolo
2760 1601 2880 1654 Iidei
2914 1601 3111 1672 suyita
3139 1596 3528 1665 pronuntiavit.
3569 1593 3720 1657 Quod
3756 1594 3797 1645 si
3828 1593 3986 1658 hnjt-s

2418 1704 2576 1742 Causa
2618 1698 2804 1753 aperte
2829 1704 2931 1739 non
2971 1671 3331 1749 insimulatur,
3367 1700 3471 1736 non
3504 1683 3555 1735 id
3588 1691 3712 1733 tunc
3753 1694 3867 1731 erat
3897 1696 3987 1747 sy-

2421 1782 2562 1834 nodo
2587 1782 2940 1848 propositum,
2965 1793 3137 1844 neque
3164 1778 3286 1828 inde
3314 1775 3531 1841 plurimi
3565 1771 3873 1825 scandalum
3900 1789 3990 1837 pd-

2425 1873 2720 1931 tiebantur,
2751 1886 2870 1921 cunt
2906 1883 2934 1919 a
2968 1867 3213 1934 plurimis
3240 1880 3306 1917 ne
3328 1873 3712 1931 agnosceretur
3746 1861 3989 1927 quidem,

2423 1974 2599 2028 neque
2652 1959 2858 2012 idcirco
2895 1956 3133 2025 synodus
3186 1954 3414 2007 collecta
3465 1962 3631 2005 esset.
3684 1949 3795 2001 Etsi
3847 1948 3992 2000 enim

2423 2060 2539 2107 erat
2580 2058 2860 2118 peccatum
2900 2064 2963 2101 ac
3017 2046 3357 2100 mendacium
3406 2044 3652 2097 deterius
3694 2052 3748 2094 et
3798 2039 3996 2107 majus,

2422 2143 2569 2196 circa
2600 2141 2964 2198 divinitatem,
2997 2153 3160 2205 quam
3192 2137 3335 2188 circa
3382 2132 3735 2187 humanitatis
3783 2130 4003 2196 dispen-

2424 2232 2715 2288 sationem.
2750 2228 3091 2296 blasphemiae
3115 2225 3266 2278 frena
3290 2226 3471 2276 laxare
3496 2240 3512 2287 ;
3536 2223 3674 2274 ratio
3692 2233 3870 2273 tamen
3922 2222 4005 2272 in-

2426 2335 2577 2373 eorn:
2596 2322 2792 2371 tionem
2819 2327 2942 2371 tunc
2960 2316 3131 2383 magis
3152 2314 3395 2384 urgebat.
3420 2312 3833 2366 Periclitabatur
3859 2311 4002 2363 enim

2430 2422 2556 2465 tunc
2585 2410 2716 2463 ﬁdes
2744 2448 2757 2469 ,
2787 2422 2909 2462 cum
2965 2420 3136 2475 neque
3166 2403 3403 2459 Verbum
3435 2405 3739 2471 suscepisse
3764 2415 4003 2465 carnem,

2429 2517 2602 2570 neque
2632 2502 2797 2555 Deum
2831 2499 3104 2553 hominem
3132 2498 3333 2551 factum
3365 2498 3529 2551 fuisse
3553 2496 3766 2562 plurimi
3802 2508 4009 2547 assere-

2434 2602 2574 2658 rent,
2604 2603 3118 2660 sacramentumque
3145 2589 3581 2659 dispensationis,
3618 2588 3668 2640 in
3702 2600 3810 2654 quo
3853 2585 4007 2639 Clui-

2433 2687 2731 2741 stiauorum
2761 2682 2906 2739 salus
2937 2689 3042 2749 est,
3068 2695 3264 2736 nomen
3302 2680 3505 2747 potius,
3560 2692 3724 2747 quam
3763 2690 3847 2729 res
3888 2688 4010 2728 esse

2434 2780 2737 2835 videretur.
2785 2789 2960 2844 neque
2985 2787 3120 2827 sane
3169 2781 3532 2841 opportunum
3588 2780 3725 2829 erat,
3773 2767 4007 2829 omisso,

2438 2878 2658 2937 propter
2675 2866 2818 2935 quod
2843 2870 3232 2929 convenerant,
3258 2872 3311 2915 et
3331 2872 3551 2930 propter
3576 2861 3713 2927 quod
3744 2857 4014 2925 periclita-

2440 2966 2599 3015 batur
2638 2961 2902 3021 Ecclesia,
2928 2959 2992 3011 de
3032 2956 3117 3010 his
3149 2970 3266 3023 qua:
3314 2954 3447 3005 nihil
3512 2954 3820 3020 urgebant,
3854 2950 4014 3001 verba

2441 3068 2679 3118 movere,
2723 3067 2842 3105 cum
2889 3047 3207 3117 principalis
3250 3044 3482 3114 quarstio
3534 3043 3702 3095 multo
3777 3051 4017 3107 tempore

764 3186 881 3235 qum
931 3168 1167 3236 Stripsttm
1211 3180 1514 3235 exponens,
1577 3167 1677 3227 ait,
1738 3179 1968 3234 qumque.
2003 3165 2129 3219 alibi
2171 3134 2343 3234 ιιιιιιυίξ.
2369 3168 2410 3222 c
2447 3146 2740 3212 multisque
2772 3140 3131 3202 sermonibus,
3166 3136 3465 3191 utenodari
3491 3134 4011 3202 posset,indiger»t:

768 3261 872 3311 Illis
908 3259 959 3310 in
1012 3258 1148 3311 locis
1203 3258 1447 3325 scripsit,
1498 3272 1651 3311 mens
1706 3258 1826 3326 ejus
1875 3258 2180 3328 colligenda
2235 3266 2339 3312 est.

769 3349 841 3402 [fx
877 3351 1082 3418 quibus
1108 3348 1349 3417 profecto
1383 3346 1733 3403 manifestum
1765 3348 2072 3419 legentibus
2108 3350 2189 3412 lit,
2219 3365 2341 3403 eum

767 3458 984 3510 semper
1030 3444 1332 3509 prOprium,
1386 3442 1530 3508 quod
1580 3440 1736 3505 dixit,
1800 3450 1893 3494 aut
1952 3455 2057 3493 non
2107 3441 2342 3494 alienum

769 3550 892 3587 esse
947 3549 974 3587 a
1010 3535 1146 3586 Filio
1199 3533 1485 3600 Spiritum.
1522 3546 1621 3599 pro
1657 3546 1722 3583 eo
1755 3534 1899 3599 quod
1960 3544 2060 3595 est,
2106 3546 2169 3583 ex
2209 3531 2346 3585 Filio

769 3640 890 3678 esse
918 3625 1204 3692 Spiritum.
1238 3623 1602 3677 intellexisse:
1640 3623 1783 3676 sicut
1805 3623 1969 3675 etiam
1997 3638 2059 3675 ex
2096 3624 2344 3691 superio-

770 3717 923 3769 ribus
963 3716 1244 3769 manifeste
1272 3715 1711 3783 deprehenditur.
1736 3713 2004 3783 Quodque
2038 3714 2347 3769 mirabilius

769 3818 873 3869 est.
898 3824 1021 3861 eum
1048 3806 1412 3860 Theodoritus
1446 3816 1692 3861 sanctum
1716 3805 1984 3875 Cyrillum
2019 3808 2344 3874 quibusdam

770 3900 1015 3968 epistolis
1050 3898 1399 3959 insimulatis,
1437 3898 1645 3952 diceret
1678 3907 1930 3952 sanctum
1962 3893 2141 3953 virum
2183 3902 2349 3955 omis—

772 3994 873 4053 sis,
913 4006 1035 4057 quae
1082 3998 1271 4044 contra
1306 3987 1616 4043 Nestorium
1653 3987 1863 4042 dixerat
1907 4002 1973 4041 ac
2029 3988 2348 4057 scripserat,

766 4083 879 4151 ipsi
909 4081 1248 4137 Theodorito
1290 4080 1621 4135 concordem
1673 4078 1928 4133 eﬂ'ectum
1977 4092 2119 4139 esse.
2149 4095 2353 4149 easque

762 4175 1031 4245 epistolas
1063 4173 1308 4230 misisset
1341 4180 1407 4225 att
1458 4173 1756 4241 plurimus;
1806 4171 1995 4240 illique
2046 4171 2189 4225 hanc
2235 4172 2352 4240 ejus

778 4268 1136 4321 mutationem
1207 4267 1539 4319 mirarentur
1609 4272 1773 4329 atque
1857 4263 2351 4333 obstupescerent;

762 4370 1058 4428 comperta
1117 4358 1430 4421 calumnia,
1485 4357 1677 4410 beatus
1738 4353 1978 4425 Cyrillus
2012 4356 2354 4411 rescribens

775 4454 911 4505 dixit
945 4469 958 4505 :
991 4469 1009 4502 ε
1042 4450 1287 4513 Domine,
1318 4447 1484 4501 libera
1510 4450 1741 4500 animant
1779 4463 1949 4499 meam
1992 4462 2025 4500 a
2072 4446 2227 4500 labiis
2254 4448 2355 4500 iui-

2451 3254 2517 3291 ne
2549 3237 2591 3291 si
2629 3236 2695 3288 ab
2718 3233 2984 3297 instituto,
3014 3246 3071 3285 re
3097 3230 3316 3291 infecta,
3347 3227 3667 3287 resiiistzent,
3694 3222 4023 3277 confundere

2450 3327 2631 3383 omnia
2668 3340 2730 3379 ac
2788 3325 3017 3378 miscere
3052 3322 3390 3381 viderentur,
3425 3320 3688 3384 dumque,
3737 3317 3878 3382 quod
3908 3322 4028 3367 erat

2454 3423 2505 3475 in
2534 3420 2803 3482 manibus,
2836 3415 3109 3484 corrigere
3150 3413 3433 3475 deberent,
3495 3424 3667 3476 neque
3725 3408 3826 3460 hoc
3871 3408 4031 3472 digne

2456 3512 2721 3573 iacerent,
2753 3506 3094 3578 nequeillud,
3122 3507 3266 3573 quod
3294 3502 3672 3569 intempestive
3692 3499 4029 3552 molirentur.

2457 3600 2783 3655 Necessariis
2823 3600 3003 3667 itaque
3047 3594 3262 3649 omissis
3284 3592 3519 3655 cmteris,
3558 3591 3659 3644 hoc
3677 3606 3862 3654 unum,
3892 3588 4031 3656 quod

2457 3693 2702 3762 urgebat,
2739 3704 2929 3744 curare
2960 3687 3335 3757 perstiterunt.

2528 3783 2661 3838 Nam
2696 3789 2751 3836 et
2791 3780 3153 3849 sapientiores
3191 3776 3389 3844 quique
3452 3770 3646 3826 medici
3695 3784 3816 3823 cum
3883 3768 4036 3822 iulir—

2458 3891 2602 3930 mum
2627 3875 2841 3945 gemino
2861 3871 3054 3927 morbo
3077 3870 3326 3923 laborare
3347 3865 3833 3921 animadverterint
3856 3866 4040 3916 adver-

2459 3984 2553 4023 sus
2591 3981 2716 4021 eum
2744 3964 2837 4035 qui
2881 3961 3167 4034 perturbat
3194 3958 3388 4029 magis.
3420 3968 3477 4013 et
3514 3958 3756 4011 sectione
3819 3953 4037 4021 indiget,

2460 4060 2563 4114 etsi
2615 4058 2666 4111 in
2722 4070 2821 4111 suo
2880 4068 3085 4125 genere
3144 4052 3326 4107 minor
3381 4065 3504 4105 esse
3558 4050 3845 4109 videatur,
3897 4045 4044 4112 prius

2460 4157 2763 4206 armantur.
2790 4147 2856 4202 Et
2900 4147 3114 4217 iudices
3164 4158 3560 4213 saepenumero,
3610 4154 3763 4193 reum
3810 4138 4044 4205 aliquem

2466 4244 2606 4299 nacti
2641 4240 2893 4311 plurimis
2923 4236 3251 4293 criminibus
3307 4235 3625 4294 obnoxium,
3673 4230 3804 4285 illud
3858 4244 4045 4292 unum,

2463 4339 2516 4393 in
2548 4351 2658 4405 quo
2690 4333 3065 4402 deprehensus
3095 4328 3280 4393 fuerit,
3308 4326 3529 4382 omissis
3551 4325 3771 4379 interim
3815 4321 4047 4385 caeteris,

2465 4429 2541 4482 illi
2575 4426 2811 4480 maxime
2836 4422 3129 4493 objiciunt.

774 4546 915 4612 quis,
950 4552 998 4594 et
1033 4559 1063 4593 α
1095 4541 1277 4609 lingua
1306 4539 1490 4593 dolosa
1523 4539 1589 4593 “.
1633 4537 1855 4591 Inteuio
1904 4539 2050 4591 enim
2086 4538 2351 4606 meipSnm
2391 4519 2433 4571 ο
2533 4566 2536 4573 ε

2290 4552 2351 4589 ,ηι
2391 4519 2433 4571 D
2533 4520 2717 4586 Neque
2737 4532 2867 4573 sane
2894 4515 3224 4575 mirandum,
3257 4511 3299 4566 si
3325 4526 3385 4565 ea
3410 4507 3643 4564 Nestorii
3663 4506 3847 4575 opinio
3874 4522 3902 4559 a
3928 4520 4052 4559 san-

781 4636 929 4687 lalsze
962 4632 1247 4687 calumnia:
1284 4631 1616 4697 expositum.
1652 4647 1671 4680 ι
1726 4629 1857 4694 Ista,
1905 4630 1998 4698 qui
2035 4629 2352 4683 Theodoriti

782 4726 1086 4793 patrocinio
1119 4725 1384 4786 nituntur,
1412 4723 1484 4775 ita
1525 4721 1829 4788 proferunt.
1859 4723 2015 4791 quasi
2056 4723 2198 4776 dicta
2246 4723 2357 4777 sint

784 4832 881 4884 pro
918 4812 1233 4866 aﬂirmanda
1265 4809 1581 4864 Tlteodoriti
1611 4809 1913 4875 sententia;
1945 4810 2094 4879 quod
2133 4820 2358 4865 sanctus

788 4907 889 4962 \ir.
946 4913 1146 4956 mutata
1181 4902 1473 4965 sententia,
1511 4916 1606 4970 per
1644 4900 1838 4953 Filium
1889 4909 2054 4969 atque
2099 4916 2167 4954 ex
2219 4900 2358 4955 Filio

783 5014 905 5051 (δερ
934 5005 1177 5049 sanctum
1211 4992 1472 5057 Spiritum
1502 5000 1681 5060 neget.
1717 4991 1830 5045 Hoc
1858 5001 2038 5045 autem
2069 5001 2148 5046 est
2184 4992 2357 5044 homi-

787 5106 918 5141 num
972 5096 1161 5139 contra
1198 5086 1355 5139 tidem
1414 5099 1620 5143 rerum,
1676 5093 1975 5149 contraque
2040 5091 2355 5135 sanctorum

785 5190 1048 5241 mentem,
1112 5175 1359 5244 improbe
1404 5176 1563 5229 nimis
1618 5174 2023 5227 mentientium.
2083 5172 2147 5226 lli
2187 5174 2358 5240 enim,

789 5286 847 5326 ut
904 5287 1067 5340 supra
1130 5269 1462 5323 declaratum
1528 5279 1647 5332 est,
1714 5281 1839 5320 cum
1911 5275 2101 5319 saneto
2156 5265 2362 5337 Cyrillo

787 5365 1051 5433 Spiritum
1088 5370 1339 5416 sanctum
1380 5375 1476 5430 per
1509 5358 1707 5412 Filium
1754 5357 2118 5411 substantiam
2165 5358 2367 5413 habere

790 5466 1067 5520 asserunt,
1099 5465 1263 5521 atque
1286 5470 1407 5509 esse
1427 5469 1491 5508 ex
1517 5452 1676 5517 Filio,
1698 5450 1840 5521 quod
1860 5450 2159 5520 procedens
2182 5467 2364 5508 sermo

787 5550 1030 5619 apertius
1063 5548 1297 5603 docebit.

864 5691 907 5719 θ’
943 5689 1102 5742 Rom.
1134 5702 1255 5753 vni,
1291 5686 1344 5750 8,
1371 5686 1423 5739 9.
1541 5686 1585 5717 ⁸⁸
1618 5684 1763 5740 Psal.
1793 5697 1940 5748 cxtx,
1973 5681 2028 5737 2.

872 5812 983 5882 (5‘2)
1028 5812 1082 5865 ln
1112 5811 1347 5867 concilio
1373 5805 1834 5866 ChiliCCtiOllCHSi.

2462 4617 2563 4670 etis
2595 4613 2845 4668 Patribus
2882 4620 3007 4664 tunc
3038 4610 3120 4661 vel
3150 4605 3483 4667 existimata,
3520 4602 3603 4655 vel
3634 4600 3907 4653 confutata
3946 4612 4051 4651 non

2466 4708 2653 4770 fuerit,
2678 4719 2798 4756 cum
2831 4679 2961 4755 ante
2988 4699 3137 4752 illum
3163 4707 3217 4751 et
3234 4696 3412 4756 Arius,
3432 4704 3486 4747 et
3511 4704 3722 4753 omnes,
3745 4690 3835 4758 qui
3860 4687 4056 4740 Filium

2471 4795 2936 4863 blasphemabant,
2972 4792 3025 4845 in
3084 4788 3344 4859 Spiritum
3388 4792 3633 4839 sanetum
3670 4780 4062 4849 quoquedetc-

2472 4888 2585 4941 rius
2611 4882 2908 4953 blasphemi
2942 4881 3161 4933 iuerint.
3187 4877 3398 4945 Quippe
3415 4883 3469 4928 et
3492 4879 3829 4937 assumptam
3856 4883 3882 4920 a
3905 4867 4061 4920 Clll’i-

2471 4989 2556 5035 sto
2590 4993 2711 5032 cum
2743 4989 2907 5029 carne
2962 4974 3195 5026 anintam
3248 4976 3372 5022 ante
3429 4966 3584 5021 Verbi
3631 4963 4059 5017 incarnationem

2470 5069 2877 5142 przeexstitisse,
2909 5066 3230 5133 ccelitusque
3255 5062 3405 5116 illam
3433 5057 3747 5117 advenisse,
3777 5056 3937 5107 Arius
3972 5068 4062 5104 as.

2471 5163 2782 5220 severabat.
2813 5160 3131 5214 Animarum
3155 5154 3355 5209 etenim
3384 5148 3846 5222 praeexsistentias
3872 5153 3925 5197 et
3950 5144 4066 5211 ipse

2474 5258 2751 5319 credebat,
2778 5268 2881 5308 nec
2911 5263 3089 5305 tamen
3128 5250 3231 5302 hoc
3271 5246 3345 5300 illi
3400 5244 3610 5298 crimen
3643 5240 3915 5309 objectum
3954 5244 4062 5297 est,

2477 5352 2758 5416 solumque
2788 5344 2931 5415 quod
2956 5342 3150 5395 Filium
3179 5349 3487 5395 creaturam
3519 5332 3748 5392 diceret,
3778 5327 3844 5381 ab
3876 5324 4065 5377 Eccle-

2473 5446 2552 5498 sia
2586 5443 2798 5513 fugatus
2828 5438 3111 5507 ctcjeetus
3164 5442 3268 5495 est,
3339 5439 3660 5497 czeterazqne
3708 5418 4067 5487 blaSpbemire

2474 5539 2615 5592 illius
2648 5536 2700 5590 in
2731 5506 2989 5588 memoria
3020 5542 3124 5585 non
3144 5530 3290 5591 sunt,
3324 5536 3501 5593 neque
3529 5517 3743 5589 publice
3771 5512 3839 5569 de
3868 5511 3961 5564 itte
3988 5506 4069 5561 di-
