4462 6440
417 371 489 431 93
1486 361 2206 424 aureususonecos
2247 368 2391 426 Lm.
2433 366 2509 425 il.
3578 352 3649 413 94

419 473 581 532 citur,
609 469 749 537 quod
778 470 1033 537 Spiritum
1070 484 1315 527 sanetum
1340 474 1814 540 ldaspheiuaverit,
1857 491 1978 528 cum
2014 476 2057 533 Α
2080 494 2203 531 cuni
2235 480 2320 532 vix
2359 478 2544 545 paucis
2575 484 2699 528 tunc
2725 482 2871 528 esset
2906 468 3218 538 cognitum?
3256 481 3316 518 ac.
3342 476 3650 531 propterea,

421 566 572 610 ecrte
612 569 665 611 et
696 561 866 612 sancti
893 560 1125 628 Spiritus
1158 563 1329 616 hostis
1363 564 1705 617 nihilominus
1737 565 1917 617 fuerit.
2095 584 2263 637 neque
2302 566 2667 621 ecclesiastica
2693 579 2853 619 causa
2890 562 3152 614 infirtnior
3200 567 3362 617 esset,
3394 568 3565 620 neque
3600 551 3649 602 id

497 646 647 711 Quod
681 649 723 701 si
756 650 875 715 quis
928 652 1194 715 opinetur,
1248 651 1495 705 debuisse
1553 664 1678 707 tunc
1728 656 1986 722 synodum
2095 656 2231 711 ullus
2280 667 2555 724 argueret.
2613 653 2928 720 Quanquam
2988 651 3091 703 dici
3142 656 3344 715 posset,
3404 646 3646 695 sanctam

422 738 586 788 etiam
643 738 945 803 huiusmodi
1003 741 1366 809 blasphemias
1418 744 1609 796 saltem
1642 745 1987 811 redarguere,
2094 748 2354 817 synodum
2394 747 2499 797 alio
2543 746 2823 802 intentam,
2861 743 2924 793 ad
2971 739 3293 793 calumniam
3346 732 3650 800 hujusmodi

430 829 817 892 reprehensum
850 838 977 883 tunc
1007 831 1328 899 generaliter
1350 834 1549 895 audiet,
1570 849 1690 887 cum
1714 835 1987 887 dicerent:
2096 840 2325 892 fortasse
2357 850 2457 888 non
2504 834 2635 888 satis
2668 836 2975 885 instructam
3002 846 3062 882 ac
3085 838 3321 895 paratam
3350 824 3654 881 advenisse,

429 919 643 970 Nemini
694 919 848 973 ﬁdem
892 923 1114 976 alteram
1169 924 1435 990 proferre,
1494 938 1581 978 aut
1623 929 1991 990 conscribere.
2098 934 2211 985 sive
2244 931 2406 984 etiam
2440 938 2675 995 putasse,
2721 926 2998 978 eliminan
3030 924 3095 974 de
3146 918 3515 973 incarnatione
3547 913 3654 966 Do-

429 1025 526 1061 seu
558 1026 885 1078 componere
916 1013 1094 1077 liceat,
1132 1026 1327 1083 praeter
1346 1033 1487 1081 eam,
1508 1033 1667 1083 quam
1694 1020 1864 1071 sancti
1890 1017 1993 1070 Pa-
2100 1024 2250 1082 mini.
2288 1021 2377 1087 qui
2406 1026 2699 1073 emerserat
2722 1030 2930 1078 errore,
2964 1026 3015 1067 et
3037 1014 3177 1064 hunc
3211 1009 3371 1062 etiam
3403 1022 3506 1057 una
3541 1019 3664 1072 pro-

432 1107 546 1150 tres
589 1101 948 1165 tradiderunt,
981 1103 1051 1155 ita
1080 1103 1148 1157 de
1184 1104 1275 1157 illa
1303 1115 1601 1159 statuentes
1633 1108 1991 1169 sentiendum,
2096 1112 2418 1180 jicieudum.

430 1189 597 1239 sicuti
636 1190 936 1256 symbolum
960 1194 1217 1256 continet,
1243 1198 1533 1248 secundum
1565 1196 1815 1249 videlicet
1855 1198 1994 1250 beati

434 1275 626 1343 Cyrilli
663 1280 1077 1345 expositionem,
1113 1290 1166 1334 et
1219 1285 1519 1336 secundum
1555 1284 1831 1352 epistolas,
1862 1300 1996 1352 quas

437 1368 577 1417 idem
638 1369 719 1419 vir
758 1368 822 1421 ad
874 1370 1176 1423 Nesmrium
1212 1374 1469 1441 scripsit:
1498 1375 1547 1426 in
1589 1376 1783 1441 quibus
1814 1388 1999 1445 aperte

436 1458 729 1510 confitetur
762 1458 1020 1524 Spiritum
1060 1474 1307 1516 sanctum
1342 1478 1404 1517 ex
1440 1464 1593 1527 Filio,
1615 1477 1775 1534 atque
1801 1483 1894 1534 per
1915 1468 2001 1521 Fi-

440 1547 572 1597 lium
614 1547 809 1602 habere
851 1550 1230 1603 substantiam.
1269 1551 1361 1605 Sin
1395 1568 1519 1605 vero
1549 1567 1856 1606 sanctorum
1886 1559 2002 1624 opi-

443 1635 656 1698 nioest,
690 1652 782 1704 per
820 1636 1014 1691 Filium
1065 1638 1325 1708 Spiritum
1359 1632 1625 1697 sanctum
1686 1646 2004 1698 naturaliter

442 1734 607 1792 atque
632 1727 996 1782 essentialiter
1042 1740 1094 1783 et
1116 1740 1318 1784 aeterne
1370 1734 1683 1799 procedere,
1716 1737 2004 1801 procedere

2175 1200 2323 1253 lianc
2354 1206 2530 1250 autem
2567 1195 2873 1263 opinionem
2912 1192 3079 1245 fuisse
3109 1188 3365 1249 Nestorii,
3415 1201 3477 1237 ex
3511 1194 3658 1238 vetc-

2104 1292 2254 1346 ribus
2298 1290 2482 1355 liquet,
2532 1288 2726 1355 quibus
2758 1300 2885 1337 cura
2923 1281 3025 1333 fuit
3070 1280 3171 1332 ista
3200 1278 3390 1330 litteris
3426 1277 3660 1327 tradere.

2104 1382 2235 1434 Nam
2265 1396 2330 1432 ex
2367 1380 2487 1431 fidei
2522 1394 2633 1431 sua:
2659 1374 2914 1443 Syniholo
2946 1373 3029 1423 vix
3073 1378 3306 1429 constet,
3338 1368 3378 1419 si
3406 1367 3523 1431 quis
3553 1365 3663 1430 pie-

2106 1480 2216 1522 tate
2261 1478 2569 1528 contentus,
2624 1481 2742 1531 qua:
2786 1464 2875 1514 ille
2906 1462 3061 1523 dixit,
3113 1461 3194 1526 pie
3231 1458 3354 1507 velit
3401 1456 3663 1521 accipere.

2108 1562 2194 1614 Ait
2225 1561 2387 1620 enim,
2414 1574 2432 1607 ι
2467 1555 2727 1624 Spiritum
2750 1564 2995 1607 sanctum
3030 1568 3089 1604 ex
3120 1552 3224 1601 ι)εο
3250 1563 3368 1601 esse
3398 1556 3668 1613 putamus,

2110 1667 2213 1705 non
2261 1648 2546 1702 creationis
2591 1661 2774 1705 causa,
2834 1644 2931 1697 sed
2965 1659 3026 1695 cx
3078 1640 3261 1694 divina
3314 1637 3546 1690 essentia
3574 1652 3586 1696 ;
3619 1643 3673 1685 ct

2112 1757 2286 1809 neque
2320 1739 2509 1792 Filium
2544 1745 2815 1803 putamus,
2849 1750 3023 1802 neque
3050 1748 3143 1795 per
3171 1730 3365 1782 Filium
3400 1726 3677 1806 accepisse

443 1816 808 1883 antem,quod
833 1818 1034 1871 dicitur
1052 1834 1146 1885 per
1164 1824 1789 1892 processum,signil‘ieat
1818 1828 2014 1883 habere
2042 1806 2083 1860 Β
2117 1806 2493 1885 substantiam.
2535 1848 2551 1879 i
2589 1829 2783 1881 Dicens
2813 1841 2938 1892 ergo
2970 1840 3034 1875 ex
3071 1822 3160 1875 Dei
3214 1822 3434 1873 essentia
3466 1834 3596 1879 esse,
3625 1825 3678 1865 ct

445 1906 834 1970 substantiam,
864 1911 1007 1964 sicut
1036 1922 1099 1965 et
1127 1915 1271 1967 nasci
1308 1929 1402 1982 per
1426 1919 1765 1971 nativitatem
1789 1936 1806 1974 :
1829 1920 2016 1976 beatus

449 1996 580 2050 item
609 1999 841 2067 Cyrillus
877 2016 974 2069 per
998 2017 1211 2057 onmem
1241 2005 1409 2061 ferme
1441 2010 1765 2077 scriptorum
1794 2026 2017 2066 suorum

448 2098 679 2154 textum,
711 2094 1032 2145 naturaliter
1086 2082 1181 2163 per
1223 2094 1418 2151 Filium
1454 2103 1770 2166 procedere.
1808 2114 1863 2156 ut
1891 2118 2018 2171 pro-

450 2182 628 2248 prium
654 2183 821 2248 ipsius
846 2182 1129 2251 Spiritum,
1149 2189 1532 2256 propriamque
1563 2192 1812 2245 virtutem
1842 2208 2021 2258 suam,

450 2284 617 2341 atque
669 2289 730 2327 ex
758 2276 878 2344 ipso
934 2291 1076 2339 esse.
1136 2280 1335 2334 divinis
1364 2282 1664 2337 rationibus
1720 2286 1937 2348 asserit,
1969 2295 2023 2340 et

452 2376 683 2433 qumqu‘e
737 2367 838 2420 alia
892 2368 1144 2434 praedicta
1200 2379 1378 2424 sunt:
1414 2374 1682 2437 quomodo
1716 2389 1821 2428 non
1874 2376 2023 2429 illum

456 2459 731 2511 hominem
779 2461 955 2529 arguit
990 2463 1247 2532 synodus,
1278 2463 1367 2532 qui
1406 2463 1667 2533 Spiritum
1711 2481 1804 2535 per
1827 2465 2023 2521 Filium

455 2547 819 2601 substantiam
876 2551 1073 2605 habere
1127 2553 1381 2620 negabat,
1452 2553 1555 2609 etsi
1608 2554 1673 2608 de
1724 2555 2026 2622 huiusmodi

458 2637 736 2701 opinione,
766 2649 989 2706 propter
1017 2655 1079 2695 ea
1111 2657 1233 2711 qua:
1261 2643 1522 2707 diximus,
1545 2643 1704 2697 latius
1728 2644 1859 2699 nihil
1881 2647 2029 2700 dixe-

460 2740 588 2783 runt
612 2729 635 2781 3

537 2827 704 2888 Quam
733 2822 896 2889 igitur
928 2824 1217 2876 absurdum
1248 2836 1351 2885 est,
1383 2840 1478 2893 per
1508 2826 1814 2893 hujus-modi
1861 2830 2029 2885 silen-

464 2915 600 2967 tium
637 2924 829 2982 putare
884 2926 1128 2969 sanctam
1183 2916 1447 2985 synodum
1509 2920 1745 2973 haeretici
1797 2921 2034 2975 hominis

465 3004 820 3071 blasphemiis
858 3004 1218 3073 acquievisse,
1252 3009 1394 3075 quod
1425 3008 1631 3063 scilicet
1658 3010 1893 3078 Spiritus
1926 3028 2030 3065 non

2118 1939 2280 1991 neque
2316 1920 2515 1973 Filium
2546 1929 2813 1986 putamus,
2852 1914 3077 1981 intelligi
3117 1911 3231 1974 dat,
3264 1911 3387 1978 quia
3420 1908 3677 1975 Spiritum

2119 2015 2259 2067 hunc
2281 2024 2333 2065 et
2386 2027 2447 2065 ex
2490 2012 2596 2064 Deo
2646 2023 2786 2072 esse,
2817 2018 2871 2059 ct
2900 2022 2965 2057 ex
3010 2004 3154 2056 illius
3203 2001 3435 2055 essentia
3487 1996 3681 2056 credit,

2120 2102 2262 2173 quod
2296 2112 2497 2165 autem,
2531 2116 2634 2153 non
2669 2097 2957 2153 creationis
2991 2110 3179 2156 causa,
3217 2091 3346 2145 dicit
3374 2130 3389 2153 ,
3432 2100 3479 2142 et
3512 2089 3680 2149 addit,

2135 2211 2153 2243 ι
2189 2206 2361 2261 neque
2407 2206 2501 2260 per
2544 2189 2737 2243 Filium
2772 2185 3136 2239 substantiam
3171 2180 3403 2246 cepisse,
3444 2197 3460 2227 ι
3500 2189 3687 2228 rursus

2123 2284 2528 2352 intelligendum
2555 2281 2720 2340 dedit,
2777 2279 2925 2347 quia,
2958 2292 3061 2327 non
3093 2275 3233 2327 sicut
3271 2281 3397 2325 sunt
3427 2276 3689 2322 creaturae

2123 2392 2188 2430 ex
2217 2376 2324 2441 Deo
2362 2390 2458 2443 per
2490 2373 2701 2433 Filium,
2734 2372 2805 2425 ita
2854 2381 2906 2421 ct
2934 2367 3173 2434 Spiritus
3206 2373 3427 2417 sanctus
3458 2374 3521 2411 ex
3574 2357 3686 2408 Deo

2124 2484 2218 2538 per
2236 2466 2426 2521 Filium
2451 2464 2805 2518 substantiam
2832 2461 3021 2522 habet;
3049 2460 3148 2511 hoc
3174 2466 3352 2509 autem
3381 2466 3560 2507 verum
3590 2459 3689 2503 est.

2128 2562 2192 2615 Et
2228 2559 2385 2614 simul
2415 2559 2464 2611 id
2496 2565 2748 2618 constat,
2813 2553 2935 2621 quia
2980 2551 3045 2608 de
3089 2564 3173 2612 eo,
3221 2548 3360 2616 quod
3392 2560 3495 2599 non
3536 2545 3606 2597 si:
3630 2558 3692 2595 ex

2128 2654 2262 2709 Filio
2303 2651 2560 2719 Spiritus,
2592 2647 2723 2715 nihil
2758 2646 2845 2699 hic
2889 2644 3044 2702 dixit,
3097 2640 3190 2693 sed
3233 2637 3375 2692 enim
3428 2635 3699 2704 quomodo

2130 2759 2233 2800 non
2266 2743 2432 2798 Filius
2468 2755 2587 2796 esse
2622 2747 2925 2807 putaretur,
2966 2734 3066 2787 nisi
3098 2747 3193 2801 per
3228 2729 3420 2784 Filium
3476 2727 3701 2779 haberet

2132 2834 2514 2892 substantiam.
2569 2830 2673 2883 hoc
2708 2840 2809 2887 cst.
2848 2841 2942 2895 per
2974 2824 3167 2878 Filium
3217 2821 3546 2891 procederet.
3587 2818 3698 2871 ita-

2131 2936 2256 2992 que,
2287 2920 2546 2988 siquidem
2575 2918 2661 2969 hic
2687 2925 2944 2967 :eternatn
3000 2929 3092 2979 per
3118 2910 3311 2965 Filium
3345 2904 3701 2961 substantiam

2135 3013 2644 3084 processionemqne
2666 3009 2914 3071 denegat,
2940 3004 3209 3070 quomodo
3236 3018 3342 3055 non
3371 3000 3577 3052 sanctis
3607 2997 3706 3048 Pa-

464 3088 564 3161 pér
602 3095 794 3148 Filium
824 3096 1181 3149 substantiam
1230 3098 1468 3163 haberet,
1502 3114 1624 3153 eum
1671 3102 1721 3154 id
1755 3099 2035 3157 manifeste
2064 3135 2103 3189 ε
2139 3105 2313 3157 tribus
2339 3111 2522 3169 aperte
2554 3095 2897 3166 refragatur?
2926 3094 3114 3147 Nonne
3136 3093 3246 3160 jam
3283 3091 3591 3144 necessario
3613 3104 3705 3139 co—

465 3185 804 3237 contrarium
862 3185 953 3250 sit,
1000 3195 1054 3239 et
1103 3196 1417 3241 sanctorum
1473 3188 1693 3244 Patrum
1733 3194 2038 3260 prmceden-

468 3275 629 3332 tium.
658 3282 712 3328 et
745 3276 886 3329 beati
927 3274 1107 3346 Cyrilli
1135 3278 1379 3346 scriptis,
1417 3294 1537 3348 qua:
1585 3283 1823 3352 synodus
1856 3292 2040 3339 secuta

468 3378 579 3429 est,
605 3377 660 3421 et
694 3369 962 3436 sequenda
1004 3370 1213 3423 caeteris
1254 3373 1467 3427 statuit.
1505 3373 1617 3428 lloc
1646 3376 1787 3429 enim
1828 3385 1910 3429 est
1945 3376 2045 3431 Ec-

467 3460 653 3514 clesia:
683 3472 882 3515 sancta:
911 3461 1233 3517 calumniam
1281 3474 1517 3521 struere.

546 3547 815 3603 Praterea
874 3549 1286 3605 stolidissimum
1343 3555 1570 3609 omnino
1620 3567 1723 3623 est,
1775 3559 1880 3624 his,
1926 3574 2046 3630 qua:

471 3640 647 3695 sancti
677 3641 864 3696 Patres
895 3641 1196 3698 innumeris
1226 3643 1279 3698 in
1304 3645 1437 3701 locis
1454 3649 1919 3717 conscripserunt,
1940 3669 2046 3706 non

472 3736 850 3800 acquiescere,
884 3734 978 3788 sed
1009 3735 1087 3789 eis
1124 3737 1386 3805 neglectis
1429 3752 1491 3794 ea
1526 3739 1647 3796 illos
1679 3741 1881 3797 dixisse
1915 3758 2049 3798 con-

470 3828 669 3895 jicere,
702 3844 823 3896 qua:
870 3843 1147 3896 nunquam
1178 3829 1455 3895 dixerunt,
1498 3843 1659 3903 atque
1692 3851 1754 3889 ex
1793 3835 1897 3898 his,
1933 3851 2050 3904 qua:

477 3917 555 3969 illi
597 3926 904 3981 tacuerunt,
938 3918 1075 3972 velle
1104 3931 1422 3988 argumenta
1458 3925 1699 3988 trahere,
1732 3926 1889 3993 quasi
1940 3929 2051 3981 dis~

479 4012 761 4079 putatione
810 4009 1022 4063 sublata
1061 4009 1234 4065 solum
1293 4012 1594 4079 silentium,
1644 4032 1766 4085 qua:
1818 4018 1868 4071 in
1903 4035 2050 4087 qua:-

479 4102 657 4157 stione
684 4113 831 4163 sunt,
851 4104 1142 4169 explanare
1177 4103 1425 4171 sufﬁciat,
1451 4122 1573 4162 cum
1598 4120 1745 4164 certe
1774 4111 2051 4179 Scriptura

480 4193 629 4245 dicat
656 4209 672 4255 q:
709 4190 790 4244 Ex
815 4191 983 4245 verbis
1013 4195 1112 4245 tuis
1133 4193 1524 4263 justi/icaberis,
1574 4207 1622 4250 et
1655 4214 1721 4251 ea:
1748 4202 1912 4255 verbis
1953 4205 2054 4255 luis

481 4283 912 4337 condemnaberis
946 4283 1030 4347 “;
1076 4293 1236 4352 atque
1285 4287 1352 4339 ita
1394 4286 1551 4341 facile
1582 4288 1647 4342 de
1679 4291 1840 4345 rebus
1871 4294 2056 4347 arduis

483 4376 622 4428 velle
656 4375 1003 4429 concludere.
1035 4376 1196 4442 Atqui
1239 4378 1533 4431 secundum
1568 4393 1686 4432 eam
1720 4380 2055 4449 facilitatem,

2140 3206 2295 3265 gctur
2352 3193 2546 3246 Filium
2595 3188 2865 3251 confiteri,
2915 3188 3079 3241 etiam
3145 3185 3406 3250 Spiritum
3463 3188 3705 3233 sanctum

2144 3291 2317 3356 ipsum
2350 3288 2469 3339 sine
2493 3282 2668 3336 medio
2698 3280 2761 3335 ex
2791 3278 2950 3332 Patre
2982 3292 3102 3331 esse
3127 3276 3377 3336 credens,
3408 3271 3705 3326 secundum

2141 3381 2350 3435 scilicet
2398 3376 2683 3443 praedictas
2732 3373 3061 3425 assertioncs
3110 3366 3370 3421 Patrum?

2213 3470 2345 3525 Cum
2381 3469 2544 3538 igitur
2579 3465 2914 3533 simpliciter,
2955 3478 3017 3516 ac
3062 3465 3149 3530 pia
3197 3455 3549 3526 intelligentia
3586 3468 3713 3522 pos-

2146 3564 2217 3616 sit
2244 3562 2440 3630 accipi,
2472 3558 2612 3628 quod
2644 3558 2847 3610 dictum
2882 3563 2983 3617 est,
3037 3551 3136 3606 etsi
3172 3564 3272 3604 nos
3333 3564 3438 3602 non
3466 3564 3527 3601 ea
3565 3561 3715 3598 lllt’ll-

2149 3663 2201 3707 te
2230 3654 2430 3706 dictum
2458 3649 2754 3712 fateamur;
2790 3657 2951 3713 atque
2979 3646 3091 3698 hare
3120 3642 3305 3711 Opinio
3360 3641 3583 3693 necdum
3623 3654 3717 3707 pu-

2150 3745 2315 3808 blica,
2350 3758 2449 3796 nec.
2482 3741 2692 3809 vulgata
2725 3748 2892 3801 esset,
2950 3752 3013 3790 ac
3046 3743 3329 3803 propterea
3364 3730 3495 3784 nihil
3532 3743 3598 3782 ex
3653 3742 3719 3779 co

2153 3832 2341 3899 religio
2363 3828 2674 3885 Christiana
2706 3826 3016 3889 laederetur,
3051 3836 3317 3891 nemoque
3342 3821 3455 3873 fere
3492 3818 3722 3899 iusimuf

2152 3894 2309 3989 laret,
2339 3921 2611 3989 verbaque
2639 3921 2754 3988 ipsa
2778 3917 3025 3974 subtilius
3051 3914 3377 3983 disquireret
3406 3913 3564 3965 rebus
3588 3894 3724 3977 pne;

2155 4026 2301 4071 terea
2334 4014 2597 4069 .niaxime
2632 4009 2961 4066 necessariis
3000 4007 3337 4077 urgentibus,
3399 4019 3465 4057 ne
3519 4002 3727 4057 scilicet

2156 4106 2551 4161 incarnationis
2598 4110 3011 4158 sacramentum
3063 4098 3229 4154 verba
3280 4096 3625 4164 simpliciter,
3663 4109 3727 4147 ac

2158 4196 2473 4267 praedicatio
2510 4195 2690 4249 inanis
2723 4189 3371 4258 videretur:ambagibus
3402 4187 3619 4241 omissis
3659 4187 3726 4239 ad

2160 4291 2234 4351 id,
2257 4298 2475 4357 propter
2498 4285 3049 4355 quodconveuerant,
3070 4295 3128 4335 se
3151 4280 3518 4335 contulerunt.
3540 4277 3735 4343 Liquet

2159 4391 2362 4441 autem,
2396 4378 2521 4446 quia
2550 4376 2641 4445 qui
2679 4374 2942 4443 Spiritum
2972 4388 3077 4428 non
3115 4373 3281 4427 etiam
3314 4386 3438 4423 esse
3486 4370 3615 4421 dicit
3662 4384 3726 4421 ex

482 4479 555 4518 ne
582 4465 919 4533 pernicosam
945 4465 1213 4527 levitatem
1238 4466 1488 4529 dixerim,
1518 4467 1778 4536 Spiritum
1807 4484 2055 4527 sanctum
2093 4469 2133 4521 ι)
2166 4473 2318 4537 Filio,
2344 4472 2615 4526 Christum
2653 4484 2755 4522 non
2790 4467 2942 4535 quasi
2982 4466 3196 4533 prepria
3234 4464 3457 4525 virtute,
3487 4463 3582 4516 sed
3619 4460 3732 4512 vcl-

489 4557 657 4608 Deum
706 4570 893 4608 verum
947 4556 1012 4609 de
1065 4556 1176 4610 Deo
1216 4572 1343 4611 vero
1404 4560 1821 4627 appellabimus,
1883 4579 2057 4633 neque

488 4646 634 4699 Patri
665 4654 719 4699 et
748 4645 888 4701 Filio
941 4645 1461 4703 consubstantialem
1497 4650 1898 4718 confitebimur,
1926 4671 2060 4722 quo-

490 4739 639 4791 niam
676 4737 729 4789 in
760 4736 1019 4805 Symbolo
1048 4738 1196 4801 fidei,
1231 4754 1336 4792 non
1373 4750 1430 4793 ut
1471 4744 1535 4795 de
1572 4742 1727 4804 Filio,
1776 4745 1850 4798 ita
1888 4756 1943 4800 et
1995 4750 2059 4801 de

490 4828 695 4895 Spiritu
736 4838 925 4883 sancto
958 4827 1009 4881 id
1046 4839 1294 4883 notatum
1328 4841 1411 4885 est
1440 4849 1453 4885 :
1502 4832 1590 4887 hic
1624 4850 1814 4904 nempe
1844 4851 1907 4889 ex
1955 4838 2058 4899 his.

491 4933 616 4987 qua
651 4919 864 4973 silentio
898 4932 1187 4987 suppressa
1231 4928 1378 4983 sunt,
1427 4922 1726 4975 volentibus
1780 4923 2059 4991 maliguaii

491 5013 739 5082 aperitur
772 5011 970 5066 aditus.
1002 5010 1132 5076 Qum
1164 5026 1290 5066 vero
1336 5017 1401 5066 de
1435 5012 1639 5079 Spiritu
1696 5015 1747 5068 in
1804 5013 2064 5086 Syniholo

492 5107 804 5173 conscripta
860 5116 1006 5167 sunt,
1066 5102 1207 5156 Patri
1269 5102 1511 5174 Filioque
1546 5107 1855 5161 communia
1916 5110 2067 5163 iuve-

492 5202 741 5254 niuntur.
1455 5180 1460 5185 ’

567 5293 720 5356 Quod
747 5289 790 5344 si
826 5290 993 5342 sancti
1046 5289 1232 5340 Patres
1290 5302 1350 5341 ea
1392 5305 1617 5357 quorum
1664 5295 1833 5360 gratia
1875 5309 2067 5348 cenve-

496 5396 713 5446 nerant,
748 5399 851 5437 non
880 5384 1323 5446 enuntiaverunt,
1357 5382 1408 5435 in
1448 5385 1682 5438 secunda
1721 5386 1927 5441 scilicet
1977 5402 2070 5457 sy-

502 5478 661 5537 nodo,
695 5476 897 5531 cordati
923 5475 1046 5529 licet
1082 5484 1247 5543 atque
1271 5474 1684 5543 sapientissimi,
1708 5480 1835 5545 quid
1866 5480 2062 5533 mirum

494 5572 543 5627 si
574 5570 627 5624 id
658 5570 958 5624 omiserunt
994 5577 1215 5638 propter
1254 5565 1393 5634 quod
1425 5567 1648 5622 minime
1677 5583 2066 5637 convenerant,

567 5755 611 5782 ⁸³
649 5752 832 5808 Matth.
876 5772 968 5822 xu,
1000 5756 1087 5808 ⁸57.
1169 5754 1210 5786 “
1244 5754 1400 5809 .luan.
1438 5774 1472 5815 ι,
1516 5757 1594 5811 ιι.

2160 4574 2212 4615 ιιι
2253 4564 2425 4615 aliena
2489 4577 2641 4614 usuin
2677 4559 3047 4613 confitebitur.
3084 4556 3249 4611 Porro
3296 4557 3346 4609 id
3387 4556 3735 4607 anathemate

2162 4653 2443 4708 multatum
2479 4662 2580 4704 est.

2234 4743 2361 4797 Sive
2399 4741 2580 4810 igitur,
2621 4739 2875 4809 quoniam
2927 4739 3103 4807 imago
3143 4736 3317 4790 Patris
3343 4734 3511 4790 Filius
3548 4744 3631 4788 est
3655 4735 3736 4787 in-

2163 4832 2585 4894 eomtnutabilis,
2612 4832 2903 4899 omniaque
2930 4829 3111 4881 Patris
3145 4828 3330 4891 habet,
3360 4838 3551 4895 prmter
3570 4825 3620 4879 id
3649 4841 3742 4879 so-

2165 4926 2300 4988 lum,
2325 4925 2468 4994 quod
2489 4922 2651 4977 Pater
2673 4938 2780 4976 non
2802 4933 2886 4976 est
2905 4938 2921 4987 ;
2943 4921 3076 4986 sive,
3098 4920 3219 4988 quia
3238 4920 3491 4973 Christus
3516 4917 3749 4985 propria.

2167 5018 2388 5081 virtute,
2421 5031 2526 5069 non
2563 5016 2736 5068 aliena
2783 5014 2986 5083 Spiritu
3019 5021 3209 5067 sancto
3249 5012 3442 5074 utitur,
3478 5022 3538 5064 ut
3584 5021 3640 5063 et
3691 5010 3757 5062 id-

2166 5112 2441 5175 credatur,
2475 5110 2619 5178 quod
2655 5108 2883 5162 dicitur:
2920 5103 3142 5158 Verbum
3176 5121 3304 5158 caro
3336 5106 3535 5172 factum
3561 5112 3636 5155 est
3667 5101 3740 5165 “,

2169 5222 2391 5261 necesse
2412 5212 2495 5258 est
2524 5204 2683 5257 etiam
2728 5217 2792 5255 ex
2846 5199 2980 5254 Filio
3008 5216 3125 5254 esse
3181 5197 3440 5268 Spiritum
3497 5208 3744 5250 sanetum

2170 5298 2438 5354 confiteri.
2487 5296 2597 5350 Hoc
2640 5298 2785 5349 enim
2830 5294 3031 5346 idcirco
3082 5290 3360 5345 Nestorius
3412 5289 3659 5356 negabat,
3686 5295 3751 5337 ut

2170 5402 2359 5446 eontra
2379 5390 2827 5457 dispensationem
2846 5384 3232 5439 incarnationis
3259 5399 3315 5436 se
3333 5382 3568 5451 apertius
3589 5393 3751 5431 exse-

2179 5495 2340 5539 reret.
2402 5483 2673 5551 Scriptum
2724 5490 2805 5533 est
2861 5481 2986 5532 item
3067 5477 3119 5529 in
3174 5474 3501 5544 Evangelio:
3567 5469 3755 5526 Sciens

2174 5586 2351 5629 autem
2395 5574 2529 5629 'esus
2565 5572 2731 5625 exisse
2759 5586 2822 5626 ex
2877 5586 2931 5624 se
2960 5572 3205 5623 virtutem
3236 5568 3303 5621 ".
3334 5566 3409 5620 Ac
3442 5578 3656 5618 rursum
3695 5562 3747 5614 in

1710 5754 1752 5782 ‘7
1788 5752 1914 5807 Luc.
1958 5771 2028 5811 \‘t,
2081 5754 2159 5806 19.
