  <div class='ocr_page' id='page_1' title='image "/cluster/home/n/w/nwhite01/storage/ocr_20150623/152/nnc1.0046980377/058.png"; bbox 0 0 4462 6440; ppageno 0'>
   <div class='ocr_carea' id='block_1_1' title="bbox 437 389 2199 466">
    <p class='ocr_par' dir='ltr' id='par_1_1' title="bbox 437 395 2199 466">
     <span class='ocr_line' id='line_1_1' title="bbox 437 395 2199 466; baseline -0.01 0"><span class='ocrx_word' id='word_1_1' title='bbox 437 406 514 466; x_wconf 80' lang='grc'><strong>97</strong></span> <span class='ocrx_word' id='word_1_2' title='bbox 1551 395 1948 453; x_wconf 64' lang='grc' dir='ltr'><strong>ΑῡΥΕὶὶδυδ</strong></span> <span class='ocrx_word' id='word_1_3' title='bbox 1987 395 2199 450; x_wconf 67' lang='lat' dir='ltr'><strong>UBJ‘LC</strong></span> 
     </span>
    </p>
   </div>
   <div class='ocr_carea' id='block_1_2' title="bbox 1905 389 3667 466">
    <p class='ocr_par' dir='ltr' id='par_1_2' title="bbox 1911 389 3667 454">
     <span class='ocr_line' id='line_1_2' title="bbox 1911 389 3667 454; baseline 0.006 -5"><span class='ocrx_word' id='word_1_4' title='bbox 1911 395 1948 449; x_wconf 83' lang='lat' dir='ltr'><strong>s</strong></span> <span class='ocrx_word' id='word_1_5' title='bbox 1987 395 2297 450; x_wconf 55' lang='lat' dir='ltr'><strong>cumcos</strong></span> <span class='ocrx_word' id='word_1_6' title='bbox 2340 396 2484 454; x_wconf 82' lang='lat' dir='ltr'><strong>LIB.</strong></span> <span class='ocrx_word' id='word_1_7' title='bbox 2533 397 2610 452; x_wconf 89' lang='grc' dir='ltr'>ιι.</span> <span class='ocrx_word' id='word_1_8' title='bbox 3601 389 3667 449; x_wconf 84' lang='lat'><strong>98</strong></span> 
     </span>
    </p>
   </div>
   <div class='ocr_carea' id='block_1_3' title="bbox 433 497 3675 576">
    <p class='ocr_par' dir='ltr' id='par_1_3' title="bbox 433 497 3675 576">
     <span class='ocr_line' id='line_1_3' title="bbox 433 497 3675 576; baseline -0.006 -11"><span class='ocrx_word' id='word_1_9' title='bbox 433 531 497 565; x_wconf 61' lang='lat' dir='ltr'><strong>ea</strong></span> <span class='ocrx_word' id='word_1_10' title='bbox 518 514 697 570; x_wconf 62' lang='lat' dir='ltr'><strong>lutre,</strong></span> <span class='ocrx_word' id='word_1_11' title='bbox 717 507 962 576; x_wconf 60' lang='grc' dir='ltr'><strong>νιοβε-ωδ</strong></span> <span class='ocrx_word' id='word_1_12' title='bbox 987 514 1162 556; x_wconf 86' lang='lat' dir='ltr'><strong>autem</strong></span> <span class='ocrx_word' id='word_1_13' title='bbox 1182 500 1498 568; x_wconf 84' lang='lat' dir='ltr'><strong>Filii,stque</strong></span> <span class='ocrx_word' id='word_1_14' title='bbox 1517 515 1580 552; x_wconf 78' lang='lat' dir='ltr'><strong>es</strong></span> <span class='ocrx_word' id='word_1_15' title='bbox 1605 503 1721 565; x_wconf 86' lang='lat' dir='ltr'><strong>ipso</strong></span> <span class='ocrx_word' id='word_1_16' title='bbox 1745 513 2018 550; x_wconf 64' lang='lat' dir='ltr'><strong>manans.»</strong></span> <span class='ocrx_word' id='word_1_17' title='bbox 2053 503 2100 558; x_wconf 74' lang='grc' dir='ltr'>Α</span> <span class='ocrx_word' id='word_1_18' title='bbox 2131 503 2342 570; x_wconf 86' lang='lat' dir='ltr'><strong>pionem</strong></span> <span class='ocrx_word' id='word_1_19' title='bbox 2383 517 2394 551; x_wconf 89' lang='lat'><strong>:</strong></span> <span class='ocrx_word' id='word_1_20' title='bbox 2433 500 2575 551; x_wconf 88' lang='lat' dir='ltr'><strong>Unus</strong></span> <span class='ocrx_word' id='word_1_21' title='bbox 2623 500 2757 552; x_wconf 85' lang='lat' dir='ltr'><strong>enim</strong></span> <span class='ocrx_word' id='word_1_22' title='bbox 2781 540 2794 563; x_wconf 95' lang='lat'><strong>,</strong></span> <span class='ocrx_word' id='word_1_23' title='bbox 2827 500 3018 567; x_wconf 83' lang='lat' dir='ltr'><strong>inquit,</strong></span> <span class='ocrx_word' id='word_1_24' title='bbox 3055 497 3247 562; x_wconf 73' lang='lat' dir='ltr'><strong>Filius,</strong></span> <span class='ocrx_word' id='word_1_25' title='bbox 3277 517 3391 576; x_wconf 84' lang='lat' dir='ltr'><strong>cum</strong></span> <span class='ocrx_word' id='word_1_26' title='bbox 3419 502 3484 551; x_wconf 75' lang='lat' dir='ltr'><strong>sit</strong></span> <span class='ocrx_word' id='word_1_27' title='bbox 3508 506 3675 554; x_wconf 66' lang='lat' dir='ltr'><strong>vim-ns</strong></span> 
     </span>
    </p>
   </div>
   <div class='ocr_carea' id='block_1_4' title="bbox 507 579 2006 664">
    <p class='ocr_par' dir='ltr' id='par_1_4' title="bbox 507 579 2006 664">
     <span class='ocr_line' id='line_1_4' title="bbox 507 579 2006 664; baseline -0.009 -16"><span class='ocrx_word' id='word_1_28' title='bbox 507 599 730 664; x_wconf 77' lang='lat' dir='ltr'><strong>Magnus</strong></span> <span class='ocrx_word' id='word_1_29' title='bbox 769 593 983 661; x_wconf 63' lang='lat' dir='ltr'><strong>quoqn&#39;e</strong></span> <span class='ocrx_word' id='word_1_30' title='bbox 1033 591 1362 644; x_wconf 76' lang='lat' dir='ltr'><strong>Athanasius</strong></span> <span class='ocrx_word' id='word_1_31' title='bbox 1402 587 1454 638; x_wconf 92' lang='lat' dir='ltr'><strong>in</strong></span> <span class='ocrx_word' id='word_1_32' title='bbox 1491 579 1626 639; x_wconf 86' lang='lat' dir='ltr'><strong>libro</strong></span> <span class='ocrx_word' id='word_1_33' title='bbox 1647 585 1719 638; x_wconf 90' lang='lat' dir='ltr'><strong>De</strong></span> <span class='ocrx_word' id='word_1_34' title='bbox 1737 588 2006 649; x_wconf 83' lang='lat' dir='ltr'><strong>dispensa-</strong></span> 
     </span>
    </p>
   </div>
   <div class='ocr_carea' id='block_1_5' title="bbox 437 676 2009 748">
    <p class='ocr_par' dir='ltr' id='par_1_5' title="bbox 437 676 2009 748">
     <span class='ocr_line' id='line_1_5' title="bbox 437 676 2009 748; baseline -0.007 -11"><span class='ocrx_word' id='word_1_35' title='bbox 437 693 576 738; x_wconf 78' lang='lat' dir='ltr'><strong>tione</strong></span> <span class='ocrx_word' id='word_1_36' title='bbox 602 686 1001 743; x_wconf 68' lang='lat' dir='ltr'><strong>incarnationis,</strong></span> <span class='ocrx_word' id='word_1_37' title='bbox 1035 681 1189 748; x_wconf 84' lang='lat' dir='ltr'><strong>cujus</strong></span> <span class='ocrx_word' id='word_1_38' title='bbox 1239 679 1446 731; x_wconf 86' lang='lat' dir='ltr'><strong>initium</strong></span> <span class='ocrx_word' id='word_1_39' title='bbox 1479 689 1562 730; x_wconf 89' lang='lat' dir='ltr'><strong>est</strong></span> <span class='ocrx_word' id='word_1_40' title='bbox 1593 695 1605 728; x_wconf 85' lang='lat'>:</span> <span class='ocrx_word' id='word_1_41' title='bbox 1641 676 1742 740; x_wconf 88' lang='lat' dir='ltr'><strong>Qui</strong></span> <span class='ocrx_word' id='word_1_42' title='bbox 1777 692 2009 743; x_wconf 83' lang='lat' dir='ltr'><strong>perverse</strong></span> 
     </span>
    </p>
   </div>
   <div class='ocr_carea' id='block_1_6' title="bbox 433 765 2006 838">
    <p class='ocr_par' dir='ltr' id='par_1_6' title="bbox 433 765 2006 838">
     <span class='ocr_line' id='line_1_6' title="bbox 433 765 2006 838; baseline -0.008 -14"><span class='ocrx_word' id='word_1_43' title='bbox 433 778 638 824; x_wconf 59' lang='lat' dir='ltr'><strong>divinas</strong></span> <span class='ocrx_word' id='word_1_44' title='bbox 665 773 970 838; x_wconf 84' lang='lat' dir='ltr'><strong>Scripturas</strong></span> <span class='ocrx_word' id='word_1_45' title='bbox 1003 771 1173 821; x_wconf 79' lang='lat' dir='ltr'><strong>volunt</strong></span> <span class='ocrx_word' id='word_1_46' title='bbox 1200 767 1485 834; x_wconf 70' lang='lat' dir='ltr'><strong>intelligere</strong></span> <span class='ocrx_word' id='word_1_47' title='bbox 1517 806 1531 825; x_wconf 94' lang='lat'><strong>,</strong></span> <span class='ocrx_word' id='word_1_48' title='bbox 1574 785 1590 815; x_wconf 77' lang='grc' dir='ltr'><strong>ι</strong></span> <span class='ocrx_word' id='word_1_49' title='bbox 1635 766 1774 833; x_wconf 85' lang='lat' dir='ltr'><strong>Ipse,</strong></span> <span class='ocrx_word' id='word_1_50' title='bbox 1816 765 2006 832; x_wconf 84' lang='lat' dir='ltr'><strong>inquit,</strong></span> 
     </span>
    </p>
   </div>
   <div class='ocr_carea' id='block_1_7' title="bbox 433 856 2010 929">
    <p class='ocr_par' dir='ltr' id='par_1_7' title="bbox 433 856 2010 929">
     <span class='ocr_line' id='line_1_7' title="bbox 433 856 2010 929; baseline -0.006 -14"><span class='ocrx_word' id='word_1_51' title='bbox 433 879 558 915; x_wconf 87' lang='lat' dir='ltr'><strong>enm</strong></span> <span class='ocrx_word' id='word_1_52' title='bbox 609 877 840 929; x_wconf 83' lang='lat' dir='ltr'><strong>superne</strong></span> <span class='ocrx_word' id='word_1_53' title='bbox 880 860 1023 911; x_wconf 81' lang='lat' dir='ltr'><strong>misit</strong></span> <span class='ocrx_word' id='word_1_54' title='bbox 1072 860 1230 917; x_wconf 83' lang='lat' dir='ltr'><strong>Deus.</strong></span> <span class='ocrx_word' id='word_1_55' title='bbox 1280 870 1330 909; x_wconf 93' lang='lat' dir='ltr'><strong>et</strong></span> <span class='ocrx_word' id='word_1_56' title='bbox 1379 859 1490 923; x_wconf 90' lang='lat' dir='ltr'><strong>ipse</strong></span> <span class='ocrx_word' id='word_1_57' title='bbox 1529 871 1648 908; x_wconf 89' lang='lat' dir='ltr'><strong>cum</strong></span> <span class='ocrx_word' id='word_1_58' title='bbox 1687 856 1908 907; x_wconf 83' lang='lat' dir='ltr'><strong>inferius</strong></span> <span class='ocrx_word' id='word_1_59' title='bbox 1951 863 2010 906; x_wconf 92' lang='lat' dir='ltr'><strong>ut</strong></span> 
     </span>
    </p>
   </div>
   <div class='ocr_carea' id='block_1_8' title="bbox 437 943 2009 1016">
    <p class='ocr_par' dir='ltr' id='par_1_8' title="bbox 437 943 2009 1016">
     <span class='ocr_line' id='line_1_8' title="bbox 437 943 2009 1016; baseline -0.004 -13"><span class='ocrx_word' id='word_1_60' title='bbox 437 956 599 1005; x_wconf 87' lang='lat' dir='ltr'><strong>homo</strong></span> <span class='ocrx_word' id='word_1_61' title='bbox 634 952 890 1016; x_wconf 81' lang='lat' dir='ltr'><strong>suscepit.</strong></span> <span class='ocrx_word' id='word_1_62' title='bbox 943 949 1016 1000; x_wconf 62' lang='lat' dir='ltr'><strong>Et</strong></span> <span class='ocrx_word' id='word_1_63' title='bbox 1053 943 1165 1015; x_wconf 84' lang='lat' dir='ltr'><strong>ipso</strong></span> <span class='ocrx_word' id='word_1_64' title='bbox 1195 949 1357 1014; x_wconf 76' lang='lat' dir='ltr'><strong>igitur</strong></span> <span class='ocrx_word' id='word_1_65' title='bbox 1392 950 1442 998; x_wconf 90' lang='lat' dir='ltr'><strong>in</strong></span> <span class='ocrx_word' id='word_1_66' title='bbox 1495 963 1668 1013; x_wconf 79' lang='lat' dir='ltr'><strong>Ipsum</strong></span> <span class='ocrx_word' id='word_1_67' title='bbox 1730 945 2009 997; x_wconf 85' lang='lat' dir='ltr'><strong>descendit</strong></span> 
     </span>
    </p>
   </div>
   <div class='ocr_carea' id='block_1_9' title="bbox 433 1037 2008 1103">
    <p class='ocr_par' dir='ltr' id='par_1_9' title="bbox 433 1037 2008 1103">
     <span class='ocr_line' id='line_1_9' title="bbox 433 1037 2008 1103; baseline -0.004 -10"><span class='ocrx_word' id='word_1_68' title='bbox 433 1060 502 1094; x_wconf 74' lang='lat' dir='ltr'><strong>ex</strong></span> <span class='ocrx_word' id='word_1_69' title='bbox 535 1045 734 1094; x_wconf 85' lang='lat' dir='ltr'><strong>deitate</strong></span> <span class='ocrx_word' id='word_1_70' title='bbox 771 1044 821 1092; x_wconf 87' lang='lat' dir='ltr'><strong>iti</strong></span> <span class='ocrx_word' id='word_1_71' title='bbox 867 1041 1258 1090; x_wconf 86' lang='lat' dir='ltr'><strong>humanitatem</strong></span> <span class='ocrx_word' id='word_1_72' title='bbox 1311 1038 1447 1103; x_wconf 80' lang='lat' dir='ltr'><strong>ejus.</strong></span> <span class='ocrx_word' id='word_1_73' title='bbox 1481 1056 1498 1086; x_wconf 76' lang='grc' dir='ltr'><strong>ι</strong></span> <span class='ocrx_word' id='word_1_74' title='bbox 1529 1037 1760 1089; x_wconf 89' lang='lat' dir='ltr'><strong>Sanctus</strong></span> <span class='ocrx_word' id='word_1_75' title='bbox 1791 1050 2008 1102; x_wconf 73' lang='lat' dir='ltr'><strong>quoque</strong></span> 
     </span>
    </p>
   </div>
   <div class='ocr_carea' id='block_1_10' title="bbox 434 1127 2008 1199">
    <p class='ocr_par' dir='ltr' id='par_1_10' title="bbox 434 1127 2008 1199">
     <span class='ocr_line' id='line_1_10' title="bbox 434 1127 2008 1199; baseline -0.004 -17"><span class='ocrx_word' id='word_1_76' title='bbox 434 1133 874 1199; x_wconf 77' lang='lat' dir='ltr'><strong>Clnysostomus,</strong></span> <span class='ocrx_word' id='word_1_77' title='bbox 910 1130 962 1180; x_wconf 86' lang='lat' dir='ltr'><strong>in</strong></span> <span class='ocrx_word' id='word_1_78' title='bbox 1006 1142 1256 1179; x_wconf 83' lang='lat' dir='ltr'><strong>sermone</strong></span> <span class='ocrx_word' id='word_1_79' title='bbox 1307 1128 1372 1178; x_wconf 88' lang='lat' dir='ltr'><strong>de</strong></span> <span class='ocrx_word' id='word_1_80' title='bbox 1425 1127 1764 1179; x_wconf 86' lang='lat' dir='ltr'><strong>humanitate</strong></span> <span class='ocrx_word' id='word_1_81' title='bbox 1796 1127 2008 1178; x_wconf 85' lang='lat' dir='ltr'><strong>Domini.</strong></span> 
     </span>
    </p>
   </div>
   <div class='ocr_carea' id='block_1_11' title="bbox 437 1211 2008 1281">
    <p class='ocr_par' dir='ltr' id='par_1_11' title="bbox 437 1211 2008 1281">
     <span class='ocr_line' id='line_1_11' title="bbox 437 1211 2008 1281; baseline -0.004 -11"><span class='ocrx_word' id='word_1_82' title='bbox 437 1221 612 1271; x_wconf 87' lang='lat' dir='ltr'><strong>nostri</strong></span> <span class='ocrx_word' id='word_1_83' title='bbox 669 1217 826 1270; x_wconf 76' lang='lat' dir='ltr'><strong>Jesns</strong></span> <span class='ocrx_word' id='word_1_84' title='bbox 871 1216 1094 1276; x_wconf 83' lang='lat' dir='ltr'><strong>Cunsti,</strong></span> <span class='ocrx_word' id='word_1_85' title='bbox 1143 1213 1534 1281; x_wconf 85' lang='lat' dir='ltr'><strong>cujnsinilium</strong></span> <span class='ocrx_word' id='word_1_86' title='bbox 1589 1224 1715 1266; x_wconf 85' lang='lat' dir='ltr'><strong>est:</strong></span> <span class='ocrx_word' id='word_1_87' title='bbox 1760 1211 1885 1264; x_wconf 80' lang='lat' dir='ltr'><strong>Vere</strong></span> <span class='ocrx_word' id='word_1_88' title='bbox 1914 1229 2008 1278; x_wconf 80' lang='lat' dir='ltr'><strong>ap-</strong></span> 
     </span>
    </p>
   </div>
   <div class='ocr_carea' id='block_1_12' title="bbox 433 1301 2009 1374">
    <p class='ocr_par' dir='ltr' id='par_1_12' title="bbox 433 1301 2009 1374">
     <span class='ocr_line' id='line_1_12' title="bbox 433 1301 2009 1374; baseline -0.005 -14"><span class='ocrx_word' id='word_1_89' title='bbox 433 1311 614 1374; x_wconf 89' lang='lat' dir='ltr'><strong>paruit</strong></span> <span class='ocrx_word' id='word_1_90' title='bbox 666 1309 812 1359; x_wconf 90' lang='lat' dir='ltr'><strong>nobis</strong></span> <span class='ocrx_word' id='word_1_91' title='bbox 871 1306 1044 1374; x_wconf 86' lang='lat' dir='ltr'><strong>gratia</strong></span> <span class='ocrx_word' id='word_1_92' title='bbox 1099 1304 1188 1354; x_wconf 81' lang='lat' dir='ltr'><strong>Dei</strong></span> <span class='ocrx_word' id='word_1_93' title='bbox 1229 1343 1244 1366; x_wconf 91' lang='lat'><strong>,</strong></span> <span class='ocrx_word' id='word_1_94' title='bbox 1291 1322 1308 1352; x_wconf 77' lang='grc' dir='ltr'><strong>ι</strong></span> <span class='ocrx_word' id='word_1_95' title='bbox 1373 1301 1554 1366; x_wconf 81' lang='lat' dir='ltr'><strong>Venit,</strong></span> <span class='ocrx_word' id='word_1_96' title='bbox 1599 1304 1788 1370; x_wconf 78' lang='lat' dir='ltr'><strong>inquit,</strong></span> <span class='ocrx_word' id='word_1_97' title='bbox 1819 1307 1883 1354; x_wconf 89' lang='lat' dir='ltr'><strong>ad</strong></span> <span class='ocrx_word' id='word_1_98' title='bbox 1913 1317 2009 1355; x_wconf 86' lang='lat' dir='ltr'><strong>nos</strong></span> 
     </span>
    </p>
   </div>
   <div class='ocr_carea' id='block_1_13' title="bbox 437 1394 2008 1461">
    <p class='ocr_par' dir='ltr' id='par_1_13' title="bbox 437 1394 2008 1461">
     <span class='ocr_line' id='line_1_13' title="bbox 437 1394 2008 1461; baseline -0.006 -9"><span class='ocrx_word' id='word_1_99' title='bbox 437 1398 714 1461; x_wconf 78' lang='lat' dir='ltr'><strong>Christus,</strong></span> <span class='ocrx_word' id='word_1_100' title='bbox 743 1397 890 1449; x_wconf 90' lang='lat' dir='ltr'><strong>dedit</strong></span> <span class='ocrx_word' id='word_1_101' title='bbox 915 1395 1070 1448; x_wconf 87' lang='lat' dir='ltr'><strong>nobis</strong></span> <span class='ocrx_word' id='word_1_102' title='bbox 1095 1394 1354 1461; x_wconf 86' lang='lat' dir='ltr'><strong>Spiritum</strong></span> <span class='ocrx_word' id='word_1_103' title='bbox 1377 1408 1440 1446; x_wconf 79' lang='lat' dir='ltr'><strong>ex</strong></span> <span class='ocrx_word' id='word_1_104' title='bbox 1459 1407 1517 1446; x_wconf 88' lang='lat' dir='ltr'><strong>se</strong></span> <span class='ocrx_word' id='word_1_105' title='bbox 1547 1403 1876 1449; x_wconf 82' lang='lat' dir='ltr'><strong>titanantem,</strong></span> <span class='ocrx_word' id='word_1_106' title='bbox 1911 1408 2008 1444; x_wconf 87' lang='lat' dir='ltr'><strong>no-</strong></span> 
     </span>
    </p>
   </div>
   <div class='ocr_carea' id='block_1_14' title="bbox 439 1488 1310 1556">
    <p class='ocr_par' dir='ltr' id='par_1_14' title="bbox 439 1488 1310 1556">
     <span class='ocr_line' id='line_1_14' title="bbox 439 1488 1310 1556; baseline -0.011 -14"><span class='ocrx_word' id='word_1_107' title='bbox 439 1500 726 1556; x_wconf 85' lang='lat' dir='ltr'><strong>strumque</strong></span> <span class='ocrx_word' id='word_1_108' title='bbox 759 1488 998 1552; x_wconf 80' lang='lat' dir='ltr'><strong>suscepit</strong></span> <span class='ocrx_word' id='word_1_109' title='bbox 1028 1497 1242 1550; x_wconf 87' lang='lat' dir='ltr'><strong>corpus.</strong></span> <span class='ocrx_word' id='word_1_110' title='bbox 1293 1500 1310 1532; x_wconf 71' lang='grc' dir='ltr'><strong>ι</strong></span> 
     </span>
    </p>
   </div>
   <div class='ocr_carea' id='block_1_15' title="bbox 513 1572 2000 1642">
    <p class='ocr_par' dir='ltr' id='par_1_15' title="bbox 513 1572 2000 1642">
     <span class='ocr_line' id='line_1_15' title="bbox 513 1572 2000 1642; baseline -0.005 -12"><span class='ocrx_word' id='word_1_111' title='bbox 513 1579 653 1630; x_wconf 84' lang='lat' dir='ltr'><strong>Idem</strong></span> <span class='ocrx_word' id='word_1_112' title='bbox 707 1578 757 1628; x_wconf 94' lang='lat' dir='ltr'><strong>in</strong></span> <span class='ocrx_word' id='word_1_113' title='bbox 806 1590 1077 1637; x_wconf 82' lang='lat' dir='ltr'><strong>sermOne,</strong></span> <span class='ocrx_word' id='word_1_114' title='bbox 1123 1577 1215 1642; x_wconf 89' lang='lat' dir='ltr'><strong>qui</strong></span> <span class='ocrx_word' id='word_1_115' title='bbox 1267 1573 1581 1626; x_wconf 84' lang='lat' dir='ltr'><strong>inscribitur</strong></span> <span class='ocrx_word' id='word_1_116' title='bbox 1631 1572 2000 1640; x_wconf 56' lang='grc' dir='ltr'><strong>Προψήακτι-</strong></span> 
     </span>
    </p>
   </div>
   <div class='ocr_carea' id='block_1_16' title="bbox 440 1663 2012 1733">
    <p class='ocr_par' dir='ltr' id='par_1_16' title="bbox 440 1663 2012 1733">
     <span class='ocr_line' id='line_1_16' title="bbox 440 1663 2012 1733; baseline -0.002 -14"><span class='ocrx_word' id='word_1_117' title='bbox 440 1671 534 1720; x_wconf 80' lang='grc' dir='ltr'><strong>χδν</strong></span> <span class='ocrx_word' id='word_1_118' title='bbox 571 1685 674 1733; x_wconf 80' lang='lat' dir='ltr'><strong>quo</strong></span> <span class='ocrx_word' id='word_1_119' title='bbox 707 1667 916 1720; x_wconf 79' lang='lat' dir='ltr'><strong>scilicet</strong></span> <span class='ocrx_word' id='word_1_120' title='bbox 951 1666 1210 1717; x_wconf 79' lang='lat' dir='ltr'><strong>adversus</strong></span> <span class='ocrx_word' id='word_1_121' title='bbox 1259 1667 1486 1718; x_wconf 65' lang='lat' dir='ltr'><strong>lmreses</strong></span> <span class='ocrx_word' id='word_1_122' title='bbox 1549 1663 1728 1715; x_wconf 82' lang='lat' dir='ltr'><strong>ﬁdeles</strong></span> <span class='ocrx_word' id='word_1_123' title='bbox 1765 1663 2012 1716; x_wconf 67' lang='lat' dir='ltr'><strong>hOIIllllt‘S</strong></span> 
     </span>
    </p>
   </div>
   <div class='ocr_carea' id='block_1_17' title="bbox 440 1754 2008 1826">
    <p class='ocr_par' dir='ltr' id='par_1_17' title="bbox 440 1754 2008 1826">
     <span class='ocr_line' id='line_1_17' title="bbox 440 1754 2008 1826; baseline -0.004 -15"><span class='ocrx_word' id='word_1_124' title='bbox 440 1758 768 1826; x_wconf 63' lang='lat' dir='ltr'><strong>prmtuunire</strong></span> <span class='ocrx_word' id='word_1_125' title='bbox 803 1756 1021 1822; x_wconf 70' lang='lat' dir='ltr'><strong>satagit,</strong></span> <span class='ocrx_word' id='word_1_126' title='bbox 1046 1754 1196 1819; x_wconf 84' lang='lat' dir='ltr'><strong>cujus</strong></span> <span class='ocrx_word' id='word_1_127' title='bbox 1232 1755 1444 1806; x_wconf 89' lang='lat' dir='ltr'><strong>inittnm</strong></span> <span class='ocrx_word' id='word_1_128' title='bbox 1479 1765 1559 1805; x_wconf 91' lang='lat' dir='ltr'><strong>est</strong></span> <span class='ocrx_word' id='word_1_129' title='bbox 1596 1771 1608 1804; x_wconf 91' lang='lat'><strong>:</strong></span> <span class='ocrx_word' id='word_1_130' title='bbox 1646 1755 1909 1816; x_wconf 80' lang='lat' dir='ltr'><strong>Quoniam</strong></span> <span class='ocrx_word' id='word_1_131' title='bbox 1941 1758 2008 1804; x_wconf 91' lang='lat' dir='ltr'><strong>ad</strong></span> 
     </span>
    </p>
   </div>
   <div class='ocr_carea' id='block_1_18' title="bbox 2132 589 3674 659">
    <p class='ocr_par' dir='ltr' id='par_1_18' title="bbox 2132 589 3674 659">
     <span class='ocr_line' id='line_1_18' title="bbox 2132 589 3674 659; baseline -0.002 -17"><span class='ocrx_word' id='word_1_132' title='bbox 2132 589 2372 659; x_wconf 49' lang='lat' dir='ltr'><strong>Verbum,</strong></span> <span class='ocrx_word' id='word_1_133' title='bbox 2418 604 2574 640; x_wconf 89' lang='lat' dir='ltr'><strong>unam</strong></span> <span class='ocrx_word' id='word_1_134' title='bbox 2625 605 2734 640; x_wconf 84' lang='lat' dir='ltr'><strong>esse</strong></span> <span class='ocrx_word' id='word_1_135' title='bbox 2788 599 2995 654; x_wconf 85' lang='lat' dir='ltr'><strong>oportet&#39;</strong></span> <span class='ocrx_word' id='word_1_136' title='bbox 3024 589 3299 655; x_wconf 80' lang='lat' dir='ltr'><strong>perfectam</strong></span> <span class='ocrx_word' id='word_1_137' title='bbox 3353 608 3413 641; x_wconf 92' lang='lat' dir='ltr'><strong>ac</strong></span> <span class='ocrx_word' id='word_1_138' title='bbox 3447 593 3674 656; x_wconf 84' lang='lat' dir='ltr'><strong>plenum,</strong></span> 
     </span>
    </p>
   </div>
   <div class='ocr_carea' id='block_1_19' title="bbox 2115 678 3676 744">
    <p class='ocr_par' dir='ltr' id='par_1_19' title="bbox 2115 678 3676 744">
     <span class='ocr_line' id='line_1_19' title="bbox 2115 678 3676 744; baseline -0.001 -12"><span class='ocrx_word' id='word_1_139' title='bbox 2115 681 2530 743; x_wconf 77' lang='lat' dir='ltr'><strong>sancti/icantem</strong></span> <span class='ocrx_word' id='word_1_140' title='bbox 2572 688 2615 729; x_wconf 92' lang='lat' dir='ltr'><strong>et</strong></span> <span class='ocrx_word' id='word_1_141' title='bbox 2664 678 3043 729; x_wconf 87' lang='lat' dir='ltr'><strong>illuminantem</strong></span> <span class='ocrx_word' id='word_1_142' title='bbox 3077 679 3257 738; x_wconf 87' lang='lat' dir='ltr'><strong>vitam,</strong></span> <span class='ocrx_word' id='word_1_143' title='bbox 3301 694 3414 744; x_wconf 76' lang='lat' dir='ltr'><strong>quit</strong></span> <span class='ocrx_word' id='word_1_144' title='bbox 3445 692 3676 744; x_wconf 73' lang='lat' dir='ltr'><strong>operatio</strong></span> 
     </span>
    </p>
   </div>
   <div class='ocr_carea' id='block_1_20' title="bbox 2115 765 3650 839">
    <p class='ocr_par' dir='ltr' id='par_1_20' title="bbox 2115 765 3650 839">
     <span class='ocr_line' id='line_1_20' title="bbox 2115 765 3650 839; baseline -0.001 -19"><span class='ocrx_word' id='word_1_145' title='bbox 2115 771 2278 839; x_wconf 58' lang='lat' dir='ltr'><strong>ipsius</strong></span> <span class='ocrx_word' id='word_1_146' title='bbox 2303 779 2348 820; x_wconf 87' lang='lat' dir='ltr'><strong>et</strong></span> <span class='ocrx_word' id='word_1_147' title='bbox 2400 783 2586 817; x_wconf 88' lang='lat' dir='ltr'><strong>manus</strong></span> <span class='ocrx_word' id='word_1_148' title='bbox 2649 777 2745 831; x_wconf 80' lang='lat' dir='ltr'><strong>est,</strong></span> <span class='ocrx_word' id='word_1_149' title='bbox 2795 784 2909 832; x_wconf 75' lang='lat' dir='ltr'><strong>qua:</strong></span> <span class='ocrx_word' id='word_1_150' title='bbox 2967 782 3029 818; x_wconf 75' lang='lat' dir='ltr'><strong>ex</strong></span> <span class='ocrx_word' id='word_1_151' title='bbox 3065 765 3219 818; x_wconf 87' lang='lat' dir='ltr'><strong>Patre</strong></span> <span class='ocrx_word' id='word_1_152' title='bbox 3269 771 3542 828; x_wconf 82' lang='lat' dir='ltr'><strong>procedere</strong></span> <span class='ocrx_word' id='word_1_153' title='bbox 3597 770 3650 818; x_wconf 86' lang='lat' dir='ltr'><strong>di</strong></span> 
     </span>
    </p>
   </div>
   <div class='ocr_carea' id='block_1_21' title="bbox 2114 849 3679 923">
    <p class='ocr_par' dir='ltr' id='par_1_21' title="bbox 2114 849 3679 923">
     <span class='ocr_line' id='line_1_21' title="bbox 2114 849 3679 923; baseline 0.001 -14"><span class='ocrx_word' id='word_1_154' title='bbox 2114 872 2270 920; x_wconf 83' lang='lat' dir='ltr'><strong>citur;</strong></span> <span class='ocrx_word' id='word_1_155' title='bbox 2334 858 2582 923; x_wconf 90' lang='lat' dir='ltr'><strong>quoniam</strong></span> <span class='ocrx_word' id='word_1_156' title='bbox 2648 873 2679 908; x_wconf 91' lang='lat' dir='ltr'><strong>a</strong></span> <span class='ocrx_word' id='word_1_157' title='bbox 2750 855 2909 918; x_wconf 69' lang='lat' dir='ltr'><strong>F!ll0,</strong></span> <span class='ocrx_word' id='word_1_158' title='bbox 2944 849 3038 923; x_wconf 42' lang='lat' dir='ltr'><strong>&#39;qui</strong></span> <span class='ocrx_word' id='word_1_159' title='bbox 3096 875 3159 910; x_wconf 75' lang='lat' dir='ltr'><strong>ex</strong></span> <span class='ocrx_word' id='word_1_160' title='bbox 3210 858 3372 911; x_wconf 92' lang='lat' dir='ltr'><strong>Patre</strong></span> <span class='ocrx_word' id='word_1_161' title='bbox 3395 876 3503 911; x_wconf 84' lang='lat' dir='ltr'><strong>esse</strong></span> <span class='ocrx_word' id='word_1_162' title='bbox 3557 877 3679 911; x_wconf 87' lang='lat' dir='ltr'><strong>con-</strong></span> 
     </span>
    </p>
   </div>
   <div class='ocr_carea' id='block_1_22' title="bbox 2114 947 3376 1009">
    <p class='ocr_par' dir='ltr' id='par_1_22' title="bbox 2114 947 3376 1009">
     <span class='ocr_line' id='line_1_22' title="bbox 2114 947 3376 1009; baseline 0.001 -10"><span class='ocrx_word' id='word_1_163' title='bbox 2114 951 2336 1005; x_wconf 84' lang='lat' dir='ltr'><strong>ceditur,</strong></span> <span class='ocrx_word' id='word_1_164' title='bbox 2410 949 2618 1009; x_wconf 64' lang='lat' dir='ltr'><strong>emirat,</strong></span> <span class='ocrx_word' id='word_1_165' title='bbox 2679 960 2722 998; x_wconf 90' lang='lat' dir='ltr'><strong>et</strong></span> <span class='ocrx_word' id='word_1_166' title='bbox 2787 947 3031 1009; x_wconf 81' lang='lat' dir='ltr'><strong>mittitur,</strong></span> <span class='ocrx_word' id='word_1_167' title='bbox 3093 959 3140 998; x_wconf 91' lang='lat' dir='ltr'><strong>et</strong></span> <span class='ocrx_word' id='word_1_168' title='bbox 3195 955 3376 1000; x_wconf 88' lang='lat' dir='ltr'><strong>datur.</strong></span> 
     </span>
    </p>
   </div>
   <div class='ocr_carea' id='block_1_23' title="bbox 2187 1039 3674 1106">
    <p class='ocr_par' dir='ltr' id='par_1_23' title="bbox 2187 1039 3674 1106">
     <span class='ocr_line' id='line_1_23' title="bbox 2187 1039 3674 1106; baseline 0.001 -15"><span class='ocrx_word' id='word_1_169' title='bbox 2187 1040 2320 1091; x_wconf 89' lang='lat' dir='ltr'><strong>Item</strong></span> <span class='ocrx_word' id='word_1_170' title='bbox 2367 1041 2415 1089; x_wconf 84' lang='lat' dir='ltr'><strong>iit</strong></span> <span class='ocrx_word' id='word_1_171' title='bbox 2476 1039 2816 1090; x_wconf 82' lang='lat' dir='ltr'><strong>tonlessione</strong></span> <span class='ocrx_word' id='word_1_172' title='bbox 2874 1039 2992 1089; x_wconf 85' lang='lat' dir='ltr'><strong>lidci</strong></span> <span class='ocrx_word' id='word_1_173' title='bbox 3052 1054 3182 1101; x_wconf 68' lang='grc' dir='ltr'>ειιηι,</span> <span class='ocrx_word' id='word_1_174' title='bbox 3243 1041 3396 1106; x_wconf 84' lang='lat' dir='ltr'><strong>cujus</strong></span> <span class='ocrx_word' id='word_1_175' title='bbox 3463 1041 3674 1092; x_wconf 85' lang='lat' dir='ltr'><strong>initium</strong></span> 
     </span>
    </p>
   </div>
   <div class='ocr_carea' id='block_1_24' title="bbox 2116 1127 3678 1193">
    <p class='ocr_par' dir='ltr' id='par_1_24' title="bbox 2116 1127 3678 1193">
     <span class='ocr_line' id='line_1_24' title="bbox 2116 1127 3678 1193; baseline 0.001 -14"><span class='ocrx_word' id='word_1_176' title='bbox 2116 1141 2196 1181; x_wconf 83' lang='lat' dir='ltr'><strong>cst</strong></span> <span class='ocrx_word' id='word_1_177' title='bbox 2239 1146 2250 1178; x_wconf 90' lang='lat'><strong>:</strong></span> <span class='ocrx_word' id='word_1_178' title='bbox 2291 1127 2598 1193; x_wconf 78' lang='lat' dir='ltr'><strong>Quicunque</strong></span> <span class='ocrx_word' id='word_1_179' title='bbox 2629 1130 2731 1178; x_wconf 80' lang='lat' dir='ltr'><strong>rult</strong></span> <span class='ocrx_word' id='word_1_180' title='bbox 2776 1133 2950 1178; x_wconf 86' lang='lat' dir='ltr'><strong>salvus</strong></span> <span class='ocrx_word' id='word_1_181' title='bbox 2999 1144 3127 1186; x_wconf 70' lang='lat' dir='ltr'><strong>esse,</strong></span> <span class='ocrx_word' id='word_1_182' title='bbox 3164 1138 3279 1178; x_wconf 87' lang='lat' dir='ltr'><strong>ante</strong></span> <span class='ocrx_word' id='word_1_183' title='bbox 3321 1130 3496 1180; x_wconf 81' lang='lat' dir='ltr'><strong>omnia</strong></span> <span class='ocrx_word' id='word_1_184' title='bbox 3551 1147 3678 1193; x_wconf 88' lang='lat' dir='ltr'><strong>opus</strong></span> 
     </span>
    </p>
   </div>
   <div class='ocr_carea' id='block_1_25' title="bbox 2114 1218 3678 1284">
    <p class='ocr_par' dir='ltr' id='par_1_25' title="bbox 2114 1218 3678 1284">
     <span class='ocr_line' id='line_1_25' title="bbox 2114 1218 3678 1284; baseline 0.001 -16"><span class='ocrx_word' id='word_1_185' title='bbox 2114 1230 2212 1278; x_wconf 90' lang='lat' dir='ltr'><strong>est,</strong></span> <span class='ocrx_word' id='word_1_186' title='bbox 2261 1230 2311 1268; x_wconf 90' lang='lat' dir='ltr'><strong>ut</strong></span> <span class='ocrx_word' id='word_1_187' title='bbox 2356 1230 2522 1268; x_wconf 80' lang='lat' dir='ltr'><strong>teneat</strong></span> <span class='ocrx_word' id='word_1_188' title='bbox 2565 1218 2869 1268; x_wconf 87' lang='lat' dir='ltr'><strong>catholicam</strong></span> <span class='ocrx_word' id='word_1_189' title='bbox 2917 1219 3097 1284; x_wconf 79' lang='lat' dir='ltr'><strong>ﬁdem,</strong></span> <span class='ocrx_word' id='word_1_190' title='bbox 3139 1218 3252 1270; x_wconf 84' lang='lat' dir='ltr'><strong>ait:</strong></span> <span class='ocrx_word' id='word_1_191' title='bbox 3289 1218 3517 1282; x_wconf 68' lang='lat' dir='ltr'><strong>Spiritus</strong></span> <span class='ocrx_word' id='word_1_192' title='bbox 3551 1238 3678 1271; x_wconf 83' lang='lat' dir='ltr'><strong>san-</strong></span> 
     </span>
    </p>
   </div>
   <div class='ocr_carea' id='block_1_26' title="bbox 2115 1305 3677 1376">
    <p class='ocr_par' dir='ltr' id='par_1_26' title="bbox 2115 1305 3677 1376">
     <span class='ocr_line' id='line_1_26' title="bbox 2115 1305 3677 1376; baseline 0.002 -19"><span class='ocrx_word' id='word_1_193' title='bbox 2115 1318 2227 1359; x_wconf 89' lang='lat' dir='ltr'><strong>ctus</strong></span> <span class='ocrx_word' id='word_1_194' title='bbox 2268 1323 2332 1359; x_wconf 82' lang='lat' dir='ltr'><strong>ea:</strong></span> <span class='ocrx_word' id='word_1_195' title='bbox 2364 1305 2518 1358; x_wconf 90' lang='lat' dir='ltr'><strong>Patre</strong></span> <span class='ocrx_word' id='word_1_196' title='bbox 2563 1319 2606 1358; x_wconf 90' lang='lat' dir='ltr'><strong>et</strong></span> <span class='ocrx_word' id='word_1_197' title='bbox 2653 1305 2789 1357; x_wconf 80' lang='lat' dir='ltr'><strong>Filio</strong></span> <span class='ocrx_word' id='word_1_198' title='bbox 2820 1319 2916 1373; x_wconf 84' lang='lat' dir='ltr'><strong>est,</strong></span> <span class='ocrx_word' id='word_1_199' title='bbox 2963 1324 3063 1360; x_wconf 90' lang='lat' dir='ltr'><strong>non</strong></span> <span class='ocrx_word' id='word_1_200' title='bbox 3099 1309 3294 1374; x_wconf 80' lang='lat' dir='ltr'><strong>factus,</strong></span> <span class='ocrx_word' id='word_1_201' title='bbox 3338 1327 3438 1361; x_wconf 91' lang='lat' dir='ltr'><strong>non</strong></span> <span class='ocrx_word' id='word_1_202' title='bbox 3471 1325 3677 1376; x_wconf 61' lang='lat' dir='ltr'><strong>creatus</strong></span> 
     </span>
    </p>
   </div>
   <div class='ocr_carea' id='block_1_27' title="bbox 2117 1392 2907 1463">
    <p class='ocr_par' dir='ltr' id='par_1_27' title="bbox 2117 1392 2907 1463">
     <span class='ocr_line' id='line_1_27' title="bbox 2117 1392 2907 1463; baseline 0.003 -16"><span class='ocrx_word' id='word_1_203' title='bbox 2117 1414 2206 1448; x_wconf 86' lang='lat' dir='ltr'><strong>nec</strong></span> <span class='ocrx_word' id='word_1_204' title='bbox 2229 1398 2451 1463; x_wconf 84' lang='lat' dir='ltr'><strong>genitus,</strong></span> <span class='ocrx_word' id='word_1_205' title='bbox 2483 1392 2569 1448; x_wconf 84' lang='lat' dir='ltr'><strong>sed</strong></span> <span class='ocrx_word' id='word_1_206' title='bbox 2605 1399 2907 1462; x_wconf 71' lang='lat' dir='ltr'><strong>procedens.</strong></span> 
     </span>
    </p>
   </div>
   <div class='ocr_carea' id='block_1_28' title="bbox 2194 1485 3682 1558">
    <p class='ocr_par' dir='ltr' id='par_1_28' title="bbox 2194 1485 3682 1558">
     <span class='ocr_line' id='line_1_28' title="bbox 2194 1485 3682 1558; baseline 0.003 -21"><span class='ocrx_word' id='word_1_207' title='bbox 2194 1485 2423 1538; x_wconf 85' lang='lat' dir='ltr'><strong>Sanctus</strong></span> <span class='ocrx_word' id='word_1_208' title='bbox 2453 1485 2802 1553; x_wconf 80' lang='lat' dir='ltr'><strong>Epiphanius,</strong></span> <span class='ocrx_word' id='word_1_209' title='bbox 2833 1489 2883 1538; x_wconf 88' lang='lat' dir='ltr'><strong>in</strong></span> <span class='ocrx_word' id='word_1_210' title='bbox 2922 1489 3059 1540; x_wconf 86' lang='lat' dir='ltr'><strong>libro</strong></span> <span class='ocrx_word' id='word_1_211' title='bbox 3083 1503 3201 1551; x_wconf 83' lang='lat' dir='ltr'><strong>suo,</strong></span> <span class='ocrx_word' id='word_1_212' title='bbox 3226 1504 3383 1556; x_wconf 88' lang='lat' dir='ltr'><strong>quem</strong></span> <span class='ocrx_word' id='word_1_213' title='bbox 3409 1491 3682 1558; x_wconf 78' lang='lat' dir='ltr'><strong>inscripsit</strong></span> 
     </span>
    </p>
   </div>
   <div class='ocr_carea' id='block_1_29' title="bbox 2123 1576 3680 1642">
    <p class='ocr_par' dir='ltr' id='par_1_29' title="bbox 2123 1576 3680 1642">
     <span class='ocr_line' id='line_1_29' title="bbox 2123 1576 3680 1642; baseline 0.002 -14"><span class='ocrx_word' id='word_1_214' title='bbox 2123 1578 2417 1628; x_wconf 78' lang='lat' dir='ltr'><strong>Anc/torum</strong></span> <span class='ocrx_word' id='word_1_215' title='bbox 2450 1595 2460 1628; x_wconf 88' lang='lat'><strong>:</strong></span> <span class='ocrx_word' id='word_1_216' title='bbox 2502 1576 2732 1642; x_wconf 78' lang='lat' dir='ltr'><strong>Spiritus</strong></span> <span class='ocrx_word' id='word_1_217' title='bbox 2758 1615 2771 1636; x_wconf 89' lang='lat'><strong>,</strong></span> <span class='ocrx_word' id='word_1_218' title='bbox 2837 1578 2949 1639; x_wconf 90' lang='lat' dir='ltr'><strong>ait,</strong></span> <span class='ocrx_word' id='word_1_219' title='bbox 3008 1581 3186 1640; x_wconf 82' lang='lat' dir='ltr'><strong>incom</strong></span> <span class='ocrx_word' id='word_1_220' title='bbox 3217 1581 3536 1632; x_wconf 80' lang='lat' dir='ltr'><strong>rehensibtlis</strong></span> <span class='ocrx_word' id='word_1_221' title='bbox 3585 1595 3680 1642; x_wconf 63' lang='lat' dir='ltr'><strong>ﬁsi,</strong></span> 
     </span>
    </p>
   </div>
   <div class='ocr_carea' id='block_1_30' title="bbox 2123 1665 3682 1737">
    <p class='ocr_par' dir='ltr' id='par_1_30' title="bbox 2123 1665 3682 1737">
     <span class='ocr_line' id='line_1_30' title="bbox 2123 1665 3682 1737; baseline 0.004 -23"><span class='ocrx_word' id='word_1_222' title='bbox 2123 1682 2222 1716; x_wconf 89' lang='lat' dir='ltr'><strong>non</strong></span> <span class='ocrx_word' id='word_1_223' title='bbox 2274 1667 2475 1715; x_wconf 86' lang='lat' dir='ltr'><strong>alienus</strong></span> <span class='ocrx_word' id='word_1_224' title='bbox 2525 1682 2554 1715; x_wconf 86' lang='grc' dir='ltr'><em>α</em></span> <span class='ocrx_word' id='word_1_225' title='bbox 2587 1666 2747 1717; x_wconf 84' lang='lat' dir='ltr'><strong>Patre</strong></span> <span class='ocrx_word' id='word_1_226' title='bbox 2805 1678 2852 1717; x_wconf 88' lang='lat' dir='ltr'><strong>et</strong></span> <span class='ocrx_word' id='word_1_227' title='bbox 2900 1665 3054 1727; x_wconf 75' lang='lat' dir='ltr'><strong>Filio,</strong></span> <span class='ocrx_word' id='word_1_228' title='bbox 3107 1685 3266 1736; x_wconf 82' lang='lat' dir='ltr'><strong>neque</strong></span> <span class='ocrx_word' id='word_1_229' title='bbox 3309 1672 3682 1737; x_wconf 76' lang='lat' dir='ltr'><strong>conglutinotto</strong></span> 
     </span>
    </p>
   </div>
   <div class='ocr_carea' id='block_1_31' title="bbox 2113 1753 3680 1826">
    <p class='ocr_par' dir='ltr' id='par_1_31' title="bbox 2113 1753 3680 1826">
     <span class='ocr_line' id='line_1_31' title="bbox 2113 1753 3680 1826; baseline 0.004 -20"><span class='ocrx_word' id='word_1_230' title='bbox 2113 1764 2184 1806; x_wconf 91' lang='lat' dir='ltr'><strong>est</strong></span> <span class='ocrx_word' id='word_1_231' title='bbox 2235 1753 2410 1812; x_wconf 80' lang='lat' dir='ltr'><strong>Patris</strong></span> <span class='ocrx_word' id='word_1_232' title='bbox 2463 1771 2523 1805; x_wconf 90' lang='lat' dir='ltr'><strong>ac</strong></span> <span class='ocrx_word' id='word_1_233' title='bbox 2571 1755 2717 1807; x_wconf 72' lang='lat' dir='ltr'><strong>Filii.</strong></span> <span class='ocrx_word' id='word_1_234' title='bbox 2761 1757 2818 1807; x_wconf 67' lang='lat' dir='ltr'><strong>lit</strong></span> <span class='ocrx_word' id='word_1_235' title='bbox 2865 1768 2983 1824; x_wconf 88' lang='lat' dir='ltr'><strong>post</strong></span> <span class='ocrx_word' id='word_1_236' title='bbox 3016 1775 3228 1824; x_wconf 83' lang='lat' dir='ltr'><strong>pauca;</strong></span> <span class='ocrx_word' id='word_1_237' title='bbox 3269 1757 3495 1826; x_wconf 65' lang='lat' dir='ltr'><strong>Spiritus</strong></span> <span class='ocrx_word' id='word_1_238' title='bbox 3555 1780 3680 1812; x_wconf 83' lang='lat' dir='ltr'><strong>sau-</strong></span> 
     </span>
    </p>
   </div>
   <div class='ocr_carea' id='block_1_32' title="bbox 437 1837 3684 1909">
    <p class='ocr_par' dir='ltr' id='par_1_32' title="bbox 437 1837 3684 1909">
     <span class='ocr_line' id='line_1_32' title="bbox 437 1837 3684 1909; baseline 0 -9"><span class='ocrx_word' id='word_1_239' title='bbox 437 1856 630 1900; x_wconf 80' lang='lat' dir='ltr'><strong>bonum</strong></span> <span class='ocrx_word' id='word_1_240' title='bbox 657 1846 818 1898; x_wconf 88' lang='lat' dir='ltr'><strong>Deum</strong></span> <span class='ocrx_word' id='word_1_241' title='bbox 843 1849 1120 1908; x_wconf 86' lang='lat' dir='ltr'><strong>tendimus,</strong></span> <span class='ocrx_word' id='word_1_242' title='bbox 1167 1863 1184 1894; x_wconf 76' lang='lat' dir='ltr'><strong>t</strong></span> <span class='ocrx_word' id='word_1_243' title='bbox 1227 1844 1606 1897; x_wconf 73' lang='lat' dir='ltr'><strong>Observandus</strong></span> <span class='ocrx_word' id='word_1_244' title='bbox 1645 1856 1698 1896; x_wconf 86' lang='lat' dir='ltr'><strong>et</strong></span> <span class='ocrx_word' id='word_1_245' title='bbox 1744 1845 2012 1897; x_wconf 76' lang='lat' dir='ltr'><strong>cavendus</strong></span> <span class='ocrx_word' id='word_1_246' title='bbox 2049 1845 2229 1899; x_wconf 74' lang='lat' dir='ltr'><strong>Belus</strong></span> <span class='ocrx_word' id='word_1_247' title='bbox 2282 1859 2384 1893; x_wconf 83' lang='lat' dir='ltr'><strong>non</strong></span> <span class='ocrx_word' id='word_1_248' title='bbox 2452 1842 2625 1895; x_wconf 81' lang='lat' dir='ltr'><strong>Patris</strong></span> <span class='ocrx_word' id='word_1_249' title='bbox 2683 1845 2889 1909; x_wconf 78' lang='lat' dir='ltr'><strong>frater,</strong></span> <span class='ocrx_word' id='word_1_250' title='bbox 2953 1847 3042 1896; x_wconf 86' lang='lat' dir='ltr'><strong>sed</strong></span> <span class='ocrx_word' id='word_1_251' title='bbox 3073 1861 3134 1897; x_wconf 74' lang='lat' dir='ltr'><strong>ea:</strong></span> <span class='ocrx_word' id='word_1_252' title='bbox 3208 1851 3385 1898; x_wconf 88' lang='lat' dir='ltr'><strong>eadem</strong></span> <span class='ocrx_word' id='word_1_253' title='bbox 3462 1837 3684 1900; x_wconf 73' lang='lat' dir='ltr'><strong>essentia</strong></span> 
     </span>
    </p>
   </div>
   <div class='ocr_carea' id='block_1_33' title="bbox 439 1935 2007 1996">
    <p class='ocr_par' dir='ltr' id='par_1_33' title="bbox 439 1935 2007 1996">
     <span class='ocr_line' id='line_1_33' title="bbox 439 1935 2007 1996; baseline -0.003 -6"><span class='ocrx_word' id='word_1_254' title='bbox 439 1939 596 1990; x_wconf 88' lang='lat' dir='ltr'><strong>nobis</strong></span> <span class='ocrx_word' id='word_1_255' title='bbox 627 1938 749 1989; x_wconf 91' lang='lat' dir='ltr'><strong>boni</strong></span> <span class='ocrx_word' id='word_1_256' title='bbox 783 1937 1128 1989; x_wconf 80' lang='lat' dir='ltr'><strong>adversarius</strong></span> <span class='ocrx_word' id='word_1_257' title='bbox 1161 1936 1428 1996; x_wconf 83' lang='lat' dir='ltr'><strong>diabolus,</strong></span> <span class='ocrx_word' id='word_1_258' title='bbox 1467 1935 1562 1996; x_wconf 88' lang='lat' dir='ltr'><strong>alt,</strong></span> <span class='ocrx_word' id='word_1_259' title='bbox 1595 1945 1647 1987; x_wconf 88' lang='lat' dir='ltr'><strong>et</strong></span> <span class='ocrx_word' id='word_1_260' title='bbox 1692 1938 1761 1986; x_wconf 84' lang='lat' dir='ltr'><strong>ita</strong></span> <span class='ocrx_word' id='word_1_261' title='bbox 1789 1950 1886 1988; x_wconf 87' lang='lat' dir='ltr'><strong>nos</strong></span> <span class='ocrx_word' id='word_1_262' title='bbox 1917 1949 2007 1987; x_wconf 87' lang='lat' dir='ltr'><strong>eu-</strong></span> 
     </span>
    </p>
   </div>
   <div class='ocr_carea' id='block_1_34' title="bbox 438 2024 2010 2097">
    <p class='ocr_par' dir='ltr' id='par_1_34' title="bbox 438 2024 2010 2097">
     <span class='ocr_line' id='line_1_34' title="bbox 438 2024 2010 2097; baseline -0.003 -15"><span class='ocrx_word' id='word_1_263' title='bbox 438 2029 636 2097; x_wconf 85' lang='lat' dir='ltr'><strong>stodiet</strong></span> <span class='ocrx_word' id='word_1_264' title='bbox 660 2026 895 2094; x_wconf 84' lang='lat' dir='ltr'><strong>Spiritus</strong></span> <span class='ocrx_word' id='word_1_265' title='bbox 925 2042 953 2077; x_wconf 87' lang='lat' dir='ltr'><strong>a</strong></span> <span class='ocrx_word' id='word_1_266' title='bbox 989 2024 1205 2078; x_wconf 76' lang='lat' dir='ltr'><strong>Christo</strong></span> <span class='ocrx_word' id='word_1_267' title='bbox 1255 2039 1499 2085; x_wconf 80' lang='lat' dir='ltr'><strong>manans,</strong></span> <span class='ocrx_word' id='word_1_268' title='bbox 1533 2027 1583 2076; x_wconf 87' lang='lat' dir='ltr'><strong>in</strong></span> <span class='ocrx_word' id='word_1_269' title='bbox 1616 2025 1755 2078; x_wconf 84' lang='lat' dir='ltr'><strong>dicm</strong></span> <span class='ocrx_word' id='word_1_270' title='bbox 1819 2025 2010 2078; x_wconf 71' lang='lat' dir='ltr'><strong>futura:</strong></span> 
     </span>
    </p>
   </div>
   <div class='ocr_carea' id='block_1_35' title="bbox 437 2107 1104 2187">
    <p class='ocr_par' dir='ltr' id='par_1_35' title="bbox 437 2107 1104 2187">
     <span class='ocr_line' id='line_1_35' title="bbox 437 2107 1104 2187; baseline -0.015 -13"><span class='ocrx_word' id='word_1_271' title='bbox 437 2118 845 2187; x_wconf 78' lang='lat' dir='ltr'><strong>redemptionis.</strong></span> <span class='ocrx_word' id='word_1_272' title='bbox 883 2135 900 2166; x_wconf 72' lang='grc' dir='ltr'><strong>ι</strong></span> <span class='ocrx_word' id='word_1_273' title='bbox 1093 2107 1104 2116; x_wconf 72' lang='grc'><strong>’</strong></span> 
     </span>
    </p>
   </div>
   <div class='ocr_carea' id='block_1_36' title="bbox 513 2207 2011 2279">
    <p class='ocr_par' dir='ltr' id='par_1_36' title="bbox 513 2207 2011 2279">
     <span class='ocr_line' id='line_1_36' title="bbox 513 2207 2011 2279; baseline -0.004 -14"><span class='ocrx_word' id='word_1_274' title='bbox 513 2215 726 2266; x_wconf 80' lang='lat' dir='ltr'><strong>Simeon</strong></span> <span class='ocrx_word' id='word_1_275' title='bbox 764 2226 976 2279; x_wconf 68' lang='lat' dir='ltr'><strong>quoque</strong></span> <span class='ocrx_word' id='word_1_276' title='bbox 1014 2208 1423 2276; x_wconf 62' lang='lat' dir='ltr'><strong>Mctaphrastes</strong></span> <span class='ocrx_word' id='word_1_277' title='bbox 1465 2207 1820 2260; x_wconf 88' lang='lat' dir='ltr'><strong>c0nscribens</strong></span> <span class='ocrx_word' id='word_1_278' title='bbox 1884 2221 2011 2275; x_wconf 82' lang='lat' dir='ltr'><strong>pas-</strong></span> 
     </span>
    </p>
   </div>
   <div class='ocr_carea' id='block_1_37' title="bbox 439 2299 2005 2370">
    <p class='ocr_par' dir='ltr' id='par_1_37' title="bbox 439 2299 2005 2370">
     <span class='ocr_line' id='line_1_37' title="bbox 439 2299 2005 2370; baseline -0.006 -11"><span class='ocrx_word' id='word_1_279' title='bbox 439 2309 650 2360; x_wconf 83' lang='lat' dir='ltr'><strong>sionem</strong></span> <span class='ocrx_word' id='word_1_280' title='bbox 677 2307 848 2357; x_wconf 80' lang='lat' dir='ltr'><strong>snncti</strong></span> <span class='ocrx_word' id='word_1_281' title='bbox 886 2302 1122 2370; x_wconf 80' lang='lat' dir='ltr'><strong>Dionysii</strong></span> <span class='ocrx_word' id='word_1_282' title='bbox 1157 2301 1514 2367; x_wconf 65' lang='lat' dir='ltr'><strong>Areopagitae,</strong></span> <span class='ocrx_word' id='word_1_283' title='bbox 1576 2299 2005 2352; x_wconf 64' lang='lat' dir='ltr'><strong>itaJnchoavit:</strong></span> 
     </span>
    </p>
   </div>
   <div class='ocr_carea' id='block_1_38' title="bbox 448 2387 2009 2459">
    <p class='ocr_par' dir='ltr' id='par_1_38' title="bbox 448 2387 2009 2459">
     <span class='ocr_line' id='line_1_38' title="bbox 448 2387 2009 2459; baseline -0.001 -18"><span class='ocrx_word' id='word_1_284' title='bbox 448 2409 466 2441; x_wconf 76' lang='grc' dir='ltr'><strong>ι</strong></span> <span class='ocrx_word' id='word_1_285' title='bbox 529 2391 920 2459; x_wconf 73' lang='lat' dir='ltr'><strong>Ulitn‘quidetn</strong></span> <span class='ocrx_word' id='word_1_286' title='bbox 947 2389 1132 2456; x_wconf 59' lang='lat' dir='ltr'><strong>liguris</strong></span> <span class='ocrx_word' id='word_1_287' title='bbox 1159 2397 1210 2440; x_wconf 89' lang='lat' dir='ltr'><strong>et</strong></span> <span class='ocrx_word' id='word_1_288' title='bbox 1236 2388 1611 2454; x_wconf 61' lang='lat' dir='ltr'><strong>mitigtitatibus</strong></span> <span class='ocrx_word' id='word_1_289' title='bbox 1642 2387 1760 2439; x_wconf 83' lang='lat' dir='ltr'><strong>ﬁdei</strong></span> <span class='ocrx_word' id='word_1_290' title='bbox 1813 2396 2009 2456; x_wconf 89' lang='lat' dir='ltr'><strong>myste-</strong></span> 
     </span>
    </p>
   </div>
   <div class='ocr_carea' id='block_1_39' title="bbox 444 2475 2008 2554">
    <p class='ocr_par' dir='ltr' id='par_1_39' title="bbox 444 2475 2008 2554">
     <span class='ocr_line' id='line_1_39' title="bbox 444 2475 2008 2554; baseline -0.002 -22"><span class='ocrx_word' id='word_1_291' title='bbox 444 2481 526 2532; x_wconf 83' lang='lat' dir='ltr'><strong>ria</strong></span> <span class='ocrx_word' id='word_1_292' title='bbox 589 2479 1014 2554; x_wconf 67' lang='lat' dir='ltr'><strong>nivolvebantur,</strong></span> <span class='ocrx_word' id='word_1_293' title='bbox 1072 2488 1125 2529; x_wconf 82' lang='lat' dir='ltr'><strong>ct</strong></span> <span class='ocrx_word' id='word_1_294' title='bbox 1185 2478 1425 2528; x_wconf 78' lang='lat' dir='ltr'><strong>veritatis</strong></span> <span class='ocrx_word' id='word_1_295' title='bbox 1475 2475 1636 2544; x_wconf 86' lang='lat' dir='ltr'><strong>jubar</strong></span> <span class='ocrx_word' id='word_1_296' title='bbox 1698 2477 2008 2529; x_wconf 89' lang='lat' dir='ltr'><strong>umbrarum</strong></span> 
     </span>
    </p>
   </div>
   <div class='ocr_carea' id='block_1_40' title="bbox 442 2568 2010 2638">
    <p class='ocr_par' dir='ltr' id='par_1_40' title="bbox 442 2568 2010 2638">
     <span class='ocr_line' id='line_1_40' title="bbox 442 2568 2010 2638; baseline 0 -15"><span class='ocrx_word' id='word_1_297' title='bbox 442 2572 589 2623; x_wconf 88' lang='lat' dir='ltr'><strong>nube</strong></span> <span class='ocrx_word' id='word_1_298' title='bbox 619 2571 918 2638; x_wconf 69' lang='lat' dir='ltr'><strong>tegebatur.</strong></span> <span class='ocrx_word' id='word_1_299' title='bbox 949 2568 1140 2622; x_wconf 79' lang='lat' dir='ltr'><strong>l’Ostea</strong></span> <span class='ocrx_word' id='word_1_300' title='bbox 1205 2583 1329 2620; x_wconf 69' lang='lat' dir='ltr'><strong>vero</strong></span> <span class='ocrx_word' id='word_1_301' title='bbox 1356 2583 1515 2634; x_wconf 82' lang='lat' dir='ltr'><strong>quam</strong></span> <span class='ocrx_word' id='word_1_302' title='bbox 1541 2582 1791 2634; x_wconf 77' lang='lat' dir='ltr'><strong>magnum</strong></span> <span class='ocrx_word' id='word_1_303' title='bbox 1818 2570 2010 2623; x_wconf 85' lang='lat' dir='ltr'><strong>salutis</strong></span> 
     </span>
    </p>
   </div>
   <div class='ocr_carea' id='block_1_41' title="bbox 441 2661 2008 2728">
    <p class='ocr_par' dir='ltr' id='par_1_41' title="bbox 441 2661 2008 2728">
     <span class='ocr_line' id='line_1_41' title="bbox 441 2661 2008 2728; baseline 0.001 -14"><span class='ocrx_word' id='word_1_304' title='bbox 441 2670 839 2714; x_wconf 82' lang='lat' dir='ltr'><strong>sacramentum</strong></span> <span class='ocrx_word' id='word_1_305' title='bbox 868 2663 1021 2713; x_wconf 90' lang='lat' dir='ltr'><strong>nobis</strong></span> <span class='ocrx_word' id='word_1_306' title='bbox 1051 2669 1419 2727; x_wconf 86' lang='lat' dir='ltr'><strong>comparatum</strong></span> <span class='ocrx_word' id='word_1_307' title='bbox 1453 2669 1552 2721; x_wconf 89' lang='lat' dir='ltr'><strong>est,</strong></span> <span class='ocrx_word' id='word_1_308' title='bbox 1580 2669 1632 2712; x_wconf 90' lang='lat' dir='ltr'><strong>et</strong></span> <span class='ocrx_word' id='word_1_309' title='bbox 1660 2661 1703 2712; x_wconf 88' lang='lat' dir='ltr'><strong>is</strong></span> <span class='ocrx_word' id='word_1_310' title='bbox 1724 2662 1813 2728; x_wconf 91' lang='lat' dir='ltr'><strong>qui</strong></span> <span class='ocrx_word' id='word_1_311' title='bbox 1849 2663 2008 2715; x_wconf 84' lang='lat' dir='ltr'><strong>corda</strong></span> 
     </span>
    </p>
   </div>
   <div class='ocr_carea' id='block_1_42' title="bbox 443 2750 2010 2819">
    <p class='ocr_par' dir='ltr' id='par_1_42' title="bbox 443 2750 2010 2819">
     <span class='ocr_line' id='line_1_42' title="bbox 443 2750 2010 2819; baseline 0 -13"><span class='ocrx_word' id='word_1_312' title='bbox 443 2765 629 2807; x_wconf 84' lang='lat' dir='ltr'><strong>nostra</strong></span> <span class='ocrx_word' id='word_1_313' title='bbox 685 2752 1034 2819; x_wconf 71' lang='lat' dir='ltr'><strong>singulariter</strong></span> <span class='ocrx_word' id='word_1_314' title='bbox 1087 2750 1261 2812; x_wconf 80' lang='lat' dir='ltr'><strong>tinxit,</strong></span> <span class='ocrx_word' id='word_1_315' title='bbox 1319 2752 1534 2818; x_wconf 75' lang='lat' dir='ltr'><strong>proprie</strong></span> <span class='ocrx_word' id='word_1_316' title='bbox 1562 2751 1704 2803; x_wconf 89' lang='lat' dir='ltr'><strong>circa</strong></span> <span class='ocrx_word' id='word_1_317' title='bbox 1732 2768 1828 2805; x_wconf 90' lang='lat' dir='ltr'><strong>nos</strong></span> <span class='ocrx_word' id='word_1_318' title='bbox 1858 2754 2010 2806; x_wconf 81' lang='lat' dir='ltr'><strong>beni-</strong></span> 
     </span>
    </p>
   </div>
   <div class='ocr_carea' id='block_1_43' title="bbox 442 2843 2012 2915">
    <p class='ocr_par' dir='ltr' id='par_1_43' title="bbox 442 2843 2012 2915">
     <span class='ocr_line' id='line_1_43' title="bbox 442 2843 2012 2915; baseline -0.001 -20"><span class='ocrx_word' id='word_1_319' title='bbox 442 2845 671 2915; x_wconf 73' lang='lat' dir='ltr'><strong>gnitatis</strong></span> <span class='ocrx_word' id='word_1_320' title='bbox 722 2844 1071 2895; x_wconf 86' lang='lat' dir='ltr'><strong>miseratione</strong></span> <span class='ocrx_word' id='word_1_321' title='bbox 1111 2843 1226 2893; x_wconf 88' lang='lat' dir='ltr'><strong>sine</strong></span> <span class='ocrx_word' id='word_1_322' title='bbox 1273 2853 1495 2908; x_wconf 85' lang='lat' dir='ltr'><strong>peccato</strong></span> <span class='ocrx_word' id='word_1_323' title='bbox 1531 2843 1702 2894; x_wconf 85' lang='lat' dir='ltr'><strong>l&#39;actus</strong></span> <span class='ocrx_word' id='word_1_324' title='bbox 1745 2851 1828 2894; x_wconf 91' lang='lat' dir='ltr'><strong>est</strong></span> <span class='ocrx_word' id='word_1_325' title='bbox 1856 2843 2012 2894; x_wconf 87' lang='lat' dir='ltr'><strong>sinti-</strong></span> 
     </span>
    </p>
   </div>
   <div class='ocr_carea' id='block_1_44' title="bbox 443 2932 2011 3000">
    <p class='ocr_par' dir='ltr' id='par_1_44' title="bbox 443 2932 2011 3000">
     <span class='ocr_line' id='line_1_44' title="bbox 443 2932 2011 3000; baseline -0.001 -14"><span class='ocrx_word' id='word_1_326' title='bbox 443 2937 512 2986; x_wconf 81' lang='lat' dir='ltr'><strong>tis</strong></span> <span class='ocrx_word' id='word_1_327' title='bbox 565 2934 717 2986; x_wconf 87' lang='lat' dir='ltr'><strong>nobis</strong></span> <span class='ocrx_word' id='word_1_328' title='bbox 749 2950 763 2996; x_wconf 88' lang='lat'><strong>;</strong></span> <span class='ocrx_word' id='word_1_329' title='bbox 801 2934 1010 2999; x_wconf 74' lang='lat' dir='ltr'><strong>aliaque</strong></span> <span class='ocrx_word' id='word_1_330' title='bbox 1036 2934 1222 2994; x_wconf 80' lang='lat' dir='ltr'><strong>subiit,</strong></span> <span class='ocrx_word' id='word_1_331' title='bbox 1251 2947 1368 3000; x_wconf 63' lang='lat' dir='ltr'><strong>quas</strong></span> <span class='ocrx_word' id='word_1_332' title='bbox 1395 2937 1640 2984; x_wconf 67' lang='lat' dir='ltr'><strong>humanas</strong></span> <span class='ocrx_word' id='word_1_333' title='bbox 1675 2932 2011 2986; x_wconf 81' lang='lat' dir='ltr'><strong>infirmitatis</strong></span> 
     </span>
    </p>
   </div>
   <div class='ocr_carea' id='block_1_45' title="bbox 442 3020 2013 3088">
    <p class='ocr_par' dir='ltr' id='par_1_45' title="bbox 442 3020 2013 3088">
     <span class='ocr_line' id='line_1_45' title="bbox 442 3020 2013 3088; baseline -0.003 -13"><span class='ocrx_word' id='word_1_334' title='bbox 442 3035 591 3081; x_wconf 73' lang='lat' dir='ltr'><strong>su..t,</strong></span> <span class='ocrx_word' id='word_1_335' title='bbox 626 3034 681 3073; x_wconf 91' lang='lat' dir='ltr'><strong>ut</strong></span> <span class='ocrx_word' id='word_1_336' title='bbox 709 3038 806 3088; x_wconf 71' lang='lat' dir='ltr'><strong>ego</strong></span> <span class='ocrx_word' id='word_1_337' title='bbox 834 3022 1064 3088; x_wconf 70' lang='lat' dir='ltr'><strong>primum</strong></span> <span class='ocrx_word' id='word_1_338' title='bbox 1099 3020 1352 3086; x_wconf 78' lang='lat' dir='ltr'><strong>recipiam</strong></span> <span class='ocrx_word' id='word_1_339' title='bbox 1390 3021 1746 3080; x_wconf 86' lang='lat' dir='ltr'><strong>nobilitatem,</strong></span> <span class='ocrx_word' id='word_1_340' title='bbox 1801 3034 1864 3072; x_wconf 87' lang='lat' dir='ltr'><strong>ac</strong></span> <span class='ocrx_word' id='word_1_341' title='bbox 1895 3032 2013 3072; x_wconf 88' lang='lat' dir='ltr'><strong>tan-</strong></span> 
     </span>
    </p>
   </div>
   <div class='ocr_carea' id='block_1_46' title="bbox 2115 2027 3276 2093">
    <p class='ocr_par' dir='ltr' id='par_1_46' title="bbox 2115 2027 3276 2093">
     <span class='ocr_line' id='line_1_46' title="bbox 2115 2027 3276 2093; baseline 0.004 -19"><span class='ocrx_word' id='word_1_342' title='bbox 2115 2027 2271 2083; x_wconf 81' lang='lat' dir='ltr'><strong>tli.t&#39;it,</strong></span> <span class='ocrx_word' id='word_1_343' title='bbox 2325 2037 2474 2091; x_wconf 88' lang='lat' dir='ltr'><strong>atque</strong></span> <span class='ocrx_word' id='word_1_344' title='bbox 2530 2043 2591 2078; x_wconf 74' lang='lat' dir='ltr'><strong>ea:</strong></span> <span class='ocrx_word' id='word_1_345' title='bbox 2640 2027 2796 2079; x_wconf 81' lang='lat' dir='ltr'><strong>Patre</strong></span> <span class='ocrx_word' id='word_1_346' title='bbox 2851 2032 3276 2093; x_wconf 85' lang='lat' dir='ltr'><strong>procedentem:</strong></span> 
     </span>
    </p>
   </div>
   <div class='ocr_carea' id='block_1_47' title="bbox 2120 1929 3686 2004">
    <p class='ocr_par' dir='ltr' id='par_1_47' title="bbox 2120 1929 3686 2004">
     <span class='ocr_line' id='line_1_47' title="bbox 2120 1929 3686 2004; baseline 0.006 -22"><span class='ocrx_word' id='word_1_347' title='bbox 2120 1931 2295 1983; x_wconf 90' lang='lat' dir='ltr'><strong>Patris</strong></span> <span class='ocrx_word' id='word_1_348' title='bbox 2323 1948 2382 1982; x_wconf 86' lang='lat' dir='ltr'><strong>ac</strong></span> <span class='ocrx_word' id='word_1_349' title='bbox 2403 1929 2551 1983; x_wconf 81' lang='lat' dir='ltr'><strong>Filii.</strong></span> <span class='ocrx_word' id='word_1_350' title='bbox 2581 1932 2700 2000; x_wconf 87' lang='lat' dir='ltr'><strong>Ipse</strong></span> <span class='ocrx_word' id='word_1_351' title='bbox 2729 1936 2863 1986; x_wconf 87' lang='lat' dir='ltr'><strong>enim</strong></span> <span class='ocrx_word' id='word_1_352' title='bbox 2896 1932 3196 2002; x_wconf 87' lang='lat' dir='ltr'><strong>Unigenitus</strong></span> <span class='ocrx_word' id='word_1_353' title='bbox 3225 1936 3399 1988; x_wconf 78' lang='lat' dir='ltr'><strong>Patris</strong></span> <span class='ocrx_word' id='word_1_354' title='bbox 3430 1936 3686 2004; x_wconf 82' lang='lat' dir='ltr'><strong>Spiritum</strong></span> 
     </span>
    </p>
   </div>
   <div class='ocr_carea' id='block_1_48' title="bbox 3338 2034 3681 2094">
    <p class='ocr_par' dir='ltr' id='par_1_48' title="bbox 3338 2034 3681 2094">
     <span class='ocr_line' id='line_1_48' title="bbox 3338 2034 3681 2094; baseline 0.003 -13"><span class='ocrx_word' id='word_1_355' title='bbox 3338 2040 3385 2081; x_wconf 89' lang='lat' dir='ltr'><strong>et</strong></span> <span class='ocrx_word' id='word_1_356' title='bbox 3413 2034 3474 2081; x_wconf 84' lang='lat' dir='ltr'><strong>tle</strong></span> <span class='ocrx_word' id='word_1_357' title='bbox 3536 2048 3644 2082; x_wconf 88' lang='lat' dir='ltr'><strong>meo</strong></span> <span class='ocrx_word' id='word_1_358' title='bbox 3668 2072 3681 2094; x_wconf 92' lang='lat'><strong>,</strong></span> 
     </span>
    </p>
   </div>
   <div class='ocr_carea' id='block_1_49' title="bbox 2121 2117 3682 2182">
    <p class='ocr_par' dir='ltr' id='par_1_49' title="bbox 2121 2117 3682 2182">
     <span class='ocr_line' id='line_1_49' title="bbox 2121 2117 3682 2182; baseline 0.003 -16"><span class='ocrx_word' id='word_1_359' title='bbox 2121 2117 2314 2182; x_wconf 81' lang='lat' dir='ltr'><strong>inquit,</strong></span> <span class='ocrx_word' id='word_1_360' title='bbox 2374 2117 2631 2182; x_wconf 73' lang='lat' dir='ltr'><strong>accipiet;</strong></span> <span class='ocrx_word' id='word_1_361' title='bbox 2706 2135 2765 2169; x_wconf 90' lang='lat' dir='ltr'><strong>ne</strong></span> <span class='ocrx_word' id='word_1_362' title='bbox 2813 2118 3042 2170; x_wconf 88' lang='lat' dir='ltr'><strong>alienum</strong></span> <span class='ocrx_word' id='word_1_363' title='bbox 3087 2135 3116 2170; x_wconf 92' lang='lat' dir='ltr'><strong>a</strong></span> <span class='ocrx_word' id='word_1_364' title='bbox 3157 2117 3333 2182; x_wconf 90' lang='lat' dir='ltr'><strong>Patre,</strong></span> <span class='ocrx_word' id='word_1_365' title='bbox 3379 2123 3506 2172; x_wconf 76' lang='lat' dir='ltr'><strong>t&#39;ela</strong></span> <span class='ocrx_word' id='word_1_366' title='bbox 3547 2121 3682 2172; x_wconf 74' lang='lat' dir='ltr'><strong>Filio</strong></span> 
     </span>
    </p>
   </div>
   <div class='ocr_carea' id='block_1_50' title="bbox 2120 2207 3685 2275">
    <p class='ocr_par' dir='ltr' id='par_1_50' title="bbox 2120 2207 3685 2275">
     <span class='ocr_line' id='line_1_50' title="bbox 2120 2207 3685 2275; baseline 0.004 -19"><span class='ocrx_word' id='word_1_367' title='bbox 2120 2209 2404 2260; x_wconf 70' lang='lat' dir='ltr'><strong>existimes.</strong></span> <span class='ocrx_word' id='word_1_368' title='bbox 2441 2207 2503 2258; x_wconf 79' lang='lat' dir='ltr'><strong>Et</strong></span> <span class='ocrx_word' id='word_1_369' title='bbox 2538 2217 2656 2274; x_wconf 82' lang='lat' dir='ltr'><strong>post</strong></span> <span class='ocrx_word' id='word_1_370' title='bbox 2695 2216 2858 2275; x_wconf 81' lang='lat' dir='ltr'><strong>pauca</strong></span> <span class='ocrx_word' id='word_1_371' title='bbox 2897 2208 3016 2259; x_wconf 59' lang='grc' dir='ltr'><strong>εει</strong></span> <span class='ocrx_word' id='word_1_372' title='bbox 3053 2207 3207 2260; x_wconf 84' lang='lat' dir='ltr'><strong>Putre</strong></span> <span class='ocrx_word' id='word_1_373' title='bbox 3234 2221 3279 2260; x_wconf 84' lang='lat' dir='ltr'><strong>et</strong></span> <span class='ocrx_word' id='word_1_374' title='bbox 3313 2209 3473 2271; x_wconf 74' lang='lat' dir='ltr'><strong>Filio,</strong></span> <span class='ocrx_word' id='word_1_375' title='bbox 3499 2226 3685 2263; x_wconf 59' lang='lat' dir='ltr'><strong>tertius</strong></span> 
     </span>
    </p>
   </div>
   <div class='ocr_carea' id='block_1_51' title="bbox 2121 2298 3688 2370">
    <p class='ocr_par' dir='ltr' id='par_1_51' title="bbox 2121 2298 3688 2370">
     <span class='ocr_line' id='line_1_51' title="bbox 2121 2298 3688 2370; baseline 0.005 -24"><span class='ocrx_word' id='word_1_376' title='bbox 2121 2298 2486 2361; x_wconf 84' lang='lat' dir='ltr'><strong>appellatione.</strong></span> <span class='ocrx_word' id='word_1_377' title='bbox 2543 2299 2605 2350; x_wconf 81' lang='lat' dir='ltr'><strong>Et</strong></span> <span class='ocrx_word' id='word_1_378' title='bbox 2642 2311 2761 2364; x_wconf 90' lang='lat' dir='ltr'><strong>post</strong></span> <span class='ocrx_word' id='word_1_379' title='bbox 2815 2301 2982 2353; x_wconf 85' lang='lat' dir='ltr'><strong>inulta</strong></span> <span class='ocrx_word' id='word_1_380' title='bbox 3019 2315 3031 2351; x_wconf 92' lang='lat'><strong>:</strong></span> <span class='ocrx_word' id='word_1_381' title='bbox 3065 2302 3228 2352; x_wconf 79' lang='lat' dir='ltr'><strong>Ambo</strong></span> <span class='ocrx_word' id='word_1_382' title='bbox 3282 2303 3335 2353; x_wconf 89' lang='lat' dir='ltr'><strong>in</strong></span> <span class='ocrx_word' id='word_1_383' title='bbox 3368 2306 3574 2354; x_wconf 82' lang='lat' dir='ltr'><strong>homine</strong></span> <span class='ocrx_word' id='word_1_384' title='bbox 3597 2305 3688 2370; x_wconf 84' lang='lat' dir='ltr'><strong>ju-</strong></span> 
     </span>
    </p>
   </div>
   <div class='ocr_carea' id='block_1_52' title="bbox 2118 2389 3688 2462">
    <p class='ocr_par' dir='ltr' id='par_1_52' title="bbox 2118 2389 3688 2462">
     <span class='ocr_line' id='line_1_52' title="bbox 2118 2389 3688 2462; baseline 0.007 -22"><span class='ocrx_word' id='word_1_385' title='bbox 2118 2399 2196 2440; x_wconf 89' lang='lat' dir='ltr'><strong>sto</strong></span> <span class='ocrx_word' id='word_1_386' title='bbox 2247 2391 2563 2454; x_wconf 71' lang='lat' dir='ltr'><strong>inhabitant,</strong></span> <span class='ocrx_word' id='word_1_387' title='bbox 2612 2389 2851 2443; x_wconf 75' lang='lat' dir='ltr'><strong>Christus</strong></span> <span class='ocrx_word' id='word_1_388' title='bbox 2895 2402 2941 2444; x_wconf 90' lang='lat' dir='ltr'><strong>et</strong></span> <span class='ocrx_word' id='word_1_389' title='bbox 2989 2392 3215 2457; x_wconf 87' lang='lat' dir='ltr'><strong>Spiritus</strong></span> <span class='ocrx_word' id='word_1_390' title='bbox 3262 2395 3396 2462; x_wconf 83' lang='lat' dir='ltr'><strong>ejus.</strong></span> <span class='ocrx_word' id='word_1_391' title='bbox 3428 2395 3483 2449; x_wconf 87' lang='lat' dir='ltr'><strong>Si</strong></span> <span class='ocrx_word' id='word_1_392' title='bbox 3513 2410 3688 2451; x_wconf 79' lang='lat' dir='ltr'><strong>auttm</strong></span> 
     </span>
    </p>
   </div>
   <div class='ocr_carea' id='block_1_53' title="bbox 2118 2478 3684 2554">
    <p class='ocr_par' dir='ltr' id='par_1_53' title="bbox 2118 2478 3684 2554">
     <span class='ocr_line' id='line_1_53' title="bbox 2118 2478 3684 2554; baseline 0.004 -21"><span class='ocrx_word' id='word_1_393' title='bbox 2118 2478 2352 2533; x_wconf 78' lang='lat' dir='ltr'><strong>Christus</strong></span> <span class='ocrx_word' id='word_1_394' title='bbox 2382 2497 2442 2532; x_wconf 72' lang='lat' dir='ltr'><strong>ex</strong></span> <span class='ocrx_word' id='word_1_395' title='bbox 2478 2481 2636 2534; x_wconf 91' lang='lat' dir='ltr'><strong>Patre</strong></span> <span class='ocrx_word' id='word_1_396' title='bbox 2667 2483 2896 2535; x_wconf 81' lang='lat' dir='ltr'><strong>creditur</strong></span> <span class='ocrx_word' id='word_1_397' title='bbox 2939 2484 3074 2536; x_wconf 73' lang='lat' dir='ltr'><strong>Deus</strong></span> <span class='ocrx_word' id='word_1_398' title='bbox 3115 2503 3175 2536; x_wconf 68' lang='lat' dir='ltr'><strong>ea:</strong></span> <span class='ocrx_word' id='word_1_399' title='bbox 3201 2485 3329 2549; x_wconf 86' lang='lat' dir='ltr'><strong>Deo,</strong></span> <span class='ocrx_word' id='word_1_400' title='bbox 3373 2498 3421 2539; x_wconf 83' lang='lat' dir='ltr'><strong>et</strong></span> <span class='ocrx_word' id='word_1_401' title='bbox 3452 2487 3684 2554; x_wconf 83' lang='lat' dir='ltr'><strong>Spiritus</strong></span> 
     </span>
    </p>
   </div>
   <div class='ocr_carea' id='block_1_54' title="bbox 2121 2569 3688 2647">
    <p class='ocr_par' dir='ltr' id='par_1_54' title="bbox 2121 2569 3688 2647">
     <span class='ocr_line' id='line_1_54' title="bbox 2121 2569 3688 2647; baseline 0.006 -26"><span class='ocrx_word' id='word_1_402' title='bbox 2121 2587 2150 2621; x_wconf 91' lang='lat' dir='ltr'><strong>a</strong></span> <span class='ocrx_word' id='word_1_403' title='bbox 2199 2569 2428 2635; x_wconf 85' lang='lat' dir='ltr'><strong>Christo,</strong></span> <span class='ocrx_word' id='word_1_404' title='bbox 2482 2575 2589 2625; x_wconf 83' lang='lat' dir='ltr'><strong>sive</strong></span> <span class='ocrx_word' id='word_1_405' title='bbox 2619 2574 2679 2625; x_wconf 91' lang='lat' dir='ltr'><strong>ab</strong></span> <span class='ocrx_word' id='word_1_406' title='bbox 2729 2587 2969 2642; x_wconf 88' lang='lat' dir='ltr'><strong>utroque,</strong></span> <span class='ocrx_word' id='word_1_407' title='bbox 3020 2586 3074 2627; x_wconf 88' lang='lat' dir='ltr'><strong>ut</strong></span> <span class='ocrx_word' id='word_1_408' title='bbox 3120 2578 3191 2626; x_wconf 81' lang='lat' dir='ltr'><strong>ait</strong></span> <span class='ocrx_word' id='word_1_409' title='bbox 3241 2579 3500 2640; x_wconf 63' lang='lat' dir='ltr'><strong>Christus,</strong></span> <span class='ocrx_word' id='word_1_410' title='bbox 3538 2585 3623 2647; x_wconf 87' lang='lat' dir='ltr'><strong>qui</strong></span> <span class='ocrx_word' id='word_1_411' title='bbox 3658 2601 3688 2630; x_wconf 78' lang='grc' dir='ltr'><strong>ιι</strong></span> 
     </span>
    </p>
   </div>
   <div class='ocr_carea' id='block_1_55' title="bbox 2121 2655 3691 2744">
    <p class='ocr_par' dir='ltr' id='par_1_55' title="bbox 2121 2655 3691 2744">
     <span class='ocr_line' id='line_1_55' title="bbox 2121 2655 3691 2744; baseline 0.01 -35"><span class='ocrx_word' id='word_1_412' title='bbox 2121 2655 2283 2711; x_wconf 88' lang='lat' dir='ltr'><strong>Patre</strong></span> <span class='ocrx_word' id='word_1_413' title='bbox 2321 2665 2592 2744; x_wconf 42' lang='lat' dir='ltr'><strong>.pr‘ocedit,</strong></span> <span class='ocrx_word' id='word_1_414' title='bbox 2645 2674 2693 2716; x_wconf 90' lang='lat' dir='ltr'><strong>et</strong></span> <span class='ocrx_word' id='word_1_415' title='bbox 2751 2665 2831 2715; x_wconf 85' lang='lat' dir='ltr'><strong>hic</strong></span> <span class='ocrx_word' id='word_1_416' title='bbox 2862 2668 2925 2742; x_wconf 80' lang='lat' dir='ltr'><strong>de</strong></span> <span class='ocrx_word' id='word_1_417' title='bbox 2991 2684 3101 2718; x_wconf 89' lang='lat' dir='ltr'><strong>meo</strong></span> <span class='ocrx_word' id='word_1_418' title='bbox 3152 2670 3394 2734; x_wconf 45' lang='lat' dir='ltr'><strong>aicipt’et.</strong></span> <span class='ocrx_word' id='word_1_419' title='bbox 3453 2670 3518 2721; x_wconf 84' lang='lat' dir='ltr'><strong>Et</strong></span> <span class='ocrx_word' id='word_1_420' title='bbox 3572 2684 3691 2738; x_wconf 67' lang='lat' dir='ltr'><strong>[Hist</strong></span> 
     </span>
    </p>
   </div>
   <div class='ocr_carea' id='block_1_56' title="bbox 2121 2752 3692 2827">
    <p class='ocr_par' dir='ltr' id='par_1_56' title="bbox 2121 2752 3692 2827">
     <span class='ocr_line' id='line_1_56' title="bbox 2121 2752 3692 2827; baseline 0.008 -25"><span class='ocrx_word' id='word_1_421' title='bbox 2121 2766 2288 2808; x_wconf 75' lang='lat' dir='ltr'><strong>pauca</strong></span> <span class='ocrx_word' id='word_1_422' title='bbox 2320 2771 2331 2804; x_wconf 91' lang='lat'><strong>:</strong></span> <span class='ocrx_word' id='word_1_423' title='bbox 2369 2752 2469 2806; x_wconf 88' lang='lat' dir='ltr'><strong>Sed</strong></span> <span class='ocrx_word' id='word_1_424' title='bbox 2508 2759 2640 2807; x_wconf 76' lang='lat' dir='ltr'><strong>dicet</strong></span> <span class='ocrx_word' id='word_1_425' title='bbox 2663 2758 2888 2824; x_wconf 87' lang='lat' dir='ltr'><strong>aliquis:</strong></span> <span class='ocrx_word' id='word_1_426' title='bbox 2936 2755 3073 2826; x_wconf 78' lang='lat' dir='ltr'><strong>Ergo</strong></span> <span class='ocrx_word' id='word_1_427' title='bbox 3101 2759 3235 2811; x_wconf 81' lang='lat' dir='ltr'><strong>duos</strong></span> <span class='ocrx_word' id='word_1_428' title='bbox 3282 2776 3391 2812; x_wconf 82' lang='lat' dir='ltr'><strong>csse</strong></span> <span class='ocrx_word' id='word_1_429' title='bbox 3433 2762 3572 2827; x_wconf 83' lang='lat' dir='ltr'><strong>[ilius</strong></span> <span class='ocrx_word' id='word_1_430' title='bbox 3611 2769 3692 2814; x_wconf 88' lang='lat' dir='ltr'><strong>ai-</strong></span> 
     </span>
    </p>
   </div>
   <div class='ocr_carea' id='block_1_57' title="bbox 2121 2844 3688 2918">
    <p class='ocr_par' dir='ltr' id='par_1_57' title="bbox 2121 2844 3688 2918">
     <span class='ocr_line' id='line_1_57' title="bbox 2121 2844 3688 2918; baseline 0.007 -24"><span class='ocrx_word' id='word_1_431' title='bbox 2121 2846 2317 2904; x_wconf 65' lang='lat' dir='ltr'><strong>cimus,’</strong></span> <span class='ocrx_word' id='word_1_432' title='bbox 2349 2844 2415 2896; x_wconf 78' lang='lat' dir='ltr'><strong>Et</strong></span> <span class='ocrx_word' id='word_1_433' title='bbox 2445 2853 2703 2914; x_wconf 88' lang='lat' dir='ltr'><strong>quomodo</strong></span> <span class='ocrx_word' id='word_1_434' title='bbox 2755 2851 2852 2898; x_wconf 88' lang='lat' dir='ltr'><strong>erit</strong></span> <span class='ocrx_word' id='word_1_435' title='bbox 2911 2847 3268 2915; x_wconf 74' lang='lat' dir='ltr'><strong>Lriqen-zus.’</strong></span> <span class='ocrx_word' id='word_1_436' title='bbox 3308 2869 3324 2899; x_wconf 70' lang='grc' dir='ltr'><strong>ι</strong></span> <span class='ocrx_word' id='word_1_437' title='bbox 3365 2850 3438 2901; x_wconf 82' lang='lat' dir='ltr'><strong>Tu</strong></span> <span class='ocrx_word' id='word_1_438' title='bbox 3468 2856 3581 2918; x_wconf 84' lang='lat' dir='ltr'><strong>quis</strong></span> <span class='ocrx_word' id='word_1_439' title='bbox 3603 2872 3652 2905; x_wconf 87' lang='lat' dir='ltr'><strong>es</strong></span> <span class='ocrx_word' id='word_1_440' title='bbox 3676 2896 3688 2915; x_wconf 93' lang='lat'><strong>,</strong></span> 
     </span>
    </p>
   </div>
   <div class='ocr_carea' id='block_1_58' title="bbox 2123 2940 3693 3008">
    <p class='ocr_par' dir='ltr' id='par_1_58' title="bbox 2123 2940 3693 3008">
     <span class='ocr_line' id='line_1_58' title="bbox 2123 2940 3693 3008; baseline 0.003 -16"><span class='ocrx_word' id='word_1_441' title='bbox 2123 2943 2210 3006; x_wconf 86' lang='lat' dir='ltr'><strong>qui</strong></span> <span class='ocrx_word' id='word_1_442' title='bbox 2235 2942 2546 3008; x_wconf 72' lang='lat' dir='ltr'><strong>respondeas</strong></span> <span class='ocrx_word' id='word_1_443' title='bbox 2576 2941 2677 2992; x_wconf 81' lang='lat' dir='ltr'><strong>Deo</strong></span> <span class='ocrx_word' id='word_1_444' title='bbox 2699 2941 2787 2990; x_wconf 61' lang='lat'><strong>&quot;1&#39;</strong></span> <span class='ocrx_word' id='word_1_445' title='bbox 2844 2959 2859 2989; x_wconf 73' lang='grc' dir='ltr'><strong>ι</strong></span> <span class='ocrx_word' id='word_1_446' title='bbox 2896 2941 2957 2993; x_wconf 84' lang='lat' dir='ltr'><strong>Si</strong></span> <span class='ocrx_word' id='word_1_447' title='bbox 2991 2942 3127 2992; x_wconf 88' lang='lat' dir='ltr'><strong>enim</strong></span> <span class='ocrx_word' id='word_1_448' title='bbox 3159 2940 3354 2993; x_wconf 82' lang='lat' dir='ltr'><strong>Fit&#39;ium</strong></span> <span class='ocrx_word' id='word_1_449' title='bbox 3389 2957 3529 2995; x_wconf 75' lang='lat' dir='ltr'><strong>uocat</strong></span> <span class='ocrx_word' id='word_1_450' title='bbox 3554 2963 3614 2997; x_wconf 71' lang='lat' dir='ltr'><strong>ea;</strong></span> <span class='ocrx_word' id='word_1_451' title='bbox 3642 2965 3693 2996; x_wconf 68' lang='lat' dir='ltr'><strong>ie</strong></span> 
     </span>
    </p>
   </div>
   <div class='ocr_carea' id='block_1_59' title="bbox 2126 3031 3692 3102">
    <p class='ocr_par' dir='ltr' id='par_1_59' title="bbox 2126 3031 3692 3102">
     <span class='ocr_line' id='line_1_59' title="bbox 2126 3031 3692 3102; baseline 0.001 -17"><span class='ocrx_word' id='word_1_452' title='bbox 2126 3044 2327 3094; x_wconf 85' lang='lat' dir='ltr'><strong>natum,</strong></span> <span class='ocrx_word' id='word_1_453' title='bbox 2369 3031 2620 3099; x_wconf 84' lang='lat' dir='ltr'><strong>Spiritum</strong></span> <span class='ocrx_word' id='word_1_454' title='bbox 2654 3043 2827 3084; x_wconf 90' lang='lat' dir='ltr'><strong>autem</strong></span> <span class='ocrx_word' id='word_1_455' title='bbox 2880 3047 3138 3094; x_wconf 88' lang='lat' dir='ltr'><strong>sanctum,</strong></span> <span class='ocrx_word' id='word_1_456' title='bbox 3197 3037 3287 3101; x_wconf 87' lang='lat' dir='ltr'><strong>qui</strong></span> <span class='ocrx_word' id='word_1_457' title='bbox 3351 3035 3414 3085; x_wconf 87' lang='lat' dir='ltr'><strong>ab</strong></span> <span class='ocrx_word' id='word_1_458' title='bbox 3474 3047 3692 3102; x_wconf 82' lang='lat' dir='ltr'><strong>utroque</strong></span> 
     </span>
    </p>
   </div>
   <div class='ocr_carea' id='block_1_60' title="bbox 444 3111 2206 3204">
    <p class='ocr_par' dir='ltr' id='par_1_60' title="bbox 444 3111 2197 3204">
     <span class='ocr_line' id='line_1_60' title="bbox 444 3111 2197 3204; baseline 0 -40"><span class='ocrx_word' id='word_1_459' title='bbox 444 3116 569 3164; x_wconf 87' lang='lat' dir='ltr'><strong>dcm</strong></span> <span class='ocrx_word' id='word_1_460' title='bbox 599 3114 775 3165; x_wconf 82' lang='lat' dir='ltr'><strong>crucis</strong></span> <span class='ocrx_word' id='word_1_461' title='bbox 801 3113 1067 3180; x_wconf 87' lang='lat' dir='ltr'><strong>supplicio</strong></span> <span class='ocrx_word' id='word_1_462' title='bbox 1099 3111 1320 3164; x_wconf 75' lang='lat' dir='ltr'><strong>all‘ectus</strong></span> <span class='ocrx_word' id='word_1_463' title='bbox 1346 3122 1429 3164; x_wconf 85' lang='lat' dir='ltr'><strong>est</strong></span> <span class='ocrx_word' id='word_1_464' title='bbox 1482 3120 1819 3180; x_wconf 84' lang='lat' dir='ltr'><strong>mortemque</strong></span> <span class='ocrx_word' id='word_1_465' title='bbox 1850 3113 2016 3164; x_wconf 83' lang='lat' dir='ltr'><strong>susti-</strong></span> <span class='ocrx_word' id='word_1_466' title='bbox 2045 3146 2088 3204; x_wconf 64' lang='grc' dir='ltr'>ο</span> <span class='ocrx_word' id='word_1_467' title='bbox 2125 3135 2197 3176; x_wconf 70' lang='grc' dir='ltr'><strong>εει</strong></span> 
     </span>
    </p>
   </div>
   <div class='ocr_carea' id='block_1_61' title="bbox 1928 3111 3690 3204">
    <p class='ocr_par' dir='ltr' id='par_1_61' title="bbox 1928 3113 3690 3204">
     <span class='ocr_line' id='line_1_61' title="bbox 1928 3113 3690 3204; baseline 0.002 -30"><span class='ocrx_word' id='word_1_468' title='bbox 1928 3113 2016 3164; x_wconf 58' lang='grc' dir='ltr'><strong>ὺῑί·</strong></span> <span class='ocrx_word' id='word_1_469' title='bbox 2045 3146 2088 3204; x_wconf 74' lang='lat' dir='ltr'>c</span> <span class='ocrx_word' id='word_1_470' title='bbox 2125 3135 2197 3176; x_wconf 87' lang='lat' dir='ltr'><strong>est</strong></span> <span class='ocrx_word' id='word_1_471' title='bbox 2231 3141 2243 3176; x_wconf 74' lang='grc' dir='ltr'>ε</span> <span class='ocrx_word' id='word_1_472' title='bbox 2277 3140 2392 3190; x_wconf 66' lang='lat' dir='ltr'><strong>quis</strong></span> <span class='ocrx_word' id='word_1_473' title='bbox 2451 3122 2619 3174; x_wconf 87' lang='lat' dir='ltr'><strong>solum</strong></span> <span class='ocrx_word' id='word_1_474' title='bbox 2663 3124 3024 3191; x_wconf 85' lang='lat' dir='ltr'><strong>intelliguntur</strong></span> <span class='ocrx_word' id='word_1_475' title='bbox 3058 3141 3087 3175; x_wconf 88' lang='lat' dir='ltr'><strong>a</strong></span> <span class='ocrx_word' id='word_1_476' title='bbox 3124 3128 3344 3188; x_wconf 82' lang='lat' dir='ltr'><strong>sanctis,</strong></span> <span class='ocrx_word' id='word_1_477' title='bbox 3377 3126 3576 3190; x_wconf 88' lang='lat' dir='ltr'><strong>lucida,</strong></span> <span class='ocrx_word' id='word_1_478' title='bbox 3613 3127 3690 3178; x_wconf 86' lang='lat' dir='ltr'><strong>lu-</strong></span> 
     </span>
    </p>
   </div>
   <div class='ocr_carea' id='block_1_62' title="bbox 445 3201 2014 3269">
    <p class='ocr_par' dir='ltr' id='par_1_62' title="bbox 445 3201 2014 3269">
     <span class='ocr_line' id='line_1_62' title="bbox 445 3201 2014 3269; baseline 0.001 -17"><span class='ocrx_word' id='word_1_479' title='bbox 445 3203 587 3254; x_wconf 88' lang='lat' dir='ltr'><strong>nuit.</strong></span> <span class='ocrx_word' id='word_1_480' title='bbox 656 3203 717 3252; x_wconf 71' lang='lat' dir='ltr'><strong>Et</strong></span> <span class='ocrx_word' id='word_1_481' title='bbox 756 3219 819 3252; x_wconf 85' lang='lat' dir='ltr'><strong>ne</strong></span> <span class='ocrx_word' id='word_1_482' title='bbox 880 3201 1089 3269; x_wconf 82' lang='lat' dir='ltr'><strong>singula</strong></span> <span class='ocrx_word' id='word_1_483' title='bbox 1114 3214 1458 3268; x_wconf 85' lang='lat' dir='ltr'><strong>persequar:</strong></span> <span class='ocrx_word' id='word_1_484' title='bbox 1519 3201 1681 3251; x_wconf 82' lang='lat' dir='ltr'><strong>multa</strong></span> <span class='ocrx_word' id='word_1_485' title='bbox 1735 3201 1878 3252; x_wconf 89' lang='lat' dir='ltr'><strong>enitn</strong></span> <span class='ocrx_word' id='word_1_486' title='bbox 1964 3204 2014 3254; x_wconf 93' lang='lat' dir='ltr'><strong>in</strong></span> 
     </span>
    </p>
   </div>
   <div class='ocr_carea' id='block_1_63' title="bbox 450 3291 2018 3360">
    <p class='ocr_par' dir='ltr' id='par_1_63' title="bbox 450 3291 2018 3360">
     <span class='ocr_line' id='line_1_63' title="bbox 450 3291 2018 3360; baseline -0.002 -16"><span class='ocrx_word' id='word_1_487' title='bbox 450 3294 632 3344; x_wconf 83' lang='lat' dir='ltr'><strong>niedio</strong></span> <span class='ocrx_word' id='word_1_488' title='bbox 661 3291 876 3344; x_wconf 79' lang='lat' dir='ltr'><strong>fuerunt</strong></span> <span class='ocrx_word' id='word_1_489' title='bbox 905 3295 1046 3357; x_wconf 38' lang='lat' dir='ltr'><strong>eius.</strong></span> <span class='ocrx_word' id='word_1_490' title='bbox 1083 3292 1504 3360; x_wconf 81' lang='lat' dir='ltr'><strong>dispensationis</strong></span> <span class='ocrx_word' id='word_1_491' title='bbox 1537 3302 1879 3343; x_wconf 85' lang='lat' dir='ltr'><strong>sacramenta</strong></span> <span class='ocrx_word' id='word_1_492' title='bbox 1910 3308 1922 3355; x_wconf 90' lang='lat'>;</span> <span class='ocrx_word' id='word_1_493' title='bbox 1956 3295 2018 3341; x_wconf 87' lang='lat' dir='ltr'><strong>ti-</strong></span> 
     </span>
    </p>
   </div>
   <div class='ocr_carea' id='block_1_64' title="bbox 447 3383 2017 3452">
    <p class='ocr_par' dir='ltr' id='par_1_64' title="bbox 447 3383 2017 3452">
     <span class='ocr_line' id='line_1_64' title="bbox 447 3383 2017 3452; baseline -0.002 -14"><span class='ocrx_word' id='word_1_494' title='bbox 447 3403 572 3438; x_wconf 89' lang='lat' dir='ltr'><strong>nem</strong></span> <span class='ocrx_word' id='word_1_495' title='bbox 597 3387 712 3452; x_wconf 75' lang='lat' dir='ltr'><strong>ejus</strong></span> <span class='ocrx_word' id='word_1_496' title='bbox 743 3384 1047 3452; x_wconf 83' lang='lat' dir='ltr'><strong>corporalis</strong></span> <span class='ocrx_word' id='word_1_497' title='bbox 1087 3383 1409 3435; x_wconf 85' lang='lat' dir='ltr'><strong>inltabitatio</strong></span> <span class='ocrx_word' id='word_1_498' title='bbox 1441 3383 1673 3448; x_wconf 86' lang='lat' dir='ltr'><strong>suscepit</strong></span> <span class='ocrx_word' id='word_1_499' title='bbox 1704 3398 1716 3432; x_wconf 92' lang='lat'><strong>:</strong></span> <span class='ocrx_word' id='word_1_500' title='bbox 1752 3383 2017 3448; x_wconf 82' lang='lat' dir='ltr'><strong>Spiritus-</strong></span> 
     </span>
    </p>
   </div>
   <div class='ocr_carea' id='block_1_65' title="bbox 445 3473 2023 3546">
    <p class='ocr_par' dir='ltr' id='par_1_65' title="bbox 445 3473 2023 3546">
     <span class='ocr_line' id='line_1_65' title="bbox 445 3473 2023 3546; baseline -0.003 -17"><span class='ocrx_word' id='word_1_501' title='bbox 445 3476 782 3546; x_wconf 86' lang='lat' dir='ltr'><strong>queinchoal</strong></span> <span class='ocrx_word' id='word_1_502' title='bbox 812 3479 1005 3545; x_wconf 75' lang='lat' dir='ltr'><strong>gratia,</strong></span> <span class='ocrx_word' id='word_1_503' title='bbox 1027 3483 1080 3528; x_wconf 90' lang='lat' dir='ltr'><strong>et</strong></span> <span class='ocrx_word' id='word_1_504' title='bbox 1109 3475 1160 3527; x_wconf 90' lang='lat' dir='ltr'><strong>iu</strong></span> <span class='ocrx_word' id='word_1_505' title='bbox 1185 3473 1348 3527; x_wconf 62' lang='lat' dir='ltr'><strong>caelos</strong></span> <span class='ocrx_word' id='word_1_506' title='bbox 1372 3488 1523 3525; x_wconf 85' lang='lat' dir='ltr'><strong>meus</strong></span> <span class='ocrx_word' id='word_1_507' title='bbox 1552 3473 1800 3526; x_wconf 70' lang='lat' dir='ltr'><strong>Chrstus</strong></span> <span class='ocrx_word' id='word_1_508' title='bbox 1826 3474 2023 3540; x_wconf 84' lang='lat' dir='ltr'><strong>l&#39;ertur,</strong></span> 
     </span>
    </p>
   </div>
   <div class='ocr_carea' id='block_1_66' title="bbox 451 3567 2022 3636">
    <p class='ocr_par' dir='ltr' id='par_1_66' title="bbox 451 3567 2022 3636">
     <span class='ocr_line' id='line_1_66' title="bbox 451 3567 2022 3636; baseline -0.001 -16"><span class='ocrx_word' id='word_1_509' title='bbox 451 3582 616 3636; x_wconf 64' lang='lat' dir='ltr'><strong>at,ue</strong></span> <span class='ocrx_word' id='word_1_510' title='bbox 669 3571 733 3619; x_wconf 84' lang='lat' dir='ltr'><strong>ad</strong></span> <span class='ocrx_word' id='word_1_511' title='bbox 769 3579 1052 3636; x_wconf 89' lang='lat' dir='ltr'><strong>paternum</strong></span> <span class='ocrx_word' id='word_1_512' title='bbox 1110 3567 1304 3618; x_wconf 88' lang='lat' dir='ltr'><strong>solium</strong></span> <span class='ocrx_word' id='word_1_513' title='bbox 1338 3567 1498 3627; x_wconf 85' lang='lat' dir='ltr'><strong>redit,</strong></span> <span class='ocrx_word' id='word_1_514' title='bbox 1530 3568 2022 3633; x_wconf 82' lang='lat' dir='ltr'><strong>pr0ccdcntetnque</strong></span> 
     </span>
    </p>
   </div>
   <div class='ocr_carea' id='block_1_67' title="bbox 447 3656 2018 3728">
    <p class='ocr_par' dir='ltr' id='par_1_67' title="bbox 447 3656 2018 3728">
     <span class='ocr_line' id='line_1_67' title="bbox 447 3656 2018 3728; baseline -0.004 -14"><span class='ocrx_word' id='word_1_515' title='bbox 447 3677 514 3714; x_wconf 79' lang='lat' dir='ltr'><strong>es</strong></span> <span class='ocrx_word' id='word_1_516' title='bbox 537 3676 594 3713; x_wconf 88' lang='lat' dir='ltr'><strong>se</strong></span> <span class='ocrx_word' id='word_1_517' title='bbox 628 3658 888 3728; x_wconf 79' lang='lat' dir='ltr'><strong>Spiritum</strong></span> <span class='ocrx_word' id='word_1_518' title='bbox 934 3673 1033 3725; x_wconf 90' lang='lat' dir='ltr'><strong>pro</strong></span> <span class='ocrx_word' id='word_1_519' title='bbox 1080 3656 1433 3710; x_wconf 85' lang='lat' dir='ltr'><strong>inl&#39;ormaudis</strong></span> <span class='ocrx_word' id='word_1_520' title='bbox 1488 3656 1794 3708; x_wconf 85' lang='lat' dir='ltr'><strong>inlidelibus</strong></span> <span class='ocrx_word' id='word_1_521' title='bbox 1843 3658 2018 3724; x_wconf 77' lang='lat' dir='ltr'><strong>genti-</strong></span> 
     </span>
    </p>
   </div>
   <div class='ocr_carea' id='block_1_68' title="bbox 448 3750 1143 3815">
    <p class='ocr_par' dir='ltr' id='par_1_68' title="bbox 448 3750 1143 3815">
     <span class='ocr_line' id='line_1_68' title="bbox 448 3750 1143 3815; baseline -0.007 -12"><span class='ocrx_word' id='word_1_522' title='bbox 448 3753 551 3804; x_wconf 81' lang='lat' dir='ltr'><strong>bus</strong></span> <span class='ocrx_word' id='word_1_523' title='bbox 587 3750 860 3815; x_wconf 78' lang='lat' dir='ltr'><strong>diSt&#39;ipulis</strong></span> <span class='ocrx_word' id='word_1_524' title='bbox 889 3751 1073 3801; x_wconf 82' lang='lat' dir='ltr'><strong>mittit.</strong></span> <span class='ocrx_word' id='word_1_525' title='bbox 1124 3766 1143 3798; x_wconf 68' lang='grc' dir='ltr'><strong>ι</strong></span> 
     </span>
    </p>
   </div>
   <div class='ocr_carea' id='block_1_69' title="bbox 525 3837 2020 3904">
    <p class='ocr_par' dir='ltr' id='par_1_69' title="bbox 525 3837 2020 3904">
     <span class='ocr_line' id='line_1_69' title="bbox 525 3837 2020 3904; baseline -0.003 -11"><span class='ocrx_word' id='word_1_526' title='bbox 525 3841 756 3894; x_wconf 85' lang='lat' dir='ltr'><strong>Sanctus</strong></span> <span class='ocrx_word' id='word_1_527' title='bbox 794 3841 1119 3892; x_wconf 66' lang='lat' dir='ltr'><strong>AllaSUhiUS</strong></span> <span class='ocrx_word' id='word_1_528' title='bbox 1169 3837 1542 3890; x_wconf 74' lang='lat' dir='ltr'><strong>Antioclienus</strong></span> <span class='ocrx_word' id='word_1_529' title='bbox 1599 3837 1911 3904; x_wconf 85' lang='lat' dir='ltr'><strong>patriarcha</strong></span> <span class='ocrx_word' id='word_1_530' title='bbox 1969 3837 2020 3890; x_wconf 91' lang='lat' dir='ltr'><strong>in</strong></span> 
     </span>
    </p>
   </div>
   <div class='ocr_carea' id='block_1_70' title="bbox 451 3930 2024 3996">
    <p class='ocr_par' dir='ltr' id='par_1_70' title="bbox 451 3930 2024 3996">
     <span class='ocr_line' id='line_1_70' title="bbox 451 3930 2024 3996; baseline -0.002 -12"><span class='ocrx_word' id='word_1_531' title='bbox 451 3935 594 3985; x_wconf 88' lang='lat' dir='ltr'><strong>libro</strong></span> <span class='ocrx_word' id='word_1_532' title='bbox 637 3931 714 3984; x_wconf 87' lang='lat' dir='ltr'><strong>De</strong></span> <span class='ocrx_word' id='word_1_533' title='bbox 761 3932 912 3983; x_wconf 81' lang='lat' dir='ltr'><strong>rectis</strong></span> <span class='ocrx_word' id='word_1_534' title='bbox 967 3930 1210 3981; x_wconf 66' lang='lat' dir='ltr'><strong>Ecclesia</strong></span> <span class='ocrx_word' id='word_1_535' title='bbox 1235 3930 1584 3996; x_wconf 83' lang='lat' dir='ltr'><strong>dogmatibus,</strong></span> <span class='ocrx_word' id='word_1_536' title='bbox 1616 3930 1693 3980; x_wconf 85' lang='lat' dir='ltr'><strong>ait</strong></span> <span class='ocrx_word' id='word_1_537' title='bbox 1730 3945 1741 3978; x_wconf 95' lang='lat'>:</span> <span class='ocrx_word' id='word_1_538' title='bbox 1780 3930 2024 3996; x_wconf 75' lang='lat' dir='ltr'><strong>Corporis</strong></span> 
     </span>
    </p>
   </div>
   <div class='ocr_carea' id='block_1_71' title="bbox 451 4021 2021 4090">
    <p class='ocr_par' dir='ltr' id='par_1_71' title="bbox 451 4021 2021 4090">
     <span class='ocr_line' id='line_1_71' title="bbox 451 4021 2021 4090; baseline -0.004 -13"><span class='ocrx_word' id='word_1_539' title='bbox 451 4042 575 4078; x_wconf 70' lang='lat' dir='ltr'><strong>tero</strong></span> <span class='ocrx_word' id='word_1_540' title='bbox 605 4027 969 4090; x_wconf 82' lang='lat' dir='ltr'><strong>proprietatem</strong></span> <span class='ocrx_word' id='word_1_541' title='bbox 1019 4038 1112 4088; x_wconf 91' lang='lat' dir='ltr'><strong>pro</strong></span> <span class='ocrx_word' id='word_1_542' title='bbox 1158 4023 1386 4086; x_wconf 71' lang='lat' dir='ltr'><strong>exemplo</strong></span> <span class='ocrx_word' id='word_1_543' title='bbox 1446 4033 1704 4072; x_wconf 87' lang='lat' dir='ltr'><strong>sumentes</strong></span> <span class='ocrx_word' id='word_1_544' title='bbox 1727 4021 2021 4071; x_wconf 83' lang='lat' dir='ltr'><strong>divinarum</strong></span> 
     </span>
    </p>
   </div>
   <div class='ocr_carea' id='block_1_72' title="bbox 425 4105 2020 4182">
    <p class='ocr_par' dir='ltr' id='par_1_72' title="bbox 425 4105 2020 4182">
     <span class='ocr_line' id='line_1_72' title="bbox 425 4105 2020 4182; baseline -0.005 -13"><span class='ocrx_word' id='word_1_545' title='bbox 425 4105 792 4182; x_wconf 63' lang='lat' dir='ltr'><strong>personarum</strong></span> <span class='ocrx_word' id='word_1_546' title='bbox 854 4121 919 4166; x_wconf 90' lang='lat' dir='ltr'><strong>ad</strong></span> <span class='ocrx_word' id='word_1_547' title='bbox 975 4112 1473 4177; x_wconf 83' lang='lat' dir='ltr'><strong>invicem,habitum</strong></span> <span class='ocrx_word' id='word_1_548' title='bbox 1536 4127 1626 4178; x_wconf 90' lang='lat' dir='ltr'><strong>per</strong></span> <span class='ocrx_word' id='word_1_549' title='bbox 1672 4112 2020 4162; x_wconf 80' lang='lat' dir='ltr'><strong>membrorum</strong></span> 
     </span>
    </p>
   </div>
   <div class='ocr_carea' id='block_1_73' title="bbox 449 4203 2026 4278">
    <p class='ocr_par' dir='ltr' id='par_1_73' title="bbox 449 4203 2026 4278">
     <span class='ocr_line' id='line_1_73' title="bbox 449 4203 2026 4278; baseline -0.003 -20"><span class='ocrx_word' id='word_1_550' title='bbox 449 4210 840 4278; x_wconf 66' lang='lat' dir='ltr'><strong>proportionem</strong></span> <span class='ocrx_word' id='word_1_551' title='bbox 861 4246 878 4272; x_wconf 92' lang='lat'><strong>,</strong></span> <span class='ocrx_word' id='word_1_552' title='bbox 907 4223 966 4258; x_wconf 87' lang='lat' dir='ltr'><strong>ac</strong></span> <span class='ocrx_word' id='word_1_553' title='bbox 1019 4206 1426 4258; x_wconf 79' lang='lat' dir='ltr'><strong>similitudinem</strong></span> <span class='ocrx_word' id='word_1_554' title='bbox 1480 4203 1842 4255; x_wconf 86' lang='lat' dir='ltr'><strong>commendare</strong></span> <span class='ocrx_word' id='word_1_555' title='bbox 1874 4204 2026 4254; x_wconf 80' lang='lat' dir='ltr'><strong>insti-</strong></span> 
     </span>
    </p>
   </div>
   <div class='ocr_carea' id='block_1_74' title="bbox 455 4294 2024 4364">
    <p class='ocr_par' dir='ltr' id='par_1_74' title="bbox 455 4294 2024 4364">
     <span class='ocr_line' id='line_1_74' title="bbox 455 4294 2024 4364; baseline -0.005 -12"><span class='ocrx_word' id='word_1_556' title='bbox 455 4303 675 4352; x_wconf 88' lang='lat' dir='ltr'><strong>tuimus.</strong></span> <span class='ocrx_word' id='word_1_557' title='bbox 736 4297 837 4349; x_wconf 80' lang='lat' dir='ltr'><strong>llic</strong></span> <span class='ocrx_word' id='word_1_558' title='bbox 894 4301 1081 4349; x_wconf 87' lang='lat' dir='ltr'><strong>etenim</strong></span> <span class='ocrx_word' id='word_1_559' title='bbox 1127 4300 1342 4364; x_wconf 84' lang='lat' dir='ltr'><strong>spiritus</strong></span> <span class='ocrx_word' id='word_1_560' title='bbox 1376 4311 1481 4347; x_wconf 84' lang='lat' dir='ltr'><strong>oris</strong></span> <span class='ocrx_word' id='word_1_561' title='bbox 1524 4294 1636 4362; x_wconf 85' lang='lat' dir='ltr'><strong>ejus</strong></span> <span class='ocrx_word' id='word_1_562' title='bbox 1663 4294 1705 4323; x_wconf 81' lang='grc'><strong>⁶¹</strong></span> <span class='ocrx_word' id='word_1_563' title='bbox 1733 4335 1746 4358; x_wconf 91' lang='grc'><em>,</em></span> <span class='ocrx_word' id='word_1_564' title='bbox 1793 4296 2024 4345; x_wconf 66' lang='lat' dir='ltr'><strong>videlicet</strong></span> 
     </span>
    </p>
   </div>
   <div class='ocr_carea' id='block_1_75' title="bbox 457 4384 2025 4457">
    <p class='ocr_par' dir='ltr' id='par_1_75' title="bbox 457 4384 2025 4457">
     <span class='ocr_line' id='line_1_75' title="bbox 457 4384 2025 4457; baseline -0.004 -15"><span class='ocrx_word' id='word_1_565' title='bbox 457 4394 552 4443; x_wconf 83' lang='lat' dir='ltr'><strong>Det</strong></span> <span class='ocrx_word' id='word_1_566' title='bbox 586 4392 812 4457; x_wconf 74' lang='lat' dir='ltr'><strong>Spiritus</strong></span> <span class='ocrx_word' id='word_1_567' title='bbox 867 4403 1076 4440; x_wconf 84' lang='lat' dir='ltr'><strong>sanctus</strong></span> <span class='ocrx_word' id='word_1_568' title='bbox 1119 4388 1335 4450; x_wconf 84' lang='lat' dir='ltr'><strong>dicitur,</strong></span> <span class='ocrx_word' id='word_1_569' title='bbox 1362 4403 1476 4437; x_wconf 88' lang='lat' dir='ltr'><strong>cum</strong></span> <span class='ocrx_word' id='word_1_570' title='bbox 1511 4403 1566 4438; x_wconf 90' lang='lat' dir='ltr'><strong>os</strong></span> <span class='ocrx_word' id='word_1_571' title='bbox 1601 4384 1908 4454; x_wconf 80' lang='lat' dir='ltr'><strong>Unigenttus</strong></span> <span class='ocrx_word' id='word_1_572' title='bbox 1936 4387 2025 4450; x_wconf 86' lang='lat' dir='ltr'><strong>sit;</strong></span> 
     </span>
    </p>
   </div>
   <div class='ocr_carea' id='block_1_76' title="bbox 2136 3221 3698 3293">
    <p class='ocr_par' dir='ltr' id='par_1_76' title="bbox 2136 3221 3698 3293">
     <span class='ocr_line' id='line_1_76' title="bbox 2136 3221 3698 3293; baseline 0.002 -19"><span class='ocrx_word' id='word_1_573' title='bbox 2136 3221 2317 3288; x_wconf 78' lang='lat' dir='ltr'><strong>ciﬂua,</strong></span> <span class='ocrx_word' id='word_1_574' title='bbox 2370 3221 2701 3285; x_wconf 82' lang='lat' dir='ltr'><strong>tucidamque</strong></span> <span class='ocrx_word' id='word_1_575' title='bbox 2749 3221 3074 3287; x_wconf 69' lang='lat' dir='ltr'><strong>eﬁicientiam</strong></span> <span class='ocrx_word' id='word_1_576' title='bbox 3118 3224 3380 3276; x_wconf 86' lang='lat' dir='ltr'><strong>hubentiu.</strong></span> <span class='ocrx_word' id='word_1_577' title='bbox 3441 3225 3515 3276; x_wconf 79' lang='lat' dir='ltr'><strong>At:</strong></span> <span class='ocrx_word' id='word_1_578' title='bbox 3575 3235 3698 3293; x_wconf 76' lang='lat' dir='ltr'><strong>post</strong></span> 
     </span>
    </p>
   </div>
   <div class='ocr_carea' id='block_1_77' title="bbox 2130 3310 3696 3383">
    <p class='ocr_par' dir='ltr' id='par_1_77' title="bbox 2130 3310 3696 3383">
     <span class='ocr_line' id='line_1_77' title="bbox 2130 3310 3696 3383; baseline 0.012 -30"><span class='ocrx_word' id='word_1_579' title='bbox 2130 3327 2296 3379; x_wconf 64' lang='lat' dir='ltr'><strong>pauca</strong></span> <span class='ocrx_word' id='word_1_580' title='bbox 2345 3330 2358 3363; x_wconf 84' lang='lat'><strong>;</strong></span> <span class='ocrx_word' id='word_1_581' title='bbox 2410 3310 2643 3376; x_wconf 84' lang='lat' dir='ltr'><strong>Spiritus</strong></span> <span class='ocrx_word' id='word_1_582' title='bbox 2677 3320 2901 3361; x_wconf 86' lang='lat' dir='ltr'><strong>sanctus</strong></span> <span class='ocrx_word' id='word_1_583' title='bbox 2963 3313 3178 3377; x_wconf 85' lang='lat' dir='ltr'><strong>spiritus</strong></span> <span class='ocrx_word' id='word_1_584' title='bbox 3215 3317 3449 3371; x_wconf 81' lang='lat' dir='ltr'><strong>veritatis</strong></span> <span class='ocrx_word' id='word_1_585' title='bbox 3474 3322 3581 3383; x_wconf 80' lang='lat' dir='ltr'><strong>&#39;est,</strong></span> <span class='ocrx_word' id='word_1_586' title='bbox 3611 3321 3696 3371; x_wconf 80' lang='lat' dir='ltr'><strong>lu-</strong></span> 
     </span>
    </p>
   </div>
   <div class='ocr_carea' id='block_1_78' title="bbox 2128 3399 3692 3478">
    <p class='ocr_par' dir='ltr' id='par_1_78' title="bbox 2128 3399 3692 3478">
     <span class='ocr_line' id='line_1_78' title="bbox 2128 3399 3692 3478; baseline 0.006 -25"><span class='ocrx_word' id='word_1_587' title='bbox 2128 3419 2242 3454; x_wconf 89' lang='lat' dir='ltr'><strong>men</strong></span> <span class='ocrx_word' id='word_1_588' title='bbox 2301 3403 2514 3453; x_wconf 87' lang='lat' dir='ltr'><strong>tertium</strong></span> <span class='ocrx_word' id='word_1_589' title='bbox 2571 3419 2599 3452; x_wconf 93' lang='lat' dir='ltr'><strong>a</strong></span> <span class='ocrx_word' id='word_1_590' title='bbox 2660 3399 2821 3453; x_wconf 86' lang='lat' dir='ltr'><strong>Patre</strong></span> <span class='ocrx_word' id='word_1_591' title='bbox 2869 3413 2914 3453; x_wconf 90' lang='lat' dir='ltr'><strong>et</strong></span> <span class='ocrx_word' id='word_1_592' title='bbox 2961 3403 3124 3458; x_wconf 71' lang='lat' dir='ltr'><strong>l&#39;ilio.</strong></span> <span class='ocrx_word' id='word_1_593' title='bbox 3192 3405 3253 3456; x_wconf 76' lang='lat' dir='ltr'><strong>Et</strong></span> <span class='ocrx_word' id='word_1_594' title='bbox 3290 3418 3406 3473; x_wconf 88' lang='lat' dir='ltr'><strong>post</strong></span> <span class='ocrx_word' id='word_1_595' title='bbox 3470 3427 3692 3478; x_wconf 82' lang='lat' dir='ltr'><strong>pauca:</strong></span> 
     </span>
    </p>
   </div>
   <div class='ocr_carea' id='block_1_79' title="bbox 2129 3487 3694 3562">
    <p class='ocr_par' dir='ltr' id='par_1_79' title="bbox 2129 3487 3694 3562">
     <span class='ocr_line' id='line_1_79' title="bbox 2129 3487 3694 3562; baseline 0.008 -23"><span class='ocrx_word' id='word_1_596' title='bbox 2129 3487 2577 3552; x_wconf 84' lang='lat' dir='ltr'><strong>Quemadmodum</strong></span> <span class='ocrx_word' id='word_1_597' title='bbox 2609 3490 2745 3540; x_wconf 89' lang='lat' dir='ltr'><strong>enim</strong></span> <span class='ocrx_word' id='word_1_598' title='bbox 2773 3487 2983 3541; x_wconf 86' lang='lat' dir='ltr'><strong>Patrem</strong></span> <span class='ocrx_word' id='word_1_599' title='bbox 3018 3508 3164 3544; x_wconf 89' lang='lat' dir='ltr'><strong>nemo</strong></span> <span class='ocrx_word' id='word_1_600' title='bbox 3199 3497 3354 3555; x_wconf 76' lang='lat' dir='ltr'><strong>norit,</strong></span> <span class='ocrx_word' id='word_1_601' title='bbox 3381 3500 3480 3550; x_wconf 87' lang='lat' dir='ltr'><strong>nisi</strong></span> <span class='ocrx_word' id='word_1_602' title='bbox 3507 3499 3694 3562; x_wconf 69' lang='lat' dir='ltr'><strong>l&#39;tiius,</strong></span> 
     </span>
    </p>
   </div>
   <div class='ocr_carea' id='block_1_80' title="bbox 2129 3577 3698 3656">
    <p class='ocr_par' dir='ltr' id='par_1_80' title="bbox 2129 3577 3698 3656">
     <span class='ocr_line' id='line_1_80' title="bbox 2129 3577 3698 3656; baseline 0.009 -28"><span class='ocrx_word' id='word_1_603' title='bbox 2129 3594 2287 3646; x_wconf 89' lang='lat' dir='ltr'><strong>neque</strong></span> <span class='ocrx_word' id='word_1_604' title='bbox 2305 3577 2502 3630; x_wconf 80' lang='lat' dir='ltr'><strong>Filium</strong></span> <span class='ocrx_word' id='word_1_605' title='bbox 2531 3580 2632 3630; x_wconf 85' lang='lat' dir='ltr'><strong>nisi</strong></span> <span class='ocrx_word' id='word_1_606' title='bbox 2665 3578 2843 3634; x_wconf 85' lang='lat' dir='ltr'><strong>Pater:</strong></span> <span class='ocrx_word' id='word_1_607' title='bbox 2874 3581 2950 3630; x_wconf 87' lang='lat' dir='ltr'><strong>ita</strong></span> <span class='ocrx_word' id='word_1_608' title='bbox 2985 3585 3151 3633; x_wconf 86' lang='lat' dir='ltr'><strong>audeo</strong></span> <span class='ocrx_word' id='word_1_609' title='bbox 3174 3583 3363 3648; x_wconf 77' lang='lat' dir='ltr'><strong>dicere,</strong></span> <span class='ocrx_word' id='word_1_610' title='bbox 3393 3606 3552 3655; x_wconf 79' lang='lat' dir='ltr'><strong>neque</strong></span> <span class='ocrx_word' id='word_1_611' title='bbox 3576 3591 3698 3656; x_wconf 69' lang='lat' dir='ltr'><strong>Spi-</strong></span> 
     </span>
    </p>
   </div>
   <div class='ocr_carea' id='block_1_81' title="bbox 2126 3669 3695 3746">
    <p class='ocr_par' dir='ltr' id='par_1_81' title="bbox 2126 3669 3695 3746">
     <span class='ocr_line' id='line_1_81' title="bbox 2126 3669 3695 3746; baseline 0.004 -24"><span class='ocrx_word' id='word_1_612' title='bbox 2126 3674 2284 3723; x_wconf 83' lang='lat' dir='ltr'><strong>ritum</strong></span> <span class='ocrx_word' id='word_1_613' title='bbox 2310 3683 2564 3732; x_wconf 88' lang='lat' dir='ltr'><strong>sanctum,</strong></span> <span class='ocrx_word' id='word_1_614' title='bbox 2601 3671 2701 3722; x_wconf 86' lang='lat' dir='ltr'><strong>nisi</strong></span> <span class='ocrx_word' id='word_1_615' title='bbox 2736 3669 2899 3722; x_wconf 86' lang='lat' dir='ltr'><strong>Pater</strong></span> <span class='ocrx_word' id='word_1_616' title='bbox 2927 3683 2972 3723; x_wconf 91' lang='lat' dir='ltr'><strong>et</strong></span> <span class='ocrx_word' id='word_1_617' title='bbox 3007 3672 3205 3734; x_wconf 80' lang='lat' dir='ltr'><strong>Filius,</strong></span> <span class='ocrx_word' id='word_1_618' title='bbox 3237 3693 3266 3726; x_wconf 89' lang='lat' dir='ltr'><strong>a</strong></span> <span class='ocrx_word' id='word_1_619' title='bbox 3292 3694 3390 3744; x_wconf 87' lang='lat' dir='ltr'><strong>quo</strong></span> <span class='ocrx_word' id='word_1_620' title='bbox 3441 3684 3695 3746; x_wconf 62' lang='lat' dir='ltr'><strong>procedit,</strong></span> 
     </span>
    </p>
   </div>
   <div class='ocr_carea' id='block_1_82' title="bbox 2132 3761 3696 3831">
    <p class='ocr_par' dir='ltr' id='par_1_82' title="bbox 2132 3761 3696 3831">
     <span class='ocr_line' id='line_1_82' title="bbox 2132 3761 3696 3831; baseline 0.007 -18"><span class='ocrx_word' id='word_1_621' title='bbox 2132 3773 2178 3814; x_wconf 89' lang='lat' dir='ltr'><strong>et</strong></span> <span class='ocrx_word' id='word_1_622' title='bbox 2234 3781 2264 3814; x_wconf 92' lang='lat' dir='ltr'><strong>a</strong></span> <span class='ocrx_word' id='word_1_623' title='bbox 2319 3779 2418 3830; x_wconf 89' lang='lat' dir='ltr'><strong>quo</strong></span> <span class='ocrx_word' id='word_1_624' title='bbox 2479 3762 2685 3828; x_wconf 78' lang='lat' dir='ltr'><strong>accipit.</strong></span> <span class='ocrx_word' id='word_1_625' title='bbox 2743 3761 2808 3813; x_wconf 78' lang='lat' dir='ltr'><strong>Et</strong></span> <span class='ocrx_word' id='word_1_626' title='bbox 2858 3778 3017 3831; x_wconf 86' lang='lat' dir='ltr'><strong>neque</strong></span> <span class='ocrx_word' id='word_1_627' title='bbox 3088 3764 3306 3828; x_wconf 67' lang='lat' dir='ltr'><strong>Filium,</strong></span> <span class='ocrx_word' id='word_1_628' title='bbox 3384 3781 3432 3821; x_wconf 89' lang='lat' dir='ltr'><strong>et</strong></span> <span class='ocrx_word' id='word_1_629' title='bbox 3483 3770 3696 3824; x_wconf 85' lang='lat' dir='ltr'><strong>Patrem</strong></span> 
     </span>
    </p>
   </div>
   <div class='ocr_carea' id='block_1_83' title="bbox 2130 3853 3698 3930">
    <p class='ocr_par' dir='ltr' id='par_1_83' title="bbox 2130 3853 3698 3930">
     <span class='ocr_line' id='line_1_83' title="bbox 2130 3853 3698 3930; baseline 0.002 -26"><span class='ocrx_word' id='word_1_630' title='bbox 2130 3855 2232 3904; x_wconf 83' lang='lat' dir='ltr'><strong>nisi</strong></span> <span class='ocrx_word' id='word_1_631' title='bbox 2275 3853 2500 3920; x_wconf 72' lang='lat' dir='ltr'><strong>Spiritus</strong></span> <span class='ocrx_word' id='word_1_632' title='bbox 2553 3863 2790 3918; x_wconf 89' lang='lat' dir='ltr'><strong>sanctus,</strong></span> <span class='ocrx_word' id='word_1_633' title='bbox 2856 3856 2943 3920; x_wconf 86' lang='lat' dir='ltr'><strong>qui</strong></span> <span class='ocrx_word' id='word_1_634' title='bbox 2999 3858 3247 3906; x_wconf 82' lang='lat' dir='ltr'><strong>veraciter</strong></span> <span class='ocrx_word' id='word_1_635' title='bbox 3288 3858 3567 3926; x_wconf 53' lang='lat' dir='ltr'><strong>glori/irai,</strong></span> <span class='ocrx_word' id='word_1_636' title='bbox 3609 3866 3698 3930; x_wconf 42' lang='lat' dir='ltr'><strong>qui</strong></span> 
     </span>
    </p>
   </div>
   <div class='ocr_carea' id='block_1_84' title="bbox 2130 3941 3409 4010">
    <p class='ocr_par' dir='ltr' id='par_1_84' title="bbox 2130 3941 3409 4010">
     <span class='ocr_line' id='line_1_84' title="bbox 2130 3941 3409 4010; baseline 0.004 -16"><span class='ocrx_word' id='word_1_637' title='bbox 2130 3945 2278 3995; x_wconf 86' lang='lat' dir='ltr'><strong>docet</strong></span> <span class='ocrx_word' id='word_1_638' title='bbox 2335 3944 2527 4003; x_wconf 81' lang='lat' dir='ltr'><strong>omnia,</strong></span> <span class='ocrx_word' id='word_1_639' title='bbox 2585 3950 2673 4010; x_wconf 86' lang='lat' dir='ltr'><strong>qui</strong></span> <span class='ocrx_word' id='word_1_640' title='bbox 2728 3960 2758 3994; x_wconf 90' lang='lat' dir='ltr'><strong>a</strong></span> <span class='ocrx_word' id='word_1_641' title='bbox 2811 3941 2973 3994; x_wconf 81' lang='lat' dir='ltr'><strong>Patre</strong></span> <span class='ocrx_word' id='word_1_642' title='bbox 3022 3956 3069 3996; x_wconf 89' lang='lat' dir='ltr'><strong>et</strong></span> <span class='ocrx_word' id='word_1_643' title='bbox 3117 3943 3252 3996; x_wconf 74' lang='lat' dir='ltr'><strong>l&#39;ilio</strong></span> <span class='ocrx_word' id='word_1_644' title='bbox 3313 3958 3409 3999; x_wconf 85' lang='lat' dir='ltr'><strong>est.</strong></span> 
     </span>
    </p>
   </div>
   <div class='ocr_carea' id='block_1_85' title="bbox 2198 4035 3696 4104">
    <p class='ocr_par' dir='ltr' id='par_1_85' title="bbox 2198 4035 3696 4104">
     <span class='ocr_line' id='line_1_85' title="bbox 2198 4035 3696 4104; baseline 0.005 -17"><span class='ocrx_word' id='word_1_645' title='bbox 2198 4035 2264 4087; x_wconf 78' lang='lat' dir='ltr'><strong>Et</strong></span> <span class='ocrx_word' id='word_1_646' title='bbox 2313 4036 2580 4103; x_wconf 75' lang='lat' dir='ltr'><strong>aliquibus</strong></span> <span class='ocrx_word' id='word_1_647' title='bbox 2645 4036 2982 4102; x_wconf 83' lang='lat' dir='ltr'><strong>interpositis</strong></span> <span class='ocrx_word' id='word_1_648' title='bbox 3035 4056 3046 4087; x_wconf 59' lang='grc' dir='ltr'><em>ᾳ</em></span> <span class='ocrx_word' id='word_1_649' title='bbox 3092 4035 3277 4104; x_wconf 75' lang='lat' dir='ltr'><strong>Itaque</strong></span> <span class='ocrx_word' id='word_1_650' title='bbox 3319 4053 3364 4090; x_wconf 91' lang='lat' dir='ltr'><strong>et</strong></span> <span class='ocrx_word' id='word_1_651' title='bbox 3399 4039 3560 4093; x_wconf 87' lang='lat' dir='ltr'><strong>.Pater</strong></span> <span class='ocrx_word' id='word_1_652' title='bbox 3587 4057 3696 4095; x_wconf 77' lang='lat' dir='ltr'><strong>erat</strong></span> 
     </span>
    </p>
   </div>
   <div class='ocr_carea' id='block_1_86' title="bbox 2125 4123 3697 4195">
    <p class='ocr_par' dir='ltr' id='par_1_86' title="bbox 2125 4123 3697 4195">
     <span class='ocr_line' id='line_1_86' title="bbox 2125 4123 3697 4195; baseline 0.006 -18"><span class='ocrx_word' id='word_1_653' title='bbox 2125 4142 2345 4192; x_wconf 89' lang='lat' dir='ltr'><strong>semper,</strong></span> <span class='ocrx_word' id='word_1_654' title='bbox 2373 4137 2415 4178; x_wconf 88' lang='lat' dir='ltr'><strong>et</strong></span> <span class='ocrx_word' id='word_1_655' title='bbox 2475 4123 2643 4178; x_wconf 75' lang='lat' dir='ltr'><strong>Filius</strong></span> <span class='ocrx_word' id='word_1_656' title='bbox 2679 4139 2787 4178; x_wconf 86' lang='lat' dir='ltr'><strong>erat</strong></span> <span class='ocrx_word' id='word_1_657' title='bbox 2841 4143 3062 4195; x_wconf 86' lang='lat' dir='ltr'><strong>semper,</strong></span> <span class='ocrx_word' id='word_1_658' title='bbox 3103 4141 3147 4178; x_wconf 86' lang='lat' dir='ltr'><strong>et</strong></span> <span class='ocrx_word' id='word_1_659' title='bbox 3205 4127 3438 4195; x_wconf 75' lang='lat' dir='ltr'><strong>Spiritus</strong></span> <span class='ocrx_word' id='word_1_660' title='bbox 3483 4147 3697 4186; x_wconf 81' lang='lat' dir='ltr'><strong>sanctus</strong></span> 
     </span>
    </p>
   </div>
   <div class='ocr_carea' id='block_1_87' title="bbox 2127 4218 3695 4283">
    <p class='ocr_par' dir='ltr' id='par_1_87' title="bbox 2127 4218 3695 4283">
     <span class='ocr_line' id='line_1_87' title="bbox 2127 4218 3695 4283; baseline 0.003 -12"><span class='ocrx_word' id='word_1_661' title='bbox 2127 4236 2190 4271; x_wconf 79' lang='lat' dir='ltr'><strong>ea:</strong></span> <span class='ocrx_word' id='word_1_662' title='bbox 2237 4218 2394 4270; x_wconf 74' lang='lat' dir='ltr'><strong>Patre</strong></span> <span class='ocrx_word' id='word_1_663' title='bbox 2435 4220 2598 4283; x_wconf 79' lang='lat' dir='ltr'><strong>spirat</strong></span> <span class='ocrx_word' id='word_1_664' title='bbox 2648 4230 2691 4270; x_wconf 87' lang='lat' dir='ltr'><strong>el</strong></span> <span class='ocrx_word' id='word_1_665' title='bbox 2749 4218 2904 4270; x_wconf 69' lang='lat' dir='ltr'><strong>Filio.</strong></span> <span class='ocrx_word' id='word_1_666' title='bbox 2967 4218 3028 4269; x_wconf 82' lang='lat' dir='ltr'><strong>Et</strong></span> <span class='ocrx_word' id='word_1_667' title='bbox 3103 4235 3288 4272; x_wconf 81' lang='lat' dir='ltr'><strong>I&#39;ursUs</strong></span> <span class='ocrx_word' id='word_1_668' title='bbox 3348 4223 3397 4273; x_wconf 88' lang='lat' dir='ltr'><strong>iIt</strong></span> <span class='ocrx_word' id='word_1_669' title='bbox 3462 4229 3695 4276; x_wconf 67' lang='lat' dir='ltr'><strong>eodem:</strong></span> 
     </span>
    </p>
   </div>
   <div class='ocr_carea' id='block_1_88' title="bbox 2137 4309 3700 4375">
    <p class='ocr_par' dir='ltr' id='par_1_88' title="bbox 2137 4309 3700 4375">
     <span class='ocr_line' id='line_1_88' title="bbox 2137 4309 3700 4375; baseline 0.004 -14"><span class='ocrx_word' id='word_1_670' title='bbox 2137 4331 2153 4361; x_wconf 73' lang='grc' dir='ltr'><strong>ι</strong></span> <span class='ocrx_word' id='word_1_671' title='bbox 2218 4309 2407 4363; x_wconf 72' lang='grc' dir='ltr'>Ειιι.ιιε</span> <span class='ocrx_word' id='word_1_672' title='bbox 2440 4350 2454 4374; x_wconf 89' lang='grc'><em>,</em></span> <span class='ocrx_word' id='word_1_673' title='bbox 2511 4313 2582 4362; x_wconf 85' lang='lat' dir='ltr'><strong>ait</strong></span> <span class='ocrx_word' id='word_1_674' title='bbox 2636 4309 2844 4370; x_wconf 76' lang='lat' dir='ltr'><strong>David,</strong></span> <span class='ocrx_word' id='word_1_675' title='bbox 2899 4309 3065 4360; x_wconf 81' lang='lat' dir='ltr'><strong>lucem</strong></span> <span class='ocrx_word' id='word_1_676' title='bbox 3125 4319 3291 4375; x_wconf 72' lang='lat' dir='ltr'><strong>tuam,</strong></span> <span class='ocrx_word' id='word_1_677' title='bbox 3358 4325 3403 4364; x_wconf 90' lang='lat' dir='ltr'><strong>et</strong></span> <span class='ocrx_word' id='word_1_678' title='bbox 3435 4328 3700 4367; x_wconf 71' lang='lat' dir='ltr'><strong>t&#39;et&#39;tlttlcm</strong></span> 
     </span>
    </p>
   </div>
   <div class='ocr_carea' id='block_1_89' title="bbox 2131 4399 3442 4467">
    <p class='ocr_par' dir='ltr' id='par_1_89' title="bbox 2131 4399 3442 4467">
     <span class='ocr_line' id='line_1_89' title="bbox 2131 4399 3442 4467; baseline 0.001 -16"><span class='ocrx_word' id='word_1_679' title='bbox 2131 4412 2273 4453; x_wconf 88' lang='lat' dir='ltr'><strong>tuam</strong></span> <span class='ocrx_word' id='word_1_680' title='bbox 2336 4401 2400 4453; x_wconf 75' lang='grc'><strong>⁸³.</strong></span> <span class='ocrx_word' id='word_1_681' title='bbox 2473 4420 2488 4448; x_wconf 71' lang='grc' dir='ltr'><strong>ι</strong></span> <span class='ocrx_word' id='word_1_682' title='bbox 2548 4399 2665 4467; x_wconf 84' lang='lat' dir='ltr'><strong>Ipse</strong></span> <span class='ocrx_word' id='word_1_683' title='bbox 2701 4411 2769 4451; x_wconf 87' lang='lat' dir='ltr'><strong>est</strong></span> <span class='ocrx_word' id='word_1_684' title='bbox 2830 4400 3105 4461; x_wconf 81' lang='lat' dir='ltr'><strong>Dominus,</strong></span> <span class='ocrx_word' id='word_1_685' title='bbox 3172 4404 3258 4466; x_wconf 85' lang='lat' dir='ltr'><strong>qui</strong></span> <span class='ocrx_word' id='word_1_686' title='bbox 3317 4405 3442 4455; x_wconf 78' lang='lat' dir='ltr'><strong>dixit</strong></span> 
     </span>
    </p>
   </div>
   <div class='ocr_carea' id='block_1_90' title="bbox 3494 4408 3699 4456">
    <p class='ocr_par' dir='ltr' id='par_1_90' title="bbox 3494 4408 3699 4456">
     <span class='ocr_line' id='line_1_90' title="bbox 3494 4408 3699 4456; baseline 0.01 -2"><span class='ocrx_word' id='word_1_687' title='bbox 3494 4408 3699 4456; x_wconf 71' lang='lat' dir='ltr'><strong>:tln</strong></span> 
     </span>
    </p>
   </div>
   <div class='ocr_carea' id='block_1_91' title="bbox 452 4480 2214 4563">
    <p class='ocr_par' dir='ltr' id='par_1_91' title="bbox 452 4480 2214 4547">
     <span class='ocr_line' id='line_1_91' title="bbox 452 4480 2214 4547; baseline -0.006 -12"><span class='ocrx_word' id='word_1_688' title='bbox 452 4496 501 4535; x_wconf 88' lang='lat' dir='ltr'><strong>et</strong></span> <span class='ocrx_word' id='word_1_689' title='bbox 529 4483 759 4547; x_wconf 84' lang='lat' dir='ltr'><strong>Spiritus</strong></span> <span class='ocrx_word' id='word_1_690' title='bbox 790 4495 1001 4531; x_wconf 87' lang='lat' dir='ltr'><strong>rursum</strong></span> <span class='ocrx_word' id='word_1_691' title='bbox 1032 4495 1094 4530; x_wconf 74' lang='lat' dir='ltr'><strong>ea;</strong></span> <span class='ocrx_word' id='word_1_692' title='bbox 1126 4480 1235 4544; x_wconf 85' lang='lat' dir='ltr'><strong>ipso</strong></span> <span class='ocrx_word' id='word_1_693' title='bbox 1267 4481 1546 4544; x_wconf 86' lang='lat' dir='ltr'><strong>procedens</strong></span> <span class='ocrx_word' id='word_1_694' title='bbox 1568 4515 1595 4539; x_wconf 51' lang='grc' dir='ltr'><strong>ι</strong></span> <span class='ocrx_word' id='word_1_695' title='bbox 1624 4489 1670 4527; x_wconf 82' lang='lat' dir='ltr'><strong>et</strong></span> <span class='ocrx_word' id='word_1_696' title='bbox 1699 4485 1890 4527; x_wconf 77' lang='lat' dir='ltr'><strong>missus</strong></span> <span class='ocrx_word' id='word_1_697' title='bbox 1923 4492 2020 4525; x_wconf 91' lang='lat' dir='ltr'><strong>non</strong></span> <span class='ocrx_word' id='word_1_698' title='bbox 2061 4490 2101 4541; x_wconf 68' lang='grc' dir='ltr'><strong>ί)</strong></span> <span class='ocrx_word' id='word_1_699' title='bbox 2133 4512 2214 4547; x_wconf 65' lang='lat'><strong>&quot;0,</strong></span> 
     </span>
    </p>
   </div>
   <div class='ocr_carea' id='block_1_92' title="bbox 1939 4480 3701 4563">
    <p class='ocr_par' dir='ltr' id='par_1_92' title="bbox 1939 4481 3701 4563">
     <span class='ocr_line' id='line_1_92' title="bbox 1939 4481 3701 4563; baseline 0.005 -23"><span class='ocrx_word' id='word_1_700' title='bbox 1939 4492 2020 4525; x_wconf 76' lang='lat' dir='ltr'><strong>W&quot;</strong></span> <span class='ocrx_word' id='word_1_701' title='bbox 2061 4490 2101 4541; x_wconf 89' lang='lat' dir='ltr'><strong>D</strong></span> <span class='ocrx_word' id='word_1_702' title='bbox 2133 4481 2427 4547; x_wconf 76' lang='lat' dir='ltr'><strong>novissimis</strong></span> <span class='ocrx_word' id='word_1_703' title='bbox 2475 4492 2656 4544; x_wconf 76' lang='lat' dir='ltr'><strong>diebus</strong></span> <span class='ocrx_word' id='word_1_704' title='bbox 2703 4492 2965 4558; x_wconf 80' lang='lat' dir='ltr'><strong>eﬂundam</strong></span> <span class='ocrx_word' id='word_1_705' title='bbox 2998 4497 3059 4544; x_wconf 86' lang='lat' dir='ltr'><strong>de</strong></span> <span class='ocrx_word' id='word_1_706' title='bbox 3119 4493 3322 4558; x_wconf 84' lang='lat' dir='ltr'><strong>Spi.tta</strong></span> <span class='ocrx_word' id='word_1_707' title='bbox 3385 4513 3492 4547; x_wconf 83' lang='lat' dir='ltr'><strong>meo</strong></span> <span class='ocrx_word' id='word_1_708' title='bbox 3550 4511 3701 4563; x_wconf 72' lang='lat' dir='ltr'><strong>super</strong></span> 
     </span>
    </p>
   </div>
   <div class='ocr_carea' id='block_1_93' title="bbox 453 4567 2024 4634">
    <p class='ocr_par' dir='ltr' id='par_1_93' title="bbox 453 4567 2024 4634">
     <span class='ocr_line' id='line_1_93' title="bbox 453 4567 2024 4634; baseline -0.006 -8"><span class='ocrx_word' id='word_1_709' title='bbox 453 4579 628 4626; x_wconf 77' lang='lat' dir='ltr'><strong>solum</strong></span> <span class='ocrx_word' id='word_1_710' title='bbox 655 4589 686 4623; x_wconf 91' lang='lat' dir='ltr'><strong>a</strong></span> <span class='ocrx_word' id='word_1_711' title='bbox 724 4570 908 4634; x_wconf 85' lang='lat' dir='ltr'><strong>Patre,</strong></span> <span class='ocrx_word' id='word_1_712' title='bbox 961 4571 1051 4621; x_wconf 88' lang='lat' dir='ltr'><strong>sed</strong></span> <span class='ocrx_word' id='word_1_713' title='bbox 1090 4583 1248 4620; x_wconf 85' lang='lat' dir='ltr'><strong>etiam</strong></span> <span class='ocrx_word' id='word_1_714' title='bbox 1303 4586 1334 4619; x_wconf 88' lang='lat' dir='ltr'><strong>a</strong></span> <span class='ocrx_word' id='word_1_715' title='bbox 1371 4567 1536 4620; x_wconf 76' lang='lat' dir='ltr'><strong>Filio.</strong></span> <span class='ocrx_word' id='word_1_716' title='bbox 1577 4569 1639 4619; x_wconf 66' lang='lat' dir='ltr'><strong>l&#39;Lt</strong></span> <span class='ocrx_word' id='word_1_717' title='bbox 1684 4584 1796 4633; x_wconf 86' lang='lat' dir='ltr'><strong>pos.</strong></span> <span class='ocrx_word' id='word_1_718' title='bbox 1836 4584 2024 4634; x_wconf 49' lang='lat' dir='ltr'><strong>p‘uca:</strong></span> 
     </span>
    </p>
   </div>
   <div class='ocr_carea' id='block_1_94' title="bbox 456 4661 2031 4734">
    <p class='ocr_par' dir='ltr' id='par_1_94' title="bbox 456 4661 2031 4734">
     <span class='ocr_line' id='line_1_94' title="bbox 456 4661 2031 4734; baseline -0.005 -17"><span class='ocrx_word' id='word_1_719' title='bbox 456 4667 694 4734; x_wconf 80' lang='lat' dir='ltr'><strong>Apostoli</strong></span> <span class='ocrx_word' id='word_1_720' title='bbox 727 4666 863 4717; x_wconf 90' lang='lat' dir='ltr'><strong>enim</strong></span> <span class='ocrx_word' id='word_1_721' title='bbox 900 4668 1260 4729; x_wconf 78' lang='lat' dir='ltr'><strong>deprecantes,</strong></span> <span class='ocrx_word' id='word_1_722' title='bbox 1289 4673 1338 4714; x_wconf 86' lang='lat' dir='ltr'><strong>et</strong></span> <span class='ocrx_word' id='word_1_723' title='bbox 1369 4672 1423 4711; x_wconf 90' lang='lat' dir='ltr'><strong>ut</strong></span> <span class='ocrx_word' id='word_1_724' title='bbox 1473 4661 1692 4712; x_wconf 87' lang='lat' dir='ltr'><strong>Domino</strong></span> <span class='ocrx_word' id='word_1_725' title='bbox 1736 4661 2031 4724; x_wconf 83' lang='lat' dir='ltr'><strong>supplican-</strong></span> 
     </span>
    </p>
   </div>
   <div class='ocr_carea' id='block_1_95' title="bbox 455 4751 2031 4824">
    <p class='ocr_par' dir='ltr' id='par_1_95' title="bbox 455 4751 2031 4824">
     <span class='ocr_line' id='line_1_95' title="bbox 455 4751 2031 4824; baseline -0.008 -11"><span class='ocrx_word' id='word_1_726' title='bbox 455 4773 556 4823; x_wconf 81' lang='lat' dir='ltr'><strong>tes,</strong></span> <span class='ocrx_word' id='word_1_727' title='bbox 589 4762 667 4810; x_wconf 78' lang='lat' dir='ltr'><strong>lus</strong></span> <span class='ocrx_word' id='word_1_728' title='bbox 716 4759 804 4824; x_wconf 88' lang='lat' dir='ltr'><strong>qui</strong></span> <span class='ocrx_word' id='word_1_729' title='bbox 828 4756 971 4808; x_wconf 88' lang='lat' dir='ltr'><strong>illius</strong></span> <span class='ocrx_word' id='word_1_730' title='bbox 1024 4757 1246 4807; x_wconf 79' lang='lat' dir='ltr'><strong>aduentu</strong></span> <span class='ocrx_word' id='word_1_731' title='bbox 1308 4755 1451 4821; x_wconf 86' lang='lat' dir='ltr'><strong>digni</strong></span> <span class='ocrx_word' id='word_1_732' title='bbox 1514 4765 1722 4810; x_wconf 65' lang='lat' dir='ltr'><strong>essent.</strong></span> <span class='ocrx_word' id='word_1_733' title='bbox 1776 4751 2031 4816; x_wconf 69' lang='lat' dir='ltr'><strong>Sintum</strong></span> 
     </span>
    </p>
   </div>
   <div class='ocr_carea' id='block_1_96' title="bbox 459 4844 2033 4910">
    <p class='ocr_par' dir='ltr' id='par_1_96' title="bbox 459 4844 2033 4910">
     <span class='ocr_line' id='line_1_96' title="bbox 459 4844 2033 4910; baseline -0.005 -9"><span class='ocrx_word' id='word_1_734' title='bbox 459 4859 742 4910; x_wconf 87' lang='lat' dir='ltr'><strong>sanctum,</strong></span> <span class='ocrx_word' id='word_1_735' title='bbox 805 4859 857 4897; x_wconf 89' lang='lat' dir='ltr'><strong>ut</strong></span> <span class='ocrx_word' id='word_1_736' title='bbox 903 4849 978 4896; x_wconf 89' lang='lat' dir='ltr'><strong>ita</strong></span> <span class='ocrx_word' id='word_1_737' title='bbox 1024 4844 1288 4907; x_wconf 71' lang='lat' dir='ltr'><strong>dixerim,</strong></span> <span class='ocrx_word' id='word_1_738' title='bbox 1344 4844 1668 4896; x_wconf 73' lang='lat' dir='ltr'><strong>extrinseCus</strong></span> <span class='ocrx_word' id='word_1_739' title='bbox 1723 4845 2033 4907; x_wconf 74' lang='lat' dir='ltr'><strong>iulerebant.</strong></span> 
     </span>
    </p>
   </div>
   <div class='ocr_carea' id='block_1_97' title="bbox 459 4937 2030 5004">
    <p class='ocr_par' dir='ltr' id='par_1_97' title="bbox 459 4937 2030 5004">
     <span class='ocr_line' id='line_1_97' title="bbox 459 4937 2030 5004; baseline -0.007 -7"><span class='ocrx_word' id='word_1_740' title='bbox 459 4944 709 4998; x_wconf 81' lang='lat' dir='ltr'><strong>Saluator</strong></span> <span class='ocrx_word' id='word_1_741' title='bbox 744 4953 920 4992; x_wconf 84' lang='lat' dir='ltr'><strong>autem</strong></span> <span class='ocrx_word' id='word_1_742' title='bbox 949 4949 1146 5001; x_wconf 84' lang='lat' dir='ltr'><strong>uoster,</strong></span> <span class='ocrx_word' id='word_1_743' title='bbox 1185 4952 1247 4989; x_wconf 82' lang='lat' dir='ltr'><strong>ea:</strong></span> <span class='ocrx_word' id='word_1_744' title='bbox 1263 4939 1453 5004; x_wconf 82' lang='lat' dir='ltr'><strong>seipso,</strong></span> <span class='ocrx_word' id='word_1_745' title='bbox 1494 4937 1648 4989; x_wconf 81' lang='lat' dir='ltr'><strong>velati</strong></span> <span class='ocrx_word' id='word_1_746' title='bbox 1702 4951 1765 4988; x_wconf 78' lang='lat' dir='ltr'><strong>ea:</strong></span> <span class='ocrx_word' id='word_1_747' title='bbox 1791 4941 2030 4987; x_wconf 69' lang='grc' dir='ltr'><strong>ιίωοαανυ</strong></span> 
     </span>
    </p>
   </div>
   <div class='ocr_carea' id='block_1_98' title="bbox 457 5028 2031 5104">
    <p class='ocr_par' dir='ltr' id='par_1_98' title="bbox 457 5028 2031 5104">
     <span class='ocr_line' id='line_1_98' title="bbox 457 5028 2031 5104; baseline -0.004 -20"><span class='ocrx_word' id='word_1_748' title='bbox 457 5039 715 5104; x_wconf 81' lang='lat' dir='ltr'><strong>quodam,</strong></span> <span class='ocrx_word' id='word_1_749' title='bbox 740 5033 844 5093; x_wconf 88' lang='lat' dir='ltr'><strong>Itis,</strong></span> <span class='ocrx_word' id='word_1_750' title='bbox 886 5035 972 5098; x_wconf 85' lang='lat' dir='ltr'><strong>qui</strong></span> <span class='ocrx_word' id='word_1_751' title='bbox 1006 5044 1098 5094; x_wconf 86' lang='lat' dir='ltr'><strong>per</strong></span> <span class='ocrx_word' id='word_1_752' title='bbox 1155 5030 1272 5080; x_wconf 76' lang='lat' dir='ltr'><strong>tita:</strong></span> <span class='ocrx_word' id='word_1_753' title='bbox 1325 5032 1640 5080; x_wconf 82' lang='lat' dir='ltr'><strong>munditiam</strong></span> <span class='ocrx_word' id='word_1_754' title='bbox 1671 5028 1842 5079; x_wconf 87' lang='lat' dir='ltr'><strong>idonei</strong></span> <span class='ocrx_word' id='word_1_755' title='bbox 1868 5039 1914 5079; x_wconf 86' lang='lat' dir='ltr'><strong>et</strong></span> <span class='ocrx_word' id='word_1_756' title='bbox 1949 5029 2031 5078; x_wconf 83' lang='lat' dir='ltr'><strong>di-</strong></span> 
     </span>
    </p>
   </div>
   <div class='ocr_carea' id='block_1_99' title="bbox 459 5121 2025 5198">
    <p class='ocr_par' dir='ltr' id='par_1_99' title="bbox 459 5121 2025 5198">
     <span class='ocr_line' id='line_1_99' title="bbox 459 5121 2025 5198; baseline -0.003 -21"><span class='ocrx_word' id='word_1_757' title='bbox 459 5130 547 5198; x_wconf 82' lang='lat' dir='ltr'><strong>gni</strong></span> <span class='ocrx_word' id='word_1_758' title='bbox 601 5136 769 5188; x_wconf 90' lang='lat' dir='ltr'><strong>erant,</strong></span> <span class='ocrx_word' id='word_1_759' title='bbox 799 5125 950 5176; x_wconf 59' lang='lat' dir='ltr'><strong>iitum</strong></span> <span class='ocrx_word' id='word_1_760' title='bbox 999 5123 1284 5190; x_wconf 74' lang='lat' dir='ltr'><strong>prwbebat.</strong></span> <span class='ocrx_word' id='word_1_761' title='bbox 1343 5121 1488 5175; x_wconf 90' lang='lat' dir='ltr'><strong>Idem</strong></span> <span class='ocrx_word' id='word_1_762' title='bbox 1543 5125 1592 5174; x_wconf 86' lang='lat' dir='ltr'><strong>in</strong></span> <span class='ocrx_word' id='word_1_763' title='bbox 1629 5128 1814 5175; x_wconf 86' lang='lat' dir='ltr'><strong>eodem</strong></span> <span class='ocrx_word' id='word_1_764' title='bbox 1849 5124 2025 5173; x_wconf 76' lang='lat' dir='ltr'><strong>libro:</strong></span> 
     </span>
    </p>
   </div>
   <div class='ocr_carea' id='block_1_100' title="bbox 460 5214 2026 5287">
    <p class='ocr_par' dir='ltr' id='par_1_100' title="bbox 460 5214 2026 5287">
     <span class='ocr_line' id='line_1_100' title="bbox 460 5214 2026 5287; baseline -0.005 -14"><span class='ocrx_word' id='word_1_765' title='bbox 460 5221 693 5287; x_wconf 78' lang='lat' dir='ltr'><strong>Spiritus</strong></span> <span class='ocrx_word' id='word_1_766' title='bbox 717 5232 953 5281; x_wconf 89' lang='lat' dir='ltr'><strong>sanc.us,</strong></span> <span class='ocrx_word' id='word_1_767' title='bbox 988 5219 1183 5283; x_wconf 83' lang='lat' dir='ltr'><strong>inquit,</strong></span> <span class='ocrx_word' id='word_1_768' title='bbox 1210 5217 1429 5281; x_wconf 89' lang='lat' dir='ltr'><strong>spiritus</strong></span> <span class='ocrx_word' id='word_1_769' title='bbox 1452 5217 1555 5266; x_wconf 81' lang='lat' dir='ltr'><strong>Oris</strong></span> <span class='ocrx_word' id='word_1_770' title='bbox 1581 5214 1676 5266; x_wconf 85' lang='lat' dir='ltr'><strong>Dei</strong></span> <span class='ocrx_word' id='word_1_771' title='bbox 1709 5217 2026 5282; x_wconf 79' lang='lat' dir='ltr'><strong>appellatur.</strong></span> 
     </span>
    </p>
   </div>
   <div class='ocr_carea' id='block_1_101' title="bbox 464 5306 2029 5372">
    <p class='ocr_par' dir='ltr' id='par_1_101' title="bbox 464 5306 2029 5372">
     <span class='ocr_line' id='line_1_101' title="bbox 464 5306 2029 5372; baseline -0.006 -8"><span class='ocrx_word' id='word_1_772' title='bbox 464 5312 536 5364; x_wconf 86' lang='lat' dir='ltr'><strong>0s</strong></span> <span class='ocrx_word' id='word_1_773' title='bbox 560 5311 694 5363; x_wconf 87' lang='lat' dir='ltr'><strong>enim</strong></span> <span class='ocrx_word' id='word_1_774' title='bbox 735 5309 947 5371; x_wconf 83' lang='lat' dir='ltr'><strong>Patris,</strong></span> <span class='ocrx_word' id='word_1_775' title='bbox 998 5306 1188 5359; x_wconf 80' lang='lat' dir='ltr'><strong>Filias.</strong></span> <span class='ocrx_word' id='word_1_776' title='bbox 1236 5309 1448 5358; x_wconf 64' lang='lat' dir='ltr'><strong>Rursus</strong></span> <span class='ocrx_word' id='word_1_777' title='bbox 1501 5307 1552 5358; x_wconf 88' lang='lat' dir='ltr'><strong>in</strong></span> <span class='ocrx_word' id='word_1_778' title='bbox 1589 5310 1778 5358; x_wconf 73' lang='lat' dir='ltr'><strong>eodem</strong></span> <span class='ocrx_word' id='word_1_779' title='bbox 1814 5325 1825 5358; x_wconf 87' lang='lat'><strong>:</strong></span> <span class='ocrx_word' id='word_1_780' title='bbox 1862 5306 2029 5372; x_wconf 73' lang='lat' dir='ltr'><strong>Spiri-</strong></span> 
     </span>
    </p>
   </div>
   <div class='ocr_carea' id='block_1_102' title="bbox 461 5395 2038 5465">
    <p class='ocr_par' dir='ltr' id='par_1_102' title="bbox 461 5395 2038 5465">
     <span class='ocr_line' id='line_1_102' title="bbox 461 5395 2038 5465; baseline -0.005 -10"><span class='ocrx_word' id='word_1_781' title='bbox 461 5413 547 5456; x_wconf 88' lang='lat' dir='ltr'><strong>tus</strong></span> <span class='ocrx_word' id='word_1_782' title='bbox 598 5411 810 5452; x_wconf 84' lang='lat' dir='ltr'><strong>sanctus</strong></span> <span class='ocrx_word' id='word_1_783' title='bbox 861 5400 1093 5451; x_wconf 77' lang='lat' dir='ltr'><strong>veritatis</strong></span> <span class='ocrx_word' id='word_1_784' title='bbox 1127 5405 1200 5450; x_wconf 91' lang='lat' dir='ltr'><strong>est</strong></span> <span class='ocrx_word' id='word_1_785' title='bbox 1231 5399 1452 5464; x_wconf 88' lang='lat' dir='ltr'><strong>spiritus</strong></span> <span class='ocrx_word' id='word_1_786' title='bbox 1480 5412 1493 5448; x_wconf 89' lang='lat'>:</span> <span class='ocrx_word' id='word_1_787' title='bbox 1536 5396 1617 5448; x_wconf 87' lang='lat' dir='ltr'><strong>hic</strong></span> <span class='ocrx_word' id='word_1_788' title='bbox 1661 5413 1691 5448; x_wconf 92' lang='lat' dir='ltr'><strong>a</strong></span> <span class='ocrx_word' id='word_1_789' title='bbox 1723 5395 1888 5449; x_wconf 84' lang='lat' dir='ltr'><strong>Patre</strong></span> <span class='ocrx_word' id='word_1_790' title='bbox 1918 5400 2038 5465; x_wconf 85' lang='lat' dir='ltr'><strong>qui-</strong></span> 
     </span>
    </p>
   </div>
   <div class='ocr_carea' id='block_1_103' title="bbox 460 5487 1542 5559">
    <p class='ocr_par' dir='ltr' id='par_1_103' title="bbox 460 5487 1542 5559">
     <span class='ocr_line' id='line_1_103' title="bbox 460 5487 1542 5559; baseline -0.006 -11"><span class='ocrx_word' id='word_1_791' title='bbox 460 5498 577 5548; x_wconf 85' lang='lat' dir='ltr'><strong>dem</strong></span> <span class='ocrx_word' id='word_1_792' title='bbox 599 5495 854 5559; x_wconf 79' lang='lat' dir='ltr'><strong>procedit,</strong></span> <span class='ocrx_word' id='word_1_793' title='bbox 882 5491 1075 5559; x_wconf 86' lang='lat' dir='ltr'><strong>accipit</strong></span> <span class='ocrx_word' id='word_1_794' title='bbox 1104 5500 1280 5542; x_wconf 86' lang='lat' dir='ltr'><strong>autem</strong></span> <span class='ocrx_word' id='word_1_795' title='bbox 1319 5506 1350 5541; x_wconf 90' lang='lat' dir='ltr'><strong>a</strong></span> <span class='ocrx_word' id='word_1_796' title='bbox 1378 5487 1542 5542; x_wconf 76' lang='lat' dir='ltr'><strong>Filio.</strong></span> 
     </span>
    </p>
   </div>
   <div class='ocr_carea' id='block_1_104' title="bbox 534 5573 2034 5654">
    <p class='ocr_par' dir='ltr' id='par_1_104' title="bbox 534 5573 2034 5654">
     <span class='ocr_line' id='line_1_104' title="bbox 534 5573 2034 5654; baseline -0.002 -16"><span class='ocrx_word' id='word_1_797' title='bbox 534 5585 759 5654; x_wconf 69' lang='lat' dir='ltr'><strong>Magnus</strong></span> <span class='ocrx_word' id='word_1_798' title='bbox 815 5587 940 5636; x_wconf 86' lang='lat' dir='ltr'><strong>item</strong></span> <span class='ocrx_word' id='word_1_799' title='bbox 983 5584 1336 5646; x_wconf 76' lang='lat' dir='ltr'><strong>Athanasius,</strong></span> <span class='ocrx_word' id='word_1_800' title='bbox 1403 5585 1455 5634; x_wconf 90' lang='lat' dir='ltr'><strong>in</strong></span> <span class='ocrx_word' id='word_1_801' title='bbox 1499 5573 1724 5652; x_wconf 88' lang='lat' dir='ltr'><strong>epistola</strong></span> <span class='ocrx_word' id='word_1_802' title='bbox 1770 5582 1836 5636; x_wconf 83' lang='lat' dir='ltr'><strong>ad</strong></span> <span class='ocrx_word' id='word_1_803' title='bbox 1870 5582 2034 5636; x_wconf 84' lang='lat' dir='ltr'><strong>Sera-</strong></span> 
     </span>
    </p>
   </div>
   <div class='ocr_carea' id='block_1_105' title="bbox 571 5774 1627 5843">
    <p class='ocr_par' dir='ltr' id='par_1_105' title="bbox 571 5774 1627 5843">
     <span class='ocr_line' id='line_1_105' title="bbox 571 5774 1627 5843; baseline 0.002 -14"><span class='ocrx_word' id='word_1_804' title='bbox 571 5774 614 5805; x_wconf 86' lang='grc'><strong>⁶¹</strong></span> <span class='ocrx_word' id='word_1_805' title='bbox 646 5776 787 5829; x_wconf 68' lang='lat' dir='ltr'><strong>Psal.</strong></span> <span class='ocrx_word' id='word_1_806' title='bbox 821 5793 982 5840; x_wconf 76' lang='lat' dir='ltr'><strong>sun,</strong></span> <span class='ocrx_word' id='word_1_807' title='bbox 1026 5778 1078 5832; x_wconf 76' lang='lat' dir='ltr'><strong>li.</strong></span> <span class='ocrx_word' id='word_1_808' title='bbox 1156 5779 1198 5809; x_wconf 84' lang='lat'>“</span> <span class='ocrx_word' id='word_1_809' title='bbox 1235 5777 1393 5832; x_wconf 81' lang='lat' dir='ltr'><strong>Rom.</strong></span> <span class='ocrx_word' id='word_1_810' title='bbox 1427 5792 1506 5843; x_wconf 67' lang='lat' dir='ltr'><strong>ts,</strong></span> <span class='ocrx_word' id='word_1_811' title='bbox 1537 5775 1627 5831; x_wconf 75' lang='lat'><strong>20.</strong></span> 
     </span>
    </p>
   </div>
   <div class='ocr_carea' id='block_1_106' title="bbox 1729 5771 2201 5842">
    <p class='ocr_par' dir='ltr' id='par_1_106' title="bbox 1729 5771 2201 5842">
     <span class='ocr_line' id='line_1_106' title="bbox 1729 5771 2201 5842; baseline -0.004 -12"><span class='ocrx_word' id='word_1_812' title='bbox 1729 5775 1771 5807; x_wconf 79' lang='lat'>”</span> <span class='ocrx_word' id='word_1_813' title='bbox 1808 5771 1951 5830; x_wconf 81' lang='lat' dir='ltr'><strong>Psal.</strong></span> <span class='ocrx_word' id='word_1_814' title='bbox 1988 5793 2114 5842; x_wconf 69' lang='lat' dir='ltr'><strong>tut,</strong></span> <span class='ocrx_word' id='word_1_815' title='bbox 2152 5779 2201 5832; x_wconf 76' lang='lat'><strong>5.</strong></span> 
     </span>
    </p>
   </div>
   <div class='ocr_carea' id='block_1_107' title="bbox 2129 4586 3701 4651">
    <p class='ocr_par' dir='ltr' id='par_1_107' title="bbox 2129 4586 3701 4651">
     <span class='ocr_line' id='line_1_107' title="bbox 2129 4586 3701 4651; baseline 0.003 -14"><span class='ocrx_word' id='word_1_816' title='bbox 2129 4600 2330 4637; x_wconf 76' lang='lat' dir='ltr'><strong>omnem</strong></span> <span class='ocrx_word' id='word_1_817' title='bbox 2388 4600 2616 4646; x_wconf 87' lang='lat' dir='ltr'><strong>carnem,</strong></span> <span class='ocrx_word' id='word_1_818' title='bbox 2693 4597 2736 4634; x_wconf 77' lang='lat' dir='ltr'><strong>et</strong></span> <span class='ocrx_word' id='word_1_819' title='bbox 2807 4587 3192 4651; x_wconf 75' lang='lat' dir='ltr'><strong>prop/tetabunt</strong></span> <span class='ocrx_word' id='word_1_820' title='bbox 3251 4586 3349 4650; x_wconf 62' lang='lat' dir='ltr'><strong>[alii</strong></span> <span class='ocrx_word' id='word_1_821' title='bbox 3414 4606 3701 4651; x_wconf 75' lang='lat' dir='ltr'><strong>corum,ct</strong></span> 
     </span>
    </p>
   </div>
   <div class='ocr_carea' id='block_1_108' title="bbox 2120 4677 3177 4742">
    <p class='ocr_par' dir='ltr' id='par_1_108' title="bbox 2120 4677 3177 4742">
     <span class='ocr_line' id='line_1_108' title="bbox 2120 4677 3177 4742; baseline 0 -16"><span class='ocrx_word' id='word_1_822' title='bbox 2120 4677 2336 4742; x_wconf 81' lang='lat' dir='ltr'><strong>jurenes</strong></span> <span class='ocrx_word' id='word_1_823' title='bbox 2366 4691 2544 4726; x_wconf 90' lang='lat' dir='ltr'><strong>eorum</strong></span> <span class='ocrx_word' id='word_1_824' title='bbox 2577 4677 2794 4727; x_wconf 73' lang='lat' dir='ltr'><strong>uisiones</strong></span> <span class='ocrx_word' id='word_1_825' title='bbox 2838 4678 3077 4727; x_wconf 83' lang='lat' dir='ltr'><strong>videbunt</strong></span> <span class='ocrx_word' id='word_1_826' title='bbox 3113 4680 3177 4730; x_wconf 66' lang='grc' dir='ltr'><strong>δδ.</strong></span> 
     </span>
    </p>
   </div>
   <div class='ocr_carea' id='block_1_109' title="bbox 2203 4762 3702 4842">
    <p class='ocr_par' dir='ltr' id='par_1_109' title="bbox 2203 4762 3702 4842">
     <span class='ocr_line' id='line_1_109' title="bbox 2203 4762 3702 4842; baseline 0.005 -24"><span class='ocrx_word' id='word_1_827' title='bbox 2203 4767 2268 4818; x_wconf 87' lang='grc' dir='ltr'>Ει</span> <span class='ocrx_word' id='word_1_828' title='bbox 2313 4783 2372 4817; x_wconf 85' lang='lat' dir='ltr'><strong>ea</strong></span> <span class='ocrx_word' id='word_1_829' title='bbox 2419 4766 2655 4832; x_wconf 73' lang='lat' dir='ltr'><strong>quidem,</strong></span> <span class='ocrx_word' id='word_1_830' title='bbox 2707 4762 2825 4833; x_wconf 72' lang='lat' dir='ltr'><strong>q&#39;nai</strong></span> <span class='ocrx_word' id='word_1_831' title='bbox 2871 4784 2897 4817; x_wconf 90' lang='lat' dir='ltr'><strong>a</strong></span> <span class='ocrx_word' id='word_1_832' title='bbox 2935 4775 3133 4822; x_wconf 85' lang='lat' dir='ltr'><strong>sanctis</strong></span> <span class='ocrx_word' id='word_1_833' title='bbox 3191 4772 3442 4822; x_wconf 85' lang='lat' dir='ltr'><strong>dicuntur</strong></span> <span class='ocrx_word' id='word_1_834' title='bbox 3516 4775 3702 4842; x_wconf 70' lang='lat' dir='ltr'><strong>hujus-</strong></span> 
     </span>
    </p>
   </div>
   <div class='ocr_carea' id='block_1_110' title="bbox 2135 4861 3700 4930">
    <p class='ocr_par' dir='ltr' id='par_1_110' title="bbox 2135 4861 3700 4930">
     <span class='ocr_line' id='line_1_110' title="bbox 2135 4861 3700 4930; baseline 0.004 -20"><span class='ocrx_word' id='word_1_835' title='bbox 2135 4861 2295 4921; x_wconf 89' lang='lat' dir='ltr'><strong>modi,</strong></span> <span class='ocrx_word' id='word_1_836' title='bbox 2346 4861 2416 4910; x_wconf 85' lang='lat' dir='ltr'><strong>ita</strong></span> <span class='ocrx_word' id='word_1_837' title='bbox 2454 4871 2636 4926; x_wconf 82' lang='lat' dir='ltr'><strong>aperta</strong></span> <span class='ocrx_word' id='word_1_838' title='bbox 2685 4871 2807 4912; x_wconf 83' lang='lat' dir='ltr'><strong>sunt</strong></span> <span class='ocrx_word' id='word_1_839' title='bbox 2854 4876 3021 4927; x_wconf 88' lang='lat' dir='ltr'><strong>pauca</strong></span> <span class='ocrx_word' id='word_1_840' title='bbox 3071 4878 3131 4915; x_wconf 78' lang='lat' dir='ltr'><strong>ex</strong></span> <span class='ocrx_word' id='word_1_841' title='bbox 3170 4865 3413 4930; x_wconf 82' lang='lat' dir='ltr'><strong>pluribus</strong></span> <span class='ocrx_word' id='word_1_842' title='bbox 3455 4868 3700 4922; x_wconf 74' lang='lat' dir='ltr'><strong>collecta.</strong></span> 
     </span>
    </p>
   </div>
   <div class='ocr_carea' id='block_1_111' title="bbox 2136 4950 3702 5022">
    <p class='ocr_par' dir='ltr' id='par_1_111' title="bbox 2136 4950 3702 5022">
     <span class='ocr_line' id='line_1_111' title="bbox 2136 4950 3702 5022; baseline 0.006 -20"><span class='ocrx_word' id='word_1_843' title='bbox 2136 4950 2401 5016; x_wconf 85' lang='lat' dir='ltr'><strong>Quoniam</strong></span> <span class='ocrx_word' id='word_1_844' title='bbox 2453 4954 2612 5019; x_wconf 68' lang='lat' dir='ltr'><strong>igitur</strong></span> <span class='ocrx_word' id='word_1_845' title='bbox 2660 4969 2879 5020; x_wconf 78' lang='lat' dir='ltr'><strong>magnus</strong></span> <span class='ocrx_word' id='word_1_846' title='bbox 2931 4954 3191 5018; x_wconf 68' lang='lat' dir='ltr'><strong>BIS‘IiUD,</strong></span> <span class='ocrx_word' id='word_1_847' title='bbox 3247 4957 3296 5007; x_wconf 89' lang='lat' dir='ltr'><strong>in</strong></span> <span class='ocrx_word' id='word_1_848' title='bbox 3348 4960 3574 5022; x_wconf 60' lang='lat' dir='ltr'><strong>cpistola</strong></span> <span class='ocrx_word' id='word_1_849' title='bbox 3638 4968 3702 5012; x_wconf 83' lang='lat' dir='ltr'><strong>al</strong></span> 
     </span>
    </p>
   </div>
   <div class='ocr_carea' id='block_1_112' title="bbox 2138 5043 3703 5107">
    <p class='ocr_par' dir='ltr' id='par_1_112' title="bbox 2138 5043 3703 5107">
     <span class='ocr_line' id='line_1_112' title="bbox 2138 5043 3703 5107; baseline 0.005 -13"><span class='ocrx_word' id='word_1_850' title='bbox 2138 5044 2447 5095; x_wconf 66' lang='lat' dir='ltr'><strong>Terentium</strong></span> <span class='ocrx_word' id='word_1_851' title='bbox 2502 5045 2788 5106; x_wconf 87' lang='lat' dir='ltr'><strong>comitem,</strong></span> <span class='ocrx_word' id='word_1_852' title='bbox 2824 5043 2900 5094; x_wconf 85' lang='lat' dir='ltr'><strong>ait</strong></span> <span class='ocrx_word' id='word_1_853' title='bbox 2941 5062 2953 5096; x_wconf 92' lang='lat'><strong>:</strong></span> <span class='ocrx_word' id='word_1_854' title='bbox 3001 5046 3172 5107; x_wconf 78' lang='lat' dir='ltr'><strong>Quam</strong></span> <span class='ocrx_word' id='word_1_855' title='bbox 3237 5051 3490 5099; x_wconf 86' lang='lat' dir='ltr'><strong>rationem</strong></span> <span class='ocrx_word' id='word_1_856' title='bbox 3553 5053 3703 5102; x_wconf 88' lang='lat' dir='ltr'><strong>habet</strong></span> 
     </span>
    </p>
   </div>
   <div class='ocr_carea' id='block_1_113' title="bbox 2135 5130 3703 5207">
    <p class='ocr_par' dir='ltr' id='par_1_113' title="bbox 2135 5130 3703 5195">
     <span class='ocr_line' id='line_1_113' title="bbox 2135 5130 3703 5195; baseline 0.006 -15"><span class='ocrx_word' id='word_1_857' title='bbox 2135 5144 2402 5180; x_wconf 85' lang='lat' dir='ltr'><strong>commune</strong></span> <span class='ocrx_word' id='word_1_858' title='bbox 2441 5130 2508 5178; x_wconf 86' lang='lat' dir='ltr'><strong>ad</strong></span> <span class='ocrx_word' id='word_1_859' title='bbox 2549 5144 2838 5195; x_wconf 63' lang='lat' dir='ltr'><strong>propnum,</strong></span> <span class='ocrx_word' id='word_1_860' title='bbox 2868 5130 2999 5183; x_wconf 88' lang='lat' dir='ltr'><strong>hanc</strong></span> <span class='ocrx_word' id='word_1_861' title='bbox 3040 5134 3186 5182; x_wconf 88' lang='lat' dir='ltr'><strong>habet</strong></span> <span class='ocrx_word' id='word_1_862' title='bbox 3229 5138 3451 5186; x_wconf 75' lang='lat' dir='ltr'><strong>essentia</strong></span> <span class='ocrx_word' id='word_1_863' title='bbox 3484 5142 3550 5187; x_wconf 79' lang='lat' dir='ltr'><strong>ad</strong></span> <span class='ocrx_word' id='word_1_864' title='bbox 3580 5141 3703 5189; x_wconf 80' lang='lat' dir='ltr'><strong>sult-</strong></span> 
     </span>
    </p>
   </div>
   <div class='ocr_carea' id='block_1_114' title="bbox 2139 5218 3704 5296">
    <p class='ocr_par' dir='ltr' id='par_1_114' title="bbox 2139 5218 3704 5296">
     <span class='ocr_line' id='line_1_114' title="bbox 2139 5218 3704 5296; baseline 0.006 -25"><span class='ocrx_word' id='word_1_865' title='bbox 2139 5220 2407 5271; x_wconf 81' lang='lat' dir='ltr'><strong>stantiam.</strong></span> <span class='ocrx_word' id='word_1_866' title='bbox 2453 5218 2516 5270; x_wconf 75' lang='grc' dir='ltr'>Ει</span> <span class='ocrx_word' id='word_1_867' title='bbox 2557 5222 2696 5272; x_wconf 81' lang='lat' dir='ltr'><strong>idem</strong></span> <span class='ocrx_word' id='word_1_868' title='bbox 2729 5236 2912 5274; x_wconf 89' lang='lat' dir='ltr'><strong>rursus</strong></span> <span class='ocrx_word' id='word_1_869' title='bbox 2946 5224 2998 5274; x_wconf 86' lang='lat' dir='ltr'><strong>in</strong></span> <span class='ocrx_word' id='word_1_870' title='bbox 3040 5227 3259 5290; x_wconf 81' lang='lat' dir='ltr'><strong>epistola</strong></span> <span class='ocrx_word' id='word_1_871' title='bbox 3287 5229 3350 5278; x_wconf 83' lang='lat' dir='ltr'><strong>ad</strong></span> <span class='ocrx_word' id='word_1_872' title='bbox 3383 5227 3704 5296; x_wconf 71' lang='lat' dir='ltr'><strong>Gregorium</strong></span> 
     </span>
    </p>
   </div>
   <div class='ocr_carea' id='block_1_115' title="bbox 2143 5309 3704 5386">
    <p class='ocr_par' dir='ltr' id='par_1_115' title="bbox 2143 5309 3704 5386">
     <span class='ocr_line' id='line_1_115' title="bbox 2143 5309 3704 5386; baseline 0.009 -26"><span class='ocrx_word' id='word_1_873' title='bbox 2143 5309 2458 5364; x_wconf 77' lang='lat' dir='ltr'><strong>fratrent&#39;de</strong></span> <span class='ocrx_word' id='word_1_874' title='bbox 2505 5311 2801 5365; x_wconf 84' lang='lat' dir='ltr'><strong>diﬂerentia</strong></span> <span class='ocrx_word' id='word_1_875' title='bbox 2857 5324 3110 5368; x_wconf 70' lang='lat' dir='ltr'><strong>€830”th</strong></span> <span class='ocrx_word' id='word_1_876' title='bbox 3165 5329 3322 5386; x_wconf 81' lang='lat' dir='ltr'><strong>atque</strong></span> <span class='ocrx_word' id='word_1_877' title='bbox 3365 5324 3704 5386; x_wconf 73' lang='lat' dir='ltr'><strong>substantiae,</strong></span> 
     </span>
    </p>
   </div>
   <div class='ocr_carea' id='block_1_116' title="bbox 2136 5384 3704 5474">
    <p class='ocr_par' dir='ltr' id='par_1_116' title="bbox 2136 5401 3704 5474">
     <span class='ocr_line' id='line_1_116' title="bbox 2136 5401 3704 5474; baseline 0.008 -19"><span class='ocrx_word' id='word_1_878' title='bbox 2136 5401 2311 5470; x_wconf 78' lang='lat' dir='ltr'><strong>inquit</strong></span> <span class='ocrx_word' id='word_1_879' title='bbox 2353 5419 2365 5454; x_wconf 91' lang='lat'>:</span> <span class='ocrx_word' id='word_1_880' title='bbox 2413 5401 2813 5456; x_wconf 82' lang='lat' dir='ltr'><strong>Communitatis</strong></span> <span class='ocrx_word' id='word_1_881' title='bbox 2868 5407 3076 5474; x_wconf 84' lang='lat' dir='ltr'><strong>quidem</strong></span> <span class='ocrx_word' id='word_1_882' title='bbox 3139 5414 3271 5462; x_wconf 86' lang='lat' dir='ltr'><strong>ratio</strong></span> <span class='ocrx_word' id='word_1_883' title='bbox 3311 5414 3378 5463; x_wconf 84' lang='lat' dir='ltr'><strong>ad</strong></span> <span class='ocrx_word' id='word_1_884' title='bbox 3429 5417 3704 5468; x_wconf 83' lang='lat' dir='ltr'><strong>essentiam</strong></span> 
     </span>
    </p>
   </div>
   <div class='ocr_carea' id='block_1_117' title="bbox 2136 5492 3706 5574">
    <p class='ocr_par' dir='ltr' id='par_1_117' title="bbox 2136 5492 3706 5574">
     <span class='ocr_line' id='line_1_117' title="bbox 2136 5492 3706 5574; baseline 0.009 -31"><span class='ocrx_word' id='word_1_885' title='bbox 2136 5492 2380 5559; x_wconf 70' lang='lat' dir='ltr'><strong>refertur.</strong></span> <span class='ocrx_word' id='word_1_886' title='bbox 2439 5493 2752 5547; x_wconf 89' lang='lat' dir='ltr'><strong>Sabstantia</strong></span> <span class='ocrx_word' id='word_1_887' title='bbox 2823 5513 2937 5548; x_wconf 79' lang='lat' dir='ltr'><strong>vero</strong></span> <span class='ocrx_word' id='word_1_888' title='bbox 2993 5504 3264 5566; x_wconf 81' lang='lat' dir='ltr'><strong>proprium</strong></span> <span class='ocrx_word' id='word_1_889' title='bbox 3320 5504 3570 5574; x_wconf 81' lang='lat' dir='ltr'><strong>cujusque</strong></span> <span class='ocrx_word' id='word_1_890' title='bbox 3628 5511 3706 5559; x_wconf 82' lang='lat' dir='ltr'><strong>si-</strong></span> 
     </span>
    </p>
   </div>
   <div class='ocr_carea' id='block_1_118' title="bbox 2137 5587 3705 5668">
    <p class='ocr_par' dir='ltr' id='par_1_118' title="bbox 2137 5587 3705 5668">
     <span class='ocr_line' id='line_1_118' title="bbox 2137 5587 3705 5668; baseline 0.013 -34"><span class='ocrx_word' id='word_1_891' title='bbox 2137 5601 2295 5652; x_wconf 78' lang='lat' dir='ltr'><strong>gnum</strong></span> <span class='ocrx_word' id='word_1_892' title='bbox 2329 5597 2425 5637; x_wconf 84' lang='lat' dir='ltr'><strong>est.</strong></span> <span class='ocrx_word' id='word_1_893' title='bbox 2463 5587 2822 5642; x_wconf 83' lang='lat' dir='ltr'><strong>Uamascenns</strong></span> <span class='ocrx_word' id='word_1_894' title='bbox 2863 5606 3076 5658; x_wconf 70' lang='lat' dir='ltr'><strong>quoque</strong></span> <span class='ocrx_word' id='word_1_895' title='bbox 3127 5594 3178 5645; x_wconf 74' lang='grc' dir='ltr'><strong>ιιι</strong></span> <span class='ocrx_word' id='word_1_896' title='bbox 3229 5612 3342 5648; x_wconf 71' lang='grc' dir='ltr'>διιιδ</span> <span class='ocrx_word' id='word_1_897' title='bbox 3390 5602 3705 5668; x_wconf 51' lang='lat' dir='ltr'><strong>theologus</strong></span> 
     </span>
    </p>
   </div>
   <div class='ocr_carea' id='block_1_119' title="bbox 2323 5777 2734 5841">
    <p class='ocr_par' dir='ltr' id='par_1_119' title="bbox 2323 5777 2734 5841">
     <span class='ocr_line' id='line_1_119' title="bbox 2323 5777 2734 5841; baseline 0.007 -11"><span class='ocrx_word' id='word_1_898' title='bbox 2323 5777 2364 5808; x_wconf 77' lang='lat'><strong>“</strong></span> <span class='ocrx_word' id='word_1_899' title='bbox 2393 5777 2506 5831; x_wconf 79' lang='lat' dir='ltr'><strong>Jocl</strong></span> <span class='ocrx_word' id='word_1_900' title='bbox 2543 5793 2600 5841; x_wconf 89' lang='grc' dir='ltr'>ιι,</span> <span class='ocrx_word' id='word_1_901' title='bbox 2647 5779 2734 5833; x_wconf 66' lang='grc'><strong>28.</strong></span> 
     </span>
    </p>
   </div>
  </div>
