4462 6440
818 410 886 471 93
2069 403 2460 461 immtatis
2502 403 2799 462 Μυῖα-η

1179 520 1486 572 Substantia
1533 531 1606 570 est
1655 535 1924 570 commune
1965 535 2079 570 cum
2125 519 2378 583 proprio,
2409 522 2453 572 Λ
2484 523 2799 571 stuntiarum
2861 521 3124 588 intelligo,
3169 522 3452 589 perfectum
3515 523 3679 575 Deum
3730 525 3892 587 ipsam
3945 540 4054 576 esse

811 523 1061 589 capitulis
1113 539 1126 572 :

814 626 1035 673 COItMai,
1072 615 1227 678 quia,
1267 613 1475 675 quando
1523 611 1802 676 conjuncte
1848 611 2065 660 dicimus
2104 609 2380 660 essentiam

817 702 964 760 Filii.
1012 703 1254 768 quoniam
1302 699 1472 751 Filius
1542 717 1726 757 nomen
1764 716 1827 752 ex
1847 702 2070 767 propriis
2099 712 2196 758 est,
2238 715 2382 750 cont-

815 812 969 844 mune
995 811 1108 844 cum
1135 797 1360 858 propriis
1395 795 1777 860 significamus.
1812 793 1916 845 Sed
1953 807 2233 845 COIitlllllIIC
2261 807 2382 844 cum

814 887 1028 952 proprio
1074 885 1372 936 substantia
1426 897 1528 937 est.
1573 886 1647 938 lta
1673 888 1814 937 enim
1852 883 2213 935 Damascenns
2253 882 2386 934 deii-

815 975 910 1026 nit.
980 974 1167 1042 Itaque
1221 975 1474 1040 quoniam
1506 990 1570 1026 ex
1630 975 1863 1026 essentia
1911 971 2030 1024 Filii
2090 973 2261 1024 dictus
2303 982 2384 1023 est

815 1065 1087 1128 Spiritus,
1143 1080 1205 1116 ex
1262 1067 1558 1117 substantia
1609 1065 1726 1131 ejus
1761 1064 1936 1116 dictus
1986 1071 2066 1114 est
2111 1080 2123 1114 :
2165 1063 2381 1128 sicque,

813 1155 954 1217 quod
981 1154 1346 1220 querebatur,
1388 1154 1712 1206 invenimus.

883 1244 1033 1307 Quod
1063 1255 1238 1295 autem
1264 1243 1316 1296 in
1338 1244 1534 1296 divinis
1555 1243 1849 1310 Scripturis
1869 1242 2008 1294 idem
2027 1242 2382 1306 sit,quantum

811 1335 874 1383 ad
935 1349 1067 1395 rem,
1115 1333 1418 1401 proprietas
1467 1342 1627 1399 atque
1669 1333 2006 1393 substantia,
2063 1333 2175 1384 sive
2219 1332 2381 1382 etiam

814 1438 1071 1490 persona,
1117 1425 1460 1476 inanitestnm
1492 1435 1593 1476 est.
1633 1422 1923 1490 Gregorius
1952 1422 2092 1474 enim
2154 1421 2386 1473 Theolo-

814 1530 911 1580 gus
944 1516 994 1565 iu
1050 1528 1306 1566 sermone
1337 1515 1402 1565 ad
1444 1514 1647 1565 lumina
1692 1515 1826 1564 dixit
1860 1530 1872 1564 :
1913 1509 2005 1563 Dei
2057 1520 2232 1562 autem
2267 1527 2384 1561 cum

809 1607 1120 1664 ttixero,uno
1165 1604 1358 1656 lumine
1391 1621 1449 1655 ac
1472 1604 1634 1655 tribus
1659 1603 1998 1654 illustramini
2025 1618 2039 1654 :
2069 1603 2233 1652 tribus
2264 1602 2382 1668 qui-

808 1696 946 1755 dem,
990 1694 1274 1746 secundum
1304 1695 1672 1759 praprietates-
1695 1695 2088 1761 Exponensque
2117 1692 2247 1761 quid
2303 1691 2384 1744 di-

813 1785 953 1837 xerit
991 1784 1374 1852 proprietates,
1424 1784 1694 1853 adjnngit,
1740 1785 1844 1836 sive
1889 1773 2233 1846 substantias,
2276 1784 2384 1836 sive

807 1893 1058 1945 personas
1114 1892 1298 1929 vocare
1362 1875 1550 1943 piaret.
1610 1877 1743 1926 ltetn
1776 1876 1824 1927 in
1887 1875 2140 1928 laudibus
2209 1876 2381 1928 sancti

808 1969 1110 2033 Athanasii,
1160 1982 1284 2021 cum
1321 1968 1542 2021 dixisset
1589 1984 1602 2019 :
1646 1965 1761 2018 Una
1795 1968 1930 2019 enim
1955 1966 2220 2028 essentia,
2259 1973 2389 2018 tres-

807 2078 904 2128 que
943 2060 1274 2122 substantiaz;
1313 2074 1435 2112 cum
1471 2060 1720 2112 dicantur
1749 2058 1964 2125 quidem
2011 2071 2041 2109 a
2086 2057 2260 2119 nobis,
2303 2056 2389 2124 pie

808 2155 1052 2222 protinus
1102 2153 1347 2219 atljuuxit
1404 2170 1416 2203 :
1467 2151 1628 2204 Aliud
1687 2151 1824 2202 enim
1872 2158 2119 2202 naturam
2146 2148 2382 2212 indicat;

809 2245 958 2296 aliud
1001 2245 1156 2294 trium
1208 2244 1572 2309 proprietates.
1625 2241 1735 2293 Illic
1765 2253 1894 2305 ergo
1932 2253 2056 2293 cum
2084 2237 2385 2306 proprieta-

808 2348 886 2387 tes
920 2334 1219 2400 posuisset,
1261 2332 1593 2385 substantias
1623 2329 1905 2397 exposuit:
1942 2329 2025 2382 hic
2045 2336 2223 2381 autem
2254 2326 2383 2381 sub-

806 2426 1074 2486 stantias,
1128 2425 1506 2492 proprietates.
1557 2421 1631 2474 Ex
1682 2436 1788 2488 quo
1836 2434 1967 2475 sane
2023 2418 2377 2472 manifestum

808 2527 891 2569 est
922 2517 1045 2583 quia
1079 2515 1462 2584 proprietatem
1505 2525 1557 2566 et
1585 2513 1945 2566 substantiam
1986 2510 2127 2563 idem
2152 2508 2380 2576 intelligi

803 2608 953 2670 volt,
985 2607 1254 2675 simulque
1307 2615 1554 2658 naturam
1586 2617 1641 2657 et
1675 2605 1976 2657 essentiam
2008 2603 2062 2656 itt
2096 2601 2204 2656 Deo
2232 2601 2382 2668 agsti-

805 2709 935 2760 mat;
969 2715 1131 2751 unam
1161 2699 1304 2752 enim
1339 2694 1634 2750 essentiam
1669 2705 1915 2748 naturam
1938 2695 2204 2761 exposuit.
2231 2692 2378 2758 Quo-

804 2791 953 2842 niam
1001 2792 1164 2859 igitur
1219 2804 1509 2842 comntuue
1558 2789 1608 2839 itt
1641 2787 1748 2840 Deo
1789 2786 2037 2840 essentiaa
2092 2797 2199 2840 tres
2250 2784 2381 2837 sub-

805 2883 1019 2934 stantiae
1071 2891 1219 2944 sunt,
1265 2893 1659 2946 communeque
1706 2879 1818 2931 lucc
1852 2886 1935 2930 est
1979 2891 2096 2943 qua:
2151 2874 2379 2942 singulis

803 2983 885 3025 cst
917 2985 968 3026 et
1008 2974 1228 3042 propria
1275 2973 1542 3034 essentia;
1580 2985 1685 3023 una
1736 2969 1938 3037 quippe
1988 2984 2050 3022 ex
2082 2967 2254 3020 tribus
2294 2974 2378 3018 est

805 3065 982 3132 aliqua
1028 3078 1255 3133 persona
1283 3078 1296 3126 ;
1341 3063 1592 3129 quodque
1640 3061 1837 3127 cuique
1871 3066 1986 3122 est,
2020 3058 2119 3111 hoc
2151 3055 2376 3108 mirabi-

3952 391 4052 472 ιὸο

2496 612 2602 662 scio
2630 612 3014 677 perfectamque
3049 613 3559 666 essentiamﬁicilur
3598 621 3773 665 autent
3818 628 3883 665 ex
3918 614 4036 665 Filii

2486 702 2718 752 essentia
2769 717 2887 754 esse
2922 702 3156 769 Spiritus
3207 721 3221 754 :
3273 703 3613 757 manifestum
3646 712 3764 765 est,
3816 705 3938 771 quia
3978 718 4043 756 ex

2486 792 2786 843 substantia
2823 793 2990 858 ipsius
3013 794 3367 848 essedicitur.
3401 794 3736 860 thuoniam
3775 795 3823 843 in
3847 794 4046 844 eisdem

2486 880 2558 931 ait
2595 898 2606 932 :
2643 880 2773 945 Quia
2814 883 2962 936 solus
2997 882 3164 936 Filius
3198 886 3411 951 genitus
3441 898 3560 946 est;
3591 900 3651 935 ex
3687 883 3859 934 Patris
3904 883 4047 934 enim

2483 973 2719 1024 essentia
2770 973 2886 1025 sine
2914 975 3178 1042 principio
3204 985 3256 1027 et
3303 975 3420 1026 sine
3469 981 3711 1040 tempore
3746 981 3826 1024 est
3852 982 4008 1023 natus
4035 989 4046 1033 ;

2484 1074 2539 1114 et
2587 1063 2733 1114 solus
2783 1063 3015 1128 Spiritus
3060 1074 3275 1117 sanctus
3323 1081 3388 1118 ex
3439 1063 3608 1116 Patris
3655 1063 3891 1116 essentia
3945 1077 4049 1113 non

2482 1155 2729 1224 genitos,
2785 1157 2877 1209 sed
2948 1158 3241 1223 procedens
3298 1165 3378 1208 est
3421 1174 3433 1208 :
3481 1169 3544 1206 ex
3609 1154 3784 1206 Patris
3872 1163 4050 1204 autem

2483 1247 2720 1298 essentia
2741 1286 2755 1310 ,
2787 1261 2882 1311 pro
2907 1259 2968 1297 eo
2995 1285 3008 1306 ,
3037 1246 3178 1314 quod
3210 1255 3323 1309 est,
3353 1261 3416 1298 ex
3457 1244 3630 1297 Patris
3665 1243 3967 1297 substantia
3993 1250 4046 1294 et

2488 1335 2592 1387 iste
2635 1335 2796 1387 tradit
2831 1345 2882 1387 et
2907 1350 3095 1387 oumes
3119 1336 3485 1398 consentiunt,
3518 1335 3640 1400 quia
3675 1334 3903 1401 Spiritus
3927 1347 4053 1385 san-

2484 1436 2601 1478 ctus
2631 1440 2752 1477 cum
2809 1439 2874 1478 ex
2927 1424 3044 1477 Filii
3099 1425 3328 1477 essentia
3378 1438 3407 1476 a
3457 1424 3716 1490 theologis
3764 1423 4050 1483 asseritnr,

2483 1527 2538 1570 et
2564 1517 2729 1584 ipsius
2761 1516 3061 1569 substantia
3106 1525 3190 1568 est
3218 1532 3228 1566 :
3265 1514 3404 1568 idem
3438 1517 3580 1568 enim
3610 1516 3840 1568 essentia
3895 1523 4054 1581 atque

2485 1607 2784 1661 Substautia
2813 1607 2863 1659 in
2891 1608 2996 1659 Deo
3022 1614 3106 1661 cst
3135 1607 3430 1659 secundum
3467 1622 3602 1658 rem.

2556 1696 2720 1750 Porro
2753 1698 2796 1750 si
2832 1698 2952 1762 quis
2977 1697 3078 1750 ista
3111 1699 3265 1751 aliter
3294 1698 3567 1765 accipiens
3589 1696 3716 1749 velit
3741 1694 3883 1749 aliud
3933 1695 4049 1761 qui-

2487 1789 2684 1843 demin
2732 1789 2842 1844 Deo
2873 1793 3197 1855 essentiam,
3245 1790 3388 1844 aliud
3442 1789 3796 1843 substantiam
3848 1787 4052 1856 signiti-

2491 1895 2614 1934 care
2641 1921 2653 1944 ,
2711 1881 3019 1935 necessario
3069 1880 3223 1934 lateri
3275 1882 3564 1936 essentiam
3598 1882 3713 1933 sine
3749 1877 4052 1933 substantia

2491 1972 2950 2041 substantiamque
2996 1973 3113 2026 sine
3162 1974 3400 2027 essentia
3457 1980 3703 2041 cogetur.
3759 1971 3837 2022 Ad
3883 1985 4046 2037 quam

2490 2064 2881 2118 absurditatem
2934 2079 3159 2134 magnus
3207 2078 3422 2132 (proque
3457 2063 3686 2117 Basilius
3718 2065 3770 2116 in
3801 2063 4053 2130 praedicta

2489 2155 2556 2209 ad
2581 2155 2893 2210 Terentium
2927 2157 3178 2210 comitem
3225 2155 3451 2224 epistola
3483 2156 3780 2208 orationem
3808 2166 4054 2207 necessa-

2489 2247 2568 2300 rio
2615 2245 2854 2300 deduxit.
2903 2244 2970 2299 Et
3028 2246 3282 2315 quoniam
3317 2305 3323 2313 I
3355 2245 3767 2300 indetermiuate
3820 2242 4053 2310 theologi

2486 2337 2551 2393 de
2609 2337 2790 2392 divina
2836 2337 2956 2393 Filii
3013 2339 3295 2393 nativitate
3336 2338 3659 2393 disserentes
3713 2338 3885 2406 ipsum
3953 2338 4056 2388 ali-

2485 2428 2706 2496 quando
2736 2429 2955 2496 quidem
2994 2441 3056 2479 cx
3088 2426 3266 2481 Patris
3314 2426 3571 2491 essentia,
3604 2425 3896 2496 aliquando
3925 2439 4053 2478 vero

2490 2532 2552 2571 ex
2583 2517 2723 2570 illius
2753 2517 3056 2570 substantia
3090 2526 3272 2570 natum
3325 2525 3607 2574 asserunt:
3635 2527 3722 2570 aut
3757 2518 3888 2570 duos
3911 2515 4054 2568 filios

2485 2617 2644 2663 natos
2708 2609 3058 2663 conﬁtebitur
3096 2650 3111 2671 ,
3149 2608 3310 2661 alium
3380 2610 3594 2675 quidem
3652 2623 3716 2662 ex
3779 2608 4052 2672 essentia,

2482 2698 2643 2751 alium
2679 2713 2806 2752 vero
2839 2713 2902 2751 ex
2937 2698 3238 2750 substantia
3260 2736 3274 2761 ,
3315 2707 3405 2749 aut
3425 2712 3527 2750 non
3550 2711 3669 2750 esse
3700 2695 3819 2748 Filii
3841 2697 4049 2748 unicam

2481 2804 2544 2843 ac
2578 2789 2873 2858 simplicem
2926 2789 3265 2842 nativitatem
3317 2789 3480 2841 dicet.
3512 2787 3656 2841 ldem
3710 2802 3838 2840 vero
3903 2787 4051 2839 etde

2483 2879 2683 2948 Spiritu
2743 2889 2932 2933 sancto
2987 2879 3214 2932 dicetur.
3268 2877 3333 2929 Et
3359 2888 3505 2931 certe
3550 2879 3594 2932 si
3649 2877 3863 2944 quidem
3922 2885 4049 2926 sunt

2482 2982 2590 3025 tres
2637 2972 2950 3025 dill'erentes
3004 2969 3258 3037 aliudque
3288 2968 3461 3022 Patris
3522 2968 3844 3038 prOprietas,
3907 2964 4048 3019 aliud

2480 3061 2656 3116 Patris
2697 3077 2957 3132 persona,
2996 3061 3139 3114 aliud
3193 3071 3413 3128 paterna
3447 3059 3782 3123 substantia,
3819 3067 3873 3110 et
3907 3056 4046 3108 aliud

802 3155 926 3209 liter
957 3155 1118 3208 etiam
1152 3167 1437 3208 commune
1464 3161 1576 3217 est;
1617 3167 1781 3204 unum
1822 3151 1965 3203 enim
2005 3151 2132 3208 tria,
2183 3157 2238 3200 et
2273 3146 2370 3199 tria
2399 3149 2445 3207 C
2475 3152 2657 3216 Pater,
2707 3153 2960 3221 aliudque
2987 3167 3201 3205 rursum
3238 3151 3471 3204 essentia
3506 3150 3672 3212 illius;
3703 3149 3949 3215 idemque
3984 3147 4050 3200 de

801 3266 964 3303 unum
991 3259 1148 3314 sunt;
1179 3249 1231 3302 in
1263 3248 1460 3316 quibus
1482 3255 1563 3300 est
1593 3247 1789 3309 deitas,
1818 3245 1932 3299 sive
1973 3255 2028 3298 ut
2059 3242 2371 3311 diligentius

799 3345 1052 3403 dixerim,
1075 3357 1194 3408 quae
1214 3341 1383 3392 deitas
1409 3349 1490 3391 est
1512 3340 1666 3405 juxta
1703 3336 2005 3403 theologum
2029 3334 2369 3402 Gregorium,

802 3434 1148 3488 manifestum
1203 3441 1324 3490 est,
1385 3430 1639 3497 quoniam
1704 3428 1841 3480 sicut
1906 3427 2064 3478 trium
2131 3423 2368 3478 essentia

800 3523 1104 3577 substantia
1139 3531 1254 3585 est,
1290 3522 1361 3572 ita
1395 3532 1622 3588 quisque
1665 3517 2092 3570 substantiarum
2133 3512 2371 3567 essentia

798 3624 854 3665 et
908 3614 1213 3666 substantia
1263 3621 1365 3663 est.
1402 3610 1506 3662 Sed
1541 3620 1650 3661 tres
1681 3607 1994 3660 Substantite
2017 3604 2178 3657 Pater
2206 3613 2289 3656 est
2316 3612 2370 3656 et

794 3706 963 3760 Filius
1017 3714 1070 3758 et
1131 3703 1366 3770 Spiritus
1407 3714 1681 3762 sanctus;
1726 3698 2020 3752 secundum
2065 3694 2210 3749 enim
2256 3694 2370 3748 haec

793 3798 1020 3851 relativo
1057 3798 1120 3848 ad
1149 3795 1378 3848 invicem
1416 3793 1630 3860 proprie
1667 3791 2026 3856 accipiuntur.

869 3889 1052 3953 Itaque
1106 3898 1291 3938 verum
1333 3881 1574 3950 profecto
1610 3889 1692 3934 est
1748 3879 1890 3947 quod
1940 3879 2164 3942 dieitur,
2223 3876 2367 3945 quod

793 3980 1011 4049 quando
1062 3975 1352 4044 conjuncta
1412 3973 1533 4026 Filii
1585 3973 1878 4026 essentiam
1929 3971 2180 4034 dicimus,
2236 3967 2368 4022 sub-

793 4069 1047 4122 stantiam
1109 4066 1223 4135 ejus
1277 4066 1394 4118 sive
1447 4079 1732 4132 personam
1793 4063 2194 4130 signiﬁcamus;
2243 4074 2364 4113 cum

793 4175 1079 4214 commune
1109 4159 1322 4224 quidem
1352 4155 1641 4209 essentiam
1675 4154 1902 4208 dicendo
1946 4153 2213 4224 signetur,
2243 4164 2366 4218 pro-

792 4254 906 4319 pria
942 4266 1068 4303 vero
1115 4250 1414 4302 substantia
1479 4262 1573 4314 per
1634 4224 1912 4298 relaiivum
1981 4258 2176 4296 nomen
2239 4240 2361 4294 Filii

792 4344 1097 4396 insinuetur
1154 4355 1166 4391 :
1221 4338 1519 4391 substantia
1548 4337 1744 4404 quippe
1767 4347 2055 4388 commune
2086 4345 2205 4385 cum
2241 4346 2362 4398 pro-

789 4435 908 4500 prio
954 4440 1035 4483 est
1067 4429 1232 4482 dicta.
1277 4428 1427 4492 Quod
1476 4443 1597 4478 cum
1630 4442 1692 4476 ex
1738 4425 1856 4477 Filii
1892 4422 2127 4478 essentia
2164 4421 2358 4472 dicitur

791 4524 1027 4588 Spiritus
1060 4530 1301 4578 Sanetus,
1338 4533 1401 4570 cx
1441 4516 1554 4581 ejus
1601 4515 1930 4568 substantia‘
1964 4512 2184 4565 dicitur.
2219 4509 2360 4562 Idem

789 4615 956 4675 enim,
1028 4622 1288 4679 quantum
1353 4609 1417 4660 ad
1457 4622 1611 4669 rem,
1678 4604 1910 4658 essentia
1961 4615 2014 4655 et
2062 4603 2364 4654 substantia

783 4715 891 4756 ρδι.

862 4794 1231 4844 υδιιιηεςειιιιε
1281 4797 1536 4856 praeterea
1563 4788 1613 4838 in
1667 4786 1780 4838 suis
1817 4780 2134 4850 theologicis
2156 4780 2364 4848 capitu-

780 4886 872 4944 lis,
918 4884 1128 4945 Deitas,
1170 4881 1375 4948 iuqttit,
1420 4888 1668 4930 naturam
1743 4877 2020 4937 insinuat;
2067 4872 2226 4923 Pater
2263 4888 2358 4922 ttu-

781 4989 885 5030 tum
944 4977 1080 5044 quod
1125 4977 1319 5026 dicitur
1371 4971 1740 5033 substantiam,
1777 4970 1929 5020 sicuti
1964 4978 2009 5019 et
2056 4965 2359 5016 humanitas

777 5081 1030 5122 staturum
1100 5065 1462 5126 commendat,
1529 5062 1717 5114 Petrus
1793 5076 1912 5111 vero
1989 5059 2358 5110 substantiam.

780 5162 918 5226 Quia
983 5161 1145 5227 igitur
1206 5155 1660 5225 quemadmodum
1721 5149 1901 5204 l’ater.
1969 5153 2040 5200 ita
2099 5158 2153 5201 et
2193 5145 2361 5198 Filius

781 5254 1030 5307 similiter
1112 5247 1475 5304 substantiam
1559 5242 1787 5307 indicat;
1866 5241 2166 5294 substantia
2230 5250 2360 5288 vero

780 5357 1066 5397 commune
1101 5355 1222 5393 cum
1257 5337 1510 5406 preprio,
1550 5334 1689 5388 sicut
1726 5334 1840 5400 ipse
1888 5331 2133 5385 delinivit
2163 5343 2177 5391 ι
2207 5343 2357 5381 com-

778 5456 940 5492 mune
987 5448 1164 5488 autem
1221 5433 1403 5485 Deitas
1440 5429 1524 5482 vel
1555 5441 1782 5490 natura,
1833 5427 1914 5477 vel
1960 5422 2193 5477 essentia
2253 5430 2355 5474 est.

779 5530 988 5583 Dicitur
1047 5539 1222 5580 autem
1296 5537 1360 5576 ex
1441 5520 1562 5574 Filii
1611 5519 1845 5572 essentia
1899 5530 2019 5569 esse
2096 5513 2354 5580 Spiritum

774 5633 1063 5682 ﬁultt'ltltlt;
1102 5614 1447 5670 manifestum
1483 5620 1600 5670 est,
1637 5608 1890 5677 quoniam
1939 5620 2001 5658 ex
2054 5604 2352 5659 substantia

773 5717 946 5783 ipsius
979 5723 1082 5766 est.

845 5803 1110 5869 Quoniam
1139 5816 1264 5857 vero
1287 5799 1424 5855 idem
1446 5799 1497 5852 iu
1529 5795 1716 5850 iisdem
1744 5793 1818 5846 ait
1846 5808 1858 5844 :
1890 5789 2018 5844 Cum
2050 5805 2205 5840 unam
2235 5790 2360 5841 sub-

2476 3244 2702 3311 reliquis
2735 3244 3056 3298 substantiis
3081 3242 3369 3297 dicendum
3403 3259 3415 3294 :
3451 3244 3646 3310 partim
3680 3240 3897 3309 quidem
3931 3236 4048 3290 Tri-

2473 3337 2617 3390 nitas
2662 3337 2818 3390 nobis
2861 3335 3163 3398 auferetur,
3203 3346 3257 3388 et
3289 3334 3539 3402 peribunt
3589 3332 3769 3385 omnia
3819 3344 3936 3397 quae
3982 3330 4048 3382 de

2474 3427 2588 3496 ipsa
2643 3428 2728 3494 pie
2775 3427 2972 3480 tradita
3055 3427 3394 3492 suscepimus
3428 3440 3442 3478 :
3475 3422 3668 3491 partim
3717 3421 4049 3490 compositus

2475 3518 2581 3571 erit
2627 3519 2786 3583 Deus,
2819 3532 2882 3570 ex
2934 3525 3057 3568 tanr
3085 3515 3455 3570 ddierentibus
3488 3515 3552 3566 ad
3583 3516 3811 3567 invicem
3846 3527 4041 3566 secun-

2474 3610 2597 3664 dum
2643 3625 2754 3662 rem
2799 3618 3076 3663 constans.
3101 3608 3206 3663 Sed
3237 3607 3380 3661 enim
3419 3607 3516 3660 ista
3551 3605 3789 3659 absurda
3823 3616 3956 3658 sunt
3991 3613 4045 3658 et

2472 3699 2660 3768 impia.
2692 3698 2756 3751 Et
2788 3698 2915 3752 illud
2955 3699 3113 3766 igitur
3140 3699 3427 3751 absurdum
3469 3696 3684 3766 pen'ttts
3716 3707 3769 3749 et
3795 3694 4041 3764 impium,

2454 3805 2577 3859 quo
2613 3791 2786 3857 posito
2819 3790 2919 3843 ista
2955 3799 3274 3857 sequuntur.

2545 3879 2810 3947 Quoniam
2869 3879 3030 3947 igitur
3085 3878 3388 3933 substantia
3433 3877 3649 3947 quidem
3710 3884 3762 3930 et
3809 3889 4042 3944 persona

2476 3971 2614 4024 idem
2643 3981 2748 4032 est,
2788 3970 3089 4024 substantia
3120 3985 3250 4025 vero
3275 3981 3326 4024 et
3359 3971 3659 4038 proprietas
3693 3983 3843 4036 atque
3896 3968 4037 4020 idem

2468 4073 2570 4127 est,
2604 4064 2910 4117 substantia
2959 4071 3138 4116 autem
3171 4063 3405 4115 essentia
3427 4071 3531 4127 est,
3624 4069 3680 4111 ut
3708 4073 3768 4112 ex
3811 4060 3894 4114 his
3925 4075 4042 4126 qua:

2470 4171 2627 4224 supra
2659 4155 2887 4208 diximus
2917 4163 3149 4216 constat,
3209 4153 3562 4207 manifestum
3613 4161 3694 4205 est
3719 4153 3831 4204 hazc
3862 4152 4039 4202 omnia

2470 4247 2609 4301 idem
2663 4247 2713 4299 in
2771 4246 2878 4299 Deo
2929 4261 3051 4301 esse
3096 4248 3389 4300 secundum
3445 4261 3581 4299 rem.
3635 4243 3697 4296 Et
3734 4243 3862 4295 illud
3913 4243 4037 4294 item

2470 4335 2810 4388 manifestum
2868 4346 2951 4389 est
2979 4337 3143 4402 quod,
3175 4335 3218 4388 si
3244 4336 3386 4387 aliud
3408 4334 3668 4396 essentia,
3702 4333 3848 4386 aliud
3909 4332 4038 4384 sub-

2476 4428 2674 4504 staptia
2710 4442 2736 4478 a
2770 4427 2976 4480 sanctis
3005 4427 3220 4492 dicitur;
3269 4428 3359 4479 sed
3391 4437 3564 4478 tamen
3595 4425 3891 4478 secundum
3925 4436 4035 4475 rem

2471 4520 2727 4570 dixerunt
2783 4533 2885 4570 non
2928 4517 3067 4570 aliud
3113 4518 3430 4579 essentiam,
3468 4516 3611 4568 aliud
3643 4529 3759 4568 esse
3792 4515 4037 4567 substan-

2469 4611 2620 4671 tiam,
2642 4609 2732 4662 sed
2760 4610 3053 4661 secundum
3080 4608 3218 4674 qttod
3245 4622 3347 4659 una
3375 4620 3533 4674 atque
3556 4607 3740 4659 eadem
3771 4620 3854 4656 res
3880 4605 4037 4656 aliter

2466 4700 2682 4765 quidem
2729 4678 2971 4765 signatur
3018 4710 3080 4748 ex
3117 4698 3328 4748 nomine
3352 4695 3604 4748 essentia:
3636 4709 3730 4746 seu
3785 4703 3993 4744 natura:
4018 4731 4032 4751 ,

2465 4789 2624 4841 aliter
2645 4803 2707 4839 ex
2746 4788 2960 4839 nomine
2995 4786 3308 4838 substantia:
3327 4787 3437 4838 sive
3457 4780 3862 4853 personamlllud
3888 4783 4032 4833 enim

2466 4878 2824 4931 communiter
2872 4886 2926 4929 et
2975 4875 3253 4937 absolute,
3289 4876 3392 4926 hoc
3425 4881 3601 4925 autem
3651 4870 3867 4938 proprie
3925 4883 4035 4920 nta—

2467 4973 2564 5038 gis,
2600 4985 2719 5022 cum
2757 4983 2819 5021 eo
2852 4967 3064 5020 scilicet
3112 4964 3251 5032 quod
3289 4965 3352 5016 ad
3393 4961 3595 5028 aliquid
3637 4959 4032 5028 quodammodo

2467 5064 2662 5114 habeat
2699 5077 2710 5110 :
2755 5060 2880 5127 quia
2935 5060 3078 5110 enim
3116 5056 3359 5109 absoluta
3394 5054 3459 5105 ab
3496 5053 3578 5105 his
3629 5067 3745 5119 qua:
3773 5049 4028 5102 dicuntur

2463 5154 2526 5205 ad
2557 5151 2781 5218 aliquid,
2808 5148 3079 5212 diﬂ'erunt;
3115 5160 3298 5199 eorum
3326 5159 3452 5197 vero
3478 5158 3594 5211 qum
3622 5142 3672 5194 in
3703 5141 3808 5192 Deo
3841 5140 4028 5192 dirita-

2469 5255 2582 5307 tur,
2620 5242 2971 5309 alia.quidem
3026 5238 3269 5293 absoluta
3326 5245 3450 5288 sunt
3483 5236 3692 5286 nomina
3721 5248 3836 5301 qute
3865 5248 4026 5284 unum

2465 5335 2626 5388 Deum
2659 5334 2950 5387 indiscrete
2983 5330 3308 5398 signiﬁcant,
3366 5326 3466 5379 alia
3508 5340 3634 5377 vero
3686 5325 3904 5376 relative
3931 5325 4023 5373 ha-

2460 5427 2584 5479 beut
2619 5439 2736 5492 quze
2778 5439 2804 5475 a
2831 5423 2982 5475 nobis
3038 5421 3361 5474 Trinitatem
3420 5418 3815 5477 commendant,
3866 5425 3915 5468 et
3946 5430 4029 5466 se-

2457 5517 2688 5569 rundum
2734 5532 2792 5565 ea
2846 5513 3098 5580 quidem,
3146 5525 3264 5578 quae
3307 5509 3551 5562 absoluta
3610 5517 3662 5560 ct
3715 5505 4023 5558 Communia

2459 5617 2615 5669 sunt,
2664 5607 2810 5657 unita
2856 5602 3148 5672 Theologia
3195 5611 3438 5659 constat.
3488 5598 3781 5652 secundum
3816 5612 3876 5649 re
3909 5611 4021 5647 ora

2462 5715 2578 5765 quze
2618 5699 2681 5748 ad
2704 5696 2931 5748 invicem
2964 5695 3184 5748 relativa
3219 5702 3344 5746 sunt
3368 5733 3381 5755 ,
3419 5703 3472 5743 et
3502 5692 3793 5744 secundum
3819 5707 3876 5741 ea
3906 5704 4023 5754 quae

2473 5792 2536 5842 ad
2571 5787 2771 5856 aliquid
2819 5788 3039 5851 habent,
3095 5787 3326 5840 discreta
3374 5788 3678 5837 contexitur
3715 5781 4022 5846 tlteoIOg-it;
