4462 6440
424 410 519 472 ῖοι

1494 408 1885 466 ADVERSUS
1919 408 2225 465 GlirECUS
2256 410 2396 466 LIB.
2445 415 2522 468 ll.

3546 416 3644 476 lC?

422 526 597 575 uuiiio
651 537 777 573 vero
822 530 981 588 atque
1017 520 1266 573 discretio
1316 534 1419 570 non
1468 518 1607 571 idem
1642 527 1756 579 est;
1814 533 1982 581 neque
2017 525 2054 576 Α
2087 518 2382 568 secundum
2429 517 2785 583 proprietates
2834 536 2951 585 quat
3016 522 3345 573 substantias
3395 530 3643 578 astutiae.

419 616 565 664 enim
610 613 888 664 relativum
921 621 977 663 et
1026 611 1327 662 absolutum
1377 608 1514 659 idem
1548 608 1839 659 secundum
1880 607 1978 655 hoc

420 704 625 753 ιιιιωηι
656 711 773 753 est:
799 700 1039 767 sequitur
1064 714 1166 751 non
1199 699 1335 751 idem
1365 711 1484 750 esse
1507 696 1795 749 essentiam
1820 704 1981 761 atque

420 792 803 842 substantiam.
857 790 1115 842 Essenlia:
1160 788 1301 839 enim
1328 801 1521 839 nomen
1547 786 1795 852 quiddam
1823 784 1979 835 abso-

421 884 601 940 luiuui
646 882 841 945 signat,
907 880 1206 933 substantia
1251 879 1361 946 (35)
1396 892 1519 929 vero
1570 877 1838 943 propriam
1882 891 1977 927 eit-

413 972 617 1037 jusque
674 979 854 1023 nolam
931 974 1291 1029 commendat,
1346 971 1639 1023 secundum
1699 983 1855 1035 quam
1913 970 1977 1020 ad

419 1061 583 1110 aliam
616 1059 845 1112 refertur
876 1074 1177 1125 personam.

499 1148 628 1199 Nam
653 1148 879 1215 exempli
912 1162 1096 1207 causa,
1130 1148 1316 1200 dexter
1352 1150 1511 1200 homo
1541 1149 1607 1199 ab
1644 1162 1707 1201 co
1734 1148 1822 1213 qui
1849 1150 1977 1200 sim-

420 1238 633 1303 pliciter
686 1238 843 1289 homo
883 1248 965 1290 est
1020 1239 1313 1290 secundum
1367 1239 1508 1305 quod
1559 1237 1873 1303 simpliciter
1926 1248 1978 1289 et

418 1328 603 1392 aliquo
629 1329 805 1389 modo,
826 1327 941 1381 sive
980 1329 1270 1380 secundum
1305 1341 1587 1380 commune
1614 1338 1666 1378 et
1705 1327 1976 1395 proprium

418 1419 602 1470 ditl'ert
623 1456 637 1480 ,
690 1418 791 1471 etsi
818 1420 1107 1471 secundum
1161 1434 1272 1471 rem
1304 1419 1443 1472 idem
1473 1420 1540 1470 sit
1571 1420 1757 1471 dexter
1784 1421 1974 1480 homo;

418 1509 618 1574 quippe
665 1508 927 1560 etl‘etrus
977 1508 1137 1562 homo
1181 1518 1262 1561 est
1293 1518 1346 1562 et
1378 1508 1516 1560 titius
1570 1508 1755 1571 Jonas;
1804 1524 1977 1575 neque

421 1600 655 1651 alterum
703 1596 969 1664 signiﬁcat
1025 1598 1113 1665 qui
1150 1601 1396 1650 eumdem
1436 1597 1650 1650 Petrum
1705 1599 1974 1650 lio-.uineiu

418 1688 573 1751 dicit;
605 1686 832 1739 alterum
858 1700 1006 1749 vero,
1041 1700 1159 1738 cum
1186 1686 1431 1740 eumdem
1465 1687 1628 1739 ﬁlium
1654 1685 1801 1740 Jona:
1830 1688 1980 1740 dixe-

420 1780 512 1829 rit.
555 1776 862 1829 Secundum
920 1789 1078 1837 vero,
1132 1775 1619 1844 qumlsimplicilec
1676 1787 1732 1829 et
1799 1778 1979 1846 aliquo

420 1867 581 1919 modo
607 1866 823 1929 dicitur,
853 1865 1213 1919 diﬂ'ereutiam
1243 1876 1451 1921 tantum
1483 1868 1680 1921 indicat
1708 1884 1722 1932 ;
1754 1868 1980 1920 diecudo
2016 1848 2054 1901 Β

418 1957 566 2008 enim
633 1954 849 2009 Petrum
892 1955 1166 2009 hominem
1202 1956 1452 2011 absoluto
1472 1966 1527 2011 et
1585 1958 1855 2011 communi
1884 1974 1978 2009 uo-

420 2048 566 2099 miue
598 2044 918 2111 subjectum,
976 2045 1226 2099 eumdem
1278 2059 1405 2098 vero
1429 2054 1481 2099 et
1509 2042 1660 2099 Joua:
1702 2045 1865 2099 ﬁlium
1897 2044 1979 2097 di-

419 2138 622 2194 cendo.
653 2138 873 2204 proprio
904 2146 954 2188 et
997 2135 1217 2188 relativo
1238 2145 1292 2187 et
1323 2134 1541 2188 deﬁnito
1570 2136 1807 2198 nomine,
1830 2150 1981 2189 eum-

417 2229 540 2279 deni
572 2238 623 2278 et
658 2227 822 2277 lilium
860 2239 979 2277 esse
1030 2240 1093 2277 ex
1132 2224 1348 2277 homine
1406 2222 1540 2277 Jona
1582 2226 1671 2292 qui
1727 2234 1875 2293 pater
1907 2226 1979 2277 illi

421 2318 546 2379 luit,
572 2318 797 2369 indicat.
852 2314 955 2368 Per
1010 2326 1296 2382 utrumque
1322 2329 1451 2383 ergo
1492 2330 1685 2369 nomen
1720 2315 1873 2367 aliter
1929 2322 1981 2367 et

416 2408 583 2460 aliter
635 2408 771 2459 idem
811 2407 1188 2476 signiﬁcatur,
1240 2406 1461 2461 relative
1519 2408 1981 2460 sciltcrtetabso-

421 2503 779 2553 tutezsoliim
840 2508 1017 2551 autem
1078 2497 1394 2565 simpliciter
1456 2506 1510 2551 et
1572 2499 1757 2565 aliquo
1823 2500 1980 2551 modo

414 2590 623 2643 ilitl‘ert.
682 2588 838 2641 Aliud
878 2587 1019 2640 enim
1075 2590 1364 2640 essentiam
1415 2587 1531 2640 sine
1562 2587 1744 2640 habitu
1775 2588 1982 2654 signiti-

419 2694 547 2744 cal;
609 2681 749 2734 aliud
804 2678 1047 2733 eamdem
1108 2686 1160 2730 et
1209 2676 1275 2730 ad
1328 2677 1529 2745 aliquid
1588 2680 1981 2747 quodammodo

420 2777 727 2827 habentem.

498 2872 798 2921 Attestatur
858 2878 1037 2921 autem
1104 2868 1188 2921 his
1229 2882 1346 2934 qua:
1384 2868 1524 2919 dicta
1564 2876 1687 2918 sunt
1750 2867 1981 2932 primum

418 2961 640 3027 quidem
721 2974 945 3029 magnus
1014 2958 1365 3023 Athanasius,
1406 2969 1587 3022 postea
1640 2972 1767 3009 vero
1820 2962 1982 3010 etiam

418 3060 647 3103 sanctus
698 3048 1000 3113 Maximus,
1060 3060 1225 3116 atque
1292 3049 1450 3102 ambo
1485 3049 1535 3101 in
1586 3049 1814 3116 dialogis
1867 3050 1983 3101 suis

2086 614 2223 666 rent,
2255 606 2486 657 uolebat.
2542 606 2595 660 Si
2631 610 2746 671 quis
2774 612 2914 661 enim
2970 624 3242 676 paternam
3289 614 3640 666 substantiam

2084 693 2362 745 relativum
2390 695 2568 757 dicat,
2618 712 2837 751 necesse
2868 708 2970 758 est,
3011 709 3061 750 ιιι
3095 702 3158 749 ad
3196 704 3335 767 quod
3374 690 3639 765 refertur,

2091 783 2248 834 simul
2273 786 2536 836 conliteri.
2563 786 2871 853 llujttsminii
2900 791 3097 855 quippe
3124 804 3311 840 natura
3340 803 3423 843 est
3454 810 3639 843 earum

2085 890 2261 926 rerum
2298 890 2415 942 quae
2444 875 2509 927 ad
2557 878 2756 943 aliquid
2790 880 3061 932 dicuntur.
3118 880 3260 933 Idem
3312 896 3436 934 \et'o
3480 896 3527 932 et
3591 888 3641 935 in

2084 964 2383 1014 substantia
2441 965 2615 1031 genita
2652 978 2704 1017 et
2753 968 2802 1016 in
2859 970 3176 1033 pimedente
3215 971 3497 1020 dicendum
3542 985 3643 1025 est.

2088 1053 2196 1105 Hoc
2230 1066 2409 1105 autem
2444 1056 2492 1105 iii
2529 1054 2631 1107 Deo
2662 1058 2833 1123 positu
2857 1097 2870 1117 ,
2902 1074 3116 1111 necesse
3148 1069 3229 1112 est
3259 1073 3366 1112 tri's
3400 1064 3649 1117 subdan-

2087 1145 2208 1204 tias,
2246 1158 2338 1194 Sell
2365 1155 2474 1197 tres
2510 1160 2765 1210 persmias
2812 1147 2970 1197 lleum
3028 1152 3320 1202 si-cundutu
3360 1155 3474 1203 lidi-t
3508 1157 3648 1219 posi-

2089 1234 2288 1284 tionem
2326 1251 2387 1285 ex
2443 1238 2814 1300 processibus,
2846 1238 2957 1288 sive
3004 1254 3039 1289 ri
3062 1239 3351 1293 lat'ouibus
3385 1260 3647 1308 apparan-

2087 1332 2165 1375 tes
2187 1325 2447 1387 conliteri,
2474 1326 2611 1391 quod
2636 1336 2747 1377 erat
2769 1331 3091 1379 contrarium
3113 1331 3328 1383 Satn-Ilii
3355 1340 3643 1399 proposito.

2122 1410 2194 1461 De
2226 1411 2324 1462 hoc
2356 1414 2495 1477 quod
2533 1414 2862 1477 pr0|lt)Silll|I|
2913 1425 3015 1474 est,
3040 1426 3092 1468 et
3146 1433 3366 1483 magnus
3414 1417 3646 1470 Basilius

2088 1500 2137 1551 in
2175 1500 2469 1565 exemplari
2502 1498 2716 1552 dii-tata‘
2744 1508 2897 1555 abeo
2928 1505 3070 1565 tidei,
3100 1506 3253 1571 cujus
3287 1508 3490 1558 itiitiitiii
3522 1522 3598 1561 est
3631 1530 3642 1562 :

2088 1588 2189 1639 Eos
2223 1590 2306 1654 qui
2337 1592 2579 1652 pt'tet'eutt'
2645 1601 2763 1641 sunt
2804 1594 2909 1643 alia
2943 1594 3063 1657 ﬁdei
3121 1596 3462 1658 confessione,
3518 1600 3590 1651 ai:
3628 1616 3643 1650 :

2088 1679 2309 1740 Quidam
2346 1694 2461 1731 vero
2516 1680 2579 1729 ab
2618 1682 2880 1745 impietate
2937 1684 3056 1747 Afri
3104 1684 3322 1735 Sabe/lii
3366 1689 3642 1747 venientes,

2085 1769 2433 1821 substantiam
2469 1768 2818 1841 [Iiypostasin]
2849 1786 3001 1842 atque
3043 1780 3320 1828 essentiam
3352 1779 3485 1830 idem
3538 1798 3646 1834 esse

2080 1861 2353 1925 suspicati,
2382 1862 2499 1914 inde
2526 1864 2820 1916 occasiones
2851 1868 3225 1919 concinnandar
3255 1885 3361 1921 sum
3385 1871 3640 1937 “asp/ie:-

2082 1954 2201 2004 mite
2226 1953 2470 2016 trahunt,
2504 1969 2567 2005 ei:
2599 1970 2657 2007 eo
2682 1994 2696 2018 ,
2727 1955 2865 2021 quod
2898 1960 2950 2008 in
2995 1957 3095 2023 ﬁde
3125 1960 3375 2022 scriptum
3407 1962 3473 2011 sit
3530 1980 3544 2013 :
3585 1962 3648 2013 Si

2082 2044 2195 2109 quis
2231 2053 2403 2096 autent
2439 2060 2501 2097 ex
2549 2048 2654 2097 alia
2697 2049 2921 2099 essentia
2986 2050 3089 2101 sire
3122 2050 3414 2103 substantia
3443 2050 3643 2104 Fiiiuia

2080 2145 2189 2182 esse
2209 2130 2419 2192 dixerit,
2457 2132 2591 2183 lianc
2633 2134 3044 2186 anathematisat
3076 2138 3329 2189 catholica
3360 2149 3405 2190 et
3434 2150 3644 2203 aposto-

2088 2219 2190 2269 lica
2225 2219 2481 2272 Ecclesia.
2525 2220 2642 2273 Non
2678 2223 2811 2274 enim
2856 2223 2959 2276 illic
2999 2227 3133 2277 idem
3165 2227 3426 2287 dixerunt,
3472 2246 3645 2280 θείη-η-

2084 2310 2210 2361 tiam
2249 2320 2401 2379 atque
2441 2315 2824 2367 substantiam.
2858 2314 2914 2367 Si
2944 2317 3077 2367 enim
3121 2334 3275 2368 unum
3321 2331 3471 2386 atque
3503 2338 3645 2371 eam-

2084 2400 2196 2451 dem
2232 2403 2628 2469 intelltgrntiam
2665 2405 2991 2457 iitsinaarent
3047 2424 3224 2470 voces,
3270 2412 3392 2474 quid
3440 2428 3645 2465 ttt’t'canf

2083 2503 2190 2543 cr'al
2228 2510 2466 2554 uzrasque
2514 2501 2744 2558 ponere?
2796 2498 3014 2549 Constat
3067 2516 3181 2550 τετυ
3239 2504 3479 2566 quoniam
3528 2509 3645 2557 aliis

2085 2583 2291 2648 quidem
2339 2600 2399 2634 ea:
2457 2584 2630 2637 Putris
2676 2588 2821 2637 illum
2876 2591 3101 2639 essentia
3144 2606 3251 2641 esse
3292 2595 3592 2659 negantibus
3628 2636 3643 2654 ,

2084 2672 2201 2721 aliis
2253 2691 2364 2724 vero
2392 2677 2697 2734 dicentibus,
2742 2678 2863 2743 quia
2898 2695 3057 2744 neque
3094 2696 3156 2731 ea;
3191 2684 3434 2739 ruentia.
3485 2700 3595 2739 neat
3619 2703 3645 2735 c

2085 2782 2145 2816 et
2184 2769 2469 2817 stt/tsldtllttt
2497 2780 2650 2833 esset;
2678 2769 2749 2819 ita
2809 2784 3025 2834 utraque
3065 2782 3116 2822 ut
3150 2776 3319 2823 aliena
3372 2775 3433 2825 ab
3486 2780 3647 2827 ccc/c-

2085 2858 2301 2909 siastsca
2343 2860 2689 2927 iiitilligentia
2729 2862 3131 2914 interdi'xci'unt.
3190 2864 3288 2914 L'bi
3333 2867 3467 2915 enim
3523 2884 3642 2916 sr‘i-

2086 2963 2201 2998 sam
2252 2966 2401 3001 suum
2445 2964 2828 3018 expresserant,
2868 2969 2930 3005 er
2967 2953 3141 3005 l’atris
3177 2958 3403 3008 esscntia
3447 2956 3640 3008 Filium

2087 3039 2353 3101 dixerunt;
2394 3055 2491 3090 non
2509 3040 2623 3105 jam
2668 3041 2971 3107 adjicicittcs
3011 3054 3057 3093 et
3086 3060 3147 3095 ex
3178 3046 3493 3098 substantia.
3532 3047 3644 3098 Ita-

417 3142 682 3193 adversus
719 3142 1058 3194 Auomaeum.
1102 3141 1361 3193 Auentino
1394 3141 1536 3192 enim
1579 3140 1791 3193 dicente
1839 3139 1981 3192 aliud
2013 3170 2048 3225 ς
2086 3142 2179 3210 (Ιςιε

1880 3139 1981 3192 ηαδ
2013 3170 2048 3225 c
2086 3142 2183 3210 que
2234 3137 2280 3178 et
2334 3127 2466 3178 illud
2522 3127 2728 3195 quidem
2784 3146 2875 3196 pro
2934 3132 3212 3184 abolitione
3268 3138 3507 3199 pessima!
3560 3137 3642 3186 in-

416 3232 736 3292 essentiaut,
761 3230 902 3283 aliud
923 3244 1044 3283 esse
1064 3232 1446 3293 substantiam,
1469 3241 1687 3284 sanctus
1711 3230 1979 3284 Maximus

421 3322 765 3390 respondet:
811 3320 972 3373 Aliud
1014 3329 1063 3373 et
1112 3320 1258 3373 aliud
1318 3338 1419 3375 non
1468 3339 1617 3390 quasi
1646 3340 1787 3387 rem;
1817 3333 1978 3392 atque

420 3414 520 3467 illo
553 3414 815 3465 intercute
837 3428 850 3464 :
872 3409 1014 3463 Num
1043 3428 1163 3481 ergo
1184 3412 1765 3478 compositio?Sam-tus
1787 3415 1981 3481 adjun-

420 3508 501 3571 git
526 3523 538 3557 :
576 3506 732 3557 Aliud
757 3514 800 3557 et
828 3506 973 3557 aliud
1004 3506 1133 3571 dixi,
1168 3522 1268 3557 non
1297 3512 1446 3575 quasi
1467 3523 1592 3569 rein,
1622 3511 1709 3559 sed
1751 3520 1804 3558 ut
1832 3510 1978 3559 aliud

418 3596 622 3664 aliquid
650 3599 893 3661 essentia,
942 3598 1087 3648 aliud
1117 3598 1445 3666 signiﬁcante
1479 3602 1802 3653 substantia.
1834 3601 1979 3651 Sicut

418 3706 646 3756 granum
671 3690 831 3741 tritici
859 3689 1055 3740 dicitur
1080 3700 1125 3742 et
1186 3706 1354 3742 semen
1404 3702 1476 3744 est
1506 3702 1551 3743 et
1582 3692 1805 3759 fructus;
1836 3693 1981 3743 aliud

417 3793 597 3834 autem
630 3782 892 3848 quoddam
924 3782 1185 3849 signiﬁcat
1216 3798 1409 3845 semen,
1446 3782 1590 3833 aliud
1616 3783 1840 3847 fructus.

494 3874 810 3927 Coticedcus
849 3889 976 3941 ergo
1041 3884 1261 3926 sanctus
1294 3874 1425 3935 illic,
1466 3872 1608 3924 aliud
1646 3888 1768 3927 esse
1797 3886 1982 3926 esseu-

418 3964 578 4024 tiatii,
615 3964 755 4014 aliud
797 3964 1181 4029 substantiam,
1213 3974 1517 4016 nontamen
1555 3964 1822 4032 geminam
1862 3964 1977 4014 dei-

419 4057 587 4097 tateitt
623 4046 844 4113 intelligi
882 4049 1138 4113 permittit
1182 4065 1195 4100 :
1237 4056 1518 4114 propterea
1577 4048 1783 4101 scilicet
1838 4048 1981 4115 quod

418 4154 525 4188 noti
566 4137 703 4187 idem
743 4136 924 4188 itiiient
968 4138 1231 4204 signiﬁcet
1264 4139 1432 4190 dcitas
1454 4147 1505 4190 et
1538 4138 1863 4201 substantia,
1904 4144 1985 4194 vel

416 4226 658 4278 essentia
689 4234 741 4277 et
773 4227 1097 4279 substantia.
1126 4226 1273 4280 Licet
1307 4229 1467 4295 igitur
1500 4228 1638 4280 idcnt
1688 4230 1983 4282 esst-ullam

417 4330 487 4369 ac
527 4320 895 4369 substantiam
926 4318 1103 4370 dicere
1128 4322 1420 4371 secundum
1453 4333 1562 4371 rem
1604 4331 1665 4383 et
1724 4320 1870 4373 aliud
1900 4338 1986 4374 es-

418 4408 837 4466 sentiam.a|iud
864 4409 1216 4462 substantiam
1278 4414 1568 4465 secundum
1632 4414 1985 4482 signiﬁcatita

421 4514 605 4549 rerum
638 4499 875 4552 nomina.
904 4498 968 4552 Ει
1003 4510 1290 4567 utrumque
1318 4513 1492 4554 tamen
1528 4520 1709 4556 verum
1743 4515 1840 4557 est.
1877 4504 1987 4558 Non
2028 4536 2067 4588 ο
2096 4528 2242 4577 t-Sst',

420 4589 568 4641 enim
602 4589 898 4640 secundum
929 4588 1070 4641 idem
1107 4592 1267 4644 etiam
1328 4594 1486 4645 ambo
1512 4595 1561 4644 in
1607 4604 1862 4659 quantum
1910 4612 1993 4647 es-

418 4681 594 4729 sentia
624 4678 838 4745 quidem
862 4694 1149 4735 commune
1196 4681 1505 4748 signiﬁcat,
1560 4694 1614 4735 et
1667 4685 1805 4736 idem
1852 4686 1990 4752 quod

420 4783 540 4827 erat
577 4786 717 4821 esse.
760 4770 1073 4824 Substantia
1100 4786 1224 4825 vero
1276 4772 1439 4835 idem,
1462 4774 1595 4826 etad
1628 4775 1828 4843 alquid
1854 4792 1992 4844 quo-

421 4859 714 4911 daminodo
766 4859 969 4913 habens
999 4861 1078 4912 vel
1104 4861 1393 4930 gignentis,
1424 4863 1502 4917 vel
1532 4864 1718 4932 geniti,
1759 4868 1836 4918 vel
1866 4882 1991 4936 pro-

418 4954 672 5003 cedentis
726 4950 807 5003 vel
840 4951 1085 5017 producti
1119 4953 1344 5007 ratione.

504 5040 710 5093 Dictum
743 5053 825 5097 est
856 5052 1034 5097 autem
1077 5059 1107 5097 a
1136 5044 1339 5099 sanatis
1377 5061 1481 5101 non
1520 5046 1659 5102 idem
1700 5049 1989 5103 essentiam

426 5148 553 5185 esse
583 5139 745 5201 atque
774 5134 1153 5199 substantiam,
1187 5147 1402 5204 propter
1427 5135 1713 5191 Sabelliuui
1740 5146 1993 5197 maxime.

430 5226 531 5277 tlic
579 5229 722 5279 enim
772 5240 933 5279 unam
978 5242 1261 5296 personam
1315 5229 1478 5284 Deum
1522 5246 1643 5283 esse
1691 5232 1993 5296 conﬁtens,

429 5321 568 5369 idem
604 5318 655 5368 in
693 5318 799 5369 Deo
826 5332 947 5373 esse
992 5319 1349 5373 substantiam
1396 5332 1448 5376 et
1486 5324 1777 5378 essentiam
1808 5342 1996 5380 secun-

426 5410 555 5462 dum
610 5426 744 5471 rem,
792 5418 846 5462 et
899 5410 1131 5464 libenter
1180 5412 1394 5479 quidem
1449 5415 1825 5471 conﬁtebatur.
1886 5418 1997 5472 lloe

426 5505 571 5555 enim
606 5501 679 5553 illi
713 5504 947 5555 maxime
978 5503 1043 5555 ad
1079 5503 1128 5556 id
1159 5504 1301 5572 quod
1347 5505 1695 5571 moliebatur,
1749 5510 1996 5563 cautere-

430 5596 603 5647 rebat.
632 5593 973 5648 Substautias
994 5608 1122 5648 vero
1146 5610 1238 5647 seu
1269 5609 1528 5665 personas
1550 5600 1834 5654 relativum
1858 5617 1997 5668 esse,

495 5778 611 5847 (35)
654 5780 863 5837 Λεςίιιὶι
903 5782 1262 5837 sitbstautiam
1298 5797 1395 5853 pro
1431 5784 1734 5855 bypostasi.

2087 3218 2386 3285 telligentia:
2430 3219 2656 3285 positum
2701 3226 2800 3280 est,
2840 3222 2933 3272 lioc
2972 3234 3142 3274 autem
3179 3224 3418 3275 salutare
3453 3225 3641 3292 dogma

2081 3309 2410 3376 manifestat.
2696 3314 2704 3342 ι’

2154 3422 2267 3476 Hoc
2300 3424 2352 3475 in
2383 3422 2497 3476 loco
2520 3437 2744 3489 magnus
2764 3422 2997 3475 Basilius
3022 3423 3325 3476 dicentibus
3354 3423 3467 3475 l‘att
3486 3426 3643 3480 ibus:

2084 3512 2140 3565 Si
2172 3513 2292 3581 quis
2319 3527 2446 3564 vero
2470 3512 2684 3575 dixerit,
2715 3527 2778 3565 ex
2812 3513 2912 3564 alia
2942 3516 3197 3576 essentia,
3232 3529 3324 3567 St'u
3350 3516 3648 3567 substantia

2084 3602 2300 3665 Filium,
2331 3604 2471 3655 hunc
2504 3604 2924 3656 anathematizat
2960 3604 3221 3656 Catholici
3270 3616 3320 3656 et
3355 3608 3648 3671 apostolica

2083 3694 2446 3761 Ecclesia,eos
2468 3696 2558 3763 qui
2596 3696 2720 3749 hinc
2753 3693 3126 3755 conﬁciebant,
3178 3695 3315 3745 idettt
3369 3710 3487 3746 esse
3517 3698 3654 3746 sub-

2084 3788 2334 3840 stantiam
2414 3797 2571 3855 atqite
2621 3790 2960 3850 essentiam,
2992 3786 3171 3852 culpat
3252 3796 3303 3839 et
3371 3789 3443 3839 ait
3486 3804 3497 3837 :
3536 3788 3650 3839 Non

2087 3884 2252 3944 enim,
2278 3882 2401 3949 quia
2437 3882 2548 3935 illic
2565 3882 2841 3944 dixerunt,
2878 3897 2941 3934 cx
2979 3881 3082 3933 alia
3117 3883 3367 3939 essentia.
3396 3882 3507 3933 sive
3529 3883 3654 3933 sub-

2087 3976 2303 4032 stautia.
2355 3975 2477 4027 inde
2530 3976 2797 4041 colligitur
2873 3976 3012 4026 idem
3074 3988 3189 4026 esse
3243 3976 3530 4025 essentiam
3575 3988 3655 4023 ai-

2088 4080 2194 4131 que
2226 4065 2579 4116 substantiam
2613 4083 2625 4127 ;
2657 4068 2752 4117 sed
2798 4068 3148 4131 quorumdam
3187 4064 3467 4130 upitiimtes
3506 4063 3655 4113 lalla-

2088 4172 2177 4207 ωε
2199 4157 2266 4206 ab
2299 4156 2534 4208 Ecclesia
2564 4156 2902 4208 eliminaates
2930 4195 2944 4214 ,

2091 4245 2168 4296 usi
2205 4256 2350 4297 sunt.
2388 4246 2441 4297 Si
2475 4249 2614 4298 enim
2652 4248 2790 4297 idem
2816 4248 2982 4297 Atlli).l'
3010 4247 3399 4312 signitii-areat,
3432 4260 3655 4297 necesse

2091 4338 2328 4402 ptolet‘to
2365 4354 2465 4388 non
2512 4347 2626 4388 erat
2664 4350 2917 4403 utrasque
2972 4351 3190 4402 potiere.
3242 4336 3345 4388 Sed
3400 4352 3654 4403 quianam

2092 4424 2182 4475 alii
2233 4426 2447 4490 quidem
2511 4426 2775 4488 negabant
2836 4440 2896 4475 ex
2951 4424 3125 4475 l’attis
3172 4426 3401 4477 essentia
3461 4424 3656 4479 Filium

2993 4156 3233 4220 utrisque
3267 4155 3382 4205 istis
3430 4154 3654 4205 vocibus

2336 4514 2551 4579 quidam
2606 4530 2735 4566 veto
2778 4530 2948 4581 neque
2979 4529 3042 4565 ex
3084 4531 3183 4566 ess-
3212 4518 3340 4577 ntia,
3386 4530 3555 4581 neque
3591 4532 3656 4569 ex

2096 4604 2396 4656 substantia
2452 4604 2625 4656 l’atris
2690 4605 2833 4655 illum
2895 4620 3012 4655 esse
3071 4607 3398 4663 fatebantur,
3455 4607 3658 4656 idcirco

2096 4705 2320 4760 utraque
2352 4695 2769 4757 lutet-dixerunt,
2808 4711 2902 4761 pro
2942 4697 3657 4761 tiirletitdlepessttltzcintel-

2095 4782 2326 4849 ligctitim
2382 4786 2711 4837 anathemati
2778 4787 3161 4850 siibjieientes,
3210 4787 3251 4837 si
3301 4786 3420 4851 quis
3461 4789 3660 4839 exalia

2097 4877 2329 4929 essentia
2358 4876 2470 4931 sive
2494 4878 2791 4931 substantia
2823 4879 3012 4931 Filium
3052 4879 3273 4931 dixerit.

2168 4967 2241 5020 Es
2263 4968 2556 5037 quodliquet
2580 4980 2826 5023 sanetum
2860 4970 3202 5033 concludere,
3240 4983 3342 5021 nou
3373 4967 3510 5021 idem
3539 4982 3664 5022 CSIO

2100 5060 2391 5114 essentiam
2429 5071 2586 5128 atque
2636 5064 3016 5116 substantiam.
3072 5062 3222 5125 Quod
3260 5062 3478 5129 quidam
3520 5077 3662 5127 pne-

2105 5160 2184 5203 ter
2212 5153 2386 5205 sancti
2420 5154 2517 5206 viri
2544 5154 2899 5207 intentionem
2962 5164 3363 5220 perverteutes,
3414 5154 3463 5204 iu
3499 5156 3667 5220 pluri-

2106 5256 2221 5294 mas
2257 5243 2617 5297 absurditates
2650 5244 2917 5297 itteidttttl.
2976 5245 3162 5312 Neque
3194 5246 3336 5297 cnim
3392 5245 3511 5298 illus
3546 5248 3665 5299 cul-

2105 5341 2217 5400 pat,
2268 5336 2409 5401 quod
2474 5337 2769 5388 secundum
2854 5352 2966 5388 rem
3028 5335 3166 5388 idem
3215 5350 3333 5388 esse
3380 5346 3667 5389 essentaai

2106 5432 2265 5491 atque
2296 5426 2645 5479 substantiam
2688 5426 2945 5489 dixerint;
3008 5427 3107 5479 hoc
3138 5429 3280 5479 enim
3331 5444 3514 5481 verum
3552 5446 3676 5481 essu

2110 5516 2309 5567 veritas
2348 5531 2459 5585 ipsa
2492 5532 2610 5570 eum
2644 5519 2851 5570 sanctis
2888 5516 3141 5572 l’atribus
3164 5520 3422 5587 loquitur,
3453 5520 3676 5589 ipseque

2111 5610 2161 5662 in
2196 5610 2417 5679 epistola
2451 5614 2515 5665 ad
2553 5612 2868 5682 Gregorium
2915 5612 3135 5667 fratrem
3206 5622 3498 5668 aut-alatur
3531 5631 3544 5679 ;
3581 5614 3678 5668 sed
