4462 6440
840 374 938 431 ῙῊ

2087 374 2472 430 MANl'IiLIS
2514 370 2811 430 CALECJE

3961 325 4067 435 tot

828 486 955 551 quia
1018 481 1309 534 secundum
1360 482 1619 532 rationein
1651 520 1663 539 ,
1714 479 1825 533 sive
1870 481 2143 533 nominum
2185 501 2299 547 διάη
2330 484 2384 531 :i-
2422 489 2462 540 Α
2564 479 2731 531 Porro
2757 488 3059 532 stsanctant
3090 479 3368 546 lsaac(34)
3393 483 3912 547 prolerattlicentem
3941 484 4078 535 :Illc

832 575 1135 631 ratimiein,
1204 572 1339 622 idem
1398 570 1689 623 essentiam
1752 579 1803 621 et
1861 569 2220 621 substantiant
2281 585 2401 623 esse

833 665 1136 730 putabant:
1172 671 1224 714 et
1284 676 1384 711 non
1436 670 1491 710 ut
1528 661 1641 726 ipse
1688 660 1781 722 ait,
1839 660 2130 712 essentiam
2185 660 2401 728 quidem

835 754 899 803 ad
960 764 1263 812 commune,
1320 762 1374 802 ut
1431 750 1749 816 simpliciter
1795 751 2112 803 ducebant:
2152 754 2404 802 substan-

836 846 964 896 tiant
1026 856 1171 904 vero,
1224 848 1403 892 notant
1458 842 1723 907 propriam
1780 842 1831 892 in
1882 857 1965 905 eo,
2028 843 2164 908 quod
2223 843 2404 909 aliquo

836 934 995 985 modo
1044 932 1108 985 ad
1154 934 1294 983 aliud
1344 929 1589 991 haberet,
1644 932 1990 992 detiitiebant,
2044 943 2096 983 et
2159 935 2221 981 ali
2256 945 2401 985 utro-

835 1037 938 1087 que
977 1021 1251 1072 noininuni
1289 1036 1447 1069 uuam
1494 1021 1849 1087 eamdemque
1883 1022 2166 1088 capiebant
2202 1024 2400 1074 inti-lli-

834 1113 1069 1177 gentiam
1113 1126 1204 1176 per
1230 1124 1392 1175 quam
1428 1124 1738 1175 processus,
1781 1110 2188 1179 relatioiiesqtte,
2223 1114 2406 1166 simul-

832 1213 936 1266 quc
969 1208 1077 1251 tres
1104 1213 1380 1266 personas,
1412 1214 1531 1251 esse
1567 1202 1731 1251 Deum
1764 1200 2108 1254 auferebam.

908 1289 1089 1355 Itaque
1150 1291 1476 1340 conlitentnr
1540 1292 1757 1356 quidem
1824 1289 2077 1343 ECCiCsitB
2142 1293 2403 1359 magiStri,

838 1381 974 1429 idem
1006 1379 1295 1429 essentiam
1328 1389 1382 1430 et
1424 1380 1783 1431 substantiam
1818 1395 1935 1432 esse
1971 1397 1983 1431 :
2019 1392 2070 1433 ct
2102 1381 2260 1433 iidem
2289 1398 2405 1434 rur-

836 1482 926 1519 sus
951 1478 1170 1534 negant,
1202 1482 1304 1520 non
1333 1468 1471 1520 idem
1501 1484 1623 1521 esse
1651 1469 2007 1521 substantiam
2033 1479 2195 1537 atque
2218 1486 2406 1525 esen-

837 1558 965 1609 iiaui
991 1560 1271 1623 dicentes,
1306 1574 1411 1611 non
1448 1562 1739 1612 secundum
1800 1561 1938 1612 idem
1980 1570 2032 1615 ct
2064 1564 2241 1626 ambo,
2265 1565 2406 1616 sicut

836 1650 1037 1700 dictum
1080 1659 1157 1701 est
1191 1665 1207 1714 ;
1242 1651 1727 1703 contradictionem
1776 1653 1920 1704 enim
1957 1653 2008 1704 in
2039 1655 2228 1706 eodem
2265 1671 2406 1707 nuit-

833 1752 993 1803 quani
1038 1739 1192 1790 simul
1241 1754 1421 1791 verant
1457 1754 1577 1793 esse
1616 1755 1795 1807 posse.
1835 1735 1991 1797 Aliud
2027 1745 2169 1797 enim
2206 1760 2402 1799 secun-

836 1834 960 1877 dttttt
998 1842 1131 1888 rem,
1167 1827 1307 1879 aliud
1348 1829 1643 1880 secundum
1689 1844 1883 1883 nomen
1926 1830 2209 1898 accipitur.

910 1918 1108 1970 Deinde
1127 1917 1328 1983 adjicit,
1347 1921 1483 1984 quod
1520 1918 1605 1970 tibi
1637 1934 1791 1972 suum
1816 1918 2003 1974 Patres
2026 1936 2240 1975 sensum
2268 1920 2408 1976 indi-

834 2023 960 2062 care
999 2011 1305 2072 volnerum,
1338 2012 1595 2063 dixerunt
1628 2027 1690 2063 ex
1731 2010 1903 2063 Patris
1935 2013 2169 2067 essentia
2189 2011 2408 2080 Filium,

835 2101 970 2153 satis
1022 2115 1143 2155 esse
1192 2112 1515 2168 putaverunt
1567 2105 1632 2155 ad
1685 2104 2091 2171 insinuandum,
2134 2103 2250 2158 Filii
2285 2107 2409 2161 sub-

840 2190 1100 2241 stantiam
1154 2206 1218 2243 ex
1268 2189 1429 2247 l‘atre
1463 2206 1623 2245 esse:
1668 2207 1729 2245 ac
1761 2194 2025 2261 proxime,
2065 2194 2227 2248 veluti
2264 2194 2409 2248 sidi-

838 2292 1073 2346 ceretur,
1099 2268 1221 2336 eum
1253 2297 1372 2337 esse
1396 2298 1458 2337 ex
1494 2293 1716 2353 paterna
1754 2288 2076 2342 substantia.
2112 2286 2226 2341 lloc
2266 2288 2409 2342 enim

842 2375 1332 2429 manifestationem
1375 2377 1576 2431 habere
1608 2378 1862 2432 salutaris
1894 2379 2162 2449 dogmatis
2188 2395 2409 2435 aSscve-

838 2477 975 2518 rant.
1008 2465 1259 2520 Salutare
1287 2479 1466 2521 autem
1493 2468 1686 2535 dogma
1716 2478 1825 2532 est,
1876 2484 1939 2523 ex
1974 2470 2131 2523 Patre
2165 2473 2412 2526 substan-

840 2557 971 2607 tiam
1008 2557 1210 2611 ltabet'e
1241 2556 1457 2618 Filium,
1508 2560 1806 2613 nativitatis
1861 2561 2065 2615 ratione
2115 2564 2359 2616 conlileri
2394 2581 2405 2614 :

837 2648 1347 2701 consubstantialem
1390 2649 1595 2702 scilicet
1626 2650 1696 2712 ci,
1736 2666 1799 2703 ex
1835 2664 1942 2718 quo
1974 2660 2078 2716 est,
2114 2652 2254 2719 quod
2283 2667 2412 2707 sane

842 2737 1031 2804 dogma
1073 2737 1297 2790 indicari
1342 2738 1474 2791 dixit
1518 2754 1584 2794 ex
1630 2755 1713 2804 eo,
1748 2741 1890 2809 quod
1944 2744 2149 2795 dictum
2189 2754 2296 2806 est,
2346 2760 2411 2797 ea:

840 2824 1017 2879 Putris
1044 2828 1263 2881 essentia
1300 2827 1499 2882 Filium
1543 2832 1846 2893 esse.ldem
1879 2848 2008 2903 ergo
2031 2846 2114 2888 est
2138 2850 2200 2889 ex
2234 2833 2411 2888 Patris

841 2917 1103 2980 essentia,
1159 2927 1321 2987 atque
1356 2934 1418 2973 ex
1467 2920 1643 2974 Patris
1674 2924 1975 2977 substantia
2022 2926 2224 2979 dicere.
2266 2926 2409 2980 ldcm

842 3022 904 3057 ex
960 3008 1195 3061 essentia
1243 3021 1405 3079 atque
1457 3011 1758 3064 substantia
1806 3023 1908 3077 est,
1943 3016 2234 3068 secundum
2275 3029 2406 3068 rent.

842 3097 901 3149 lit
926 3099 1157 3152 essentia
1188 3099 1365 3154 Patris
1395 3101 1694 3155 substantia
1729 3113 1813 3157 est
1851 3104 2046 3160 Patris.

915 3188 1178 3253 Quoniam
1229 3191 1389 3258 igitur
1436 3202 1484 3245 et
1528 3191 1765 3261 Spiritus
1796 3204 2016 3250 sanctus
2060 3210 2123 3250 ex
2162 3194 2281 3251 Filii
2337 3213 2423 3253 es-

842 3278 1013 3331 scntia
1062 3282 1348 3345 asseritur,
1381 3280 1547 3349 liquet
1586 3284 1773 3348 etiam,
1817 3287 1959 3353 quod
2012 3300 2075 3339 ex
2124 3288 2421 3341 substantia

841 3371 981 3423 illius
1003 3372 1072 3424 sit
1098 3386 1111 3421 :
1139 3386 1309 3438 neque
1330 3372 1472 3435 enim
1498 3385 1576 3426 est
1599 3375 1677 3427 vel
1701 3377 1933 3429 essentia
1956 3377 2069 3430 sine
2095 3379 2419 3442 substantia,

842 3461 922 3512 vel
987 3460 1284 3513 substantia
1333 3463 1448 3516 sine
1509 3466 1764 3518 essentia.
1824 3465 2078 3530 Quamvis
2141 3476 2195 3523 et
2251 3470 2421 3537 prima

840 3548 1080 3616 synodus
1112 3549 1164 3601 iit
1218 3551 1339 3602 lidei
1374 3549 1633 3618 Synibolo
1670 3554 1747 3605 sic
1781 3555 2019 3607 tradidit:
2055 3555 2327 3608 Credimus
2371 3570 2419 3611 et

839 3632 891 3693 in
943 3637 1141 3693 Filium
1189 3638 1283 3695 Dei
1341 3651 1518 3696 natum
1583 3658 1647 3698 ea:
1678 3642 1857 3709 Patre.
1890 3646 2213 3703 vitlelicstrx
2243 3647 2421 3705 Patris

840 3736 1087 3786 essentia.

912 3821 1136 3876 Constat
1163 3825 1320 3893 igitur
1356 3842 1447 3895 per
1475 3831 1677 3890 omnia,
1703 3830 1843 3896 quod
1878 3830 1989 3884 sive
2006 3840 2068 3885 es
2098 3832 2214 3885 Filii
2237 3849 2420 3887 esseu-

843 3916 912 3965 t'a
942 3914 1173 3982 Spiritus
1199 3919 1413 3981 dicitur,
1438 3921 1552 3971 sive
1582 3935 1643 3973 ex
1695 3919 1845 3985 Filio,
1882 3925 1995 3977 sive
2022 3941 2084 3976 ex
2120 3923 2237 3977 Filii
2288 3929 2417 3978 stib-

842 4011 1059 4073 stantia,
1084 4010 1405 4064 itiliildiﬂert
1426 4012 1489 4064 ad
1513 4012 1627 4079 ejus
1643 4014 1996 4066 sulistantiaitt
2021 4016 2417 4070 iiisiuuitudam.

840 4101 1298 4164 Quemadmodum
1348 4108 1489 4155 enim
1518 4121 1581 4157 ex
1608 4122 1671 4157 eo
1701 4107 1839 4173 quod
1867 4110 2064 4160 dictum
2095 4120 2198 4174 est,
2224 4110 2416 4162 Filittizl

841 4210 962 4246 t‘sse
992 4211 1054 4247 ex
1088 4194 1264 4248 Patris
1302 4198 1563 4259 essentia,
1600 4198 1901 4251 substantia
1945 4200 2083 4253 illius
2143 4201 2265 4254 inde
2301 4216 2419 4255 ease

842 4286 1194 4351 intelligitur:
1228 4289 1296 4340 ita
1320 4298 1375 4340 ct
1409 4290 1642 4354 Spiritus
1668 4302 1905 4349 sanctus.
1928 4292 2181 4358 quoniam
2210 4306 2272 4345 cx
2298 4292 2415 4346 Filii

839 4381 1071 4432 e~sentia
1111 4396 1137 4431 a
1174 4380 1432 4447 theologis
1484 4382 1731 4447 traditur,
1766 4398 1829 4434 ex
1864 4384 1977 4451 ipso
2007 4385 2170 4437 etiam
2219 4385 2416 4438 habere

2507 579 2652 633 pater
2676 579 2796 621 tum
2819 583 2913 632 est,
2944 577 2990 621 et
3015 584 3076 621 ea:
3104 576 3292 621 natura
3327 580 3415 621 tua
3436 584 3512 622 est
3537 589 3555 634 ;
3581 580 3634 623 at
3660 572 3709 623 id
3737 573 3946 639 quidem
3972 575 4074 626 dici

2512 660 2588 713 fas
2608 662 2776 723 est,in
2801 661 2995 727 quibus
3020 659 3193 711 nullus
3225 660 3356 711 ordo
3384 662 3731 728 conspicitur,
3754 663 3937 717 divisis
3961 665 4075 731 qui-

2508 754 2625 803 dem
2659 749 2952 803 secuudunt
2978 751 3279 809 materiam,
3316 751 3479 802 nnitis
3519 762 3696 803 autent
3746 752 4079 807 solummodo

2511 842 2741 895 termino
2768 853 2969 893 natura:
2996 841 3257 902 mortalis,
3280 856 3373 909 pcr
3401 856 3559 909 quam
3596 843 4081 897 invicem'coiisnb-

2511 932 2791 985 stantiales
2844 933 3137 984 secundum
3172 932 3578 983 conversionem
3615 934 3679 983 ad
3728 930 3957 986 invicem
3995 935 4080 986 di-

2508 1035 2724 1085 cuntur,
2748 1031 2801 1075 ct
2831 1023 3119 1075 secundum
3150 1038 3305 1088 quant
3353 1022 3721 1091 unusquisque
3763 1039 3824 1074 ex
3856 1027 4080 1091 proximi

2488 1129 2721 1184 Qua-ora,
2741 1113 2901 1164 vclaiti
2919 1128 2979 1164 ex
3005 1115 3235 1180 quodam
3252 1113 3514 1178 subjecto,
3539 1114 3588 1163 iit
3608 1114 3820 1180 propria
3843 1116 4082 1166 substan-

2513 1204 2604 1262 ll't,
2626 1218 2685 1254 ac
2710 1202 2868 1254 veluti
2888 1217 2948 1253 cx
2977 1211 3084 1252 toto
3113 1216 3237 1267 pars
3270 1201 3487 1254 abusive
3509 1201 3794 1257 diceretur.
3816 1204 4084 1257 Caeterum

2509 1293 2560 1342 in
2584 1301 2763 1343 sancta
2784 1289 3068 1353 Trinitatc,
3082 1305 3203 1342 cum
3220 1307 3322 1343 una
3338 1293 3479 1345 sitae
3494 1293 3885 1360 simplicissima
3907 1310 4086 1348 essen-

2515 1381 2608 1442 tia,
2636 1378 3049 1446 differentiaqne
3093 1380 3209 1432 solo
3252 1393 3598 1446 personarum
3631 1384 3696 1433 ab
3724 1381 3951 1433 invicem
3998 1397 4086 1434 or-

2508 1470 2633 1520 dine
2684 1468 3034 1534 inspiciatur,
3090 1470 3382 1521 secundum
3447 1470 3645 1522 scilicet
3696 1472 4079 1525 substantiales

2512 1559 2721 1610 illarum
2777 1571 3091 1626 processus,
3152 1558 3600 1625 qtieniadtttoduui
3648 1559 3979 1635 impossibile
4003 1572 4085 1614 eSt

2509 1650 2720 1701 Patrem
2778 1665 2840 1701 cx
2877 1647 3013 1701 Filio
3043 1659 3091 1700 et
3124 1664 3188 1701 ex
3247 1647 3367 1701 Filii
3418 1649 3649 1701 essentia
3704 1650 3832 1713 dici,
3864 1660 3917 1702 et
3943 1661 4087 1703 certe

2510 1756 2631 1791 cum
2680 1754 2782 1791 una
2815 1741 2882 1791 sit
2909 1740 3208 1804 eademque
3246 1739 3484 1791 essentia
3521 1738 3691 1792 Patris
3719 1756 3779 1793 ac
3831 1739 3969 1799 Filii,
4017 1740 4086 1791 ita

2513 1827 2766 1895 possibile
2798 1842 2900 1879 noa
2927 1836 3006 1882 est
3034 1826 3228 1879 Filium
3257 1841 3319 1880 ex
3354 1826 3583 1895 Spiritus
3609 1827 3719 1880 sive
3764 1830 3827 1880 de
3856 1826 4087 1895 Spiritus

2512 1918 2811 1971 substantia
2850 1932 3085 1986 unquam
3138 1918 3241 1969 dici
3280 1927 3493 1985 propter
3523 1918 3728 1970 ordinis
3771 1920 4083 1980 terminum,

2510 2010 2808 2063 secundum
2843 2024 3003 2077 quem
3038 2024 3100 2061 ex
3134 2006 3291 2061 Patre
3320 2022 3416 2076 per
3448 2008 3641 2061 Filiutu
3687 2009 3946 2076 procedit.

2581 2100 3039 2165 Quemadmodum
3089 2100 3275 2153 eadem
3319 2100 3526 2151 ratione
3585 2098 3778 2151 Filium
3814 2114 3876 2152 ex
3932 2099 4090 2153 Patre

2511 2208 2605 2261 per
2678 2191 2941 2260 Spiritum
3019 2189 3164 2257 gigni
3240 2204 3547 2244 asseverare
3605 2206 3708 2242 non
3779 2206 4085 2258 possumus.

2511 2284 2774 2349 Quocirca
2795 2282 2892 2334 rite
2916 2281 3117 2333 dictum
3138 2289 3219 2334 est
3245 2296 3257 2331 :
3278 2279 3441 2334 Filius
3465 2280 3636 2335 sancti
3664 2280 3896 2349 Spiritus
3920 2296 4090 2347 neque

2512 2383 2612 2435 est,
2652 2387 2823 2441 neque
2855 2371 3071 2435 dicitur,
3124 2386 3296 2438 neque
3348 2374 3684 2426 convertitur
3735 2372 3946 2426 habitus
3989 2373 4087 2425 ista

2512 2468 2920 2532 c0ii5equentia.

2583 2557 2803 2611 Constat
2838 2566 3013 2609 autent
3045 2572 3108 2609 ex
3150 2555 3231 2608 liis
3274 2570 3392 2623 qua:
3424 2556 3567 2607 dicta
3619 2565 3779 2621 sunt,
3836 2564 3889 2611 et
3942 2556 4084 2625 quod

2514 2664 2735 2718 tiiagitus
2760 2648 3086 2701 Athanasius
3126 2646 3327 2699 idcirco
3357 2647 3430 2699 ait
3456 2663 3471 2699 :
3504 2643 3584 2697 Ex
3628 2645 3785 2699 Patre
3814 2651 4091 2713 procedere

2513 2740 2705 2790 dicitur
2729 2779 2742 2803 ,
2766 2738 3011 2805 quoniam
3037 2753 3068 2787 a
3096 2733 3260 2788 Verbo
3277 2736 3486 2795 emicat,
3509 2745 3558 2787 et
3586 2736 3832 2798 mittitur,
3847 2747 3893 2788 et
3912 2738 4091 2788 datur.

2514 2829 2699 2896 Laqne
2730 2828 2830 2880 nisi
2862 2842 2953 2895 per
2995 2825 3227 2879 Verbum
3275 2826 3421 2878 illuni
3460 2823 3619 2879 Pater
3667 2827 3958 2889 emitteret,
4003 2841 4092 2878 ne-

2515 2937 2782 2989 quaquam
2813 2927 2954 2973 esset
2980 2932 3045 2971 ex
3069 2916 3225 2971 Patre
3256 2917 3555 2983 procedens
3580 2954 3593 2966 .
3622 2913 3928 2981 Proprietas
3950 2915 4091 2966 enim

2516 3012 2774 3080 Spiritus,
2803 3022 2859 3065 ut
2884 3010 3145 3074 diximus,
3173 3022 3254 3063 esr
3284 3025 3349 3062 ex
3378 3006 3534 3061 Patre
3563 3020 3657 3075 per
3680 3004 3872 3059 Filium
3904 3019 4095 3073 proce-

2437 3129 2479 3185 ο
2513 3105 2662 3167 dere,
2699 3104 2812 3156 sive
2850 3117 2914 3156 cx
2962 3102 3136 3170 primo
3183 3115 3274 3168 per
3312 3100 3541 3153 medium
3574 3112 3715 3161 esse,
3766 3110 3968 3165 perque
3996 3096 4097 3147 liu-

2521 3196 2755 3266 jusniodi
2785 3208 3093 3263 processum
3117 3194 3412 3261 procedens
3439 3197 3539 3243 est.
3565 3188 3730 3243 Filius
3762 3190 3903 3241 enim
3929 3198 4094 3250 esset,

2527 3290 2570 3343 si
2607 3304 2672 3340 cx
2703 3286 2863 3341 Patre
2886 3287 3003 3340 sine
3036 3286 3210 3337 medio
3241 3283 3577 3350 procederet.
3624 3279 3778 3342 Nam,
3826 3293 3890 3332 ex
3937 3276 4097 3331 Patre

2524 3395 2644 3433 esse
2674 3380 2791 3432 sine
2843 3376 3039 3438 medio,
3073 3376 3377 3443 proprietas
3434 3370 3550 3423 Filii
3591 3383 3694 3433 est,
3753 3370 3890 3422 sicut
3936 3370 4096 3422 etiam

2527 3486 2687 3539 supra
2728 3468 3045 3522 docuimus.
3098 3464 3374 3530 Quomodo
3428 3476 3554 3531 ergo
3581 3478 3686 3514 non
3734 3474 3912 3516 essea
3964 3459 4101 3513 Filio

2525 3563 2755 3622 dicatur,
2816 3560 2905 3627 qui
2967 3559 3167 3611 idcirco
3217 3557 3416 3609 dicitur
3442 3569 3509 3608 ex
3566 3552 3723 3605 Patre
3773 3551 4090 3619 procedere,

2524 3653 2649 3724 quia
2688 3663 2737 3708 et
2768 3670 2793 3704 :t
2855 3648 2990 3706 Filio
3026 3660 3078 3705 ω
3107 3664 3200 3722 ινῚ·
3232 3647 3425 3705 Filium
3467 3644 3591 3702 est?
3625 3643 3688 3700 Et
3741 3643 3870 3699 illud
3908 3644 4093 3700 ilitletu

2523 3757 2773 3810 constat,
2830 3763 2953 3814 quia
3014 3745 3288 3810 μγοιύιὲισνε
3360 3751 3416 3795 et
3488 3742 3717 3794 emicare
3780 3740 3917 3792 idem
3984 3751 4103 3789 esse

2523 3840 2817 3891 arbitratur
2856 3835 3205 3888 Athanasius.
3248 3833 3453 3885 ldcirto
3478 3833 3624 3885 enim
3650 3835 3724 3884 ait
3767 3827 4101 3883 :Procedrre

2522 3945 2554 3979 a
2598 3925 2754 3979 Patre
2789 3927 3001 3989 dicitur,
3027 3924 3274 3993 quoniam
3318 3940 3347 3973 α
3383 3919 3546 3973 Verbo
3572 3920 3783 3982 critical,
3830 3917 3980 3986 quasi
4021 3918 4106 3969 di-

2523 4030 2709 4082 ceret,
2764 4018 2886 4070 ldeo
2943 4017 3240 4085 procedens
3288 4029 3391 4077 est,
3447 4014 3571 4081 quia
3595 4027 3659 4066 ex
3697 4010 3854 4065 Patre
3888 4026 3980 4078 per
4010 4009 4106 4064 Fi-

2526 4112 2651 4163 lititti
2696 4111 2969 4178 procedit;
2996 4109 3097 4160 nisi
3138 4108 3277 4159 enim
3312 4122 3405 4175 per
3440 4104 3632 4158 Filium
3659 4147 3672 4169 ,
3712 4117 3982 4172 nunquam
4018 4101 4103 4155 di-

2520 4210 2734 4252 ceretur
2776 4215 2837 4250 ex
2879 4198 3034 4250 Patre
3068 4196 3377 4264 proce.-Iere,
3420 4194 3514 4247 sed
3554 4193 3727 4246 nasci.

2602 4290 2657 4344 Si
2688 4306 2855 4351 enim,
2891 4301 2946 4339 ut
2983 4288 3197 4354 quidam
3230 4285 3438 4347 volunt,
3477 4284 3710 4338 emicare
3740 4283 3881 4351 quod
3904 4282 4001 4345 ait,
4042 4282 4107 4333 de

2523 4380 2839 4448 temporali,
2879 4393 3038 4447 quem
3101 4378 3173 4430 illi
3231 4376 3593 4435 introducunt,
3630 4388 3883 4442 processu
3943 4373 4103 4426 intel-

840 4471 1196 4523 sulistantiant
1246 4471 1575 4536 insinuatur,
1612 4474 1903 4526 secundum
1952 4491 2108 4544 quam
2150 4493 2212 4530 ex
2268 4480 2423 4531 l‘atre
2458 4464 2497 4517 Ι)
2532 4474 2617 4541 ligi
2678 4472 2885 4532 voluit,
2949 4485 3111 4537 quam
3164 4468 3425 4522 rationem
3482 4465 3775 4529 habuisset,
3829 4465 3988 4517 simul
4032 4465 4103 4516 ita

842 4578 935 4629 per
975 4562 1168 4616 Fiiiuitt
1208 4566 1473 4629 procedit,
1534 4578 1582 4617 et
1633 4569 1925 4619 secundum
1992 4585 2148 4636 quam
2208 4571 2273 4624 ab
2316 4571 2429 4636 ipso

843 4654 1040 4707 habere
1090 4671 1211 4707 esse
1251 4656 1467 4708 dici'ur.
1506 4658 1583 4709 Ac
1625 4659 1762 4710 sicut
1805 4660 2171 4713 inJiIlei-cnter
2201 4680 2226 4714 a
2283 4663 2433 4714 tlieo-

842 4746 999 4812 togis,
1068 4748 1180 4799 sive
1234 4762 1297 4799 ex
1337 4745 1512 4799 Patris
1568 4762 1825 4815 essenta,
1861 4753 1982 4805 sive
2030 4770 2094 4806 ex
2142 4754 2256 4823 ejus
2306 4756 2434 4809 snti-

841 4838 1041 4889 stantia
1074 4828 1241 4891 Filius
1276 4840 1489 4899 dicitur,
1525 4842 1588 4892 ad
1621 4842 1996 4896 insinuandaiti
2054 4844 2167 4913 t-jtis
2218 4860 2281 4898 ex
2331 4846 2423 4898 illo

840 4928 1238 4983 subStantiant:
1277 4930 1345 4981 ita
1396 4941 1447 4983 et
1484 4930 1741 4999 Spiritum
1768 4949 1831 4986 ex
1863 4932 2019 4998 Filio,
2053 4936 2165 4987 sive
2215 4951 2279 4990 ex
2307 4939 2423 5005 ejus

839 5019 1095 5079 essentia,
1125 5019 1237 5072 sive
1277 5034 1340 5070 ex
1392 5022 1688 5074 substantia
1717 5023 1893 5076 dicere
1918 5024 2280 5079 inditl'ercnter
2299 5040 2422 5092 pos-

840 5120 1027 5161 sumus
1098 5108 1163 5162 ad
1220 5111 1649 5176 OStendendnm,
1714 5114 1861 5166 illum
1916 5129 1978 5168 ex
2036 5114 2172 5169 Filio
2228 5118 2422 5174 habere

840 5211 1001 5262 esse;
1030 5198 1129 5250 nisi
1160 5199 1280 5263 quis
1315 5200 1378 5253 ad
1407 5203 1587 5253 omnia
1623 5204 1899 5271 impudens
1922 5219 2038 5257 esse
2069 5206 2212 5258 velit.

917 5290 971 5343 Si
1003 5293 1122 5357 quis
1147 5301 1323 5343 autem
1359 5304 1412 5345 et
1437 5294 1522 5347 liic
1552 5309 1644 5361 per
1673 5298 1773 5349 lioc
1809 5296 2032 5349 indicari
2066 5298 2418 5351 consubstan-

841 5384 1122 5438 tialitatem
1175 5385 1341 5451 dicat,
1384 5386 1549 5440 Filius
1597 5400 1741 5442 certe
1796 5389 1863 5443 de
1908 5390 2139 5457 Spiritus
2184 5394 2418 5443 essentia

842 5492 947 5528 non
978 5475 1198 5542 dicitur,
1241 5491 1417 5545 neque
1470 5480 1802 5533 convertitur
1846 5480 2058 5533 Italiitns
2103 5481 2201 5534 ista
2231 5496 2418 5533 consc-

834 5571 1081 5637 quentia.

2526 4579 2847 4619 connectere
2871 4564 2892 4616 ?
2922 4560 2991 4615 Ut
3020 4562 3161 4614 enini
3190 4560 3334 4614 [tunc
3361 4560 3525 4612 etiam
3560 4572 3681 4611 esse
3726 4555 4104 4619 concedamus,

2531 4656 2839 4733 temporalis
2874 4632 2961 4707 illa
2996 4652 3273 4721 processio
3316 4650 3444 4719 quid
3489 4650 3554 4701 ad
3606 4663 3723 4702 eam
3754 4647 4110 4715 confert,quai

2530 4750 2647 4801 sine
2700 4759 2940 4815 tempore
2974 4744 3102 4799 est?
3152 4742 3397 4808 Quanam
3450 4754 3577 4795 vero
3630 4739 3836 4792 ratione
3887 4748 4109 4807 poneret

2534 4842 2670 4894 lianc
2725 4840 3071 4906 settipiternze
3106 4837 3251 4890 illius
3302 4833 3668 4905 processionis
3695 4846 3814 4884 eSse
3850 4830 4111 4883 causam?

2532 4932 2733 4983 Unities
2769 4931 2966 4997 quippe
3012 4928 3306 4991 novimus,
3356 4925 3604 4992 quoniam
3657 4924 3927 4975 cattsaletlt
3984 4936 4110 4973 con-

2528 5023 2866 5089 junctiouem
2906 5034 3004 5087 pro
3039 5033 3203 5072 causa
3235 5016 3428 5084 accipi.
3464 5014 3580 5068 Non
3627 5012 3794 5076 enim,
3849 5012 4108 5079 quoniam

2533 5131 2560 5166 a
2622 5112 2756 5166 Fdio
2816 5112 3190 5179 temporaliter
3249 5108 3467 5171 emicat,
3527 5106 3646 5158 ideo
3697 5119 3725 5175 gi
3789 5105 3959 5177 Patre
3994 5104 4109 5156 sive

2530 5213 2775 5273 tempore
2830 5204 3087 5271 procedit.
3130 5202 3250 5256 ideo
3284 5213 3457 5253 tamen
3519 5214 3583 5250 eu
3634 5196 3794 5248 verbo
3829 5212 3961 5248 usus
4000 5206 4115 5263 est,

2528 5310 2585 5351 tit
2619 5302 2873 5364 emicare,
2918 5312 3013 5366 pro
3046 5313 3130 5363 eo,
3161 5296 3302 5365 quod
3366 5304 3449 5349 est
3518 5293 3814 5360 procedere,
3867 5292 4108 5352 dicvret;

2527 5392 2782 5459 quoniam
2817 5391 3079 5459 Spiritum
3132 5390 3549 5450 illuminantem,
3601 5388 3761 5438 vitam
3791 5383 4104 5452 appellavit,

2526 5485 2834 5537 alternatim
2881 5486 3085 5538 scilicet
3140 5484 3495 5537 conversione
3566 5479 3819 5534 dictionis
3877 5488 4034 5529 utens
4091 5476 4147 5523 :'

2526 5591 2835 5645 quanquam
2874 5586 2925 5631 et
2976 5576 3358 5645 magistrorum
3414 5572 3629 5642 plurimi
3689 5570 3908 5623 cnticare
3962 5565 4107 5635 quod

909 5756 1020 5824 [54)
1096 5754 1244 5810 Isaac
1301 5754 1616 5823 Ercmitarn,
1655 5756 1807 5825 tiijii:.
1870 5764 2083 5809 exstant
2143 5752 2399 5822 opuchla
2444 5755 2698 5809 ascetica.
