4462 6440
464 431 565 494 105

1507 423 1909 484 ADVERSUS
1950 421 2264 481 GRAECOS
2307 422 2449 483 LIB.
2492 424 2574 486 II.

3585 425 3681 487 106

457 538 654 593 dicitur
695 536 751 588 in
798 532 1137 588 substantiali
1185 544 1538 599 personarum
1591 546 1842 600 processu
1892 546 2010 599 pro-
2040 535 2082 589 Α
2115 531 2164 582 in
2193 532 2386 586 divinis
2412 532 2671 601 personis,
2708 542 2763 586 ut
2788 547 2945 602 supra
2981 535 3301 587 declaratum
3330 544 3435 609 est,
3484 536 3548 589 ab
3577 537 3684 587 aiio

458 628 586 695 price
614 624 929 678 substantiae
979 622 1360 690 praetulerunt;
1387 620 1523 674 sicut
1571 630 1654 675 est
1689 620 1841 685 illud,
1876 621 2018 687 quod

457 716 705 770 canitur:
736 712 1038 782 Unigeuitus
1068 710 1365 779 Filius,qui
1386 727 1449 764 ea:
1480 710 1637 763 Patre
1662 711 1769 763 sine
1794 719 2019 777 tempore

451 803 686 872 cﬂ'ulsit;
719 803 811 855 sed
840 802 1001 855 etiam
1035 798 1409 867 procedentem
1443 813 1507 851 ex
1554 797 1709 851 Patre
1762 798 2019 866 Spiritum

453 892 608 943 vitam
663 904 784 944 esse
827 881 1055 941 viventis
1124 884 1282 938 Verbi
1342 885 1491 939 dixit.
1550 883 1605 938 Si
1673 894 1850 938 autem
1904 887 2013 937 vita

451 992 517 1032 ex
572 979 807 1039 vivente.
856 982 1314 1045 nunquam,certe
1364 974 1465 1027 erit
1516 976 1630 1029 sine
1688 974 1883 1041 Spiritu
1934 974 2021 1027 Fi-

453 1067 595 1121 lius:
645 1068 795 1121 Sicut
844 1067 984 1119 enim
1014 1069 1177 1118 Pater
1231 1066 1383 1119 habet
1432 1066 1590 1117 vitam
1626 1068 1677 1116 in
1727 1067 2019 1132 semetipso,

452 1158 528 1210 sic
577 1159 719 1210 dedit
752 1167 801 1210 et
827 1156 967 1209 Filio
1008 1157 1165 1209 vitam
1198 1155 1386 1208 habere
1416 1156 1470 1208 in
1499 1158 1770 1221 semetipso
1802 1156 1867 1208 ⁸⁵.
1901 1156 2019 1209 Vita

456 1256 637 1302 autem
666 1247 899 1317 Spiritus
946 1255 1165 1301 sanctus
1197 1255 1299 1305 est,
1341 1260 1497 1312 quem
1542 1261 1646 1299 una
1677 1261 1799 1300 cum
1836 1246 2013 1298 Patris

450 1339 686 1392 essentia
723 1353 791 1392 ex
825 1337 988 1391 Patre
1024 1350 1254 1390 nascens
1307 1334 1486 1388 trahit.
1519 1333 1703 1404 Neque
1751 1337 1892 1388 enim
1942 1342 2023 1388 est

448 1429 569 1483 sine
594 1428 725 1492 vita,
755 1429 844 1497 qui
878 1437 1032 1481 natus
1064 1436 1166 1482 est.
1204 1428 1257 1482 ld
1306 1429 1501 1497 quippe
1549 1438 1742 1496 praeter
1775 1427 2020 1494 impieta-

448 1529 557 1573 tem
600 1520 760 1574 etiam
799 1520 1200 1575 stolidissimum
1235 1533 1330 1587 est,
1365 1531 1421 1576 ut
1475 1520 1550 1575 ait
1584 1520 2019 1589 Chrysostomus,

447 1624 572 1663 cum
625 1609 751 1661 illud
801 1621 1134 1678 exponeret:
1185 1612 1337 1665 Dedit
1385 1612 1541 1664 vitam
1572 1650 1586 1663 .

519 1697 825 1763 Enimvero,
858 1701 1108 1768 quoniam
1150 1702 1387 1770 operatio
1417 1700 1536 1754 Filii
1561 1700 1789 1768 Spiritus
1807 1705 2022 1751 sanctus

448 1798 567 1837 esse
608 1785 787 1838 dictus
818 1796 902 1839 est
945 1786 1246 1841 subsistens
1275 1798 1328 1841 et
1366 1787 1789 1847 substantialiter
1837 1785 2020 1845 insita,

454 1884 667 1929 constat
700 1877 825 1944 quia
863 1890 958 1943 per
991 1876 1248 1946 Spiritum
1300 1888 1553 1946 operatur
1580 1916 1591 1930 .
1618 1876 1729 1933 Hoc
1762 1886 1937 1931 autem
1970 1886 2022 1929 et

447 1966 745 2019 communis
785 1967 1031 2022 Ecclesia
1064 1970 1245 2038 opinio
1298 1979 1400 2035 est,
1434 1970 1664 2023 maxime
1713 1983 1831 2020 cum
1861 1967 2021 2020 etiam

448 2053 712 2109 Dominus
779 2057 1011 2111 dixerit:
1085 2056 1142 2111 Si
1210 2069 1379 2111 autem
1463 2074 1553 2127 ego
1602 2060 1655 2109 in
1718 2058 1883 2125 digito
1930 2055 2025 2108 Dei

446 2143 601 2209 eiieio
645 2147 924 2211 daemonia,
954 2164 1074 2217 ergo
1106 2150 1332 2217 pervenit
1371 2151 1423 2202 in
1457 2164 1540 2202 vos
1588 2164 1800 2218 regnum
1840 2147 2021 2200 Dei“.

448 2234 600 2300 Quod
652 2236 786 2290 alius
843 2239 1169 2309 evangelista
1206 2254 1480 2307 exponens
1510 2239 1586 2292 ait
1615 2257 1630 2292 :
1656 2239 1716 2292 Si
1762 2248 1937 2291 autem
1969 2239 2020 2289 in

449 2323 650 2390 Spiritu
719 2326 815 2379 Dei
856 2330 1010 2397 ejicio
1053 2331 1311 2383 daemonia
1346 2328 1414 2383 ⁸⁷.
1446 2328 1611 2382 Filius
1673 2330 1856 2398 itaque
1918 2344 2017 2398 per

446 2414 710 2485 Spiritum
745 2417 860 2482 Dei,
892 2419 980 2487 qui
1019 2420 1179 2474 etiam
1221 2434 1351 2474 suus
1396 2431 1478 2475 est
1528 2402 1781 2489 Spiriﬁts,
1834 2436 2023 2490 opera-

452 2519 560 2561 tur.
611 2507 747 2561 lllud
814 2516 1013 2577 autem,
1064 2524 1161 2578 per
1218 2515 1360 2580 quod
1413 2511 1691 2579 quisquam
1744 2522 2017 2577 operatur,

452 2599 567 2652 sive
598 2601 751 2668 quasi
806 2615 1028 2656 movens
1058 2612 1160 2665 est,
1190 2614 1248 2656 ut
1294 2618 1409 2666 rex,
1438 2618 1530 2671 per
1574 2618 1730 2672 quem
1787 2604 2022 2658 civitatis

448 2687 783 2755 dispensator
817 2689 1149 2746 administrat
1199 2707 1260 2747 ac
1287 2695 1423 2763 gerit
1448 2695 1664 2759 omnia;
1701 2695 1835 2759 sive,
1869 2707 2022 2764 quasi

449 2779 685 2846 speciale
720 2789 773 2834 et
806 2781 874 2834 ab
924 2791 1039 2834 arte
1088 2783 1338 2849 veniens;
1371 2793 1428 2836 ut
1455 2785 1644 2840 artifex
1710 2800 1802 2853 per
1850 2800 2019 2841 artem

449 2878 743 2936 operatur;
776 2872 888 2925 sive
920 2886 1014 2938 per
1060 2887 1278 2927 causam
1311 2875 1571 2928 naturalis
1620 2875 1832 2929 virtutis
1885 2892 2013 2929 suae.

516 2958 635 3013 Non
665 2976 792 3029 ergo
810 2963 979 3017 virtus
1001 2966 1271 3032 operantis
1295 2979 1455 3020 causa
1483 2977 1587 3031 est,
1614 2967 1770 3021 sicuti
1795 2978 1843 3022 et
1870 2985 2022 3023 mens

448 3064 544 3117 per
583 3052 803 3104 verbum
845 3068 1078 3121 operans
1121 3056 1271 3123 quasi
1305 3072 1397 3121 per
1453 3060 1554 3110 vim
1596 3074 1747 3111 suam
1796 3070 2017 3114 natura-

2121 635 2239 674 esse
2265 622 2551 689 significat.
2583 622 2687 675 Per
2731 637 2885 690 quem
2941 619 3286 676 niliilomidus
3340 638 3580 689 causam,
3627 636 3685 677 et

2121 711 2258 776 quod
2288 725 2349 763 ex
2377 726 2535 765 causa
2568 721 2673 776 est,
2711 712 2932 782 intelligi
2980 714 3165 766 voluit.
3197 712 3393 782 Nempe
3426 716 3564 767 enim
3616 717 3681 766 ab

2120 811 2184 851 eo
2212 814 2480 866 nunquam
2509 802 2725 855 daretur
2756 802 2855 853 nisi
2884 802 3047 854 etiam
3100 803 3165 853 ab
3194 816 3257 853 eo
3307 813 3449 855 esset
3481 822 3494 855 :
3527 805 3682 857 aliter

2120 890 2261 942 enim
2298 889 2528 945 ministri
2574 891 2880 960 fungeretur
2915 894 3047 947 vice.
3092 895 3133 945 A
3165 909 3269 962 quo
3314 905 3487 948 autem
3534 897 3679 948 illum

2121 982 2236 1034 dari
2272 985 2569 1050 oportebat,
2604 994 2660 1037 ut
2687 984 2798 1051 ipse
2830 985 2902 1036 ait
2928 986 3271 1050 Athanasius,
3322 987 3423 1038 nisi
3475 987 3540 1037 ab
3592 1002 3678 1049 eo,

2122 1072 2275 1139 cujus
2305 1074 2429 1125 est?
2458 1074 2565 1125 lloc
2595 1084 2772 1127 autem
2805 1091 2907 1128 non
2938 1076 3197 1143 itaesset,
3230 1077 3329 1129 nisi
3358 1088 3409 1128 et
3438 1079 3500 1128 ad
3533 1077 3676 1128 illum

2124 1162 2435 1215 referretur.
2469 1162 2672 1217 Relatio
2703 1178 2877 1219 autem
2911 1182 3151 1227 causam,
3187 1178 3240 1218 et
3286 1168 3501 1221 causale
3536 1182 3681 1219 eom-

2134 1254 2368 1306 mendat.
2403 1255 2571 1309 Filius
2600 1271 2726 1323 ergo
2754 1272 2915 1311 causa
2946 1260 3116 1310 sancti
3148 1257 3379 1326 Spiritus
3412 1270 3514 1313 est.
3558 1259 3678 1326 Spi-

2125 1342 2261 1397 ritus
2314 1346 2454 1398 eniin
2510 1356 2728 1401 sanctus
2803 1363 2895 1415 per
2969 1348 3159 1402 Filium
3209 1366 3311 1403 nou
3385 1361 3679 1414 operatur;

2124 1445 2390 1499 causaque
2460 1433 2543 1487 illa
2599 1444 2720 1498 est,
2784 1437 2905 1503 quia
2982 1436 3150 1489 Filius
3223 1452 3287 1491 ex
3362 1437 3518 1491 l'atre
3589 1454 3675 1506 pet

2127 1518 2383 1589 Spiritum
2440 1537 2544 1575 non
2602 1523 2859 1589 gignitur,
2924 1525 3153 1593 Spiritus
3217 1537 3390 1580 autem
3422 1544 3483 1580 ex
3526 1528 3682 1580 Patre

2125 1626 2217 1679 per
2251 1610 2444 1664 Filium
2500 1614 2758 1678 procedit.
2794 1614 3092 1667 Secundum
3130 1630 3288 1683 quam
3342 1630 3471 1668 sane
3517 1616 3679 1669 ratio-

2127 1716 2268 1764 nem,
2302 1716 2398 1754 nec
2438 1700 2604 1755 Filius
2648 1704 2878 1769 Operatio
2929 1714 2975 1755 et
3026 1706 3187 1755 virtus
3236 1702 3467 1770 Spiritus
3509 1705 3679 1756 sancti

2126 1792 2298 1845 dictus
2327 1802 2424 1845 est.

2193 1880 2383 1945 Porro,
2421 1883 2464 1935 si
2504 1884 2623 1951 quis
2670 1885 2907 1952 ejusdem
2940 1886 3232 1938 beatissimi
3262 1884 3358 1937 viri
3388 1882 3677 1937 dictum'iu

2123 1972 2242 2027 ﬁdei
2277 1974 2442 2042 ipsius
2459 1974 2799 2029 confeSsione
2829 1976 2937 2043 (53)
2963 1976 3393 2044 prreexpOsitum,
3427 1992 3533 2045 quo
3562 1976 3633 2028 ait
3662 1994 3677 2029 :

2121 2068 2345 2137 Spiritus
2389 2082 2621 2135 sanctus,
2656 2088 2720 2124 ea:
2756 2072 2914 2125 Patre
2947 2083 2995 2125 et
3045 2072 3184 2124 Filio
3219 2089 3317 2124 non
3362 2072 3553 2138 factus,
3589 2086 3679 2121 nec

2120 2173 2345 2226 creatus,
2367 2181 2455 2216 nec
2484 2166 2708 2232 genitus,
2739 2169 2825 2217 sed
2852 2164 3148 2229 procedens,
3179 2164 3482 2231 ambiguum
3508 2171 3679 2229 putat,

2120 2261 2172 2304 et
2205 2254 2352 2319 quasi
2405 2252 2758 2306 adulteralum
2812 2254 3166 2307 calumniatur
3216 2270 3227 2305 :
3283 2254 3511 2319 primum
3562 2253 3680 2316 qui-

2122 2341 2238 2394 dem
2273 2342 2320 2394 id
2362 2357 2542 2395 verum
2596 2357 2733 2407 esse,
2767 2342 2888 2395 inde
2929 2342 3267 2395 manifestum
3317 2350 3421 2406 est,
3452 2342 3574 2409 quia
3629 2351 3681 2393 et

2123 2432 2404 2500 theologus
2444 2434 2734 2502 Gregorius
2787 2434 2840 2487 in
2893 2434 3164 2487 Athanasii
3218 2434 3459 2486 laudibus
3515 2432 3681 2499 ipsius

2122 2524 2365 2576 meminit
2395 2525 2617 2578 dicens:
2650 2524 2801 2577 Solus
2853 2526 2939 2577 ille
2996 2526 3068 2577 rel
3101 2540 3216 2577 cum
3272 2526 3448 2589 pani-is
3496 2523 3678 2574 admo-

2060 2672 2063 2675 _
2121 2612 2262 2674 dum,
2292 2628 2448 2665 ausus
2481 2624 2555 2667 est
2586 2618 2842 2667 ceritatem
2876 2616 2926 2667 iu
2955 2616 3157 2681 scriptis
3180 2614 3411 2680 conﬁteri
3438 2629 3454 2675 ;
3485 2622 3531 2658 et
3564 2627 3681 2680 qua:

2124 2704 2231 2756 illic
2262 2706 2607 2773 additzquam
2643 2717 2765 2760 tunc.
2802 2708 3053 2773 temporis
3084 2706 3444 2773 conscriptam
3484 2705 3548 2756 ad
3591 2702 3682 2755 Ju-

2122 2792 2248 2846 lium
2288 2774 2584 2849 [loinanuni
2624 2797 2927 2865 poatifieem
2977 2797 3142 2859 misit,
3177 2811 3296 2849 cum
3346 2795 3685 2848 insimulare-

2125 2896 2209 2938 tur
2240 2899 2340 2938 nou
2386 2896 2542 2939 recta:
2572 2901 2690 2941 esse
2728 2888 2868 2939 fidei.
2900 2887 3120 2950 Deinde,
3156 2894 3207 2937 et
3238 2900 3300 2938 ex
3330 2901 3393 2937 eo
3447 2894 3680 2948 constat,

2124 2976 2290 3043 ipsius
2319 2991 2494 3029 veram
2518 2992 2635 3032 esse.
2657 3015 2671 3039 ,
2693 2979 2832 3046 quod
2857 2992 2948 3044 per
2969 2991 3158 3029 omnes
3184 2975 3492 3029 Occidentis
3517 2990 3589 3029 cci
3614 2977 3686 3029 le-

2124 3068 2232 3121 sias
2271 3067 2566 3123 Dominicis
2596 3084 2809 3137 semper
2843 3069 3028 3122 diebus
3061 3068 3328 3136 psallitur.
3358 3077 3516 3135 atque.
3546 3068 3683 3120 adeo

450 3141 553 3193 lem
601 3153 656 3195 ει
707 3143 1044 3199 “denum”
1077 3186 1091 3209 ο
1140 3162 1304 3205 causa
1358 3161 1435 3203 εει
1485 3152 1657 3215 verbi.
1691 3154 1781 3207 Sed
1834 3168 1937 3208 non
1986 3169 2013 3208 ο
2042 3168 2083 3228 c
2120 3160 2343 3217 celebris
2384 3169 2464 3216 est
2494 3174 2694 3225 auctor,
2730 3171 2787 3215 ut
2829 3176 2892 3216 ne
2933 3176 2960 3215 a
2997 3161 3177 3231 pueris
3210 3162 3422 3231 quidem
3469 3163 3684 3230 ignore.

445 3238 674 3284 contra:
710 3234 909 3302 quippe
943 3236 1119 3289 omnis
1164 3241 1265 3301 vis,
1296 3250 1354 3293 et
1388 3243 1530 3294 actio
1576 3244 1893 3297 naturaliter
1924 3260 2015 3311 per

448 3319 682 3390 aliquem
733 3325 1004 3390 prodiens.
1058 3328 1221 3380 etiam
1258 3344 1323 3384 ex
1371 3330 1459 3382 illo
1491 3340 1593 3384 est.
1647 3334 1715 3383 At
1765 3342 2019 3399 operatur

454 3410 672 3475 quidem
731 3426 826 3479 per
885 3414 1138 3480 Verbum,
1197 3428 1349 3485 quasi
1394 3436 1488 3487 per
1521 3436 1669 3475 suam
1723 3424 2015 3477 naturalem

450 3500 580 3553 vim.
612 3500 877 3569 Operutur
911 3519 1088 3561 autem
1119 3507 1283 3562 Filius
1306 3524 1399 3577 per
1421 3512 1701 3581 Spiritum,
1728 3517 1880 3583 quasi
1915 3530 2015 3584 per

448 3593 751 3645 naturalem
803 3604 964 3662 atque
1015 3597 1233 3653 insitam
1283 3603 1711 3658 substantialiter
1763 3609 2015 3661 virtutem

448 3696 625 3735 suam.
643 3683 783 3750 Ideo,
802 3693 855 3740 et
884 3702 1106 3755 magnus
1136 3690 1361 3745 Basilius
1379 3694 1429 3745 in
1457 3709 1507 3746 iv
1529 3696 1886 3761 Quaestionum
1908 3701 2011 3753 ait:

448 3774 631 3842 Neque
663 3778 773 3830 sine
815 3777 957 3832 Filio
1002 3781 1127 3846 facit
1165 3784 1427 3848 quippiam
1476 3785 1654 3849 Pater,
1692 3805 1851 3855 neque
1906 3792 2017 3844 sine

448 3865 653 3931 Spiritu
703 3866 892 3924 Filius.
924 3870 1052 3925 Filii
1085 3884 1257 3927 autem
1275 3876 1515 3940 Verbum,
1549 3878 1776 3946 Spiritus
1798 3896 1815 3931 :
1843 3901 1860 3931 ι
1886 3881 2019 3937 Por-

451 3964 588 4017 tans,
621 3958 991 4021 inquit,omnia
1023 3970 1167 4016 verba
1199 3968 1402 4021 virtutis
1433 3985 1600 4033 sums

440 4081 448 4089 .
524 4046 599 4099 Ex
638 4050 832 4114 quibus
865 4053 1105 4119 profecto
1138 4059 1389 4113 orantibus
1427 4069 1481 4112 et
1511 4064 1643 4116 ordo
1676 4065 1740 4116 ad
1788 4067 2017 4122 invicem

446 4136 754 4191 divinarum
801 4155 1173 4207 personarum,
1205 4156 1255 4199 et
1310 4159 1366 4200 ut
1391 4164 1449 4203 se
1499 4151 1725 4207 invicein
1781 4166 2017 4223 teneant,

446 4246 661 4300 unaque
723 4235 1023 4303 cogitentur
1064 4247 1118 4292 et
1173 4240 1539 4310 intelligantur
1584 4250 1841 4305 constitit.
1879 4254 2020 4319 Quo-

448 4322 593 4374 niam
640 4323 802 4389 igitur
847 4327 1086 4394 Spiritus
1115 4343 1335 4387 sanctus
1382 4336 1578 4390 donum
1616 4340 1761 4405 Filii,
1813 4354 1865 4395 et
1894 4358 2019 4411 Ope-

448 4413 589 4468 ratio
611 4415 781 4484 ipsius
809 4429 890 4471 est
916 4437 930 4485 ;
962 4421 1204 4485 Operatio
1230 4438 1355 4478 vero
1382 4425 1449 4477 ab
1478 4441 1755 4495 Operantc,
1790 4432 2012 4487 donum-

445 4519 553 4573 que
584 4522 613 4558 a
656 4508 903 4563 mittente
936 4510 1173 4580 effulget,
1220 4525 1268 4568 et
1314 4494 1568 4584 mittitur,
1605 4531 1657 4573 et
1706 4524 1908 4577 datur:
1946 4525 2010 4577 li-
2046 4494 2088 4548 θ

446 4605 598 4663 quet,
631 4598 755 4665 quia
814 4613 879 4652 ex
919 4598 1055 4654 Filio
1106 4614 1187 4655 est
1219 4601 1452 4670 Spiritus
1501 4620 1735 4664 sanctus.
1772 4610 1835 4664 Ut
1866 4613 2010 4665 enim

445 4686 615 4740 Filius
646 4701 743 4756 per
769 4703 927 4753 quem
958 4690 1115 4745 Pater
1138 4706 1411 4761 operatur,
1436 4711 1499 4751 ex
1527 4696 1687 4753 Patre
1711 4713 1792 4755 est
1821 4718 1835 4764 ;
1860 4703 1930 4755 ita
1959 4714 2015 4758 et

446 4776 512 4829 de
561 4786 751 4832 sancto
801 4778 1003 4847 Spiritu
1048 4783 1357 4852 dicendum,
1408 4801 1504 4856 per
1554 4805 1709 4857 quem
1760 4806 2012 4861 operatur

446 4863 636 4919 Filius.
669 4865 854 4936 Neque
881 4870 1022 4924 enim
1058 4872 1198 4927 sicut
1230 4876 1300 4938 id,
1333 4881 1476 4941 quod
1519 4890 1723 4941 monet,
1756 4893 1846 4935 aut
1871 4888 2010 4939 sicut

446 4956 763 5023 artiﬁcialis,
788 4967 950 5029 atque
978 4965 1302 5034 exemplaris
1329 4984 1510 5033 causa,
1544 4979 1683 5039 quod
1716 4990 1804 5041 per
1836 4992 2011 5044 quem,

445 5048 665 5111 dicitur,
706 5050 790 5103 hic
836 5052 1009 5106 locum
1055 5055 1237 5111 habet.
1276 5059 1478 5114 Donum
1511 5073 1689 5119 autem
1720 5065 1874 5132 dixit,
1904 5069 2011 5134 vel,

445 5134 570 5202 quia
628 5137 957 5208 alternatim,
986 5152 1041 5195 et
1095 5146 1275 5201 hocin
1330 5148 1449 5202 loco
1498 5156 1851 5210 conversione
1903 5160 2014 5210 dic-

452 5226 611 5282 tionis
660 5245 788 5285 usus
852 5244 951 5288 est.
1006 5237 1210 5289 Donum
1269 5241 1412 5293 enim
1473 5241 1537 5294 ad
1571 5243 1709 5308 dari,
1738 5261 1799 5299 ac
1846 5248 2006 5309 mitti.

447 5316 589 5383 quod
621 5319 845 5386 dicitur,
874 5326 1151 5393 proprium
1174 5336 1280 5382 est.
1319 5327 1414 5383 Vel
1446 5331 1573 5398 quia
1605 5332 1743 5401 dari,
1772 5350 1833 5391 ac
1875 5339 2012 5393 mitti

521 5526 565 5555 ⁸⁸
596 5523 751 5581 Joan.
783 5542 835 5593 v,
865 5527 956 5583 εδ.
1034 5530 1077 5561 ⁸⁸
1118 5530 1246 5587 Luc.
1288 5548 1363 5594 xi.
1387 5532 1478 5590 20.

452 5780 604 5832 rarii.

738 5871 1003 5932 PATBOL.
1054 5875 1170 5937 Gtt.
1214 5878 1391 5937 CLII.

1591 5534 1645 5569 ⁶⁷ι
1670 5534 1856 5592 Matth.
1890 5553 1985 5602 xit,
2014 5538 2102 5593 28.

2122 3266 2236 3318 tur;
2264 3269 2326 3308 ex
2382 3254 2485 3309 illis
2531 3255 2743 3322 quidem
2791 3252 3119 3321 temporibus
3159 3253 3353 3320 ubique
3385 3252 3683 3306 dimisim-

2119 3366 2222 3420 que
2269 3358 2453 3403 contra
2490 3348 2821 3400 *Arianorum
2868 3345 3123 3408 haeresim
3154 3356 3449 3413 contraque
3494 3361 3685 3400 omnes

2124 3454 2280 3496 rectm
2310 3442 2429 3494 ﬁdei
2465 3439 2822 3503 adversarios,
2854 3438 2904 3491 in
2937 3438 3146 3492 cunctis
3187 3438 3428 3492 ecclesiis
3475 3439 3682 3506 public:

2120 3534 2241 3586 cani
2274 3542 2563 3599 praerepta.

2192 3624 2299 3677 Aut
2326 3624 2491 3691 igitur
2515 3622 2673 3675 aliam
2730 3622 2964 3690 aliquam
2992 3622 3390 3677 confessionem
3421 3624 3554 3676 tanti
3586 3623 3683 3675 viri

2123 3718 2421 3779 proferant,
2454 3715 2605 3784 cujus
2630 3724 2682 3767 et
2712 3713 3017 3782 Theologus
3066 3714 3327 3773 meminit,
3353 3725 3405 3766 et
3454 3713 3536 3765 cui
3574 3722 3675 3764 tra-

2121 3807 2251 3860 ditio
2292 3806 2542 3859 Ecclesiue
2574 3814 2891 3858 attestatur:
2932 3814 3022 3856 aut
3058 3808 3101 3857 si
3138 3805 3238 3859 hoc
3286 3818 3387 3856 non
3440 3815 3683 3870 possunt,

2123 3898 2278 3950 istam
2341 3912 2462 3949 cum
2518 3910 2678 3962 supra
2721 3896 2968 3962 exposito
3008 3897 3149 3949 dicto
3188 3896 3502 3963 suscipiant.
3552 3896 3675 3949 Tes-

2123 3998 2302 4042 tantur
2335 3996 2511 4040 autem
2542 3988 2676 4039 hanc
2704 3986 2871 4051 ipsam
2915 3987 3031 4039 fidei
3088 3985 3479 4040 confessionem
3510 3979 3713 4040 sancti'

2122 4079 2218 4131 viri
2251 4092 2390 4140 esse,
2423 4086 2582 4145 atque
2617 4076 2667 4128 id
2703 4078 2900 4129 dictum
2930 4078 2999 4129 ita
3030 4092 3086 4131 sc
3118 4079 3336 4139 habere,
3366 4081 3455 4144 qui
3498 4088 3685 4133 contra

2122 4168 2339 4223 Latinos
2374 4168 2539 4221 multo
2582 4180 2710 4220 ante
2748 4170 3082 4233 scripserunt
3124 4182 3304 4232 :quam
3338 4169 3438 4221 sibi
3500 4179 3553 4220 ut
3595 4173 3687 4222 ad-

2122 4274 2369 4321 versam,
2432 4257 2629 4311 frustra
2688 4257 3011 4312 labefactare
3072 4261 3336 4319 nituntur.
3394 4262 3598 4330 Atque,
3633 4273 3687 4314 ut

2125 4350 2345 4417 intelligi
2370 4350 2546 4411 datur,
2583 4358 2707 4402 tunc
2733 4349 2947 4416 quidem
2977 4352 3148 4402 adhuc
3173 4352 3506 4413 servabatur,
3536 4363 3685 4419 post-

2125 4440 2337 4493 modum
2373 4453 2496 4491 vero
2527 4438 2912 4506 pertinaciores
2941 4438 3006 4490 ad
3031 4439 3506 4491 contradicendum
3536 4441 3682 4503 facti,

2113 4533 2331 4585 omnino
2352 4529 2492 4583 illam
2513 4530 2727 4582 auferre
2756 4529 3055 4582 voluerunt.
3081 4528 3201 4582 Etsi
3233 4531 3389 4584 modo
3420 4533 3689 4586 nihilomi-

2114 4638 2214 4676 nus
2249 4622 2461 4676 curiose
2482 4621 2874 4688 inquirentibus
2911 4636 3035 4673 raro
3071 4620 3192 4674 licet
3223 4622 3273 4673 in
3305 4626 3634 4679 vetustissim
3662 4643 3688 4680 s

2115 4706 2387 4759 codicibus
2434 4707 2504 4757 ita
2553 4706 2751 4758 habere
2798 4704 3090 4759 invenitur.
3125 4704 3180 4757 Si
3208 4707 3327 4771 quis
3364 4714 3539 4760 tamen
3569 4710 3637 4760 dil
3663 4739 3688 4753 ι-

2115 4798 2324 4865 gentius
2370 4797 2644 4866 inspiciat,
2673 4796 2807 4850 nihil
2856 4797 2940 4849 hic
2974 4812 3172 4852 novum
3222 4800 3421 4853 dixisse
3446 4811 3687 4855 sanctum

2114 4888 2290 4939 virum
2346 4886 2662 4952 comperiet.
2714 4885 2963 4939 Plurimis
3008 4888 3150 4939 enim
3204 4888 3255 4941 in
3294 4889 3425 4942 locis
3472 4905 3564 4957 per
3596 4892 3683 4944 Fi-

2121 4978 2250 5031 lium
2293 4978 2438 5030 illum
2467 4993 2587 5032 esse
2616 4978 2707 5042 ait,
2735 4988 2788 5031 et
2817 4992 2845 5030 a
2879 4977 3015 5033 Filio
3049 4981 3309 5048 accipere,
3344 4992 3397 5034 et
3447 4981 3514 5034 ab
3575 4985 3689 5052 ipso

2116 5069 2325 5123 scilicet
2383 5070 2648 5138 accipere,
2681 5075 2821 5140 quod
2886 5072 3099 5142 accipit.
3132 5074 3187 5127 ld
3224 5086 3403 5129 autem
3442 5087 3526 5131 est
3576 5080 3692 5145 eius

2116 5176 2253 5226 esse,
2283 5164 2533 5233 quodque
2560 5166 2717 5234 paulo
2746 5176 2869 5221 ante
2917 5168 3147 5230 diccbat,
3178 5184 3203 5220 a
3233 5168 3369 5223 Filio
3416 5168 3692 5239 effulgere,

2117 5253 2370 5321 quocirca
2396 5270 2555 5324 quam
2586 5272 2613 5309 a
2648 5256 2806 5311 Patre
2839 5259 3218 5326 procedentem
3246 5262 3500 5316 virtutem
3533 5264 3690 5328 dixit,

2121 5341 2381 5413 Spiritum
2431 5357 2677 5403 sanctum
2734 5365 2763 5404 a
2822 5349 2986 5407 Patre
3032 5354 3409 5422 procedentem
3464 5355 3693 5426 intelligi

690 5706 1007 5777 Symbolum
1070 5711 1523 5769 Athanasianum.
1608 5716 1684 5773 De
1737 5718 1837 5774 hoc
1896 5719 2155 5791 Symbolo
2225 5725 2345 5782 vide
2411 5727 2683 5784 eruditam
2767 5731 3188 5802 disputationem
3290 5736 3499 5795 Nicolai
3595 5738 3698 5794 Se-

3270 5892 3306 5955 ἀ.
