4462 6440
760 411 847 467 tu?

2008 385 2408 448 MANUEIJS
2448 382 2755 443 CALECM

3890 380 3991 440 108

753 524 914 574 \‘ttltttl
942 539 954 571 :
986 522 1085 571 hoc
1109 526 1364 568 :mtemex
1384 510 1543 564 Patre
1567 502 1664 576 pc'r
1684 506 1874 560 Filium
1901 517 2024 559 esse
2061 517 2122 556 ac
2138 516 2329 572 proce-
2364 510 2402 561 Α
2436 497 2596 548 tinnis
2632 497 2786 559 inest,
2816 494 2953 563 quod
2985 493 3155 545 lumen
3193 491 3422 561 genitum
3462 487 3632 543 Filius
3667 490 3730 542 sit
3766 506 3828 543 ex
3855 491 3995 561 inge-

753 618 899 665 «ιρι-ιι.
930 612 1099 663 Porro
1129 608 1224 659 ista
1264 604 1370 665 bis,
1400 617 1519 671 (pne
1563 600 1615 653 in
1657 596 1781 651 ﬁdei
1832 594 2171 673 expositione
2226 606 2323 662 po-

754 700 1040 764 Suit,v.ilde
1072 709 1304 748 consona
1341 700 1486 745 sunt.
1895 679 1904 686 ”

826 796 1060 859 Apparet
1091 786 1248 843 simul
1278 801 1341 837 ex
1372 780 1759 850 superioribus,
1786 779 1915 848 quia
1945 784 1999 833 et
2027 775 2253 842 prodire,
2274 779 2329 827 et

756 884 1020 950 ρνοίῃηιιί,
1040 892 1092 933 et
1112 878 1388 945 profluere,
1412 884 1465 928 et
1481 873 1758 932 inundare,
1785 879 1836 923 et
1860 880 2147 928 manare,et
2172 865 2327 933 efful-

759 989 894 1039 gere,
925 980 977 1022 et
1000 984 1221 1037 qua-que
1251 965 1468 1027 similia,
1488 964 1728 1017 eamdem
1752 961 1983 1030 Spiritus
2005 959 2175 1011 sancti
2208 958 2330 1011 sub-

759 1064 1010 1117 stantiam
1041 1064 1273 1130 signare,
1305 1073 1461 1127 quam
1490 1058 1653 1123 ipsam
1677 1054 1839 1106 etiam
1867 1052 2142 1122 procedere
2169 1049 2332 1118 signi-

765 1168 924 1221 lIC.tl',
960 1172 1065 1207 non
1126 1152 1321 1211 solum,
1368 1148 1515 1217 quia,
1546 1157 1602 1199 ιιι
1655 1145 1855 1197 dictum
1903 1153 2007 1204 est,
2055 1144 2162 1196 duo
2208 1156 2331 1210 pro-

764 1262 947 1299 ctésnlts
978 1242 1148 1300 sancti
1203 1240 1437 1308 Spiritus
1471 1251 1574 1289 non
1612 1242 1758 1295 sunt,
1794 1242 1848 1286 ut
1879 1233 2095 1301 quidam
2127 1231 2331 1292 volunt,

764 1349 815 1390 et
848 1336 1046 1388 idcirco
1078 1334 1175 1384 iSIa
1230 1330 1431 1392 omnia,
1470 1328 1532 1379 ad
1576 1324 1982 1379 substantialcm
2026 1335 2331 1389 processum

767 1430 883 1497 ejus
940 1423 1243 1478 reducenda
1292 1430 1449 1482 sunt;
1480 1432 1599 1484 cum
1652 1430 1747 1467 eos
1794 1414 1881 1480 qui
1932 1413 2177 1481 geminos
2204 1410 2335 1463 istos

766 1530 1055 1585 processus
1097 1518 1323 1581 ponunt.
1374 1508 1538 1560 multa
1594 1500 1898 1557 necessario
1949 1499 2334 1553 absurdissima

766 1616 1059 1675 :equantur
1087 1623 1099 1658 :
1136 1619 1316 1655 rerum
1350 1601 1475 1667 quia
1504 1607 1558 1649 et
1586 1596 1821 1659 theologi
1858 1610 1920 1645 cx
1951 1592 2108 1644 Patre
2148 1606 2338 1657 proce-

766 1707 914 1763 dere,
955 1707 1006 1751 t'l
1050 1696 1319 1765 profundi,
1353 1705 1405 1746 et
1450 1687 1737 1759 proﬂuere,
1771 1699 1826 1739 et
1867 1686 2039 1738 t-iuitti
2075 1683 2337 1753 Spititum

768 1803 1010 1845 sanctum
1062 1787 1404 1842 concorditer
1462 1790 1733 1843 a~scrunt,
1778 1767 1864 1832 tibi
1918 1778 2099 1830 dicere
2126 1776 2331 1837 volunt,

2430 589 2534 640 nito
2568 587 2764 640 lumine
2794 584 3065 654 effulgens.

2499 676 2729 730 Sanctus
2786 686 2962 728 autem
2995 676 3225 743 Cyrillus
3256 674 3309 728 in
3342 690 3447 727 uno
3473 674 3830 742 capitulorum
3861 688 3989 727 suo-

2431 782 2548 821 rum
2577 768 2639 818 de
2670 764 2969 819 aeternitate
3004 763 3119 818 Filii
3150 765 3228 817 sic
3257 765 3329 816 ait
3362 782 3373 817 :
3413 763 3544 816 Erat
3580 765 3741 831 igitur
3767 764 3997 830 gignenti

2432 851 2587 905 Patri
2609 860 2892 904 cowternus
2921 850 3115 914 Filius,
3135 850 3287 905 ueluti
3310 868 3339 902 a
3365 851 3506 918 fonte
3525 853 3751 919 quodam
3770 860 4001 919 paterntc

2431 944 2741 998 substantia
2780 958 3022 997 manans.
3058 942 3119 993 lit
3150 943 3200 994 in
3230 942 3376 993 alio:
3412 942 3514 1007 Qui
3542 944 3675 994 enim
3705 958 3735 993 a
3784 952 4003 1008 paterna

2432 1038 2680 1107 processit
2711 1037 2957 1100 essentia,
2990 1048 3186 1103 putrem
3230 1037 3470 1103 protinus
3502 1035 3726 1087 ostendit
3749 1049 3887 1097 eum,
3916 1035 4005 1098 qui

2434 1147 2486 1183 se
2508 1139 2774 1199 gettuerat.
2810 1129 2874 1183 Et
2909 1131 2958 1180 in
2994 1128 3137 1182 alio:
3164 1128 3317 1192 Quod
3350 1143 3413 1180 ex
3447 1126 3622 1178 Patris
3647 1126 3866 1178 essentia
3890 1140 4009 1189 pro-

2435 1224 2589 1276 cessit
2628 1221 2876 1274 Verbum.
2925 1224 3097 1288 Atque
3150 1220 3200 1270 in
3258 1218 3405 1269 alio:
3439 1216 3596 1267 Pater
3648 1216 3893 1283 produxit
3945 1228 4009 1264 ex

2435 1313 2602 1378 seipso
2639 1309 2831 1361 Filium
2879 1306 3301 1372 inseparabiliter
3333 1319 3485 1372 atque
3517 1307 3902 1357 incunctanter.
3942 1302 4007 1353 Et

2438 1404 2489 1455 in
2514 1402 2649 1455 alto:
2680 1402 2861 1452 Totum
2891 1416 2999 1451 esse
3026 1398 3089 1450 Fi
3116 1400 3152 1450 ii
3179 1413 3241 1449 ea;
3294 1396 3470 1448 Patris
3510 1397 3730 1449 essentia
3756 1394 4006 1461 procedit.

2439 1488 2493 1543 lu
2545 1490 2651 1542 alio
2691 1502 2902 1556 quoque
2934 1501 2952 1538 :
2983 1486 3236 1549 Quatnam
3289 1486 3421 1538 enim
3476 1485 3651 1551 passio
3677 1484 3791 1549 ﬁeri
3823 1484 3875 1533 in
3900 1485 4007 1534 sole

2441 1585 2689 1640 cernitur,
2708 1581 2921 1650 guando
2945 1580 3105 1645 gignit
3128 1577 3327 1629 lucem?
3347 1592 3587 1644 qua‘nam
3607 1575 3848 1639 contingit
3876 1574 4009 1640 ignis

2440 1670 2723 1737 separatio,
2746 1671 3004 1736 quomodo
3024 1668 3213 1717 emittit
3242 1680 3306 1716 ex
3321 1680 3374 1715 sc
3398 1665 3505 1730 ipso
3533 1662 3831 1729 fulgorem?
3853 1660 3972 1726 Quo
3994 1661 4006 1710 l

2443 1763 2484 1813 si
2520 1762 2739 1830 gignunt
2774 1760 2875 1811 ista
2923 1756 3360 1826 inseparabiliter,
3393 1757 3732 1818 emittuntque
3761 1752 4005 1819 impossi-

771 1893 941 1955 ilmnn
974 1900 1035 1937 ex
1071 1883 1227 1936 Patre
1262 1879 1571 1948 procedere.
1599 1871 1821 1938 Magnus
1868 1867 2063 1935 quippe
2103 1864 2334 1917 Basilius
2366 1845 2409 1905 Β
2438 1853 2629 1915 biltter,
2666 1866 2782 1919 qua
2835 1865 2897 1902 ex
2955 1849 3019 1900 iis
3072 1854 3191 1899 sunt
3223 1861 3241 1909 ;
3270 1860 3438 1896 nonne
3487 1843 3635 1910 longe
3698 1842 3905 1909 dignius
3968 1851 4015 1892 et

1756 1952 1765 1955 -
2571 1941 2600 1955 ιι
2678 1941 2707 1955 .·
2835 1939 2851 1955 ι
2904 1953 2923 1955 η
3057 1953 3135 1955 μ-η
3164 1938 3284 1955 ιξι-μ
3318 1944 3527 1955 ___._-_,_
3557 1948 3662 1955 --._
3715 1932 4009 1955 ..Ι---.Ι-..-.Α.

770 1952 888 2029 ιξὶιε
929 1975 1065 2038 Quia
1112 1988 1213 2023 non
1262 1970 1430 2037 prodit
1464 1968 1517 2018 in
1573 1952 1819 2031 tempot'e,
1860 1962 2002 2028 quod
2054 1960 2224 2027 prodit
2274 1974 2339 2011 ea:

772 2071 899 2133 Deo,
932 2069 1091 2120 etiam
1126 2065 1247 2116 siin
1296 2070 1520 2123 tempore
1573 2059 1667 2126 ﬁat
1704 2057 1815 2121 ejus
1872 2054 2035 2115 actio,
2065 2062 2112 2103 et
2148 2060 2340 2105 tete-rue

769 2162 918 2212 habet
953 2156 1149 2218 omnia,
1182 2165 1236 2205 ut
1263 2153 1355 2206 Dei
1383 2152 1629 2218 Spiritus,
1661 2161 1815 2219 atque
1840 2165 1902 2202 ea:
1934 2149 2044 2216 ipso
2093 2158 2338 2196 manans.

773 2254 836 2305 lit
876 2252 1001 2303 illud
1028 2268 1039 2301 :
1070 2248 1251 2314 Neque
1278 2247 1414 2298 enim
1448 2245 1617 2296 minus
1645 2241 1844 2310 aliquid
1876 2256 2084 2295 eramus
2113 2237 2342 2289 habituri

772 2346 840 2395 ad
870 2340 1284 2411 cognoscendum
1307 2335 1556 2403 Spiritum
1575 2348 1639 2386 er
1667 2333 1770 2386 Deo
1799 2348 1930 2395 esse,
1964 2329 2213 2397 Spiritum
2241 2328 2343 2379 oris

773 2438 884 2504 ejus
937 2437 1082 2487 illum
1112 2423 1432 2490 audientes,
1459 2428 1549 2479 sed
1600 2425 1838 2479 idoneum
1873 2433 1922 2477 et
1972 2422 2113 2475 istud
2162 2435 2344 2473 nomen

774 2535 890 2578 om!
947 2524 1110 2589 ipsius
1141 2537 1205 2573 et:
1258 2518 1362 2571 Deo
1425 2517 1692 2570 insinuare
1744 2514 2137 2599 substantiam:
2182 2511 2347 2564 verbo

777 2635 907 2673 esse.
942 2631 1036 2683 pro
1060 2629 1145 2673 eo,
1182 2612 1320 2677 quod
1360 2620 1460 2673 est,
1493 2609 1768 2675 procedere
1802 2622 1931 2658 usus
1963 2613 2063 2657 est.

850 2706 1079 2761 Sanctus
1106 2719 1321 2773 quoque
1349 2700 1652 2753 Mucianus:
1686 2699 1916 2760 Emittit,
1954 2698 2150 2762 inquit,
2188 2694 2352 2747 Pater

781 2800 924 2866 κίειν-ξ
952 2814 1059 2861 um,
1089 2796 1183 2847 hoc
1214 2803 1308 2854 est,
1342 2793 1529 2845 emisit.
1558 2792 1625 2844 Et
1665 2792 1775 2857 ipse
1831 2790 1896 2841 de
1936 2802 2189 2856 processu
2237 2787 2353 2855 ejus

781 2896 1073 2956 disserens,
1133 2900 1193 2943 ut
1261 2889 1505 2955 superius
1558 2885 1834 2944 νυιιειίιέι,
1868 2897 1988 2936 cum
2043 2889 2353 2934 sanctorum

782 2987 1004 3041 Patrun
1045 2981 1367 3035 auctoritate
1400 2980 1807 3031 ostenderemus
1837 3016 1850 3037 ,
1878 2974 2065 3033 emitti,
2101 2987 2162 3023 ac
2194 2971 2355 3031 mitti,

784 3078 921 3144 apud
971 3090 1083 3135 eos,
1130 3089 1226 3141 pro
1261 3086 1346 3137 eo,
1395 3072 1534 3139 quod
1591 3079 1690 3132 est,
1740 3066 1910 3128 ttaSci,
1954 3076 2008 3118 et
2059 3064 2356 3132 procedere

784 3171 959 3223 solere
976 3163 1185 3233 «accipi.

859 3285 1093 3334 Sanczus
1114 3278 1248 3330 item
1272 3275 1499 3343 Lyrillns
1534 3272 1602 3326 ait
1630 3290 1641 3326 :
1675 3272 1857 3324 Prodit
1882 3280 2055 3321 autem
2083 3283 2146 3320 cx
2172 3266 2356 3329 Patre,

784 3384 833 3426 et
880 3371 1017 3424 Fit’io
1050 3380 1132 3430 ;et
1171 3364 1544 3432 cottstat,.quia
1577 3362 1748 3412 dicina
1782 3370 1853 3413 est
1884 3358 2103 3410 essentia
2131 3357 2185 3407 in
2219 3357 2354 3421 ipsa,

790 3480 943 3533 aque
981 3478 1042 3515 ex
1090 3462 1201 3527 ipsa
1266 3458 1642 3523 prottiens:ac
1698 3449 2038 3517 profunditur
2099 3463 2130 3498 a
2194 3443 2356 3505 Filio,

787 3568 919 3611 sicut
947 3556 1102 3607 etiam
1141 3568 1201 3603 ea:
1236 3550 1338 3601 Deo
1371 3560 1415 3599 et
1454 3546 1635 3599 Patre.
1672 3542 1774 3594 Sed
1809 3550 1858 3593 et
1902 3542 1954 3593 in
1988 3552 2236 3591 sermone
2263 3549 2360 3587 suo

790 3652 854 3703 ad
892 3632 1206 3700 mentientis.
1240 3654 1398 3706 atque
1428 3638 1480 3689 in
1516 3634 1859 3701 Expositione
1892 3626 2321 3698 (liviui'Symboli
2343 3666 2356 3689 ,

790 3745 867 3795 sic.
906 3741 975 3790 ait
998 3756 1011 3788 :
1034 3735 1257 3800 Spiritus
1284 3729 1646 3799 profunditur,
1664 3724 1895 3778 videlicet
1925 3722 2177 3790 procedit,
2204 3716 2361 3771 veluti

791 3846 854 3885 ea;
887 3831 1049 3897 fante,
1080 3842 1140 3879 ex
1178 3825 1280 3876 Deo
1310 3832 1355 3875 et
1386 3821 1566 3875 Patre.
1600 3816 1663 3868 Et
1702 3831 1913 3867 rursum
1949 3814 2014 3863 atl
2044 3810 2354 3863 llermiam:

800 3909 960 3983 Nis.n,
988 3919 1176 3985 inquit,
1213 3909 1655 3971 ttuintudt'ertisti,
1682 3908 1925 3975 quoniam
1954 3902 2211 3970 Spiritum
2245 3901 2363 3968 qui-

790 4024 910 4067 dem
964 4000 1231 4065 veritatis'
1259 4005 1539 4059 nominarit
1576 4000 1910 4054 Parucletunt
1952 3996 2201 4049 Dominus
2226 3994 2251 4045 .9
2278 3992 2367 4045 Ait

795 4105 1023 4171 denique
1050 4099 1342 4178 :Quottiam
1369 4092 1596 4163 procedit
1616 4108 1677 4144 ex
1698 4089 1878 4152 Patre,
1909 4104 2005 4139 sua
2042 4086 2213 4137 omnia
2241 4098 2365 4150 μνο-

795 4197 906 4260 prie
940 4176 1251 4253 ostendens,
1288 4202 1403 4257 quae
1452 4182 1627 4236 Patris
1677 4193 1817 4234 sunt.
1847 4180 1924 4233 Ac
1976 4191 2157 4230 rursus
2200 4176 2249 4227 in
2278 4189 2367 4226 eu-

796 4293 916 4339 t'n-m
952 4304 963 4336 :
996 4283 1343 4350 Intelligisue,
1380 4276 1657 4345 quomodo,
1688 4284 1742 4325 ut
1794 4272 2061 4338 proprium
2120 4283 2173 4319 se
2216 4266 2361 4317 nobis

798 4383 1079 4432 tttissttt'ttttt
1112 4374 1386 4441 pollicetur
1420 4366 1693 4433 Spiritum,
1720 4364 1809 4430 qui
1835 4362 2063 4425 procedit
2088 4375 2150 4411 ea:
2172 4356 2371 4409 Patre?

800 4471 866 4523 Et
901 4467 1155 4534 Spiritum
1180 4458 1641 4530 quideunveritutts
1672 4462 1856 4507 vocat:
1899 4448 2150 4518 profundi
2196 4456 2368 4499 tamen

798 4581 859 4615 cx
894 4563 1000 4628 ipso
1029 4556 1191 4610 Putre
1220 4554 1407 4613 deﬁuiv
1435 4562 1475 4604 l.

874 4676 976 4728 Sed
1010 4686 1061 4725 ct
1089 4686 1315 4737 magnus
1367 4665 1715 4729 Athanasius,
1746 4665 1797 4715 in
1842 4676 1902 4715 ea
1944 4679 2104 4730 quam
2154 4658 2372 4724 scripsit

803 4764 1167 4834 disputatione
1203 4759 1497 4813 Orthuduxi
1523 4771 1574 4810 et
1628 4754 2016 4815 Macedouinni,
2053 4754 2125 4803 ait
2156 4768 2168 4803 :
2204 4750 2372 4816 ὅμως

804 4865 885 4905 tus
958 4864 1147 4904 natura
1217 4858 1481 4911 sanctus,
1541 4856 1733 4897 natura
1804 4842 2257 4909 incorruptibilis,
2318 4852 2370 4891 ut

803 4948 1037 5015 Spiritus
1070 4944 1187 5008 Dei,
1221 4953 1269 4995 et
1299 4958 1363 4994 ex
1390 4942 1501 5003 ipso
1534 4956 1778 4999 manans,
1804 4939 1906 4988 sive
1930 4941 2233 4999 procedens.

877 5040 1014 5102 Quin
1046 5037 1206 5090 etiam
1263 5036 1315 5086 in
1347 5034 1461 5085 Filii
1491 5048 1555 5084 cx
1588 5020 1741 5083 Patre
1767 5030 2065 5083 substantia
2098 5028 2376 5080 insinuan-

809 5133 899 5189 da,
920 5129 1189 5195 firtctlictis
1219 5128 1400 5181 verbis
1430 5125 1508 5177 usi
1540 5133 1694 5176 sunt.
1727 5121 1948 5190 Magnus
1975 5122 2116 5172 enim
2154 5118 2378 5170 Basilius

810 5242 860 5277 tu
888 5223 950 5277 ιιι
970 5220 1344 5292 qua‘stioneait
1370 5235 1386 5272 :
1418 5215 1597 5269 Patris
1614 5197 1819 5285 énidem
1842 5231 1904 5282 op
1930 5215 2038 5275 imi,
2060 5218 2379 5277 optimusque

813 5316 1019 5374 Filius,
1074 5328 1135 5364 ea:
1193 5314 1386 5362 lumine
1443 5319 1613 5361 autent
1680 5308 1907 5375 in‘genito
1964 5306 2137 5355 lumm
2181 5302 2378 5368 effulsit

809 5417 1184 5473 semptternunt
1210 5443 1223 5465 ,
1251 5414 1403 5469 atque
1442 5418 1501 5453 ex
1540 5417 1660 5452 vera
1698 5401 1804 5450 rita
1837 5398 2103 5455 utri/icon:
2132 5395 2380 5461 processit

815 5506 950 5569 fons,
984 5509 1136 5561 atque
1167 5512 1229 5548 ex
1260 5497 1373 5563 ipsa
1410 5496 1595 5545 vitttttc
1635 5491 1729 5544 Dei
1761 5494 1921 5544 virtus
1953 5488 2168 5555 effulsit.
2198 5489 2299 5540 Sed
2332 5468 2391 5538 et,

814 5596 975 5647 verbo
1008 5591 1200 5658 effulsit
1242 5593 1295 5641 in
1328 5588 1555 5655 quadam
1587 5588 1810 5653 mystica
1851 5582 2101 5635 .‘dICt'lllttil
2134 5578 2383 5631 oratiutfe

813 5689 864 5739 iu
906 5683 1110 5749 Spiritu
1170 5693 1360 5733 sancto
1392 5695 1518 5731 usus
1550 5688 1651 5740 cst,
1682 5674 1917 5758 deIFilio
1954 5675 2175 5727 dicens:
2206 5672 2245 5723 Α
2284 5687 2383 5740 quo

813 5778 1042 5844 Spiritus
1081 5792 1291 5828 sanctus
1324 5775 1539 5842 cffu'sit.
1581 5774 1655 5823 Ac
1707 5786 1894 5823 rursus
1919 5770 2057 5821 idem
2106 5767 2156 5818 itI
2184 5768 2382 5819 eisdem

816 5874 889 5924 ait
925 5886 940 5923 :
974 5867 1279 5923 Communis
1325 5873 1658 5935 pta'sumpto
1718 5863 1953 5915 omnibus
1986 5860 2140 5913 simul
2205 5858 2387 5910 Curis-

2441 1941 2774 1995 excellentius
2829 1939 3013 1990 horum
3045 1938 3285 1988 conditor
3317 1944 3527 1987 naturte
3551 1948 3662 1987 sua
3714 1932 4011 1999 ptendorem

2450 2032 2670 2086 emittit?
2718 2030 3000 2084 Psallimus
3022 2028 3148 2080 item
3170 2028 3218 2080 in
3238 2025 3462 2080 canticis
3486 2025 3708 2089 Spiritus
3731 2010 4014 2089 confessor.

2442 2134 2490 2176 et
2518 2123 2798 2192 conformis
2822 2137 2884 2174 ea:
2943 2121 3106 2172 Patre
3126 2118 3281 2171 simul
3331 2118 3550 2186 effulsit.
3604 2116 3669 2169 Et
3733 2117 3901 2169 item:
3940 2113 4017 2167 Tu

2445 2216 2542 2269 Dei
2570 2231 2731 2267 mater
2757 2214 3121 2265 incunctanter
3167 2210 3310 2279 facta
3340 2225 3391 2263 es
3420 2208 3553 2277 ejus,
3584 2210 3672 2277 qui
3698 2224 3762 2261 ex
3803 2210 4018 2259 immor-

2448 2309 2547 2360 tali
2580 2307 2760 2361 Putre.
3249 2364 3254 2373 _

2520 2402 2575 2454 Si
2611 2399 2774 2468 igitur
2814 2412 2928 2461 eos,
2954 2398 3042 2465 qui
3072 2395 3227 2449 binos
3256 2397 3424 2448 sancti
3470 2393 3708 2462 Spiritus
3734 2406 4021 2461 processus

2450 2503 2675 2563 ponunt,
2709 2493 2939 2544 absurda
2977 2489 3202 2558 plurima
3237 2496 3534 2555 sequuntur
3568 2503 3581 2538 :
3613 2484 3791 2538 verbis
3815 2493 4013 2549 autem,

2450 2588 2647 2653 quibus
2679 2584 2795 2639 Filii
2830 2599 2894 2638 ex
2954 2585 3114 2637 Patre
3167 2580 3550 2637 substantiam.
3576 2593 3637 2631 ac
3674 2594 3855 2631 rursus
3889 2578 4021 2631 sub-

2452 2677 2757 2732 stantialem
2839 2676 3075 2743 Spiritus
3131 2688 3198 2727 ex
3258 2671 3415 2725 Patre
3487 2685 3795 2738 processum
3852 2670 4022 2722 sancti

2454 2768 2760 2837 signiﬁcare
2818 2767 3083 2826 volentes,
3147 2764 3393 2831 ejusdem
3452 2764 3530 2815 usi
3602 2771 3727 2813 sunt
3776 2762 3826 2813 in
3870 2761 4025 2822 Filio.

2462 2869 2622 2927 atque
2658 2860 2708 2909 in
2741 2858 2941 2925 Spiriltt
2989 2855 3300 2915 indiscrete,
3333 2863 3387 2906 et
3442 2853 3647 2920 absque
3701 2853 3805 2905 ulla
3855 2855 4028 2906 deter-

2462 2950 2803 3003 minatioue:
2837 2948 3104 3015 quomodo
3136 2961 3240 2999 non
3266 2954 3319 2998 et
3350 2945 3436 2997 bic
3466 2959 3558 3012 per
3590 2946 3638 2995 id
3670 2950 3809 3008 quod
3834 2946 4028 2998 dicitur

2458 3042 2797 3107 profundi,et
2821 3040 3104 3100 inundare,
3137 3044 3189 3089 et
3213 3034 3487 3101 proﬂuere,
3511 3050 3603 3101 per
3634 3032 3845 3093 Filium,
3869 3046 4028 3099 a'qne

2464 3146 2493 3183 a
2529 3130 2664 3183 Filio
2696 3130 2799 3182 dici
2854 3128 3114 3196 Spiritum
3154 3136 3421 3187 sanctum,
3448 3139 3669 3177 necesse
3718 3125 3784 3175 sit
3836 3125 4030 3176 intelli-

2387 3232 2429 3289 ς,
2463 3236 2587 3288 gere
2636 3219 2752 3286 ejus
2812 3232 2875 3271 es
2929 3218 3060 3270 Filio
3105 3215 3485 3275 SubSIantiam,
3524 3212 3817 3266 secundum
3867 3228 4025 3280 quam

2472 3326 2537 3363 ex
2565 3310 2722 3362 Patre
2755 3324 2847 3376 pt-r
2875 3308 3068 3360 Filium
3104 3306 3382 3372 procedit:
3415 3323 3442 3354 n
3468 3305 3663 3366 axime,
3687 3319 3809 3356 cum
3845 3306 4031 3355 bcalus

2461 3396 2698 3466 Cyrillus
2725 3434 2740 3458 ,
2779 3395 3066 3461 profundi,
3110 3410 3205 3463 pro
3232 3409 3295 3446 eo
3321 3433 3334 3455 ,
3365 3393 3510 3459 quod
3565 3403 3645 3445 est
3670 3433 3683 3456 ,
3731 3394 4030 3460 procedere,

2462 3489 2808 3558 apertissime
2837 3487 3145 3540 tradiderit.

2531 3582 2665 3644 Quia
2697 3580 2839 3632 enim
2880 3579 3013 3631 duas
3056 3594 3118 3631 ex
3155 3576 3263 3631 Deo
3301 3590 3558 3646 personas
3597 3575 3910 3644 procedere.
3941 3591 4026 3631 se-

2462 3676 2693 3724 cundum
2725 3671 2930 3725 scilicet
2958 3671 3223 3739 geminum
3254 3682 3559 3737 processum
3599 3667 3730 3729 ﬁdes
3767 3668 3987 3721 tradidit
4020 3684 4031 3720 :

2471 3764 2635 3817 aliam
2660 3762 2904 3831 quidem,
2946 3759 3241 3816 secundum
3285 3760 3664 3822 nativitatem;
3701 3758 3857 3811 aliam
3888 3773 4032 3818 vero.

2465 3857 2757 3909 secundum
2796 3853 3196 3921 processiouem
3229 3870 3241 3905 :
3278 3862 3434 3919 atque
3458 3850 3595 3903 alius
3632 3850 3847 3919 quidem
3875 3849 4030 3913 Fdio,

2467 3948 2603 4000 alios
2639 3962 2767 4000 vero
2799 3945 3020 4012 Spiritui
3054 3944 3323 4008 convenit,
3346 3954 3575 4005 constat,
3603 3942 4037 4010 quandoquidem

2468 4038 2529 4091 ιη
2559 4040 2641 4091 ius
2703 4053 2768 4090 es
2800 4036 2980 4105 Patre_
3010 4036 3338 4106 procedere,
3377 4035 3658 4093 inundare,
3688 4045 3740 4087 et
3792 4033 3956 4086 iluere
4010 4048 4036 4085 a

2467 4128 2734 4193 theologis
2783 4125 3044 4178 asseritur
3077 4142 3088 4177 :
3117 4126 3214 4176 ista
3252 4162 3266 4183 ,
3328 4138 3423 4191 pro
3471 4137 3535 4175 eo
3566 4123 3707 4190 quod
3759 4122 4038 4185 est,uasci,

2473 4220 2554 4271 Vel
2587 4220 2731 4287 gigni
2795 4217 3161 4285 intelligenda.
3198 4216 3333 4269 Cum
3381 4229 3506 4267 vero
3539 4214 3769 4283 Spiritus
3824 4222 4039 4265 sanctus

2474 4313 2590 4366 sive
2624 4327 2651 4364 a
2699 4310 2881 4374 Patre,
2920 4311 3034 4363 sive
3064 4324 3091 4361 a
3143 4308 3282 4362 Filio
3336 4306 3604 4375 profundi,
3635 4316 3689 4358 et
3724 4305 3958 4373 prodire,
3983 4316 4036 4357 et

2477 4401 2747 4470 proﬂuere
2772 4402 2969 4454 dicitur
3001 4418 3013 4452 :
3052 4401 3185 4462 btec,
3228 4414 3325 4488 pfo
3352 4413 3415 4451 eo
3445 4400 3590 4465 quod
3625 4406 3705 4450 cst
3732 4396 4040 4464 procedere.

2479 4490 2828 4558 accipienda;
2860 4489 3036 4541 verbis
3068 4489 3184 4541 istis
3218 4482 3468 4540 omnibus
3501 4498 3812 4551 processum
3861 4482 4044 4548 cujus-

2404 4582 2601 4638 Dlibet
2658 4597 2722 4635 ex
2783 4581 2961 4647 aliquo
3021 4580 3438 4641 insinuantiltus,
3476 4588 3527 4629 et
3583 4559 3778 4643 ubique
3827 4576 4044 4639 quidem

2474 4671 2646 4739 aptari
2704 4671 3031 4737 peculiarius
3093 4669 3427 4728 valentibus,
3461 4655 3623 4733 atque
3671 4667 3720 4715 in
3770 4664 3870 4716 hoc
3925 4663 4045 4715 loco

2477 4762 2743 4832 pt'Opriant
2778 4762 2987 4827 utrique
3022 4774 3263 4827 personae
3294 4756 3650 4811 substantiam
3684 4754 3884 4808 affatim
3922 4757 4041 4808 red-

2475 4856 2636 4906 dere:
2672 4851 2820 4921 alteri
2847 4852 3062 4919 quidem
3101 4850 3398 4913 nascendi;
3444 4848 3595 4899 alteri
3647 4863 3798 4909 vero,
3862 4862 4049 4914 proce-

2481 4943 2641 4995 dendi
2698 4944 2948 5005 ratione;
2988 4957 3107 4994 eum
3166 4941 3267 4992 alia
3325 4938 3543 5008 quidem
3594 4938 3661 4990 sit
3715 4938 4052 4991 continenter

2477 5050 2540 5087 ex
2601 5034 2772 5103 prima
2798 5075 2811 5095 ,
2849 5033 2991 5097 alia,
3026 5048 3119 5098 per
3139 5047 3257 5086 eam
3304 5047 3423 5098 quae
3458 5042 3545 5084 est
3591 5028 3929 5082 continenter
3984 5041 4049 5081 ex

2482 5128 2691 5194 prima:
2740 5128 2936 5193 quippe
2990 5124 3078 5177 isti
3131 5122 3395 5175 ambobus
3440 5131 3567 5175 sunt
3622 5120 4047 5173 substantiarum

2484 5202 2719 5273 termini.

2561 5308 2776 5373 Verum,
2814 5310 3062 5376 quoniam
3098 5310 3163 5361 ab
3195 5308 3444 5361 Omnibus
3478 5306 3787 5361 doctoribus
3819 5294 4052 5371 Spiritus

2482 5411 2703 5454 sanctus
2752 5417 2816 5455 ex
2869 5399 3002 5453 Filio
3058 5400 3350 5466 procedere
3404 5396 3889 5460 assertturthuet
3933 5409 4054 5463 pro-

2486 5496 2645 5553 lecto,
2683 5494 2805 5561 quia
2858 5492 3152 5545 secundum
3204 5504 3446 5544 naturam
3500 5500 3602 5551 est,
3642 5491 3719 5539 rel
3765 5485 4053 5540 sectandum

2485 5584 2751 5636 accidens.
2777 5584 2825 5636 Id
2850 5584 3044 5651 quippe
3074 5594 3441 5635 creaturarum
3470 5592 3595 5631 esta
3628 5578 3733 5631 Deo
3766 5592 3869 5629 non
3897 5589 4053 5627 natu-

2489 5678 2670 5729 raliter
2706 5678 3013 5744 procedere.
3052 5675 3105 5728 Si
3137 5674 3315 5745 igitur,
3348 5674 3643 5727 secandum
3688 5682 3935 5723 nituram
3984 5682 4050 5719 es

2491 5768 2625 5846 lﬂtlto
2665 5769 2905 5834 procedit
2952 5768 3207 5836 Spiritus,
3245 5768 3345 5820 hoc
3398 5776 3575 5818 autem
3616 5763 3823 5814 duobus
3884 5760 4059 5813 modis

2491 5860 2588 5935 lit;
2626 5862 2703 5914 ιιι
2744 5860 3035 5923 secundum
3077 5861 3438 5925 natintatctn,
3477 5858 3557 5912 vel
3592 5852 3900 5910 secundum
3937 5862 4061 5918 pto-
