4462 6440
480 396 587 459 109

1524 404 1917 463 ADVERSUS
1955 405 2268 464 GRECUS
2313 406 2455 466 LIB.
2495 408 2573 464 ll.
3589 409 3684 469 ΗΟ

475 508 773 561 cessionem
805 526 819 572 ;
855 519 1049 577 praeter
1097 509 1196 563 ista
1248 510 1390 563 enim
1431 512 1608 565 nullus
1643 512 1777 565 alius
1833 512 2030 566 divinis
2060 516 2102 572 Α
2132 512 2416 581 signiﬁcat.
2454 513 2639 583 Itaque
2669 514 2841 570 dictus
2875 526 2957 570 est
2986 516 3196 584 quidem
3234 514 3464 596 Spiritus
3489 514 3684 573 Patm.

476 598 717 664 personis
744 599 1033 652 secundum
1081 613 1323 653 naturam
1354 614 1635 683 procgsstts
1666 612 1747 656 est
1780 620 1795 667 ;
1824 616 2017 657 secun-

476 688 599 739 dum
665 688 996 742 nativitatem
1050 704 1195 754 vero,
1227 704 1505 757 processus
1545 692 1595 744 itt
1658 691 1857 759 Spiritu
1909 709 2029 747 esse

476 789 579 827 non
639 783 850 841 potest,
886 776 956 828 ita
1011 778 1151 830 enim
1210 790 1353 833 esset
1393 779 1625 847 Spiritus
1658 781 1816 835 Filius
1868 782 2024 836 Filii:

475 864 813 919 manifestum
845 875 926 921 est
957 865 1190 935 Spiritus
1210 883 1272 922 ex
1305 868 1439 923 Filio
1464 885 1791 938 processum.
1825 883 1880 926 ut
1909 887 2031 941 pro-

473 954 714 1009 cedentis
743 970 862 1010 esse
889 972 905 1012 :
940 958 1203 1026 simulque
1232 970 1439 1013 constat
1459 975 1521 1015 ex
1555 961 1656 1023 bis.
1684 963 1948 1031 eﬁ'ulgere,
1974 971 2028 1016 et

471 1045 810 1111 profundi,et
834 1047 1253 1120 proﬂuereﬂuod
1277 1051 1490 1113 dicitur,
1518 1066 1543 1102 a
1573 1051 1705 1105 Filio
1734 1053 1987 1120 Spiritum
2011 1073 2024 1106 :

474 1110 644 1199 ipsum
696 1150 763 1188 ex
817 1110 977 1191 Pzitre
1034 1110 1447 1205 procedentem,
1499 1141 1713 1194 unicmn
1772 1142 2025 1209 Spiritum

473 1230 740 1287 sanctum,
771 1238 877 1277 non
909 1226 1103 1278 donum
1133 1225 1345 1295 aliquod
1382 1229 1497 1281 sine
1528 1229 1827 1281 substantia
1859 1232 2027 1300 signi-

475 1314 660 1375 ticare,
690 1322 746 1366 ut
779 1314 997 1382 quidam
1052 1317 1270 1388 volunt;
1306 1320 1445 1371 sicut
1497 1319 1639 1372 enim
1699 1322 1809 1375 sive
1836 1322 2026 1387 Filius,

472 1401 587 1456 sive
655 1402 886 1471 Spiritus
950 1405 1241 1475 elt‘ulgere,
1291 1418 1341 1460 et
1406 1409 1666 1476 proﬂuere
1742 1426 1803 1466 ex
1874 1414 2029 1469 Patre

472 1492 686 1556 dicitur,
723 1494 848 1559 ipsre
875 1508 1118 1561 persona:
1163 1497 1358 1550 divinas
1409 1498 1689 1564 signantur
1738 1505 2031 1567 proceden-

474 1592 588 1635 tes:
626 1584 695 1636 ita
729 1596 782 1637 et
828 1584 1059 1651 Spiritus
1103 1600 1132 1639 a
1188 1586 1320 1638 Filio
1374 1588 1642 1655 profundi,
1675 1600 1729 1644 et
1774 1593 2028 1662 eﬂulgcre

470 1685 591 1725 cum
622 1673 838 1734 dicitur,
871 1687 923 1728 et
957 1676 1188 1728 maxime
1236 1690 1357 1729 cum
1399 1678 1475 1730 sic
1505 1680 1789 1746 conjttucte
1843 1696 2029 1749 proce-

469 1762 600 1815 dens
658 1778 721 1817 ex
778 1763 934 1818 Patre
974 1780 1068 1833 per
1112 1766 1302 1821 Filium
1327 1767 1594 1834 profundi,
1627 1785 1689 1823 ac
1743 1776 2027 1837 procedere

2137 602 2230 654 sed
2255 612 2308 656 et
2340 603 2566 671 Spiritus
2608 608 2846 662 veritatis
2883 617 2982 661 est.

2206 691 2270 744 Et
2307 696 2536 747 mittitur
2570 697 2785 766 quidem
2818 714 2845 750 a
2880 699 3054 765 Patre,
3090 700 3317 753 mittitur
3353 711 3529 753 autem
3568 710 3620 752 ct
3656 714 3683 751 a

2138 781 2311 843 Filio;
2373 786 2565 853 quippe
2625 792 2924 856 atqualttcr,
2963 806 3025 844 ac
3081 798 3196 845 sine
3231 793 3335 844 ulla
3386 791 3683 845 diﬂerentia

2134 876 2442 927 communia
2515 876 2701 941 Patri,
2766 888 2817 933 et
2903 879 3036 934 Filio
3097 892 3220 935 sunt
3295 897 3413 949 qua:
3468 883 3687 949 singulis

2135 974 2163 1010 a
2206 963 2467 1032 theologia
2502 967 2866 1035 assignantur.
2900 970 3071 1036 Atque
3130 970 3338 1036 proﬂuit
3391 973 3601 1038 quidem
3657 989 3682 1019 ει

2135 1048 2313 1114 Patre,
2369 1056 2639 1121 proprium
2693 1070 2870 1109 autem
2912 1058 3029 1111 Filii
3085 1071 3186 1122 ρει,
3239 1068 3294 1112 ut
3348 1072 3399 1112 et
3454 1063 3519 1111 ab
3570 1062 3683 1126 ipsa

2135 1152 2366 1194 emanet.
2426 1143 2566 1195 Fons
2619 1147 2761 1197 enim
2809 1150 2977 1200 sancti
3016 1150 3247 1217 Spiritus
3304 1161 3353 1203 et
3395 1149 3559 1204 Filius
3622 1150 3687 1201 ait

2138 1230 2388 1286 Ecclesiae
2452 1236 2719 1301 magistris
2770 1241 3051 1293 asseritttr.
3114 1241 3175 1292 Et
3248 1242 3407 1294 liabet
3473 1244 3684 1310 quidem

2134 1321 2447 1377 ettbstanlim
2503 1340 2716 1379 causam
2772 1343 2836 1381 ex
2895 1331 3164 1394 printitivn
3214 1333 3436 1394 lumine;
3475 1332 3684 1400 effulget

2134 1423 2261 1463 vero
2295 1426 2389 1477 per
2420 1414 2770 1482 unigenitum,
2797 1419 3046 1485 quoniam
3080 1434 3171 1485 per
3204 1424 3373 1484 ipsum
3399 1434 3498 1481 est,
3527 1432 3686 1487 atque

2135 1513 2228 1564 per
2260 1499 2454 1554 Filium
2490 1506 2630 1571 quod
2668 1508 2882 1571 dicitur,
2923 1519 2975 1561 et
3011 1510 3120 1575 ipse
3163 1510 3326 1564 Filius
3361 1512 3425 1568 ad
3470 1512 3682 1566 Patrem

2136 1590 2481 1643 rt'ducttntur.

2206 1677 2265 1728 Et
2297 1679 2468 1733 dictus
2496 1693 2573 1733 est
2601 1684 2837 1749 quidem,
2878 1701 2905 1735 a
2958 1686 3109 1737 t'atre
3146 1690 3453 1753 procedere,
3496 1705 3683 1756 procc-

2136 1767 2209 1817 dit
2237 1770 2361 1819 vero
2388 1784 2481 1834 per
2504 1769 2715 1825 Filium.
2751 1773 2988 1841 Namque
3015 1793 3075 1827 ex
3108 1776 3263 1830 Patre
3294 1781 3432 1845 quod
3466 1781 3683 1841 dicitur.

471 1853 716 1917 dicatur,
755 1856 867 1923 ipsa
903 1856 1083 1909 divina
1138 1872 1366 1926 persona
1421 1857 1652 1926 Spiritus
1700 1861 2023 1917 insinuatur.
2054 1837 2096 1893 ο
2124 1853 2233 1920 in“

1924 1872 2023 1917 ιηιι,
2054 1837 2096 1893 C
2124 1853 2271 1920 juxta
2311 1855 2525 1911 Patrum
2552 1866 2903 1926 sententiam,
2936 1866 3095 1917 etiam
3154 1882 3248 1933 per
3290 1867 3478 1921 Filium
3509 1875 3686 1939 sequi-

425 1975 432 1981 .
470 1938 857 1998 Procedi-ntem
910 1945 1053 1998 enim
1084 1958 1146 1997 ex
1191 1945 1344 2000 Patre
1398 1946 1685 2013 Spiritum,
1720 1965 1876 2005 nemo
1914 1952 2031 2007 sine

471 2032 769 2088 substantia
818 2035 997 2090 dicere
1026 2038 1322 2106 prtesumit,
1360 2040 1463 2095 nisi
1502 2042 1624 2112 quis
1658 2043 2029 2113 btaspltemare

470 2123 619 2176 velit.

544 2232 676 2285 Illud
706 2243 910 2297 autem,
938 2236 1079 2305 quod
1115 2239 1330 2307 quidam
1366 2242 1539 2306 aiunt,
1567 2254 1783 2299 sanctos
1825 2246 2028 2311 dicere.

470 2320 729 2390 Spiritum
776 2337 1028 2380 sanctum
1079 2330 1370 2395 procedere
1404 2333 1621 2399 quidem
1662 2351 1727 2389 ex
1768 2336 1946 2400 Patre,
1997 2355 2026 2392 a

470 2415 609 2471 Filio
658 2427 838 2473 autem
875 2419 1125 2488 profundi
1154 2433 1245 2488 ;et
1304 2439 1542 2489 rursum,
1587 2432 1877 2497 procedere
1906 2435 2029 2501 qui-

468 2508 586 2561 dem
617 2524 681 2563 ex
711 2508 892 2575 Patre,
924 2514 994 2567 ab
1022 2527 1087 2567 eo
1110 2525 1290 2568 autem
1327 2516 1604 2587 eﬂulgere,
1627 2521 1712 2574 vel
1754 2524 2027 2592 proprium

469 2598 637 2665 ipsius
686 2615 832 2664 esse,
868 2601 953 2658 vel
1013 2618 1120 2659 non
1159 2606 1413 2672 alienum,
1448 2618 1502 2663 et
1549 2624 1668 2679 qute
1708 2613 1833 2666 talia
1868 2634 1880 2669 :
1934 2630 2058 2684 per-

469 2691 569 2744 has
616 2692 1029 2759 coniunctiones
1073 2698 1425 2763 connexivas,
1460 2704 1867 2760 substantialem
1911 2708 2029 2776 Spi-

471 2782 612 2836 ritus
652 2797 967 2849 processum
1027 2784 1162 2841 Filio
1196 2788 1468 2854 tollentes,
1528 2792 1780 2864 Patrique
1829 2798 2030 2855 solum-

470 2873 630 2926 modo
677 2873 820 2929 bunc
856 2878 1234 2942 attribuentes.
1281 2883 1500 2936 omnino
1549 2884 1877 2941 imbecillum
1925 2901 2025 2945 est.

470 2965 787 3035 tlujusmodi
852 2970 1050 3040 quippe
1120 2972 1330 3029 illorum
1400 2992 1550 3033 mens
1617 2991 1700 3034 est
1774 2985 2026 3050 quoniam

464 3062 667 3115 d:citur
700 3063 917 3130 quidem
958 3063 1190 3133 Spiritus
1232 3082 1295 3121 ex
1337 3067 1496 3124 Patre
1527 3075 1838 3138 procedere,
1888 3078 2029 3131 unde

2134 1952 2214 1995 tur
2242 1961 2256 2012 ;
2302 1948 2456 2001 aliter
2484 1952 2681 2017 quippe
2715 1957 3008 2020 procedi-ns
3041 1970 3142 2011 u0u
3168 1969 3326 2013 esset.
3358 1959 3537 2028 Itaque
3558 1978 3687 2016 cono

2134 2046 2352 2090 nectunt
2386 2041 2553 2106 magis
2586 2041 2751 2107 Patri,
2797 2045 2986 2099 Filium
3028 2053 3318 2104 secundum
3350 2069 3679 2119 processura,

2133 2139 2227 2180 seu
2284 2131 2680 2195 proccssionem
2730 2138 2898 2190 sancti
2937 2140 3186 2206 Spiritus,
3223 2160 3383 2211 quam
3447 2148 3683 2201 dividunt

2133 2216 2434 2284 lmjustuodi
2471 2223 2895 2289 conjunctiones.

2201 2308 2399 2364 Eorum
2452 2324 2653 2380 autem,
2714 2320 2802 2385 qui
2844 2320 3202 2377 dill'erentiam
3230 2330 3479 2381 essentia:
3510 2329 3685 2387 Patris

2135 2412 2200 2452 ac
2251 2400 2369 2454 Filii
2423 2417 2648 2475 pergunt
2708 2420 2970 2477 astruere,
3017 2414 3228 2469 divisim
3281 2433 3342 2471 ac
3377 2420 3685 2478 dill'erenter

2133 2490 2233 2542 ista
2288 2495 2509 2550 reddere
2548 2509 2662 2563 est;
2717 2503 2927 2571 quippe,
2975 2506 3043 2557 ita
3093 2510 3685 2574 dividentes,essettti‘e

2134 2594 2349 2650 quoque
2415 2587 2715 2643 ditlerenlia
2787 2599 3094 2653 necessario
3149 2615 3423 2667 sequetur.
3486 2604 3685 2675 Nempe

2132 2674 2274 2727 enim
2312 2686 2362 2728 et
2413 2680 2686 2749 theologus
2715 2683 3004 2754 Gregorius
3037 2691 3086 2743 in
3128 2693 3242 2747 Suis
3294 2695 3357 2750 de
3407 2674 3687 2754 divinitate

2135 2757 2492 2835 sermonibus,
2525 2772 2575 2824 in
2602 2776 2863 2831 orationis
2897 2791 3068 2845 parte,
3115 2782 3346 2849 Patrem,
3382 2799 3435 2841 et
3470 2788 3688 2858 Filium,

2134 2865 2185 2907 et
2227 2855 2484 2924 Spiritum
2518 2875 2764 2918 sanctum
2805 2870 3078 2933 invocans,
3122 2883 3282 2942 atque
3328 2881 3687 2949 subinl'erens.

2134 2948 2297 3000 alium
2329 2952 2533 3017 quidem
2569 2959 2691 3009 bene
2740 2961 3083 3026 complacere,
3121 2967 3281 3018 alium
3344 2986 3458 3021 rem
3507 2990 3690 3040 coope-

2134 3039 2264 3095 rari.
2307 3042 2469 3093 alium
2506 3055 2677 3096 autem
2714 3047 2969 3113 ἔθειρα-ατε
2999 3065 3017 3102 .·
3063 3069 3166 3106 non
3205 3072 3335 3112 sane
3384 3076 3478 3126 per
3509 3065 3691 3129 hujus-

465 3154 759 3206 secundnm
791 3158 1081 3210 essentiam
1128 3156 1199 3211 illi
1235 3160 1522 3226 peculiaris
1552 3171 1633 3216 est
1666 3180 1677 3214 :
1712 3179 1816 3217 non
1847 3173 2022 3220 tamen
2050 3150 2095 3209 (ἶ
2138 3140 2227 3225 111οη

1928 3126 2025 3220 ὠξιί
2050 3150 2095 3209 c
2138 3126 2277 3179 modi
2315 3131 2746 3200 conjunctiones,
2776 3138 2890 3191 sive
2926 3140 3340 3211 betteplacitum,
3371 3152 3483 3206 sive
3521 3157 3690 3224 inspi-

464 3254 549 3296 cst
599 3245 811 3298 alienus
860 3260 888 3297 a
950 3247 1108 3312 Filio,
1168 3247 1402 3317 Spiritus
1442 3251 1586 3305 enim
1638 3251 1756 3307 Filii
1804 3256 2022 3321 dicitur,

462 3335 613 3399 juxta
648 3337 789 3400 quod
831 3336 933 3390 sibi
966 3338 1129 3391 etiam
1168 3340 1454 3404 peculiaris
1488 3351 1591 3396 est.
1633 3343 1759 3398 Ideo
1786 3355 1838 3398 et
1866 3347 1932 3399 ab
1960 3365 2025 3405 eo

465 3427 827 3492 profunditur,
854 3429 1305 3495 quemadmodum
1332 3447 1395 3487 ex
1433 3433 1540 3487 Deo
1564 3444 1620 3487 et
1644 3436 1823 3503 Patre,
1854 3441 2024 3498 haeres

462 3516 606 3568 enim
659 3526 1005 3581 paternorum
1043 3518 1304 3573 honorum
1338 3531 1445 3582 est,
1483 3533 1537 3576 et
1571 3528 1819 3591 proprius
1852 3528 2023 3596 ipsius

461 3612 568 3663 est,
604 3612 787 3671 utpote
842 3619 937 3671 per
981 3606 1155 3673 ipsum
1212 3612 1528 3665 naturaliter
1556 3616 1832 3681 prodiens,
1874 3627 1927 3673 et
1957 3635 2022 3674 ex

468 3694 585 3757 ipso
635 3696 928 3752 exsistens.
988 3694 1175 3766 Igitur,
1217 3700 1319 3752 etsi
1369 3705 1613 3769 procedit
1642 3721 1706 3760 ex
1749 3707 1929 3771 Patre,
1971 3723 2025 3765 at

462 3797 638 3850 neque
676 3798 704 3837 a
748 3782 882 3838 Filio
914 3784 1148 3839 alienum
1184 3796 1397 3855 oportet
1424 3794 1693 3849 aestimare
1726 3800 2020 3854 secundum

460 3892 583 3930 eutn
634 3890 795 3945 quem
844 3879 1188 3944 praediximus
1226 3880 1465 3935 modum.
1520 3882 1771 3943 Procedit
1827 3891 2024 3960 quippe

462 3982 556 4034 per
588 3964 807 4021 Filium.
840 3966 1143 4023 Procedere
1194 3982 1373 4025 autem
1408 3976 1552 4041 quod
1597 3977 1815 4043 dicitur,
1858 3983 2020 4035 etiam

460 4074 556 4127 per
589 4057 779 4113 Filium
812 4061 1181 4130 consequitur.
1232 4063 1404 4117 Aliter
1432 4067 1573 4121 enim
1605 4081 1708 4123 non
1751 4073 2021 4127 diceretur

458 4164 521 4201 ex
561 4149 719 4206 Patre
754 4154 1064 4219 procedere.

530 4283 828 4339 Attestatur
874 4293 928 4339 et
963 4287 1046 4342 bis
1094 4303 1319 4357 magnus
1366 4290 1613 4359 Basilius,
1660 4311 1782 4351 cum
1836 4299 2016 4357 dicit:

461 4371 619 4427 Illius
645 4375 853 4441 quidem
879 4378 947 4426 ad
985 4375 1194 4431 Patrem
1220 4382 1595 4448 proprietatem
1623 4386 1856 4458 intelligo
1886 4408 2018 4460 quo-

458 4465 601 4515 niam
632 4466 864 4531 procedit
897 4483 962 4520 ex
1002 4466 1198 4532 Patre;
1248 4473 1315 4523 ad
1354 4471 1551 4527 Filium
1594 4492 1730 4538 vero.
1774 4484 2020 4544 quoniam
2048 4460 2100 4519 D

457 4552 640 4605 audiri
664 4567 683 4604 :
715 4573 733 4604 ι
768 4552 829 4608 Si
859 4556 974 4621 quis
1003 4554 1263 4623 Spiritum
1312 4561 1509 4615 Christi
1538 4581 1644 4617 non
1695 4569 1872 4626 habet.
1921 4589 2022 4625 non

455 4652 533 4695 est
562 4643 674 4709 ejus
704 4644 768 4695 “.
802 4662 821 4695 ι
873 4645 937 4697 Ει
967 4646 1097 4699 illud
1140 4664 1156 4702 :
1186 4647 1367 4718 Neque
1414 4655 1551 4705 enim
1592 4657 1762 4709 minus
1822 4660 2021 4726 aliquid

455 4751 675 4788 eramus
708 4737 941 4789 habituri
973 4739 1041 4790 ad
1078 4746 1510 4809 cognoscendum,
1538 4744 1794 4812 Spiritum
1826 4768 1889 4804 ea:
1916 4753 2021 4807 Deo

452 4840 585 4886 esse,
624 4825 883 4891 Spiritum
917 4829 1024 4881 oris
1052 4829 1164 4896 ejus
1191 4834 1461 4886 audientes
1493 4852 1645 4899 cum;
1676 4843 1766 4893 sed
1803 4844 2020 4910 sti/ﬁcie-

454 4917 547 4967 bat
590 4927 637 4969 et
676 4919 771 4970 hoc
800 4934 985 4972 nomen
1046 4922 1117 4973 ad
1168 4923 1568 4991 insinuandum,
1613 4931 1779 4997 ipsius
1811 4949 1878 4984 ex
1915 4934 2021 4988 Deo

452 5024 563 5061 esse
586 5010 960 5064 substantiam.

524 5122 688 5178 Porro
724 5123 899 5179 Patris
951 5141 1014 5179 os
1066 5126 1232 5183 Filius
1281 5141 1385 5190 est,
1446 5144 1505 5185 ut
1564 5132 1754 5190 Patres
1809 5138 2016 5193 volunt.

451 5211 681 5267 Prorsus
715 5229 864 5280 vero,
894 5217 1037 5285 quod
1070 5230 1257 5273 sancto
1290 5221 1519 5289 Spiritui
1566 5225 1630 5276 ad
1664 5224 1881 5280 Patrem
1912 5238 2015 5293 est,

448 5319 512 5355 ex
562 5301 718 5358 Patre
745 5307 1046 5372 procedere,
1090 5306 1373 5380 Patrisque
1411 5314 1671 5382 Spiritum
1702 5318 1804 5371 dici
1837 5337 1850 5373 :
1883 5320 2008 5384 hoc,

449 5402 502 5444 et
557 5394 619 5445 ad
654 5393 867 5456 Filium.
900 5399 968 5451 ab
1020 5398 1138 5466 ipso
1171 5403 1436 5470 accipere,
1472 5413 1528 5460 et
1579 5409 1788 5473 audire,
1821 5422 1874 5463 et
1910 5428 2011 5465 cze-

452 5495 583 5545 tera,
617 5502 737 5553 qua:
772 5488 888 5541 Filii
920 5490 1177 5556 Spiritum
1205 5510 1325 5550 esse
1357 5501 1758 5553 commendant.
1796 5501 1927 5555 Nam
1962 5514 2015 5558 et

450 5590 477 5625 ει
525 5573 683 5630 Patre
715 5583 1006 5645 procedere
1037 5584 1178 5651 quod
1230 5588 1425 5641 dicitur
1471 5606 1498 5642 a
1556 5589 1714 5646 Patre
1768 5597 2010 5661 accipere

562 5759 606 5786 ⁶¹⁸
645 5757 777 5809 “om
836 5777 904 5808 \tt

2137 3220 2435 3283 rationem.
2505 3226 2618 3278 sive
2675 3233 3110 3295 cooperatiunem
3177 3242 3417 3304 personis
3475 3245 3688 3311 ditisit;

2136 3324 2306 3375 neque
2358 3312 2499 3364 enim
2558 3315 2762 3383 singula
2823 3320 3009 3374 ltorutn
3067 3327 3292 3393 singulis
3337 3348 3688 3398 personarum

2137 3401 2303 3467 magis
2359 3407 2573 3472 proprie
2631 3416 3125 3480 accommodantur,
3182 3437 3342 3487 quam
3400 3430 3618 3497 reliquis
3672 3450 3684 3486 :

2133 3504 2337 3554 thl'llln.
2392 3497 2569 3549 omnia
2622 3507 2953 3557 conveniunt
3013 3510 3258 3579 singulis,
3317 3516 3422 3568 imo
3474 3533 3527 3574 et
3580 3533 3686 3577 tota

2134 3581 2390 3650 Trinitas,
2427 3598 2487 3641 ut
2519 3604 2655 3643 unus
2689 3591 2828 3648 Deus
2862 3598 3107 3665 inspirat,
3133 3615 3185 3656 ct
3229 3606 3328 3658 sibi
3366 3610 3498 3663 bene
3542 3628 3689 3665 (‘Ottl—

2135 3672 2307 3738 placet
2354 3675 2406 3728 itt
2435 3677 2613 3742 bonis,
2648 3695 2703 3734 et
2734 3688 3089 3755 quodcunque
3123 3693 3503 3754 inclinantibus
3539 3707 3689 3769 adju-

2132 3762 2235 3814 trix
2294 3774 2395 3817 est.
2454 3768 2626 3834 Atque
2679 3774 2871 3840 ubique
2930 3781 3141 3845 penitus
3177 3799 3402 3853 quicque
3436 3762 3688 3857 personis

2136 3854 2483 3923 assignantur
2531 3871 2588 3913 ιιι
2623 3865 2863 3930 propria,
2896 3867 3014 3922 sine
3062 3873 3166 3925 ulla
3202 3877 3464 3933 varietate
3490 3897 3689 3941 conve-

2135 3942 2285 3996 nient
2339 3961 2353 4000 :
2406 3947 2492 4000 ttbi
2555 3965 2658 4003 non
2729 3957 3022 4021 opponitur
3087 3962 3369 4020 relationis
3436 3967 3701 4039 objectio;

2131 4037 2579 4103 quemadmodum
2610 4047 2886 4110 processio
2942 4050 3194 4119 Spiritus,
3226 4056 3345 4112 Ftlii
3382 4062 3446 4114 ad
3476 4037 3685 4120 Patrem

2130 4126 2373 4181 relationi
2426 4131 2554 4185 nihil
2606 4133 2806 4201 obstat,
2841 4148 2895 4192 ut
2946 4143 2995 4194 in
3051 4151 3403 4215 sequentibus
3459 4158 3691 4215 lucidius

2131 4220 2539 4274 monstrabitur.

2201 4307 2352 4373 Quod
2395 4310 2437 4364 si
2481 4317 2770 4381 procedere
2803 4322 2971 4389 ipsam
3006 4327 3317 4399 dictionem,
3344 4353 3463 4404 quae
3506 4340 3690 4399 Crtece

2124 4399 2521 4470 éxnopstissliat
2575 4406 2790 4475 dicitur,
2832 4415 2883 4467 in
2921 4399 3411 4490 Filioinquirunt-z
3456 4434 3686 4498 primum

2126 4492 2342 4560 quidem
2404 4496 2643 4563 plut-ibus
2695 4516 2855 4571 supra
2915 4510 3209 4566 rationibus
3261 4528 3533 4576 ostensum
3585 4540 3686 4591 est,

2124 4676 2447 4745 significant.
2492 4681 2713 4750 Deinde,
2757 4687 2879 4754 quia
2910 4700 2962 4742 et
2986 4709 3013 4743 a
3045 4698 3248 4751 sanctis
3276 4716 3486 4770 quoque
3514 4714 3686 4775 posita

2125 4778 2208 4822 est
2260 4769 2567 4837 ltujusmodi
2630 4774 2812 4829 dictio.
2871 4778 2976 4833 Sed
3016 4792 3068 4836 et
3133 4785 3330 4854 ipsum,
3386 4769 3528 4860 quod
3597 4817 3689 4866 per

2125 4858 2317 4914 Filium
2360 4865 2652 4931 procedere
2681 4867 2897 4933 tliritttr,
2934 4886 2961 4923 a
3016 4872 3265 4932 l’att'ibus
3309 4888 3690 4943 comtttentlare

2130 4952 2343 5017 Suilii-it,
2396 4956 2535 5022 quod
2576 4959 2736 5013 etiam
2791 4965 3035 5030 procedit
3067 4981 3131 5021 ex
3181 4969 3336 5027 Filio.
3369 4975 3683 5048 Quanquam

2129 5046 2324 5111 quibus
2374 5063 2479 5101 non
2538 5051 2793 5116 sufﬁciat,
2829 5059 2970 5123 quod
3017 5075 3080 5112 ex
3131 5061 3268 5116 Filio
3306 5046 3690 5135 Spit‘itttsvcsst:

2128 5151 2347 5193 sanctus
2393 5143 2632 5197 dicitur?
2677 5164 2797 5200 cttut
2849 5154 3020 5205 sancti
3057 5154 3159 5209 hoc
3192 5158 3437 5225 plurimis
3473 5165 3521 5218 itt
3557 5169 3690 5222 locis

2127 5231 2377 5299 dixerint,
2427 5249 2548 5288 cum
2600 5240 2663 5291 de
2715 5245 3090 5306 pet‘suttalibus
3142 5250 3456 5308 sobstantiis
3509 5257 3685 5312 dissz

2126 5337 2355 5378 ret-ent:
2416 5329 2745 5399 verbumque
2778 5349 2911 5398 csse,
2968 5339 3360 5396 Sili)$lan|i\'lllt|
3410 5362 3531 5400 cum
3592 5354 3685 5415 sit,

2123 5418 2294 5484 magis
2355 5420 2517 5475 etiam
2577 5424 2873 5494 cuiuspiam
2950 5447 3013 5483 ex
3079 5434 3262 5500 aliquo
3328 5440 3684 5496 substantiam

2122 5512 2427 5577 exprimere
2460 5516 2645 5583 possit.
2693 5518 2844 5581 juxta
2901 5522 3106 5576 Scilicet
3159 5531 3363 5597 proprii
3400 5548 3685 5600 processu;

2125 5611 2406 5656 ιιίἰιιιιιιιιιι
