4462 6440
785 397 893 461 ill

2043 394 2433 451 MANUEIJS
2460 394 2762 455 CALEL‘IE

3908 366 4029 458 ita

868 506 1130 558 Prrcterea
1167 511 1379 555 constat
1416 516 1477 552 cx
1517 498 1902 567 superioribus,
1930 499 2069 565 quod
2116 499 2342 549 dicimus
2374 502 2416 557 Α
2450 501 2572 553 lima
2648 506 2902 573 (actione)
2981 506 3465 560 eminentissimum
3530 506 3787 560 Ecclesia}
3845 506 4016 575 magi.

797 598 847 648 in
890 588 1029 647 Filio
1084 606 1307 644 manere
1344 591 1623 656 Spiritum,
1662 588 1802 657 quod
1846 589 2062 656 quidam
2095 587 2179 641 his
2211 586 2346 654 obji-

797 690 987 748 ciunt,
1011 684 1100 751 qui
1130 684 1291 735 etiam
1315 697 1376 734 ex
1412 681 1547 733 Filio
1578 677 1875 747 proferunt,
1905 678 2036 730 nihil
2061 692 2154 731 eos
2177 677 2348 743 juvat.

785 778 895 842 Qui
947 776 1086 827 enim
1121 780 1175 825 et
1230 787 1295 825 ex
1342 770 1475 822 Filio
1513 770 1772 836 Spiritum
1809 770 2011 827 dicunt,
2043 778 2094 821 et
2128 768 2177 819 in
2215 766 2351 818 Filio

796 871 951 935 longe
976 866 1124 933 prius
1145 862 1467 914 conﬁtentur
1489 875 1749 927 manuque
1777 868 1830 911 et
1852 858 2042 919 sancti.
2062 866 2115 911 et
2140 860 2190 908 in
2215 856 2353 910 Filia

795 962 1005 1022 dicunt;
1060 966 1113 1008 ct
1167 969 1263 1023 per
1330 954 1527 1019 ipsum,
1584 959 1637 1004 et
1674 966 1737 1002 ex
1794 951 1907 1016 ipso
1944 965 2074 1011 esse,
2127 950 2348 1001 addunt.

794 1048 976 1114 Neque
1012 1048 1111 1098 hoc
1142 1045 1335 1104 solum,
1360 1041 1450 1094 sed
1478 1050 1534 1093 et
1561 1041 1610 1091 in
1640 1039 1817 1101 Patre,
1849 1046 1903 1090 et
1934 1040 1984 1090 in
2016 1038 2148 1090 Filio
2178 1037 2351 1103 Spiri-

797 1152 905 1191 tum
949 1148 1193 1191 sanetum
1248 1132 1491 1186 manere.
1547 1131 1699 1185 Sicut
1736 1140 1915 1183 autem
1967 1130 2017 1180 in
2055 1127 2213 1181 Patre
2240 1143 2354 1179 ma-

793 1245 947 1293 nens,
989 1231 1149 1279 etiam
1187 1239 1252 1277 ex
1312 1225 1439 1290 ipso
1474 1232 1575 1283 est,
1623 1221 1703 1272 sic
1735 1228 1788 1271 et
1833 1220 1884 1271 in
1923 1218 2058 1271 Filio
2106 1230 2350 1277 manens,

782 1323 952 1374 etiam
988 1335 1050 1372 ex
1108 1317 1223 1383 ipso
1275 1324 1374 1367 est.
1430 1311 1547 1364 Non
1600 1309 1743 1363 enim
1794 1307 2040 1378 profecto
2089 1306 2352 1374 quispiam

795 1412 1172 1477 blnspliemare
1201 1404 1438 1463 audebit,
1465 1404 1533 1454 ita
1567 1402 1620 1452 in
1658 1398 1794 1451 Filio
1826 1410 2040 1449 manere
2071 1394 2350 1463 Spiritum,

789 1505 931 1555 sicut
982 1502 1032 1551 in
1070 1495 1310 1564 quolibet
1344 1502 1677 1551 sanctorum,
1732 1488 1786 1541 in
1819 1488 2015 1556 quibus
2063 1487 2355 1554 requiescit

791 1594 1028 1662 quidem,
1058 1599 1112 1641 et
1143 1592 1345 1649 manet,
1379 1582 1472 1636 sed
1501 1596 1595 1649 per
1630 1579 1879 1649 gratiam.
1928 1591 2030 1630 non
2064 1592 2161 1645 per
2190 1587 2353 1630 natu-

790 1702 931 1738 ram.

862 1776 1124 1827 Praeterea
1181 1783 1329 1829 vero,
1380 1764 1521 1832 quod
1572 1763 1832 1831 procedit,
1879 1763 1942 1814 'in
1982 1776 2065 1823 eo,
2125 1774 2189 1813 ex
2248 1770 2353 1823 quo

2461 600 2655 655 strum,
2688 608 2749 646 ac
2777 603 3021 650 sanctum
3054 596 3432 663 praedicarunt.

2536 680 2638 735 Sed
2684 684 2830 738 etde
2863 687 3250 753 pra~nominato
3293 692 3481 738 sancto
3520 684 3802 736 Anastasio
3825 680 4015 732 Antio-

2460 775 2633 829 cheno
2661 776 2984 843 patriarcha,
3008 786 3156 828 sexta
3182 776 3433 841 synodus,
3458 773 3535 826 sic
3554 775 3625 823 ait
3648 790 3661 824 :
3694 770 4014 833 Suscipimus

2460 874 2699 917 sanctum
2761 865 3098 915 Anastasium
3159 875 3297 914 recta
3354 863 3455 928 ﬁde
3502 861 3890 926 respondentem
3921 874 4014 925 pro

2460 964 2599 1005 tanta
2625 955 2813 1014 sancti,
2839 970 2900 1005 ac
2928 955 3229 1007 venerabilis
3258 951 3417 1020 Papa
3446 952 3650 1005 Leonis.
3685 934 3758 1004 Ac
3783 966 3969 1004 rursus
3998 969 4011 1003 :

2462 1043 2715 1097 Sanctum
2750 1045 2986 1096 nominat
3020 1043 3207 1097 Oriens
3258 1053 3394 1095 totus
3434 1044 3567 1094 hunc
3597 1051 3790 1095 sancta:
3825 1057 4018 1093 memo-

2460 1134 2553 1184 ria:
2616 1133 2977 1191 Anastasium.
3022 1133 3115 1195 qui
3169 1132 3269 1199 fuit
3334 1128 3625 1183 Antiochia:
3677 1130 4016 1194 archiepisco‘

2459 1239 2577 1290 pus,
2627 1234 2675 1275 et
2713 1226 2803 1290 qui
2856 1239 2971 1276 eum
3026 1240 3128 1275 non
3186 1222 3427 1287 suscipit,
3477 1221 3614 1273 Deus
3666 1221 4013 1273 anathemati-

2461 1322 2561 1365 set.

2535 1403 2766 1457 Sanctus
2825 1402 2988 1472 igitur
3046 1400 3303 1464 Hilarius,
3343 1401 3593 1466 antiquus
3642 1398 3821 1463 Pater,
3857 1407 4016 1465 atque

2461 1491 2813 1555 venerabilis,
2840 1502 2894 1545 et
2918 1491 3131 1544 dicendi
3170 1490 3241 1553 vi,
3275 1500 3328 1542 et
3354 1490 3704 1557 philosophia:
3728 1489 3935 1548 studiis,
3961 1498 4017 1539 ct

2463 1579 2748 1648 theologia:
2779 1579 3136 1643 sublimitate,
3165 1587 3218 1631 et
3242 1580 3361 1640 vitae
3393 1578 3675 1640 munditia,
3699 1588 3750 1629 et
3782 1577 4015 1628 miracu-

2462 1668 2635 1721 lorum
2668 1668 2975 1722 ostensione
3029 1670 3264 1731 masime
3308 1667 3507 1729 clarus,
3572 1668 3663 1729 ita,
3722 1676 3778 1719 ut
3831 1666 4016 1731 beatus

2462 1759 2790 1829 Augustinus
2829 1760 2894 1812 de
2943 1759 3032 1812 illo
3079 1759 3225 1812 dicat
3273 1778 3285 1811 :
3332 1756 3527 1810 Mirum
3590 1773 3737 1816 sane,
3798 1756 3843 1808 si
3897 1756 4015 1822 quis

789 1865 1055 1933 procedit,
1108 1862 1254 1928 prius
1282 1854 1578 1910 substiterit
1608 1868 1827 1907 necesse
1859 1860 1958 1912 est.
1997 1849 2177 1918 Neque
2207 1847 2348 1901 enirn
2384 1832 2426 1889 Β
2457 1849 2725 1903 Hilarium
2781 1850 2950 1915 legens
3002 1866 3103 1901 non
3157 1849 3453 1900 admiratur
3500 1864 3615 1900 cum
3669 1847 3748 1900 his
3827 1846 3916 1914 qui
3964 1847 4016 1898 in

779 1972 849 2009 cx
894 1955 986 2006 ἰΙΙιι
1020 1953 1176 2003 aliter
1200 1947 1537 2017 procederet.
1573 1941 1627 1994 lu
1660 1942 1853 1995 divinis
1878 1949 2056 1993 autem
2082 1935 2349 2007 personis,

786 2049 946 2104 simul
998 2057 1051 2099 et
1112 2045 1163 2097 in
1199 2044 1333 2110 ipso,
1380 2046 1434 2090 ct
1482 2053 1577 2104 per
1622 2037 1816 2104 ipsum,
1862 2042 1916 2087 et
1961 2047 2027 2085 ex
2084 2030 2200 2097 ipso
2247 2036 2350 2088 est,

778 2152 1011 2211 propter
1047 2136 1424 2195 aeternitatem,
1464 2141 1516 2183 et
1551 2129 1691 2197 quod
1745 2126 1854 2180 illic
1891 2123 2143 2192 tempori;
2172 2113 2353 2172 nullus

794 2246 941 2284 locus
973 2230 1060 2281 sit.
1096 2226 1246 2278 Sicut
1296 2237 1424 2290 ergo
1462 2220 1631 2273 Filius
1667 2219 1718 2271 in
1773 2215 1934 2269 Patre
1964 2214 2236 2267 exsisteus
2288 2225 2351 2262 ex

789 2338 906 2391 ipso
933 2330 1035 2381 est,
1070 2314 1121 2371 et
1147 2316 1383 2384 Spiritus
1407 2321 1628 2365 sanctus
1655 2307 1930 2369 similiter;
1964 2304 2077 2371 pari
2111 2300 2354 2371 profecto

789 2415 1023 2471 ratione,
1060 2417 1110 2460 et
1148 2407 1212 2461 de
1266 2396 1546 2457 mansione
1590 2397 1762 2453 sancti
1817 2395 2055 2465 Spiritus
2108 2393 2159 2446 in
2214 2391 2353 2445 Filio

790 2505 1096 2558 dicetulum.

860 2596 923 2648 Et
960 2600 1042 2646 est
1081 2590 1299 2658 quidem
1331 2588 1381 2639 id
1433 2599 1640 2647 verum,
1675 2582 1813 2650 quod
1858 2579 1932 2632 ait
1965 2578 2118 2630 divus
2151 2572 2352 2642 Diony-

790 2688 930 2748 sius,
974 2683 1117 2752 quod
1155 2680 1350 2733 divinae
1406 2675 1715 2730 substantiae
1746 2673 1798 2725 in
1839 2670 2066 2725 invicem
2126 2667 2357 2721 circum-

791 2788 943 2840 eunt,
979 2778 1072 2831 sed
1122 2789 1226 2825 non
1292 2769 1493 2821 idcirco
1551 2764 1798 2819 confusio
1844 2770 1947 2825 est,
2009 2772 2181 2827 neque
2225 2757 2355 2809 hinc

791 2867 1090 2925 immobilis
1120 2863 1251 2915 ordo
1279 2856 1604 2927 pervertitur
1635 2874 1647 2908 :
1694 2850 1873 2919 Neque
1916 2865 2118 2902 necesse
2153 2846 2355 2898 Filium

791 2967 848 3015 in
874 2960 1075 3027 Spiritu
1117 2969 1231 3005 cum
1266 2952 1512 3010 dicimus,
1543 2947 1700 2999 etiam
1736 2960 1801 2997 ea:
1842 2941 2045 3009 Spiritu
2096 2954 2204 2991 esse
2234 2953 2358 2989 con-

770 3053 948 3122 ﬁteri,
991 3058 1049 3101 ut
1083 3043 1375 3110 Gregorius
1410 3038 1680 3106 Nyssenus
1716 3036 1789 3085 ait
1818 3051 1833 3084 :
1880 3031 2001 3093 Sed,
2042 3039 2116 3080 est
2147 3028 2353 3093 quidem

2458 1939 2642 1993 Nica’a
2697 1948 3064 1993 convenerunt.
3124 1937 3230 1993 Pro
3286 1938 3548 2023 pnigeniti
3610 1938 3774 2006 gloria
3837 1945 4018 1990 contra

2454 2033 2638 2085 Arium
2672 2044 2930 2099 pugnans,
2976 2030 3050 2082 ait
3092 2028 3144 2081 in
3187 2033 3424 2081 secundo
3461 2027 3533 2080 De
3572 2026 4017 2089 Trinitatelibro,

2454 2136 2612 2190 quem
2692 2130 2879 2174 contra
2932 2112 3119 2170 Arium
3183 2126 3234 2169 et
3296 2116 3587 2170 Sabellium
3646 2115 4017 2181 conscripsit:

2454 2212 2727 2267 Credimus
2780 2222 3014 2263 sanctam
3061 2207 3395 2271 Trinitatem,
3442 2207 3537 2259 hoc
3582 2217 3653 2258 est
3701 2204 3937 2265 Patrem,
3970 2213 4018 2257 et

2452 2300 2679 2362 Filium,
2716 2302 2765 2352 el
2807 2298 3056 2367 Spiritum
3094 2309 3354 2357 sanctum.
3386 2312 3547 2348 unum
3588 2295 3748 2347 Deum
3787 2294 4023 2360 omnipo-

2455 2400 2663 2454 tentem,
2724 2391 2876 2443 unius
2941 2390 3198 2447 essentiw.
3261 2389 3415 2439 unius
3474 2385 3803 2448 substantiw,
3864 2386 4020 2437 unius

2384 2486 2393 2494 '
2454 2484 2724 2550 potentia,
2754 2492 3043 2534 creatorem
3100 2481 3327 2532 omnium
3373 2488 3731 2532 creaturarum
3768 2492 3877 2539 ;e:t:
3921 2492 4023 2544 quo
4080 2507 4085 2511 ο

2456 2575 2655 2634 omnia,
2689 2588 2781 2641 per
2802 2588 2949 2639 quem
2982 2572 3180 2633 omnia,
3214 2571 3264 2621 in
3303 2585 3402 2636 quo
3432 2569 3629 2621 omnia.
3670 2566 3885 2619 Patrem
3921 2583 4023 2618 non

2457 2667 2520 2719 ab
2582 2665 2708 2728 alio,
2749 2663 2945 2737 Filium
2986 2678 3047 2714 ex
3080 2660 3235 2714 Patre
3268 2662 3518 2728 genitum,
3557 2660 3716 2713 Deum
3759 2676 3932 2713 verum
3962 2660 4024 2711 de

2460 2756 2562 2809 Deo
2593 2771 2731 2818 vero,
2764 2754 2935 2806 lumen
2971 2768 3163 2815 verum,
3206 2768 3269 2804 ea:
3300 2753 3491 2802 lumine
3519 2767 3658 2813 vero,
3701 2767 3802 2803 non
3850 2761 4023 2802 tamen

2458 2849 2560 2899 duo
2589 2846 2812 2905 lumina,
2850 2845 2940 2897 sed
2972 2858 3128 2894 unum
3171 2843 3384 2893 lumen:
3430 2840 3689 2905 Spiritum
3719 2847 3960 2892 sanctum
3988 2856 4018 2889 a

2459 2938 2643 2999 Patre,
2677 2948 2724 2989 et
2759 2935 2889 2989 Filio
2923 2935 3197 3001 cequaliter
3247 2934 3626 3000 procedentem,
3684 2933 4026 2983 consubstan—

2460 3028 2636 3079 tialem
2665 3035 2714 3077 et
2759 3034 3073 3087 cowteritunt
3112 3021 3260 3073 Patri
3288 3031 3335 3073 et
3379 3019 3541 3081 Filio,
3581 3019 3742 3072 Pater
3769 3021 3821 3070 in
3856 3020 4021 3084 seipse

789 3107 956 3198 'Filius
993 3143 1046 3192 in
1086 3107 1277 3196 Patre,
1312 3134 1445 3185 sicut
1488 3126 1821 3197 pulchritudo
1854 3122 2095 3189 imaginis
2147 3121 2202 3171 in
2240 3118 2356 3187 pri-
2385 3152 2430 3212 C
2460 3116 2643 3181 plenus
2678 3112 2840 3175 Deus,
2892 3112 3065 3164 Filius
3114 3110 3297 3178 plenus
3331 3109 3465 3162 Deus
3498 3126 3560 3162 ea:
3606 3107 3763 3195 Patre
3793 3110 4022 3176 genitus,

788 3237 969 3288 mitit-a
1003 3233 1173 3299 forma
1226 3227 1277 3277 in
1313 3222 1527 3292 propria
1563 3217 1810 3286 imagine.
1848 3213 1990 3267 Idem
2046 3226 2171 3265 vero
2204 3221 2255 3263 et
2303 3210 2353 3261 in

788 3327 944 3385 Filio,
981 3334 1033 3375 et
1069 3318 1272 3381 Spiritu
1307 3311 1615 3365 dicendum.

864 3417 1126 3484 Quoniam
1154 3411 1315 3478 igitur
1351 3408 1416 3459 ab
1445 3402 1739 3459 Orientalis
1775 3400 2028 3452 Ecclesia
2064 3396 2352 3467 magistris,

780 3526 848 3562 ex
913 3504 1049 3559 Filio
1102 3515 1257 3562 esse,
1319 3512 1379 3550 ac
1436 3495 1733 3561 procedere
1792 3490 2049 3559 Spiritum
2105 3500 2353 3542 sanctum

789 3598 1048 3650 traditum
1087 3589 1352 3649 conatitit,
1390 3586 1513 3638 licet
1559 3583 1789 3650 plurima
1828 3582 2024 3633 omissa
2072 3580 2199 3642 sint,
2238 3594 2358 3649 qua:

789 3687 970 3742 alierri
1004 3690 1255 3751 poterant
1286 3679 1350 3729 ad
1386 3677 1487 3728 hoc
1519 3674 1690 3741 ipsum
1737 3671 2187 3735 asseverandum;
2217 3686 2359 3725 nunc

783 3780 894 3846 jam
922 3785 977 3830 et
1006 3773 1073 3827 ab
1102 3770 1147 3824 Ο
1183 3766 1466 3823 cidentalis
1493 3761 1747 3817 Ecclesia:
1776 3760 2103 3824 doctoribus,
2135 3770 2189 3812 ut
2218 3761 2355 3813 idem

788 3881 1031 3926 astruere
1060 3867 1323 3924 nitamur,
1357 3858 1709 3909 admonemur
1741 3870 1754 3905 :
1788 3861 1843 3904 ut
1879 3852 1981 3913 his,
2013 3852 2102 3918 qui
2142 3862 2359 3905 contra-

787 3965 970 4015 dicere
1003 3960 1269 4015 nituntur,
1298 3949 1441 4003 nulla
1468 3947 1579 4013 jam
1615 3944 1894 3998 excusatio
1925 3944 2128 4010 reliqua
2158 3942 2246 3994 sit.
2285 3946 2359 3996 Ac

771 4056 962 4122 primo
1020 4050 1259 4117 quidem.
1315 4049 1570 4109 quantum
1614 4036 1716 4087 illis
1780 4033 2110 4087 universales
2170 4033 2357 4101 synodi

778 4142 1147 4199 reverentiam
1216 4133 1705 4195 auctoritatemque
1754 4124 2136 4193 praestiterint,
2170 4133 2222 4177 et
2255 4136 2359 4191 qua

792 4237 893 4290 ﬁde
960 4235 1169 4288 illorum
1226 4226 1369 4280 dicta
1427 4218 1625 4287 suscipi
1693 4216 2014 4281 conveniat,
2085 4213 2363 4268 insinuan-

766 4338 937 4386 Adum.
1960 4368 1964 4372 .

861 4423 1059 4475 Sancta
1097 4414 1282 4483 igitur,
1334 4416 1497 4475 atque
1543 4401 1867 4457 universalis
1908 4401 2093 4469 quinta
2123 4398 2361 4469 synodus

2465 3206 2694 3272 Spiritus
2725 3216 2935 3256 sanctus
2968 3200 3149 3269 plenus
3170 3215 3233 3252 ea:
3272 3198 3454 3264 Patre,
3480 3210 3529 3251 et
3558 3185 3692 3252 Filio
3718 3199 4021 3266 procedens.

2466 3297 2588 3351 Non
2624 3306 2795 3349 tamen
2830 3303 2932 3346 tres
2991 3292 3112 3346 deos
3166 3285 3412 3352 dicimus,
3473 3292 3563 3344 sed
3614 3306 3773 3343 unum
3837 3289 4021 3342 Deum.

2462 3388 2608 3440 Idem
2652 3386 2704 3438 in
2739 3384 3159 3441 Carnmentariis
3189 3382 3242 3435 in
3293 3381 3630 3450 Apostolum,
3676 3381 3741 3435 de
3771 3383 3931 3434 Patre
3962 3398 4025 3445 ac

2465 3477 2604 3532 Filio
2633 3477 2925 3538 disserens,
2947 3460 3078 3527 ait':
3110 3471 3259 3536 Nihil
3297 3475 3350 3526 in
3388 3482 3573 3525 sancta
3604 3470 3807 3539 Spiritu
3835 3470 4027 3539 duplex

2466 3570 2707 3636 intelligi,
2736 3567 2861 3634 quin
2914 3563 3077 3617 Pater
3127 3573 3175 3615 et
3231 3563 3397 3616 Filius
3429 3563 3510 3615 illi
3545 3578 3655 3614 esse
3683 3562 4027 3628 prwbuerint.

2470 3661 2615 3716 Unde
2643 3661 2795 3713 ambo
2826 3672 2985 3710 unum
3013 3656 3323 3724 principium
3360 3657 3529 3707 sancti
3567 3652 3795 3720 Spiritus
3842 3652 4029 3704 dicun-

2466 3767 2572 3811 tur.

2541 3846 2776 3899 Sanctus
2808 3841 2936 3915 item
2977 3837 3343 3904 Hieronymus
3390 3834 3623 3899 quodam
3658 3839 3708 3886 In
3744 3834 3860 3888 loco
3898 3852 4028 3905 opu-

2468 3928 2742 3995 scu'lorum
2801 3945 3045 3992 suorum,
3108 3928 3183 3980 ait
3230 3944 3242 3978 :
3293 3923 3523 3993 Spiritus
3561 3935 3768 3977 sanctus
3790 3942 3832 3979 -a
3867 3924 4025 3981 Patre

2470 4046 2532 4084 ac
2598 4026 2741 4079 Filio
2799 4021 3105 4091 procedens,
3173 4031 3265 4078 per
3333 4014 3509 4067 omnia
3572 4013 3722 4088 Pgtri
3767 4026 3814 4068 et
3887 4015 4030 4069 Filio

2468 4119 2748 4189 coa'qualis
2772 4126 2819 4169 et
2850 4126 3134 4168 coaeternus
3166 4119 3262 4162 est.

2541 4210 2778 4264 Sanctus
2825 4216 3038 4273 quoque
3085 4198 3404 4253 Ambrosius
3452 4196 3873 4252 Mediolanensis
3918 4198 4033 4267 epi-

2469 4314 2662 4370 scopus
2694 4300 2747 4351 in
2776 4296 2914 4349 libro
2946 4307 3043 4346 suo
3066 4288 3435 4370 DeTrinitate
3470 4290 3545 4342 ait
3578 4308 3591 4343 :
3642 4289 3762 4342 Non
3792 4290 3942 4357 quasi
3970 4306 4035 4343 ex

2470 4364 2583 4447 loco
2615 4390 2842 4442 mittitur
2876 4383 3123 4451 Spiritus,
3162 4364 3328 4449 neque
3359 4381 3509 4446 quasi
3543 4380 3607 4433 de
3641 4380 3755 4432 loco
3802 4382 4035 4445 procedit

790 4518 840 4568 ίη
874 4512 1039 4583 gestis
1068 4470 1180 4560 uiuis
1215 4505 1286 4554 ita
1332 4506 1501 4552 ενι-ωε
1550 4497 1615 4548 ad
1646 4496 1893 4556 verbum,
1938 4492 2012 4543 ait
2043 4506 2057 4542 :
2086 4488 2364 4563 Sequimur
2396 4493 2439 4548 Ι)
2472 4504 2502 4539 a
2555 4483 2695 4536 Filio
2750 4480 3055 4546 procedens.
3119 4473 3262 4525 Idem
3322 4470 3377 4523 in
3434 4472 3673 4523 secundo
3724 4472 3788 4524 de
3848 4481 4035 4524 sancto

2276 4579 2292 4583 -
2353 4579 2362 4583 -
2476 4580 2501 4583 μ
2552 4580 2559 4583 .
2600 4578 2609 4583 -
2928 4570 2961 4583 .-
3043 4565 3101 4583 ην
3136 4564 3191 4583 μ,
3232 4579 3283 4583 ,μ
3322 4562 3484 4583 ,ηηη
3654 4572 3734 4583 η.
3773 4578 3827 4583 __
3870 4578 3999 4583 ,ψη

774 4610 844 4659 εἰη
880 4579 1119 4656 omnibus
1160 4608 1371 4649 sanctos
1427 4590 1638 4652 Patres,
1676 4602 1737 4639 ac
1771 4584 2011 4637 doctores
2041 4592 2235 4633 sancta:
2270 4579 2363 4631 Dei

782 4694 1067 4752 Ecclesiae,
1105 4685 1478 4744 Athanasium,
1515 4677 1807 4737 Hilarium,
1842 4673 2126 4734 Basiliam,
2168 4668 2361 4737 Grego-

793 4793 929 4838 rium
960 4780 1295 4846 Theologum,
1323 4770 1629 4839 Gregorium
1656 4764 1976 4833 Nyssenum.
2005 4760 2362 4821 Ambrosium,

792 4875 1168 4945 Augustinum,
1214 4865 1581 4932 Theophilum,
1615 4858 1897 4927 Cyrillum,
1922 4855 2182 4906 Joannem
2222 4850 2364 4906 Con-

788 4944 1343 5029 stantinoilolitanum,
1372 4956 1616 5017 Leonem,
1648 4948 1913 5008 Proclum,
1946 4957 1994 4997 ct
2024 4944 2219 5002 omnia.
2250 4957 2367 5010 qua:

773 5066 854 5115 .ab
887 5060 962 5113 cis
990 5058 1053 5109 de
1081 5055 1185 5124 ﬁde
1219 5061 1384 5106 recta.
1432 5049 1584 5101 erat!
1624 5040 2113 5097 condemnationem
2158 5034 2339 5088 hwreti

771 5166 975 5206 .corunt
1008 5144 1306 5211 conscripta
1334 5149 1477 5203 sunt,
1502 5137 1839 5203 suscipimus.
1879 5132 2011 5197 Iuro,
2042 5140 2090 5183 et
2124 5130 2175 5180 in
2210 5142 2361 5197 synoo

773 5244 933 5305 .dico,
985 5241 1127 5305 quod
1186 5235 1403 5295 dicitur,
1486 5230 1834 5283 anathemate
1889 5226 2217 5292 plectuntur,
2277 5221 2366 5289 qui

792 5334 1078 5403 prxdictos
1109 5328 1367 5380 doctores
1406 5338 1512 5375 non
1570 5323 1901 5388 suscipiunt,
1957 5331 2129 5383 neque
2186 5314 2364 5367 omnia

789 5441 915 5496 quae
974 5425 1039 5475 ab
1092 5421 1173 5473 eis
1230 5417 1431 5483 scripta
1491 5425 1637 5474 sunt.
1678 5410 2029 5465 conﬁtentur.
2096 5406 2369 5474 Precipue

794 5534 925 5572 vero
970 5513 1331 5580 Augustinum
1364 5519 1568 5563 sanctae
1600 5502 1933 5564 universales
1978 5499 2189 5571 synodi,
2226 5507 2284 5551 ut
2314 5503 2367 5549 lu

790 5625 981 5667 earum
1018 5608 1183 5677 gestis
1213 5614 1446 5669 constat,
1482 5601 1637 5656 tertia
1674 5599 1902 5663 scilicet,
1940 5602 2092 5650 sexta
2152 5601 2206 5647 et
2248 5605 2369 5659 sep-

837 5788 883 5821 ”
915 5785 1071 5841 Joan.
1104 5800 1195 5847 xx,
1234 5780 1326 5834 2|.

2471 4578 2673 4647 Spiritu
2707 4572 2865 4634 libro,
2892 4570 3002 4620 ait:
3040 4564 3191 4629 Quod
3220 4579 3283 4616 ea:
3312 4562 3487 4631 aliquo
3520 4571 3615 4624 est,
3644 4572 3734 4613 aut
3763 4578 3827 4613 ea:
3860 4578 4033 4613 essen-

2473 4672 2546 4723 tia
2572 4666 2804 4736 quidem,
2839 4660 2999 4715 veluti
3029 4674 3145 4710 cum
3180 4654 3353 4708 Filius
3388 4669 3451 4706 ea:
3488 4652 3668 4717 Patre,
3692 4653 3773 4706 vel
3803 4652 4037 4720 Spiritus

2473 4768 2686 4814 sanctus
2716 4771 2781 4809 ea:
2816 4753 2977 4806 Patre
3006 4760 3054 4803 et
3087 4748 3245 4802 Filio.
3279 4744 3362 4798 Ex
3395 4753 3647 4813 potestate
3677 4754 3852 4797 autent
3881 4746 4040 4797 sicuti

2470 4868 2534 4905 ex
2572 4849 2678 4902 Deo
2711 4845 2907 4901 omnia.

2546 4940 2779 4996 Sanctus
2820 4929 3154 4999 Augustinus
3188 4935 3366 4981 autem
3399 4926 3451 4978 in
3477 4924 3569 4978 lib.
3607 4940 3661 4979 tv
3688 4926 3753 4978 de
3778 4923 4041 4979 Trinitate

2470 5032 2596 5085 ait:
2647 5026 2756 5080 Nec
2799 5038 3076 5092 possumus
3126 5020 3318 5079 dicere,
3368 5016 3507 5085 quod
3540 5014 3768 5084 Spiritus
3817 5033 3847 5068 a
3896 5014 4040 5069 Filio

2475 5140 2576 5175 non
2617 5118 2887 5188 procedat.
2934 5112 3114 5180 Neque
3138 5111 3275 5162 enim
3310 5110 3510 5179 frustra
3544 5109 3679 5160 idem
3710 5105 3966 5173 Spiritus,
3993 5118 4038 5157 et

2473 5216 2674 5277 Patris,
2730 5221 2775 5263 et
2832 5206 2964 5259 Filii
3016 5203 3251 5269 Spiritus
3296 5201 3517 5252 dicitur.
3576 5198 3685 5251 Nec
3720 5198 3889 5277 video,
3917 5198 4041 5265 quid

2474 5302 2620 5362 aliud
2662 5276 2978 5371 signiﬁcare
3039 5295 3285 5357 voluerit,
3342 5307 3459 5343 cum
3505 5290 3716 5359 suﬁlans
3763 5289 3818 5341 in
3852 5276 4043 5355 [aciem

2474 5396 2876 5463 discipulorum,
2906 5390 2979 5441 ait
3005 5404 3021 5441 :
3056 5405 3073 5436 ι
3102 5386 3330 5450 Accipite
3363 5382 3619 5453 Spiritum
3651 5390 3893 5434 sanctum
3919 5381 3985 5434 ".
4018 5401 4036 5432 ι

2478 5492 2660 5559 Neque
2711 5486 2845 5539 enim
2883 5483 3043 5548 ﬂatus
3087 5481 3176 5532 ille
3206 5492 3487 5544 corporeus
3516 5490 3632 5527 cum
3669 5489 3822 5526 sensu
3856 5488 4044 5540 corpo-

2470 5586 2664 5639 raliter
2711 5576 2958 5646 tangendi
3018 5573 3302 5643 procedens
3359 5584 3424 5623 ea:
3475 5581 3712 5635 corpore,
3746 5563 4046 5619 substantia
