4462 6440
458 427 558 491 113

1509 428 1907 488 ADVERSUS
1949 427 2265 486 GRAECOS
2309 426 2448 483 LIII.
2490 425 2570 482 II.

3574 423 3676 485 114

457 535 691 600 Spiritus
712 534 880 586 sancti
906 533 1046 599 fuit;
1081 535 1169 587 sed
1192 536 1588 599 demonstratio,
1613 553 1702 603 per
1723 552 2005 603 congruam
2037 537 2078 594 Α
2108 535 2258 592 tiam,
2297 541 2343 582 et
2378 533 2578 597 inspira
2622 529 2768 590 mihi,
2800 538 2845 580 et
2875 529 2998 579 doce
3027 543 3106 580 me
3133 545 3219 594 per
3249 530 3474 597 gratiant
3507 541 3672 590 tuam,

455 624 908 692 signiﬁcationem,
952 641 1053 677 non
1095 636 1296 678 tantum
1332 643 1359 678 a
1411 627 1588 689 Patre,
1628 630 1714 679 sed
1744 637 1789 679 et
1824 643 1852 676 a
1885 626 2014 677 Filio

457 717 732 779 procedere
760 715 1016 784 Spiritum
1047 729 1304 772 sanctum.
1340 719 1468 782 Quis
1500 720 1638 770 enim
1686 717 2014 768 dementissi-

461 824 574 858 mus
606 807 818 868 dixerit,
869 808 1036 859 alium
1068 808 1227 874 fuisse
1275 807 1530 872 Spiritum
1572 819 1832 867 sanctum,
1865 823 2012 873 quem

459 896 670 963 suﬁlans
721 897 886 957 dedit,
938 908 984 948 et
1041 896 1241 960 alium,
1289 913 1436 964 quem
1500 907 1612 961 post
1665 901 2014 948 ascensionem

457 1001 606 1036 suam
640 987 826 1038 misit?
878 983 1024 1038 Unus
1070 989 1203 1038 enim
1244 986 1468 1051 Spiritus
1503 996 1575 1038 est
1615 985 1841 1050 Spiritus
1897 982 2014 1048 Dei,

459 1073 683 1140 Spiritus
719 1075 916 1140 Patris,
952 1088 998 1129 et
1029 1076 1157 1128 Filii
1208 1076 1436 1143 Spiritus
1473 1078 1663 1138 sancti,
1709 1078 1797 1144 qui
1827 1091 2014 1142 opera-

459 1173 547 1215 tur
572 1167 748 1216 omnia
783 1167 834 1217 in
865 1167 1120 1218 omnibus.

534 1256 675 1308 Idem
737 1257 789 1308 in
841 1257 934 1310 lib.
988 1272 1054 1309 ιν
1111 1256 1184 1310 De
1227 1255 1532 1310 Triuitate:
1596 1257 1658 1308 Et
1695 1268 1865 1308 tanten
1916 1273 2015 1308 non

458 1347 663 1412 [rustra
709 1350 762 1401 in
810 1351 906 1400 hac
958 1348 1217 1401 Trinitate
1258 1364 1354 1401 non
1407 1350 1600 1400 dicitur
1641 1347 1860 1399 Verbum
1899 1347 2013 1408 Dei,

459 1438 563 1488 nisi
606 1436 790 1498 Filius,
823 1453 914 1488 nec
956 1436 1148 1488 donum
1187 1436 1299 1499 Dei,
1343 1437 1445 1488 nisi
1492 1437 1723 1503 Spiritus
1768 1445 2012 1492 sanctus;

454 1545 546 1580 nec
577 1529 639 1579 de
669 1545 770 1594 quo
800 1529 1026 1595 genitum
1054 1537 1130 1580 est
1173 1526 1417 1590 Verbum,
1457 1539 1504 1578 et
1551 1529 1612 1581 de
1630 1544 1751 1594 'quo
1785 1527 2014 1591 procedit

453 1619 822 1685 principaliter
855 1616 1102 1684 Spiritus,
1139 1620 1238 1669 nisi
1275 1617 1407 1670 Deus
1441 1617 1617 1669 Pater.
1671 1617 1792 1669 Ideo
1843 1625 2013 1666 atttent

458 1709 643 1762 addidi
672 1710 1053 1776 principaliter,
1077 1711 1198 1776 quia
1229 1721 1273 1761 et
1299 1709 1361 1761 de
1390 1708 1529 1760 Filio
1554 1708 1779 1775 Spiritus
1803 1719 2014 1760 sanctus

454 1808 731 1868 procedere
763 1804 1035 1866 reperitur.
1075 1801 1177 1856 Sed
1209 1804 1303 1852 hoc
1331 1816 1530 1868 quoque
1567 1800 1648 1851 illi
1686 1797 1841 1850 Pater
1874 1797 2013 1849 dedit

456 1910 561 1945 non
588 1893 701 1960 jam
728 1893 1017 1953 exsistenti,
1037 1901 1085 1943 et
1117 1894 1349 1943 nondum
1374 1890 1619 1950 habenti;
1646 1891 1734 1941 sed
1763 1889 2014 1954 quidquid

455 1983 718 2051 unigenito
795 1980 954 2033 Verbo
1006 1981 1166 2043 dedit,
1225 1979 1477 2048 gignendo
1534 1977 1698 2029 dedit.
1755 1975 1841 2028 Sic
1895 1993 2014 2042 ergo

454 2090 572 2125 eum
627 2073 844 2141 genuit,
896 2083 949 2124 ut
1002 2073 1161 2124 etiant
1217 2073 1278 2122 de
1335 2070 1428 2122 illo
1494 2073 1688 2121 donum
1749 2084 2016 2120 commune

454 2164 772 2230 procederet,
804 2173 850 2216 et
891 2163 1120 2230 Spiritus
1149 2144 1356 2213 sanctus
1383 2169 1512 2213 esset
1538 2164 1832 2213 amborum.

531 2255 675 2308 Idem
701 2256 753 2307 in
789 2255 878 2307 lib.
906 2269 936 2303 ν
968 2253 1041 2305 De
1080 2253 1332 2305 Trinitate
1356 2268 1373 2304 :
1398 2252 1844 2316 Quemadmodum
1880 2252 2016 2302 Filio

455 2347 808 2400 substantiam
874 2355 1087 2412 pra'stat
1164 2346 1275 2397 sine
1345 2345 1498 2397 initio
1561 2345 1845 2410 temporis,
1909 2345 2019 2397 sine

459 2436 810 2490 mutabilitate
880 2446 1086 2511 natura:
1151 2451 1214 2488 ea:
1277 2433 1441 2488 Patre
1503 2437 1769 2499 nativitas,
1831 2436 1906 2487 ita
1970 2444 2018 2486 et

464 2530 690 2598 Spiritui
723 2539 906 2581 sancto
946 2545 1055 2582 esse
1087 2537 1299 2596 pratstat
1324 2529 1436 2581 sine
1467 2529 1724 2596 principio
1754 2527 2016 2594 temporis,

457 2621 571 2673 sine
605 2621 950 2672 mutabilitate
999 2631 1221 2681 naturas,
1255 2620 1367 2681 ipsa
1397 2634 1459 2671 ea:
1491 2627 1708 2686 utroque
1734 2620 2016 2681 processio.
2050 2672 2054 2679 ,

532 2710 671 2762 Idem
720 2725 879 2775 super
910 2707 1065 2761 Joan.
1103 2727 1113 2760 :
1142 2707 1450 2776 Corporalis
1484 2709 1575 2761 illa
1607 2710 1882 2776 insufﬂatio
1920 2726 2019 2761 non

461 2801 692 2868 Spiritus
750 2802 921 2851 sancti
969 2800 1263 2852 substantia
1321 2799 1444 2866 fuit,
1502 2801 1591 2851 sed
1650 2801 2068 2850 demonstratio‘

457 2910 549 2961 per
587 2908 868 2960 congruam
907 2891 1368 2959 signiﬁcationem,
1396 2906 1498 2942 non
1527 2898 1732 2941 tantum
1776 2906 1806 2940 a
1841 2888 2019 2951 Patre,

457 2986 549 3038 sed
589 2985 745 3036 etiam
783 3001 814 3036 a
839 2983 975 3036 Filio
1000 2985 1276 3050 procedere
1309 2981 1566 3049 Spiritum
1601 2990 1839 3033 sanctum
1863 2998 1878 3042 ;
1905 2982 2020 3048 quis

456 3077 592 3128 enim
627 3076 701 3127 ita
735 3075 940 3127 demens
989 3076 1080 3137 sit,
1116 3082 1171 3125 ut
1204 3074 1368 3137 dicat,
1420 3073 1584 3124 alium
1626 3087 1733 3124 esse
1767 3069 2020 3138 Spiritum

456 3177 717 3228 sanctum,
775 3182 927 3235 quem
994 3165 1265 3233 insuﬂlans
1334 3165 1478 3216 dedit
1530 3179 1547 3217 :
1608 3164 1797 3226 alium,
1871 3179 2018 3231 quem

456 3269 729 3329 postquam
760 3267 1056 3323 assumptus
1086 3267 1183 3320 est,
1217 3255 1404 3309 misit?

529 3353 674 3406 Idem
710 3351 775 3403 ad
821 3350 1038 3403 Petrum
1091 3348 1398 3417 quemdam,
1447 3347 1814 3414 postulantem
1866 3357 2024 3402 recta:

461 3442 584 3496 ﬁdei
616 3442 883 3496 conscribi
920 3441 1181 3511 regulam,
1211 3441 1563 3509 quadraginta
1601 3439 1741 3493 illam
1773 3439 2026 3508 capitulis

458 3533 736 3598 distinxit;
789 3546 1018 3599 quorum
1055 3531 1288 3598 singula,
1326 3530 1522 3596 dogma
1563 3529 1841 3583 continent
1882 3529 2026 3582 saluo

458 3627 577 3688 hrc,
614 3633 776 3692 atque
828 3623 893 3675 ad
945 3621 1100 3673 ﬁdem
1153 3622 1541 3674 necessarium.
1599 3620 1688 3672 Ait
1745 3620 1908 3686 igitur
1973 3620 2024 3672 in

457 3730 580 3782 cap.
623 3715 708 3768 8:
769 3711 1098 3764 Firmissime
1153 3721 1286 3770 tene,
1349 3721 1397 3762 et
1453 3711 1751 3764 nullatenus
1801 3710 2025 3773 dubites,

457 3807 628 3871 ipsum
661 3802 918 3871 Spiritum
950 3811 1218 3864 sanctum,
1247 3805 1337 3868 qui
1377 3800 1584 3867 Patris,
1622 3819 1682 3853 ac
1721 3799 1848 3853 Filii
1894 3818 2027 3854 unus

461 3898 692 3963 Spiritus
732 3907 828 3959 est,
879 3913 911 3949 a
947 3893 1123 3957 Patre,
1156 3903 1202 3946 et
1237 3893 1375 3947 Filio
1411 3895 1708 3963 procedere.
1761 3893 1843 3946 Ait
1892 3895 2030 3946 enim

464 3989 686 4044 Filius:
725 4006 744 4039 t
787 3987 919 4042 Cum
961 3989 1158 4040 venerit
1197 3985 1526 4049 Paracletus,
1566 3986 1798 4052 Spiritus
1840 3988 2031 4038 verita-

457 4087 545 4146 tis,
578 4083 667 4151 qui
699 4099 728 4134 a
763 4080 920 4134 Patre
949 4083 1177 4147 procedit
1204 4082 1248 4110 ’θ
1280 4098 1293 4146 ;
1321 4099 1350 4132 .s
1387 4097 1486 4149 quo
1515 4082 1566 4132 in
1599 4081 1711 4132 loco
1739 4097 1890 4132 suum
1923 4097 2032 4133 esse

460 4177 638 4228 docuit
675 4174 934 4240 Spiritum
966 4183 1226 4226 sanetum.
1285 4172 1406 4240 Ipse
1447 4174 1633 4239 quippe
1685 4183 1757 4224 est
1806 4172 2031 4224 Veritas.

466 4269 534 4322 Et
571 4285 634 4322 ea:
662 4265 804 4320 Filio
837 4267 1114 4334 procedere
1148 4265 1402 4328 Spiritum
1435 4273 1699 4325 sanctum,
1733 4277 1778 4317 et
1815 4265 2033 4332 prophe-

461 4365 568 4414 tica
601 4361 770 4421 nobis,
805 4369 854 4411 et
881 4359 1165 4424 apostolica
1196 4358 1437 4409 doctrina
1475 4360 1827 4410 commendat.
1857 4358 2033 4411 Isaias

464 4458 603 4506 enim
637 4453 701 4503 de
739 4448 880 4501 Filio
930 4450 1054 4500 dicit
1090 4463 1108 4500 :
1143 4468 1160 4498 t
1201 4447 1464 4502 Percutiet
1509 4460 1702 4501 terram
1736 4452 1879 4518 virga
1924 4453 2031 4503 oris

463 4545 570 4602 sui,
632 4553 678 4595 et
748 4540 951 4607 Spiritu
1007 4540 1267 4591 labiorum
1323 4556 1536 4593 suorum
1593 4543 1866 4609 interﬁciet
1935 4549 2030 4596 im-

463 4635 610 4701 pium
633 4632 699 4683 “.
733 4649 750 4680 1
801 4630 873 4704 De
907 4645 1008 4695 quo
1035 4639 1086 4682 et
1109 4630 1388 4696 Apostolus
1421 4631 1497 4684 ait
1537 4648 1555 4685 :
1595 4650 1612 4683 t
1651 4633 1816 4697 Quem
1852 4634 2035 4688 Domi-

467 4736 565 4772 nus
599 4718 756 4772 Jesus
789 4720 1065 4784 interﬁciet
1114 4718 1316 4786 Spiritu
1350 4720 1453 4773 oris
1498 4723 1581 4774 sui
1610 4723 1676 4776 ".
1721 4741 1738 4774 1
1792 4724 1956 4786 Quem
1989 4734 2037 4779 et

463 4803 573 4875 ipse
608 4811 907 4879 unigenitus
960 4808 1133 4863 Filius
1182 4810 1297 4875 Dei,
1347 4813 1455 4865 oris
1499 4814 1584 4866 sui
1618 4811 1880 4882 Spiritum
1928 4801 2038 4870 esse

463 4890 736 4973 signanter
798 4905 1110 4965 ostendens,
1179 4916 1294 4972 post
1370 4909 1804 4961 resurrectionem
1882 4926 2032 4963 suant

464 4997 737 5063 discipulis
773 4999 887 5050 suis
931 4999 1199 5067 insuﬂlans
1242 5001 1425 5052 dixit:
1463 5018 1480 5050 t
1510 5001 1742 5069 Accipite
1774 5001 2032 5068 Spiritum

464 5091 788 5152 sanctum",
814 5109 831 5138 1
866 5099 911 5142 et
948 5091 1108 5143 Joau.
1138 5093 1192 5144 in
1225 5093 1409 5160 Apoc.,
1436 5111 1499 5146 ex
1529 5109 1615 5145 ore
1641 5094 1804 5160 ipsius
1829 5093 2036 5148 Domini

463 5180 593 5234 Jesu
641 5183 870 5250 gladium
917 5183 992 5234 bis
1037 5192 1249 5236 ac'utum
1280 5185 1558 5250 procedere
1592 5185 1723 5239 dixit
1751 5186 1822 5240 ⁷⁸.
1858 5207 1875 5238 1
1919 5187 2038 5253 Ipse

468 5288 597 5342 ergo
639 5272 876 5341 Spiritus
921 5277 1062 5344 ejus,
1121 5277 1234 5345 ipse
1285 5286 1340 5330 et
1395 5277 1606 5345 gladius
1656 5293 1718 5331 ex
1772 5293 1865 5332 ore
1921 5280 2038 5348 ejus

465 5367 786 5437 procedens.

539 5457 679 5511 Idem
715 5458 766 5510 in
801 5457 893 5510 lib.
931 5457 1005 5508 De
1046 5458 1151 5525 ﬁde
1195 5459 1455 5511 catholica
1501 5475 1516 5513 :
1574 5458 1805 5525 Prtesta,
1843 5461 2037 5529 inquit,

468 5551 621 5616 mihi,
673 5551 725 5604 in
760 5554 860 5603 hac
906 5552 1012 5616 via,
1047 5568 1225 5621 quam,
1265 5563 1310 5604 te
1359 5554 1508 5618 duce,
1560 5555 1789 5619 ambulo,
1830 5557 2034 5622 sapien-

530 5757 578 5788 ’⁷⁸
609 5757 768 5811 Joan.
798 5773 886 5819 xv,
925 5757 1018 5811 26.

477 5828 564 5882 I9.
644 5830 689 5859 "
719 5828 877 5884 Caut.
921 5847 992 5894 Iv,
1027 5831 1109 5883 I0.
1189 5832 1399 5886 τ’¹1’›;11.
1437 5847 1580 5897 XLIV,
1616 5833 1664 5885 8.

1099 5758 1141 5789 "
1177 5758 1284 5812 Isa.
1319 5777 1394 5817 x1.
1431 5762 1518 5814 H.
1563 5760 1604 5790 "
1643 5760 1678 5812 Il
1707 5757 1898 5817 Thess.
1931 5775 1990 5825 It,
2028 5761 2079 5814 8.
2145 5760 2189 5792 ⁷⁸
2220 5761 2374 5815 .Ioan.
2415 5777 2502 5824 xx,
2540 5761 2630 5812 2|.

2115 628 2370 690 quomodo
2406 623 2458 671 in
2497 631 2542 672 te
2576 620 2964 687 inculpabiliter
2993 624 3227 684 oporteat
3265 608 3492 679 credere,
3534 632 3588 672 ttt
3630 634 3676 671 te

2121 713 2303 772 Deum,
2353 728 2532 772 uuunt,
2560 721 2813 762 a-ternum
2843 712 3077 766 sentiam,
3113 720 3159 761 et
3189 713 3667 775 incomprehensibi-

2117 805 2236 855 liter
2273 806 2469 853 trinum
2509 805 2557 853 in
2591 804 2823 868 personis
2861 805 3091 861 credam,
3133 803 3338 852 Patrem
3367 804 3677 869 ingenitum,

2120 892 2312 943 Filium
2337 910 2399 944 ex
2422 893 2574 943 Patre
2599 894 2939 960 unigenitum,
2975 894 3328 953 procedentem
3357 907 3419 942 ex
3445 894 3677 957 utrisque

2114 990 2497 1050 permanentem
2536 982 2788 1045 Spiritum
2819 995 3078 1033 sanctum.

2186 1072 2327 1124 Idem
2364 1072 2415 1124 iu
2449 1074 2636 1124 eodem
2661 1073 2795 1125 libro
2823 1091 2834 1124 :
2865 1073 3011 1124 Hanc
3051 1074 3204 1140 ﬁdem
3237 1092 3324 1139 per
3355 1085 3419 1138 te,
3450 1086 3495 1125 et
3528 1092 3587 1126 ex
3613 1087 3676 1136 te,

2115 1172 2162 1215 et
2195 1165 2246 1215 in
2285 1173 2329 1214 te
2367 1163 2635 1228 conﬁteor,
2668 1179 2697 1215 ο
2744 1164 2916 1224 beata,
2945 1173 2994 1216 et
3031 1166 3320 1226 benedicta,
3371 1177 3418 1217 et
3449 1167 3679 1233 gloriosa.

2120 1249 2374 1313 Trinitas,
2403 1267 2431 1303 ο
2461 1267 2598 1314 t'era,
2630 1262 2676 1302 et
2710 1269 2934 1313 summa,
2961 1264 3005 1305 et
3036 1266 3229 1306 (eterna
3266 1258 3462 1316 unitas,
3501 1256 3677 1315 Pater,

2117 1353 2160 1393 et
2198 1341 2381 1405 Filius,
2435 1355 2480 1393 et
2537 1342 2764 1408 Spiritus
2811 1357 3047 1408 sanctus,
3111 1348 3269 1410 Deus,
3328 1360 3371 1399 et
3428 1348 3677 1398 1)(1η11111.·ς

2121 1429 2455 1493 Paracletus,
2490 1433 2745 1496 charitas,
2778 1439 2968 1502 gratia,
3008 1439 3150 1496 unio,
3189 1454 3307 1488 eera
3346 1436 3470 1496 lar,
3510 1456 3678 1489 rerum

2118 1523 2290 1572 lumen
2334 1539 2395 1573 ex
2431 1538 2549 1574 vero
2582 1526 2796 1584 lumine,
2835 1543 2948 1577 t'era
2980 1528 3318 1587 illuminatia,
3358 1532 3521 1578 virens
3557 1532 3678 1584 rita,

2120 1613 2227 1663 vita
2261 1628 2324 1663 ex
2355 1614 2574 1674 rirente,
2608 1616 2880 1665 virentium
2934 1617 3240 1680 eiei/italia,
3289 1618 3421 1682 fons,
3467 1621 3680 1683 limitis,

2120 1702 2280 1763 rivus,
2316 1717 2447 1752 unus
2480 1719 2543 1754 ιι·
2591 1705 2754 1763 uul’o,
2789 1721 2919 1755 unus
2953 1707 3014 1754 ab
3051 1722 3173 1765 uno,
3221 1723 3353 1756 unus
3400 1723 3461 1755 ex
3498 1711 3677 1757 (11111111.

2120 1789 2233 1840 bus.
2286 1789 2359 1839 Ab
2412 1806 2513 1841 uno
2562 1793 2758 1854 omnia,
2806 1795 2976 1841 omnia
3027 1810 3114 1852 per
3153 1810 3307 1842 unum
3349 1795 3397 1843 ia
3437 1812 3553 1845 uno.
3602 1797 3668 1844 1-3..

2120 1881 2260 1931 nullo
2295 1880 2468 1942 Pater,
2502 1900 2562 1933 ex
2594 1883 2776 1946 altero,
2802 1883 2960 1936 Putre
2993 1887 3208 1957 scilicet,
3236 1884 3440 1945 Filius;
3482 1903 3543 1936 ex
3574 1894 3683 1936 ant»-

2117 1971 2271 2021 bobus
2306 1970 2531 2036 Spiritus
2564 1985 2800 2036 sanctus,
2853 1976 2946 2025 hoc
2996 1986 3091 2037 est,
3127 1993 3188 2027 ex
3234 1976 3391 2027 l’atre
3435 1987 3480 2026 et
3521 1975 3680 2027 Filio.

2128 2063 2286 2115 Verus
2329 2069 2552 2133 genitor,
2595 2069 2815 2129 veritas,
2853 2071 3072 2133 genitus,
3111 2069 3383 2118 amborum
3430 2069 3681 2124 charitas,

2050 1855 2089 1907 Β

2118 2155 2346 2219 Spiritus
2374 2171 2609 2212 sanctus.
2638 2157 2827 2210 Unitas
2857 2176 2981 2222 una,
3004 2176 3151 2227 arqua
3179 2160 3449 2226 majestas,
3470 2163 3684 2227 a'qualis

2118 2247 2308 2315 gloria,
2342 2266 2443 2300 una
2487 2251 2765 2318 eademque
2799 2255 3042 2305 essentia.

2194 2338 2429 2393 Sanctus
2480 2356 2698 2408 quoque
2748 2341 2854 2396 Leo
2891 2358 3048 2410 papa,
3094 2345 3192 2396 sub
3241 2360 3346 2411 quo
3391 2346 3685 2397 Chalcedo-

2122 2444 2288 2484 nense
2316 2431 2604 2483 cont-ilium
2640 2431 2929 2485 conﬂatum
2964 2445 3081 2499 est;
3130 2435 3286 2501 cujus
3323 2436 3386 2487 de
3416 2436 3516 2486 lide
3546 2437 3690 2486 line»

2121 2537 2234 2586 ras,
2310 2537 2472 2578 recta:
2555 2526 2676 2579 lidci
2761 2529 3064 2581 columnam
3131 2530 3382 2581 universa
3459 2530 3692 2600 synodus;

2123 2616 2376 2683 appellat,
2423 2618 2476 2671 in
2524 2621 2805 2672 canonicis
2839 2621 3214 2674 sanctionibus
3249 2630 3434 2673 contra
3473 2636 3566 2672 eos
3600 2623 3690 2685 qui

2126 2707 2363 2774 pecunia:
2400 2709 2595 2776 gratia,
2649 2725 2847 2763 munus
2903 2712 3264 2776 imponerent,
3321 2713 3390 2762 ait
3433 2712 3690 2772 τιὴ-(11111,

2122 2814 2238 2866 qua:
2265 2801 2430 2865 gratis
2462 2817 2561 2851 non
2607 2802 2784 2863 datur,
2830 2812 2876 2852 ct
2917 2803 3196 2867 accipitur,
3234 2805 3407 2869 gratia
3454 2821 3554 2854 non
3595 2815 3690 2856 est.

2125 2893 2192 2942 At
2222 2888 2510 2942 Sintoniaci
2541 2907 2643 2941 non
2663 2893 2821 2958 gratis
2844 2893 3140 2959 accipiunt;
3174 2911 3272 2944 non
3299 2910 3416 2959 ergo
3446 2899 3692 2960 gratiam,

2124 2999 2238 3047 qua:
2287 2983 2340 3034 in
2390 2982 2764 3035 ecclesiasticis
2819 2985 3092 3037 ordinibus
3148 2988 3376 3037 maxime
3424 2997 3696 3053 operatur,

2124 3076 2411 3140 accipiunt.
2465 3076 2525 3128 Si
2579 3084 2751 3126 autem
2805 3091 2904 3126 nou
2985 3077 3270 3140 accipiunt,
3331 3094 3430 3128 non
3485 3079 3696 3140 habent,

2050 3180 2096 3244 ρ
2131 3183 2288 3232 neque
2312 3169 2498 3236 gratis,
2527 3185 2685 3237 neque
2717 3184 2832 3219 cttnt
2858 3171 3073 3235 pecunia
3105 3169 3234 3219 dare
3265 3170 3425 3220 alicui
3460 3185 3694 3234 possunt.

2129 3257 2305 3321 Quid'
2347 3260 2504 3327 igitur
2567 3261 2744 3311 dant?
2813 3258 3073 3324 Spiritttut
3142 3262 3404 3312 mendacii
3476 3262 3695 3316 scilicet.

2130 3349 2444 3411 Quomodo?
2466 3352 2529 3403 Id
2558 3356 2908 3402 ostendemus.
2934 3348 2992 3402 Si
3020 3352 3153 3400 enim
3187 3349 3413 3414 Spiritus
3444 3357 3698 3415 veritatis,

2139 3439 2366 3493 I’eritate
2403 3443 2516 3503 ipsa
2554 3452 2796 3504 testante,
2817 3458 2879 3496 ex
2907 3459 3007 3510 qua
3033 3445 3289 3508 procedit,
3317 3447 3483 3509 gratis
3518 3448 3702 3509 datur;

2129 3532 2311 3600 procul
2361 3533 2517 3585 dubio
2549 3535 2766 3601 spiritus
2825 3536 3085 3587 mendacii
3117 3551 3228 3587 esse
3276 3537 3701 3601 deprehenditur,

2129 3627 2217 3693 qui
2253 3642 2352 3676 non
2401 3626 2565 3692 gratis
2600 3626 2777 3677 datur.

2207 3715 2443 3768 Sanctus
2491 3716 2621 3767 item
2686 3718 2980 3784 Gregorius
3030 3720 3304 3776 Romanus
3357 3726 3613 3790 pontifex.
3654 3727 3704 3778 iu

2133 3807 2317 3859 homll.
2373 3823 2534 3875 super
2567 3808 2902 3862 111υ‹1.111τ111..
2969 3811 3096 3863 Cum
3124 3831 3237 3865 sero
3283 3827 3410 3868 esset
3473 3818 3559 3868 die
3611 3820 3701 3868 illo

2133 3917 2238 3952 una
2270 3899 2627 3952 Sabbatorum
2656 3902 2722 3962 ⁷⁵,
2752 3903 2824 3954 ait
2853 3920 2865 3954 :
2907 3921 2924 3951 ‹
2961 3902 3106 3956 Sicut
3153 3909 3290 3958 misit
3336 3926 3415 3960 me
3450 3908 3626 3969 Pttler,
3660 3924 3704 3962 et

2135 4009 2224 4061 ego
2254 3993 2404 4043 mitto
2440 4008 2526 4044 vos
2565 4006 2582 4042 :
2626 4012 2642 4043 1
2685 3995 2778 4045 hoc
2825 4006 2924 4056 est,
2967 4013 3028 4048 ea
3080 3999 3338 4051 charitale
3393 4017 3478 4052 vos
3526 3986 3705 4070 diligo,

2135 4101 2254 4136 cum
2315 4085 2451 4136 inter
2499 4085 2749 4137 scandala
2799 4098 3188 4152 persecuturum
3242 4093 3415 4147 mitto,
3453 4104 3556 4145 etc.
3592 4110 3710 4159 qum

2138 4187 2296 4241 Supra
2333 4176 2658 4228 notavimus.
2689 4176 2830 4228 Idem
2867 4192 2988 4228 cum
3023 4191 3319 4245 exponeret
3350 4182 3474 4232 illud
3502 4185 3710 4235 (Ianliei

2139 4265 2731 4328 catttit‘ortttn,scilicet
2783 4285 2796 4319 :
2855 4269 2998 4319 ()dor
3041 4283 3428 4337 unguentorum
3476 4284 3709 4335 tuorunt,

2137 4371 2290 4424 super
2343 4358 2518 4409 omnia
2581 4368 2820 4410 aromata
2873 4359 2935 4414 ⁷³.
2985 4360 3099 4412 ait:
3135 4359 3464 4430 Unguentum
3499 4364 3713 4416 Domini

2146 4447 2374 4516 Spiritus
2399 4457 2612 4500 sanctus
2645 4462 2774 4510 erat,
2801 4452 2861 4501 de
2885 4467 2984 4517 quo
3019 4451 3274 4517 Propheta
3302 4457 3370 4504 ad
3399 4471 3510 4506 eum
3538 4457 3670 4508 dixit
3697 4473 3714 4510 :

2059 4517 2111 4577 D
2151 4559 2168 4591 t
2211 4539 2374 4592 Ulixit
2412 4552 2458 4592 te
2495 4540 2649 4603 Deus,
2692 4542 2824 4593 Deus
2875 4551 3014 4602 tuus,
3047 4544 3158 4594 oleo
3195 4545 3566 4598 crsu/talionis
3606 4564 3716 4615 pra:

2143 4634 2485 4704 participibus
2515 4634 2616 4685 tuis
2645 4635 2712 4684 ⁷⁷.
2751 4652 2766 4684 1
2821 4634 2926 4684 Hoc
2972 4635 3104 4694 oleo,
3152 4639 3361 4702 quando
3409 4640 3714 4692 incarnatus

2143 4737 2239 4787 est,
2274 4734 2456 4776 unctus
2490 4734 2608 4776 est:
2646 4722 2763 4776 Non
2796 4725 2932 4776 enini
2965 4728 3191 4790 printunt
3227 4727 3377 4779 homo
3409 4730 3581 4794 [actus
3611 4742 3713 4786 est.

2144 4827 2323 4885 postea
2373 4814 2629 4883 Spiritum
2682 4827 2924 4868 sanctum
2970 4819 3166 4882 act-epit
3214 4833 3232 4870 :
3269 4821 3379 4880 sed,
3409 4824 3617 4885 quando
3655 4824 3715 4874 de

2145 4908 2345 4977 Spiritu
2397 4919 2578 4961 saneto
2609 4908 2916 4959 incarnatus
2961 4918 3054 4972 est,
3092 4910 3249 4961 simul
3289 4921 3337 4962 et
3385 4913 3713 4971 incarnatus,

2143 5012 2189 5056 et
2225 5010 2412 5054 unctus
2453 5010 2551 5053 est.
2603 5000 2748 5052 Odor
2793 5000 2929 5052 enim
2980 5012 3365 5067 unguentorum
3416 5005 3718 5069 fragrantia

2145 5094 2311 5144 sancti
2349 5091 2575 5156 Spiritus
2609 5101 2702 5154 est,
2732 5094 2818 5156 qui
2875 5102 2920 5143 et
2953 5094 3014 5144 ab
3041 5094 3153 5159 ipso
3176 5098 3431 5160 procedit,
3457 5108 3501 5147 et
3527 5099 3579 5148 in
3605 5101 3719 5166 ipso

2146 5195 2434 5254 permanet.
2477 5184 2620 5237 Idem
2658 5184 2709 5235 in
2747 5184 2785 5236 II
2829 5183 3014 5238 Moral.
3071 5185 3302 5252 Spiritus
3331 5200 3542 5242 sanctus
3582 5207 3720 5242 nun»-

2149 5297 2303 5348 quam
2338 5278 2564 5331 deseruit
2593 5278 2972 5329 humanitatent
3000 5277 3219 5339 Christi,
3247 5282 3398 5348 cujus
3426 5299 3488 5332 ex
3517 5284 3724 5336 Deitate

2148 5373 2406 5441 procedit.
3681 5443 3687 5445 _

2220 5464 2323 5517 Ista
2362 5463 2575 5531 quidem
2611 5478 2636 5514 a
2687 5462 2891 5516 Latinis
2945 5463 3255 5517 doctoribus
3287 5477 3516 5534 sumpta,
3554 5483 3722 5532 puum

2153 5560 2218 5613 de
2255 5558 2742 5612 innumerabilibus
2803 5559 3123 5625 posuimus:
3188 5574 3280 5625 per
3345 5576 3465 5628 quae
3521 5559 3726 5613 Graecis

2735 5761 2774 5789 7"
2810 5759 2975 5829 Apoc.
3013 5777 3025 5813 1
3061 5771 3110 5814 et
3144 5776 3252 5813 xix.
3363 5763 3405 5792 ⁷⁵
3436 5761 3595 5815 .Ionn.
3628 5778 3722 5824 111,
