4462 6440
735 387 833 448 ΞΕὸ

1989 392 2384 452 MANUELIS
2428 396 2731 453 t.‘Al.EC.-l:

3882 371 3974 467 is

729 498 1073 552 consentiunt
1104 514 1117 561 ;
1153 497 1242 550 Dei
1293 497 1498 551 scilicet
1530 495 1731 566 Spiritu
1765 511 1876 559 eos,
1933 509 2092 554 terra:
2154 500 2300 565 licet,
2331 500 2377 557 Δ
2408 508 2624 571 quidem
2672 508 2930 560 honorem
2966 507 3319 573 habebimus;
3358 510 3449 578 qui
3475 524 3602 564 vero
3648 511 3753 566 illis
3812 515 3975 568 obau-

732 606 796 641 ac
833 592 996 642 maris
1079 589 1479 657 intercapedine
1558 588 1862 655 disparatos
1922 591 2301 659 conjungente,

734 685 785 733 in
817 695 921 733 una
947 679 1229 733 catholica:
1257 680 1401 743 ﬁdei,
1433 681 1757 748 pietatisque
1785 680 2095 734 concordia.
2122 680 2304 750 Neque

729 770 871 822 enim
905 768 1165 837 proiecto,
1193 771 1610 838 benignissimus
1636 788 1757 825 cum
1791 773 1883 837 sit,
1913 788 2050 842 quos
2067 772 2302 826 Verbum

734 863 857 913 vita:
886 864 1186 926 continere,
1216 870 1267 914 et
1298 864 1530 915 humano
1581 864 1766 932 generi
1823 864 2159 933 expositores
2189 863 2304 917 elo-

735 953 987 1015 quiorum
1018 966 1238 1005 suorum
1272 967 1502 1017 pra‘esse
1559 955 1745 1016 Voluit.
1789 969 1883 1020 per
1933 969 2069 1023 quos
2104 962 2307 1007 morta-

735 1045 863 1095 lium
890 1043 1145 1097 misertus
1174 1060 1410 1107 errores,
1442 1048 1505 1097 ad
1557 1047 1884 1113 agnitionem
1940 1047 2019 1098 sui
2067 1046 2305 1099 errantia

738 1135 898 1188 corda
925 1144 1285 1199 converteret,
1319 1136 1399 1188 vel
1431 1138 1496 1189 de
1522 1138 1746 1190 veritate
1769 1138 2058 1192 dissentire
2111 1138 2177 1191 ab
2228 1136 2307 1188 iu-

743 1228 937 1289 vicem,
970 1236 1063 1279 aut
1092 1227 1211 1279 ﬁdei
1242 1228 1427 1286 (luces.
1458 1227 1714 1282 Ecclesia:
1743 1229 1975 1283 decretis
2012 1237 2130 1295 post
2184 1229 2309 1281 bea-

739 1328 822 1369 sos
847 1316 1116 1383 apostolos
1143 1318 1346 1371 assumi
1370 1320 1719 1384 permisisset,
1740 1321 1836 1386 qui
1864 1322 2308 1385 gubernatorum,

739 1420 799 1457 ac
836 1405 1216 1471 magistrorum
1273 1407 1387 1459 vice
1438 1408 1881 1474 pra-cipitatores,
1931 1418 1978 1461 et
2034 1422 2312 1462 eversores

740 1496 1096 1550 ecclesiastici
1125 1498 1304 1565 gregis
1326 1496 1489 1549 futuri
1518 1509 1717 1551 essent.
1745 1497 1928 1566 Neque
1987 1508 2131 1551 tanta
2179 1513 2312 1551 con-

742 1587 867 1641 cilia
897 1601 1080 1641 errare
1118 1589 1475 1655 permisisset,
1511 1604 1650 1655 qius,
1676 1591 1755 1642 sic
1791 1591 1858 1643 de
1888 1591 1991 1643 illis
2021 1590 2149 1642 viris
2207 1601 2313 1643 sta-

744 1686 978 1737 tuerunt,
1009 1686 1064 1729 ut
1090 1676 1340 1744 juberent
1367 1692 1574 1741 omnes,
1606 1679 1694 1745 qui
1736 1695 1764 1731 a
1818 1679 2034 1732 Christo
2081 1676 2312 1733 Christi—

744 1767 829 1817 ani
862 1766 1188 1829 dicerentur,
1216 1781 1307 1821 eos
1342 1769 1573 1820 revereri
1626 1771 1676 1820 in
1740 1772 2017 1832 omnibus,
2080 1771 2316 1836 nihilque

746 1856 955 1908 illorum
992 1856 1151 1911 dictis
1184 1860 1455 1913 contraire
1487 1876 1501 1922 ;
1541 1874 1713 1928 neque
1746 1872 1988 1927 pastores
2037 1876 2130 1914 eos
2175 1875 2313 1923 esse,

747 1959 813 1999 ne
845 1945 909 1998 ad
937 1956 1232 2015 prterupta,
1269 1959 1321 2003 et
1359 1951 1672 2018 praecipitia,
1730 1965 1943 2021 gregem
2006 1952 2103 2004 sibi
2147 1952 2319 2004 credi-

748 2050 857 2088 tum
889 2039 1281 2105 pertraherent.
1313 2039 1419 2093 Sed
1454 2058 1551 2095 nec
1575 2041 1745 2094 sancti
1772 2042 1882 2109 jam
1935 2051 2139 2105 essent,
2191 2056 2320 2095 nos-

749 2144 852 2195 que
882 2129 1010 2183 ωςεί
1039 2145 1209 2184 caecos
1264 2146 1653 2199 sequeremur,
1714 2133 2032 2202 ignorantia:
2088 2133 2323 2188 tenebris

751 2222 959 2282 caecati,
1008 2235 1105 2274 nec
1165 2223 1446 2276 veritatem
1515 2232 1893 2292 agnoscentes.
1953 2222 2171 2286 Verum,
2223 2225 2324 2276 hoc

752 2311 993 2379 proiecto
1027 2308 1130 2376 est,
1184 2314 1400 2378 oblique
1458 2318 1510 2366 ln
1592 2315 1755 2368 Deutu
1838 2315 2040 2368 erroris
2113 2314 2322 2380 culpam

755 2410 1103 2473 intorquere;
1144 2409 1318 2475 idque,
1349 2421 1469 2461 eum
1517 2407 1765 2459 Salvator
1794 2418 1983 2461 noster
2036 2420 2208 2475 usque
2260 2407 2325 2459 ad

755 2501 1278 2553 consummationem
1308 2500 1490 2553 saeculi
1536 2500 1813 2553 nobiseum
1866 2515 1923 2553 se
1954 2505 2069 2552 tore
2128 2499 2328 2569 promi-

759 2588 911 2653 serit,
948 2604 1046 2657 pro
1076 2590 1273 2658 quibus
1297 2589 1644 2654 redimendis,
1675 2591 1853 2646 omnis
1905 2590 1979 2644 illi
2028 2604 2155 2645 cura
2200 2589 2326 2656 fuit,

755 2681 1043 2749 omniaque
1068 2682 1306 2750 implevit
1349 2693 1709 2736 sacramenta.

826 2772 1114 2837 (Laterum,
1163 2772 1209 2827 si
1272 2788 1361 2841 qm
1425 2774 1637 2827 beatum
1703 2775 2057 2843 Augustinum
2115 2781 2333 2829 senten-

758 2868 887 2919 tiam
922 2867 1064 2918 illam
1096 2867 1162 2920 de
1186 2875 1372 2919 sancto
1402 2866 1629 2932 Spiritu,
1664 2882 1769 2919 non
1823 2868 1975 2934 quasi
1999 2867 2191 2934 degma
2225 2866 2329 2919 iut-

763 2957 957 3011 utobile
1023 2956 1312 3027 protulisse
1370 2958 1739 3020 arbitrantur,
1816 2974 1989 3027 nequc
2048 2960 2120 3012 ita
2183 2960 2330 3011 illum

761 3051 1017 3115 sensisse,
1073 3062 1127 3104 et
1181 3050 1301 3104 aliis
1362 3056 1690 3118 persuadere
1742 3051 2013 3114 voluisse,
2074 3052 2328 3118 quoniam

2405 596 2578 660 diunt,
2633 596 2913 649 haereticos
2964 597 3423 651 existimabimus.
3485 598 3613 659 Sed.
3669 600 3771 654 ista
3820 602 3977 670 plane

2408 689 2581 755 inepta
2617 694 2817 741 suntet
2852 687 3262 741 absurdissima.
3294 687 3427 741 Nam
3460 690 3600 756 quod
3641 693 3825 744 beatus
3869 693 3973 745 Au-

2406 779 2655 845 gustinus
2694 778 2746 830 in
2778 777 2890 829 suis
2923 777 2987 830 dc
3030 786 3217 830 sancto
3270 777 3476 845 Spiritu
3542 780 3849 843 sententiis,
3916 794 3984 832 ne

2411 866 2696 933 vestigium
2745 864 2959 933 quidem
3002 866 3369 932 ambiguitatis
3401 868 3720 928 ostenderit.
3783 884 3848 921 ex
3901 868 3984 921 di-

2409 954 2511 1006 ctis
2541 956 2652 1008 suis
2679 964 2922 1007 constat:
2956 954 3075 1007 Non
3108 957 3243 1008 enim
3298 971 3597 1022 possumus,
3639 960 3829 1027 inquit,
3901 964 3984 1013 di-

2411 1061 2545 1105 cere,
2576 1046 2713 1113 quod
2741 1044 2973 1110 Spiritus
3004 1056 3213 1099 sanctus
3240 1063 3270 1099 a
3320 1046 3451 1099 Filio
3484 1064 3583 1100 non
3623 1050 3888 1115 procedat.
3924 1051 3986 1102 Et

2412 1138 2501 1203 qui
2535 1137 2691 1189 aliter
2743 1135 3002 1195 sentiunt,
3064 1150 3160 1189 eos
3217 1136 3657 1190 dementissimos
3713 1139 3987 1206 appellat;

2415 1227 2579 1294 Atque
2610 1228 2742 1278 hanc
2770 1225 2921 1293 ﬁdem
2958 1226 3025 1277 ad
3056 1226 3242 1292 Deum,
3280 1228 3374 1287 ait,
3418 1237 3596 1294 aperte
3645 1230 3904 1293 conﬁteri,
3932 1232 3987 1280 in

2413 1336 2535 1386 qua.
2569 1334 2633 1369 ex
2660 1316 2798 1368 Filio
2826 1319 3100 1385 procedere
3117 1316 3370 1383 Spiritum
3401 1329 3641 1370 sanctum
3673 1321 3984 1381 continetur,

2414 1409 2546 1461 etab
2585 1410 2709 1473 ipsis
2748 1407 3036 1461 Saluatoris
3098 1410 3267 1460 verbis
3320 1408 3374 1458 id
3423 1410 3624 1460 ostendi
3686 1423 3989 1475 asseverat;

2415 1498 2680 1565 additque,
2751 1498 2918 1562 ipsam
2958 1497 3334 1563 propheticum,
3402 1507 3558 1563 atque
3647 1501 3989 1567 apostolicam

2417 1588 2736 1647 doctrinam,
2782 1602 2847 1638 ea:
2898 1584 3037 1637 Filio
3094 1586 3369 1653 procedere
3418 1584 3675 1653 Spiritum
3724 1596 3990 1649 sanctum,

2418 1681 2799 1730 commendare.

2492 1770 2615 1823 lbec
2651 1781 2831 1823 autem
2873 1771 3113 1837 profecto
3167 1773 3484 1842 ambigentis
3541 1786 3645 1825 non
3705 1779 3870 1824 sunt:
3935 1775 3991 1820 et

2419 1860 2635 1914 Petrum
2672 1860 2980 1915 ﬁrmissime
3005 1870 3208 1925 tenere,
3255 1878 3317 1915 ac.
3349 1863 3496 1915 nullo
3547 1863 3708 1915 modo
3748 1860 3995 1913 dubitare

2421 1953 2487 2005 de
2549 1953 2821 2020 processu}
2862 1952 3033 2005 sancti
3087 1951 3315 2019 Spiritus
3382 1968 3447 2006 ex
3512 1952 3644 2007 Filio
3712 1953 3989 2005 admonet.

2421 2047 2594 2114 Atque
2624 2047 2675 2099 itt
2742 2046 2845 2099 ﬁne
2898 2046 3250 2115 quadraginta
3300 2046 3689 2112 capitulorum,
3756 2059 3876 2115 quas
3928 2042 3996 2095 ad

2422 2153 2542 2190 cum
2575 2137 2813 2205 scripsit,
2848 2136 2999 2203 quasi
3043 2136 3394 2198 concludens,
3428 2137 3542 2188 ait:
3582 2135 3823 2202 Singula,
3861 2148 3984 2201 qua

2423 2231 2533 2283 illic
2561 2230 2701 2282 dicta
2737 2239 2926 2288 essent,
2959 2238 3162 2280 tantum
3217 2228 3420 2280 roboris
3470 2229 3537 2279 ad
3566 2230 3722 2293 [idem
3785 2225 3996 2286 habere,

2424 2331 2481 2376 ut
2512 2324 2601 2392 qui
2630 2322 2705 2375 vel
2754 2338 2912 2374 unum
2967 2336 3030 2374 ea:
3094 2321 3201 2373 illis
3257 2321 3461 2372 abolere
3517 2320 3790 2380 niteretur,
3838 2315 3992 2386 quasi

2426 2418 2698 2485 manifeste
2740 2416 2929 2478 impius
2979 2416 3369 2481 communisque
3419 2412 3579 2480 pestis
3613 2411 3988 2468 exsecrandus.

2427 2518 2586 2576 atque
2612 2508 2889 2577 fugiendus
2916 2516 3045 2559 esset
3073 2522 3089 2567 ;
3121 2516 3169 2558 et
3201 2522 3360 2571 neque
3404 2506 3457 2557 in
3489 2521 3667 2557 utensa
3696 2505 3790 2555 illi.
3833 2519 3993 2570 neque

2427 2600 2482 2651 in
2511 2600 2618 2651 alio
2675 2599 2900 2667 quolibet
2946 2595 3460 2658 communicandum,
3514 2608 3675 2662 neque
3741 2592 3989 2645 salutan-

2429 2694 2574 2755 dum,
2615 2708 2774 2759 neque
2805 2690 2898 2743 sub
2929 2700 3120 2741 tectum
3151 2688 3435 2742 vocandum
3486 2688 3583 2739 ait.

2501 2783 2728 2837 Constat
2757 2784 2939 2852 igitur,
2967 2782 3116 2849 quia,
3149 2795 3268 2848 qua:
3292 2778 3358 2832 dc
3411 2777 3513 2830 ﬁde
3571 2776 3904 2838 crediderat,
3937 2789 3999 2828 ea

2429 2887 2484 2931 et
2512 2878 2807 2938 scribebat,
2836 2875 3022 2942 eisque
3048 2885 3235 2924 omnes
3265 2869 3507 2932 credere,
3529 2876 3583 2921 et
3611 2870 4004 2931 obtemperare,

2430 2986 2483 3030 et
2541 2971 2816 3032 monebat,
2859 2974 2912 3019 et
2984 2963 3195 3019 orabat.
3243 2968 3302 3011 ut
3357 2974 3473 3024 qua:
3544 2967 3722 3011 essent
3777 2955 4010 3007 maxime

2432 3064 2667 3123 salubria
2707 3070 2759 3115 et
2780 3072 2924 3112 vera.
2956 3050 3283 3119 Destpuisset
3342 3048 3483 3103 enim
3537 3047 3780 3116 profecto
3829 3046 4008 3113 Aug"-

763 3153 942 3219 aliquo
1000 3152 1054 3204 in
1107 3154 1246 3218 loco,
1305 3152 1628 3220 scriptorum
1685 3161 1903 3201 suorum
1953 3143 2146 3197 dixerit
2181 3140 2331 3210 (50):
2366 3164 2411 3224 ο
2442 3159 2525 3212 su.

2245 3140 2331 3205 Gl:
2366 3159 2638 3224 Cstintts,
2692 3154 2758 3215 si,
2814 3163 2912 3218 pro
2961 3144 3181 3200 incertis
3251 3140 3432 3203 rebus,
3495 3150 3695 3193 tantam
3752 3139 4007 3190 ultionem

767 3242 910 3295 Solis
944 3244 1210 3295 canonicis
1262 3242 1571 3305 Scripturis,
1607 3241 1797 3292 divinis
1848 3237 2041 3291 scilicet
2092 3234 2336 3301 eloquiis,

765 3336 984 3386 lectores
1007 3335 1370 3385 incunctanter
1390 3348 1450 3384 ac
1468 3334 1577 3383 sine
1601 3331 1708 3382 ulla
1753 3328 2072 3381 hwsitatiune
2111 3324 2338 3387 credere,

764 3434 919 3492 atque
943 3425 1182 3476 assentiri
1209 3424 1429 3487 debere;
1455 3423 1662 3489 scriptis
1694 3437 1808 3473 vero
1865 3418 1998 3481 suis,
2051 3431 2152 3467 non
2224 3422 2343 3464 tan-

769 3533 875 3573 tum
909 3520 1123 3573 honoris
1174 3519 1493 3582 impendere,
1547 3517 1658 3576 seJ,
1710 3514 1753 3564 si
1823 3512 2031 3575 quidem
2081 3505 2344 3559 canonicis

771 3612 1065 3680 Scripturis
1095 3608 1436 3668 concordant,
1486 3608 1786 3670 suscipere;
1821 3619 1875 3655 se
1905 3617 2021 3654 vero
2048 3600 2093 3653 si
2122 3612 2345 3666 usquam

772 3724 805 3757 η
842 3708 1058 3757 veritate
1085 3702 1399 3759 aberrasset,
1428 3697 1795 3749 correctionem
1843 3704 1994 3760 atque
2020 3688 2348 3743 emendatio.

774 3812 889 3849 nem
920 3810 1023 3848 non
1056 3791 1226 3847 solum
1263 3806 1363 3843 non
1402 3802 1633 3848 renuere,
1681 3800 1853 3837 verum
1884 3797 1929 3835 et
1981 3782 2198 3836 libenter
2241 3792 2353 3829 am-

772 3894 925 3961 ptecti
950 3907 969 3955 ;
996 3890 1088 3958 qui
1116 3902 1247 3956 ergo
1278 3886 1401 3938 talia
1456 3883 1758 3948 proferunt,
1816 3880 1976 3933 etiam
2030 3874 2350 3944 Apostolutn

775 3986 1002 4040 Paulum
1040 3979 1354 4050 Apostolico
1386 3979 1554 4029 choro
1604 3971 1889 4027 detrudere
1918 3978 2219 4037 coguntur;
2258 3980 2355 4018 ne-

775 4077 1049 4147 queillutu
1072 4071 1319 4126 veritatis
1342 4066 1782 4137 praedicationem
1817 4063 1987 4117 scisse
2022 4060 2354 4113 {att-buntur.

849 4169 1077 4222 Beatum
1113 4165 1237 4216 item
1301 4157 1616 4227 Dionysium
1675 4155 1899 4208 veritate
1946 4151 2231 4212 excidisse,
2290 4162 2354 4199 ex

779 4259 962 4316 verbis
996 4258 1136 4311 illius
1190 4252 1533 4308 occasionem
1597 4246 1762 4310 nacti,
1815 4244 2007 4298 dicturi
2054 4250 2201 4295 sunt.
2265 4237 2358 4291 ille

780 4357 923 4408 enim
962 4351 1072 4404 ait:
1103 4346 1364 4412 Quoniam
1395 4359 1495 4394 non
1530 4357 1642 4393 sum
1670 4341 1856 4407 dignus
1914 4338 2089 4388 vocari
2149 4344 2358 4401 apostoe

782 4446 943 4506 talus,
969 4451 1017 4495 et
1048 4439 1276 4492 nondum
1327 4436 1557 4487 arbitror
1592 4448 1668 4484 me
1725 4429 2191 4497 comprehendisse.
2256 4425 2359 4479 Iste

784 4552 909 4590 vero
940 4533 995 4587 in
1054 4532 1156 4583 ﬁne
1219 4527 1340 4582 libri
1416 4526 1490 4578 De
1547 4524 1737 4576 divinis
1787 4522 2102 4581 nominibus,
2158 4520 2358 4571 veniam

781 4628 919 4693 petiit
941 4643 985 4677 st
1008 4623 1131 4691 quid
1158 4620 1369 4672 omnino
1399 4618 1474 4669 vel
1508 4618 1560 4666 in
1590 4624 1756 4683 parte,
1781 4629 1811 4664 a
1844 4614 2057 4664 veritate
2080 4610 2358 4661 aberravit.

789 4719 883 4771 Sin
914 4726 1118 4777 autem,
1149 4728 1267 4781 qua:
1299 4725 1328 4762 a
1376 4709 1604 4763 summis
1660 4707 1813 4767 viris,
1882 4718 1978 4771 per
2033 4699 2357 4755 modestiam

787 4819 842 4864 et
905 4806 1268 4862 humilitatem
1327 4803 1471 4856 dicta
1545 4811 1694 4863 sunt,
1744 4812 1847 4849 non
1902 4804 2115 4863 oportet
2166 4801 2357 4846 contra

791 4903 936 4964 illos,
968 4898 1125 4967 quasi
1155 4895 1351 4950 abillis
1404 4892 1769 4945 testimonium
1839 4899 2054 4941 sumere
2085 4902 2099 4948 ;
2136 4896 2358 4952 prOt-sus

789 5006 844 5049 et
871 5010 932 5046 ca
972 5005 1153 5060 quzea
1207 4988 1365 5041 beato
1421 4981 1725 5050 Augustino
1780 4977 2175 5031 modestissime
2232 4980 2360 5027 sunt

790 5090 1184 5146 dicta,contra
1228 5079 1374 5132 illtnu
1418 5074 1656 5143 proferre
1716 5071 1767 5124 in
1823 5066 2211 5129 testimonium,
2252 5067 2361 5118 imo

794 5189 982 5231 contra
1008 5174 1307 5233 veritatem,
1340 5169 1421 5221 fas
1452 5181 1555 5220 non
1604 5173 1704 5218 est.
1759 5163 1905 5215 Alias
1970 5161 2112 5213 enim
2150 5166 2363 5212 sancto-

798 5285 912 5323 rum
966 5267 1232 5319 maximas
1287 5266 1518 5315 virtutes
1578 5266 1908 5317 evertemus,
1961 5252 2365 5319 catholicosque

795 5367 1043 5415 ductores
1120 5355 1507 5409 arbitrabimur
1552 5350 1695 5404 circa
1776 5348 1932 5400 ﬁdem
1987 5344 2364 5411 naufragasse,

796 5454 1021 5519 aliisque
1055 5462 1275 5515 parasse
1306 5443 1680 5512 naufragium;
1714 5440 2065 5506 eosdemque,
2120 5447 2173 5489 et
2205 5449 2361 5489 sanco

800 5556 879 5598 tos
927 5540 1085 5597 simul
1126 5549 1179 5594 et
1212 5549 1470 5592 nocentes
1520 5534 1928 5604 appellabimus,
2000 5540 2053 5581 et
2097 5528 2369 5597 magistris

2444 3248 2760 3304 exnetisset.

2529 3267 2760 3300 ιθιιδεει.

2514 3267 2651 3406 lQuid
2680 3346 2859 3390 autem
2894 3334 3088 3387 dicturi
3117 3338 3245 3387 sunt
3277 3329 3343 3384 de
3387 3324 3704 3380 doctoribus
3745 3320 3966 3387 reliquis
3993 3315 4016 3370 ?

2448 3446 2623 3498 neque
2644 3428 2785 3481 enim
2815 3439 3003 3480 omnes
3038 3423 3318 3490 ambiguos
3346 3419 3525 3471 dicent
3555 3432 3566 3467 :
3599 3413 3827 3479 Quidam
3858 3421 4008 3470 vero,

2448 3526 2503 3571 ct
2551 3516 2721 3579 illum,
2764 3522 2818 3566 et
2880 3528 3000 3564 ctnn
3070 3509 3160 3561 illo
3228 3507 3361 3560 alios
3419 3502 3682 3571 plurimos
3736 3500 4013 3552 doctorum

2448 3623 2662 3662 errasse
2694 3606 2760 3659 de
2787 3614 2973 3657 sancto
3015 3601 3241 3669 Spiritu,
3290 3598 3419 3650 nihil
3452 3597 3646 3647 mirum
3692 3606 3810 3645 esse
3869 3602 4017 3641 asse-

2451 3708 2671 3753 verant:
2708 3696 2955 3749 llomines
2984 3694 3168 3759 quippe
3207 3690 3388 3757 fuisse,
3443 3698 3490 3739 et
3517 3700 3717 3746 errare,
3753 3682 4016 3733 hominum

2452 3805 2579 3843 esse.
2606 3786 2709 3839 Sed
2749 3786 2847 3838 ista
2909 3780 3147 3852 profecto
3205 3776 3568 3845 improborum
3631 3772 3789 3825 nimis
3847 3769 4019 3822 horni-

2455 3895 2580 3933 num
2613 3889 2759 3939 sunt,
2788 3885 2842 3928 et
2886 3888 3070 3928 eorum
3126 3870 3216 3939 qui
3275 3868 3523 3921 doctores
3588 3877 3691 3915 una
3741 3862 4021 3914 destruere

2458 3975 2723 4027 nituntur.
2749 3968 2887 4036 Quid
2914 3966 3057 4018 enim
3092 3961 3348 4032 prohibet
3391 3960 3575 4012 eadem
3610 3955 3839 4011 ratione,
3900 3965 4020 4003 om-

2458 4080 2553 4119 nes
2588 4062 2794 4132 pariter
2822 4053 3214 4126 esploderent?
3266 4051 3524 4104 Homines
3552 4048 3692 4100 enim
3733 4042 4021 4096 fueruntet

2458 4160 2581 4227 ipsi,
2619 4173 2681 4211 ac
2708 4155 2869 4208 veluti
2898 4155 2947 4205 in
2982 4150 3257 4219 profundae
3292 4146 3465 4199 noetis
3507 4142 3705 4196 versati
3760 4136 4021 4192 tenebris.

2462 4226 2573 4303 lloc
2630 4247 2773 4302 enim
2824 4257 3112 4305 concesso,
3187 4252 3371 4292 omnes
3432 4232 3816 4287 arbitrabimur
3883 4226 4024 4278 circa

2463 4344 2619 4397 ﬁdem
2689 4334 3098 4394 cunctabundus
3143 4341 3195 4386 et
3247 4329 3437 4383 dubios
3491 4328 3716 4383 har-rere,
3771 4318 4027 4384 nulloque

2468 4438 2655 4488 borum
2699 4429 2904 4499 judicio
2957 4434 3168 4479 utemur
3217 4421 3282 4474 ad
3355 4429 3663 4472 sanctarum
3729 4410 4025 4463 litterarum

2470 4520 2900 4591 intelligentiam.
2944 4515 3021 4568 Ne
3088 4512 3177 4567 isti
3231 4510 3467 4580 quidem,
3518 4507 3607 4571 qui
3659 4505 3768 4557 lucc
3820 4500 4027 4557 dicunt,

2470 4587 2762 4671 habebunt,
2821 4608 2961 4662 unde
3005 4620 3103 4660 sua
3162 4604 3378 4657 ﬁrmare
3426 4597 3656 4668 possint,
3717 4587 4030 4645 nutantibus

2467 4705 2741 4762 omnibus.
2794 4700 3003 4765 Quibus
3050 4696 3191 4752 enim
3251 4691 3576 4752 rationibus,
3630 4699 3767 4754 quos
3822 4681 4031 4739 volunt,

2469 4796 2760 4864 magistros
2832 4796 3086 4858 arguunt,
3156 4785 3354 4839 eisdem
3411 4791 3462 4834 et
3523 4778 3625 4845 ipsi
3690 4780 4003 4840 arguentur.

2466 4862 2664 4954 Nempe
2688 4885 2954 4938 enimnon
2978 4879 3219 4932 omnium
3246 4873 3508 4929 sedebunt
3527 4869 3736 4938 judices
3764 4862 3860 4932 (a),
3883 4876 4033 4914 com-

2472 4992 2663 5032 munes
2718 4974 2931 5043 quidem
3007 4968 3258 5022 Ecclesite
3336 4964 3641 5032 magistros,
3726 4956 3822 5020 ipsi
3886 4966 4034 5015 vero,

2471 5069 2635 5125 veluti
2688 5064 2967 5134 sapientia:
3026 5076 3088 5115 ac
3129 5056 3366 5112 scientiae
3430 5056 3713 5106 thesauros
3771 5059 3934 5114 penes
3982 5056 4038 5095 se

2474 5162 2725 5218 ccuditos
2752 5157 3034 5218 habentes,
3077 5166 3275 5220 eosque
3305 5162 3463 5217 supra
3534 5146 3824 5197 humanam
3892 5145 4040 5188 natu-

2478 5271 2591 5310 ram
2622 5254 2792 5307 fuisse
2844 5249 3158 5317 gloriantes,
3212 5256 3328 5310 quae
3389 5238 3491 5307 ipsi
3553 5232 3866 5303 proferunt,
3926 5226 4039 5280 sola

2474 5347 2736 5406 obtinere,
2771 5357 2834 5394 ac
2867 5354 2978 5391 rata
3009 5351 3150 5397 esse,
3194 5349 3255 5386 ac
3300 5330 3608 5383 ﬁrmissima
3660 5324 3840 5375 dicere
3871 5318 4037 5370 aude-

2476 5440 2627 5491 bunt.
2664 5440 2859 5501 Atque,
2897 5439 2955 5483 ut
3014 5430 3172 5481 datur
3236 5420 3480 5487 intelligi,
3530 5430 3623 5469 eos
3672 5406 3887 5480 quidem
3947 5406 4039 5473 qui

2477 5530 2717 5583 omnium
2796 5537 3081 5585 consensu,
3126 5515 3385 5585 sapientia
3416 5550 3429 5574 ,
3476 5519 3531 5562 et
3621 5504 3898 5559 sanctitau-
3949 5497 4042 5548 llu—

872 5661 981 5727 (56)
1024 5659 1081 5711 S.
1113 5654 1449 5723 Augustinus
1502 5651 1551 5703 in
1602 5650 1763 5718 epist.
1824 5661 1935 5701 xu.
1978 5644 2089 5699 lloc
2137 5642 2341 5698 dictum
2369 5644 2606 5697 lttrretici
2641 5641 2896 5712 perpetim
2933 5640 2985 5692 in
3018 5650 3109 5689 ore
3141 5634 3336 5687 habent
3377 5638 3558 5683 contra
3618 5625 3834 5675 Patrum
3912 5632 4038 5666 vvln-

802 5732 1130 5783 claritatem.

872 5826 939 5883 (α)
968 5824 1119 5872 Deest
1146 5822 1343 5882 ahquid.
