4462 6440
469 433 571 494 117

1513 440 1909 500 ADVERSUS
1942 439 2259 496 GRAECOS
2306 439 2445 498 LIB.
2499 439 2579 496 ῐῐ.

3591 433 3687 492 H8

462 565 537 601 ru-
566 559 710 608 runt,
747 547 1035 616 fragilitate
1068 550 1661 604 conditionishnmanm
1693 553 1742 603 in
1780 567 2020 606 errorem
2047 559 2093 610 Α
2125 555 2270 603 nium
2305 550 2626 603 naturalium
2655 549 2940 612 bonorum,
2979 547 3262 614 Patrisque
3287 547 3447 618 bona.
3487 546 3690 593 batwat

463 642 641 704 lapsos
663 638 861 702 dicent,
899 640 999 691 sibi
1031 651 1208 692 autem
1255 641 1353 706 ipsi
1413 643 1786 695 tantummodo
1833 657 2020 695 errore

461 727 630 792 decipi
656 743 760 780 non
791 742 966 791 posse,
1022 729 1288 796 peculiare
1331 732 1480 784 erit?

532 815 636 869 Sed
673 819 794 877 ista,
853 828 911 869 ut
965 818 1251 885 superbiat,
1306 821 1655 888 stttltitizeque
1714 823 2019 889 plenissima

462 910 566 960 illis
604 908 1000 974 relinquantur.
1037 923 1171 976 quos
1219 910 1448 963 delectat
1484 913 1788 979 hujusmodi
1853 916 2024 970 fatuas

461 999 789 1066 iantilesque
821 999 1078 1067 gloriolas
1105 1002 1257 1066 sequi
1291 1018 1303 1062 ;
1356 1004 1588 1056 maxime
1617 1020 1737 1057 cum
1766 1007 2020 1070 possibile

462 1105 565 1142 non
602 1092 692 1149 sit,
719 1091 932 1143 eosdem
966 1100 1016 1143 et
1053 1104 1269 1144 sanctos
1295 1095 1684 1158 consentiente,
1733 1095 1863 1148 orbe
1902 1099 2023 1148 titti-

463 1196 639 1244 verso,
677 1181 862 1239 fuisse,
891 1195 939 1232 et
979 1197 1007 1233 a
1041 1183 1141 1234 lide
1169 1185 1440 1246 deviasse,
1478 1185 1593 1238 sine
1617 1201 1720 1254 qua
1771 1185 1877 1240 Deo
1909 1188 2024 1252 pla-

459 1287 584 1325 cere
613 1274 950 1338 impossibile
981 1283 1082 1334 est,
1113 1284 1170 1327 ut
1200 1277 1274 1328 ait
1343 1279 1634 1342 Apostolus
1667 1279 1730 1332 ".
1784 1279 1889 1332 Nos
1928 1277 2026 1331 an-

461 1377 566 1416 tem
594 1366 854 1418 honorem
894 1367 997 1419 illis
1029 1368 1093 1418 ah
1135 1368 1537 1422 universatibus
1597 1371 1839 1422 conciliis
1877 1371 2028 1422 attri-

461 1458 648 1506 butum
679 1467 981 1519 SPH‘allleS,
1023 1459 1229 1526 hosque
1257 1469 1313 1512 nt
1363 1470 1742 1527 praeceptores,
1777 1471 1830 1514 et
1860 1463 2027 1514 duces

460 1546 674 1600 Crzecos
719 1546 1045 1616 Latinosque
1101 1559 1428 1618 sequentes:
1504 1551 1566 1603 In
1634 1551 1839 1605 Christo
1892 1555 2028 1605 enim

462 1633 615 1697 Iesu,
655 1655 816 1704 neque
849 1639 1096 1705 Judceus,
1151 1658 1312 1708 neque
1361 1640 1577 1694 (Ζηνί-ιιι
1602 1652 1676 1694 est
1738 1642 1936 1709 aliquid
1963 1643 2028 1704 τ’,

461 1728 714 1795 quodque
739 1744 765 1780 a
807 1731 1047 1797 quolibet
1093 1731 1316 1794 dictum,
1349 1732 1613 1784 veraciter
1641 1734 1879 1784 eamdem
1934 1733 2030 1785 ha-

462 1820 550 1870 bet
586 1819 713 1879 vim,
751 1818 1032 1881 librantcs,
1080 1821 1182 1873 sibi
1247 1821 1400 1888 ipsis,
1459 1830 1617 1888 atque
1683 1823 1911 1876 invice'n
1967 1826 2030 1876 de

461 1919 650 1961 sancto
678 1908 908 1976 Spiritu,
949 1909 1101 1962 valde
1150 1913 1446 1965 concordes
1505 1914 1817 1980 aspicimus.

535 2000 636 2051 Alii
684 2001 823 2054 enim
891 2017 956 2056 ex
1021 2001 1158 2056 Filio
1215 2005 1504 2069 procedere
1561 2007 1709 2058 aiunt
1771 2005 2028 2072 Spiritum

462 2100 740 2154 sanctum;
774 2091 872 2143 Alii
925 2107 1042 2145 esse
1070 2109 1136 2146 ex
1178 2092 1334 2156 Filio,
1395 2105 1553 2162 atque
1579 2101 1644 2149 ab
1695 2112 1758 2150 eo
1786 2113 1903 2151 esse
1937 2099 2032 2151 ha-

466 2185 614 2245 bere,
648 2192 700 2235 et
733 2183 799 2236 ab
836 2185 951 2251 ipso
980 2187 1304 2239 naturaliter
1354 2188 1592 2255 prodire.
1648 2199 1702 2243 et
1771 2189 2028 2257 profundi

459 2282 512 2323 et
547 2272 803 2335 emicare,
840 2283 892 2326 et
923 2275 1212 2340 profluere,
1247 2291 1306 2329 ac
1335 2292 1428 2345 per
1473 2277 1668 2330 Filium
1705 2289 1756 2332 et
1787 2295 1846 2331 ex
1900 2279 2033 2333 Filio

461 2364 791 2427 procedere;
821 2374 894 2427 et,
929 2365 972 2418 si
1018 2366 1144 2433 quid
1187 2366 1452 2435 ejusmodi
1504 2369 1870 2440 intelligentiae
1906 2385 2030 2438 pro-

460 2455 661 2508 ximum
701 2457 770 2509 ab
800 2457 878 2512 eis
911 2459 1128 2524 dicitur,
1164 2477 1501 2540 quamquam,
1540 2462 1637 2514 etsi
1669 2478 1772 2531 qua
1835 2479 1862 2515 a
1914 2477 2056 2515 ma-'

460 2546 642 2614 gistris
679 2548 966 2602 obscurius
999 2550 1248 2605 fortassis
1291 2553 1353 2606 de
1409 2554 1508 2606 hac
1579 2571 1636 2607 re
1691 2554 1832 2607 dicta
1888 2555 2036 2608 vide-

461 2636 682 2700 bantur,
727 2637 1026 2704 prudentia:
1060 2641 1259 2705 fuerat,
1292 2659 1352 2694 ea
1386 2659 1448 2697 ex
1520 2645 1826 2699 manifcsﬁs
1873 2647 2033 2700 dictis

462 2725 808 2794 interpretari
845 2746 856 2782 :
888 2745 955 2782 ne
993 2740 1210 2798 propter
1242 2748 1339 2785 nos
1362 2734 1642 2786 videantur
1669 2744 1723 2788 et
1755 2738 1856 2789 sibi
1895 2738 2028 2804 ipsis

462 2826 512 2869 et
548 2818 773 2869 invicem
804 2819 944 2870 sacri
1002 2821 1252 2873 doctores
1306 2821 1627 2876 adversati:
1695 2825 1744 2876 id
1798 2812 2037 2892 profecto

459 2921 560 2974 pro
592 2915 744 2960 certo
796 2907 1058 2962 habentes
1107 2911 1249 2976 quod
1304 2925 1333 2963 a
1390 2913 1497 2966 Deo
1541 2914 1724 2966 traditi
1783 2913 2037 2968 Ecclesiae

463 2999 731 3066 magistri,
775 3016 1056 3068 nunquam
1122 3002 1352 3057 diversis
1414 3006 1553 3058 inter
1585 3020 1643 3059 se
1695 3007 2038 3074 dogmatibus

461 3087 747 3141 dissentire
782 3101 1042 3155 possent:
1073 3105 1167 3159 per
1200 3109 1429 3161 quorum
1494 3111 1554 3149 os
1614 3113 1754 3151 unus
1817 3099 1926 3163 ille,
1987 3110 2039 3153 et

2127 643 2358 709 propria,
2393 651 2554 706 atque
2586 640 2885 707 prmcipua;
2919 653 2980 692 ac
3019 654 3082 689 cx
3126 652 3213 698 eo,
3260 635 3398 702 quod
3435 649 3537 683 non
3579 647 3693 683 srr-

2127 736 2325 793 viliter,
2357 748 2420 786 ac
2449 733 2678 787 miniStri
2725 732 2899 784 oﬂicio
2937 746 2963 782 a
3024 731 3160 784 Filio
3219 728 3695 787 mittitur,'utpote

2124 827 2329 893 quiest
2382 823 2843 876 incommutabilis
2891 825 3068 888 imago
3118 821 3315 872 Patris.
3383 816 3506 867 llmc
3551 814 3694 864 enim

2125 933 2188 970 ex
2227 919 2503 986 pradictis
2538 918 2807 970 insinuata
2836 917 2943 967 sint
2973 914 3074 967 etsi
3109 911 3335 978 plurima
3369 902 3496 962 sint.
3537 909 3598 962 Et
3627 911 3696 961 il-

2126 1009 2214 1060 lud
2255 1022 2357 1058 una
2395 1015 2634 1073 apparet,
2671 1010 2810 1071 quod
2844 1004 3062 1071 quando
3108 1001 3405 1055 insufflavit
3448 1001 3498 1051 in
3532 1001 3696 1052 disi-i-

2127 1099 2286 1166 pulos
2348 1098 2642 1158 Dominus,
2701 1106 2754 1148 et
2803 1095 2940 1146 dixit
2989 1094 3068 1146 eis
3109 1110 3122 1144 :
3159 1093 3388 1157 Accipite
3439 1089 3698 1155 Spiritum

2126 1200 2365 1242 sanctum
2402 1189 2468 1253 ",
2502 1189 2592 1255 qui
2654 1203 2716 1240 ex
2778 1185 2937 1238 Patre
2988 1199 3082 1250 per
3137 1183 3330 1234 Filium
3384 1181 3701 1235 naturaliter

2129 1282 2324 1347 prodit,
2350 1289 2403 1332 et
2451 1295 2544 1346 per
2571 1293 2628 1332 se
2661 1278 3039 1344 procedentem
3084 1275 3232 1326 dedit
3256 1273 3355 1325 eis.

2202 1372 2312 1424 Hoc
2347 1372 2532 1438 igitur,
2565 1381 2623 1424 ut
2654 1370 2858 1422 dietnm
2899 1377 2980 1420 est
3013 1368 3078 1418 ab
3112 1365 3366 1417 Ecclesia:
3404 1362 3700 1429 magistris,

2131 1463 2262 1513 satis
2294 1476 2458 1527 supra
2489 1460 2820 1513 declaratum
2851 1469 2937 1511 est
2964 1475 2980 1522 ;
3018 1458 3287 1524 przceipue
3351 1467 3528 1507 tamen
3589 1471 3704 1506 ma-

2131 1565 2270 1617 gnus
2301 1549 2530 1602 Basilius
2559 1566 2710 1602 suam
2750 1551 2847 1601 liae
2876 1551 2937 1601 de
2965 1564 3021 1601 re
3066 1549 3370 1614 opinionem
3438 1546 3701 1606 itttliCutIS,

2134 1643 2386 1708 praedicta
2411 1643 2718 1695 continuat.
2754 1631 2966 1692 Naniin
3019 1649 3216 1703 quarto
3281 1649 3470 1689 contra
3528 1635 3707 1685 Euno-

2135 1732 2390 1793 tniutn,in
2414 1745 2521 1783 uno
2541 1731 2778 1795 capitulo
2799 1730 2939 1797 quod
2988 1729 3297 1781 inscribitur
3319 1727 3472 1790 Quod
3522 1726 3702 1776 divina

2136 1834 2320 1876 natura
2373 1826 2444 1878 sit
2511 1825 2774 1892 Spiritus:
2847 1823 3076 1886 Spiritus
3101 1837 3258 1880 enim,
3290 1819 3482 1885 inquit,
3515 1817 3700 1868 virenti

2066 1908 2104 1960 Β
2147 1913 2306 1968 Verbo
2334 1917 2401 1968 ad
2424 1916 2710 1969 creandum
2733 1912 3066 1979 conjunctus,
3097 1910 3210 1960 viva
3235 1910 3396 1960 virtus
3419 1918 3514 1964 est,
3540 1917 3586 1957 et
3617 1895 3712 1957 na-

2137 2018 2276 2068 tura,
2301 2009 2501 2068 diviua,
2534 2006 2814 2071 ineﬂ‘abilis
2844 2018 2906 2055 ea:
2937 2001 3192 2068 ineffabili
3224 2017 3311 2052 ore
3333 1999 3596 2064 prodicns,
3625 1998 3707 2047 iu-

2135 2096 2515 2162 eﬂabiliterper
2562 2094 2964 2162 iusuﬂlationem
3015 2092 3065 2142 iu
3090 2092 3350 2142 hominem
3393 2090 3608 2146 emissa,
3661 2094 3710 2138 et

2134 2188 2416 2240 secundum
2446 2192 2672 2255 formam
2702 2203 2730 2236 a
2762 2184 2970 2237 Christo
3021 2182 3370 2247 corporaliter
3419 2190 3708 2241 ostensam,

2136 2295 2316 2330 rursus
2340 2277 2406 2329 ob
2438 2279 2548 2341 ipso
2565 2293 2653 2343 per
2676 2276 3074 2344 insufﬂatiouein
3099 2274 3361 2324 restituta.
3390 2271 3712 2323 Concurrere

2135 2371 2315 2435 quippe
2342 2367 2608 2433 oportebat
2641 2366 2870 2432 antiqua:
2910 2364 3132 2416 novitati
3174 2370 3478 2428 pru'seutem
3511 2374 3713 2424 quoque

2139 2460 2540 2521 renovationem,
2579 2467 2627 2510 et
2671 2456 2976 2524 hujusmodi
3014 2456 3411 2509 concursionem
3451 2451 3701 2517 expressit

2136 2553 2429 2618 insit/ﬂans.
2467 2567 2568 2602 non
2607 2550 2742 2601 alius
2775 2549 3052 2606 exsisteus,
3095 2563 3253 2608 quant
3286 2547 3328 2597 is
3355 2545 3443 2612 qui
3470 2546 3530 2594 ab
3560 2543 3718 2594 initio

2138 2644 2519 2711 insuﬂlaverat;
2551 2644 2640 2695 sed
2663 2644 2789 2704 ipse,
2811 2658 2900 2707 per
2923 2657 3072 2708 quem
3091 2640 3233 2691 dedit
3258 2639 3391 2690 Deus
3418 2636 3718 2705 insuﬂlatio-

2139 2751 2275 2797 nem,
2300 2747 2420 2796 tunc
2445 2736 2647 2803 quidem
2672 2751 2787 2786 cum
2807 2734 3010 2795 anima,
3031 2747 3165 2782 nunc
3188 2741 3362 2782 autem
3383 2732 3434 2782 in
3460 2731 3716 2782 animam.

2211 2823 2435 2893 Magnus
2462 2840 2675 2890 quoilue
2712 2825 3064 2883 Athanasius,
3093 2826 3143 2874 in
3180 2824 3344 2888 epist.
3367 2826 3432 2875 ad
3467 2822 3719 2886 Serapio-

2141 2931 2261 2969 nem
2311 2917 2376 2968 de
2421 2915 2624 2982 Spiritu
2673 2925 2880 2978 sancto,
2946 2915 3099 2980 cujus
3151 2916 3379 2968 initium'
3413 2925 3494 2968 est
3535 2933 3548 2967 :
3595 2912 3722 2981 Legi

2141 3023 2276 3060 nunc
2308 3022 2510 3073 quoque
2540 3007 2791 3071 scriptam
2829 3023 2858 3056 (ι
2905 3015 2998 3057 tua
3040 3006 3375 3056 veneratione
3404 3004 3718 3069 epistolam,

2142 3097 2250 3148 ait:
2280 3095 2516 3164 Denique
2544 3097 2779 3148 mittente
2831 3095 2987 3148 Patre
3017 3094 3295 3160 Spiritum,
3332 3094 3526 3145 Filium
3567 3093 3717 3144 illum

461 3178 676 3232 divinus
710 3178 966 3245 Spiritus,
1002 3181 1069 3235 de
1122 3199 1231 3250 quo
1289 3200 1470 3240 sermo
1517 3197 1623 3250 est,
1676 3189 1888 3245 locutus
1941 3193 2032 3246 ait,
2065 3226 2110 3282 Ο
2142 3187 2409 3252 discipulis
2479 3187 2747 3254 insuﬂlaus
2811 3188 2972 3240 dedit.
3002 3186 3196 3241 Omnia
3254 3189 3389 3240 enim
3419 3204 3534 3254 quia
3565 3189 3721 3238 habet

537 3267 629 3321 llis
659 3271 875 3346 positis,
914 3283 1128 3326 constat
1158 3289 1221 3328 ex
1280 3275 1365 3329 his
1394 3293 1514 3344 qua:
1577 3283 1936 3335 communiter
1988 3295 2040 3337 et

460 3359 812 3425 singulariter
839 3379 866 3415 a
891 3364 1094 3418 sanctis
1121 3364 1371 3420 Patribus
1400 3370 1540 3422 dicta
1573 3373 1995 3438 praenotavimus
2025 3391 2040 3427 :

459 3450 605 3518 quod
645 3451 744 3516 ipsi
785 3455 957 3505 sancti
995 3455 1093 3507 viri
1193 3456 1284 3522 qui
1341 3473 1406 3511 ex
1467 3457 1625 3513 Patre
1692 3476 1786 3529 per
1851 3462 2042 3517 Filium

461 3545 752 3609 procedere
829 3544 1089 3611 Spiritum
1177 3559 1427 3603 sanctum
1498 3552 1785 3619 dixerunt,
1849 3565 1900 3607 et
1977 3570 2044 3609 ex

463 3633 599 3688 Filio
623 3638 938 3702 procedere,
969 3649 1021 3692 et
1057 3640 1124 3692 ab
1149 3640 1264 3707 ipso
1323 3657 1462 3707 esse,
1520 3654 1684 3712 atque
1725 3646 1792 3700 ab
1829 3661 1895 3700 eo
1925 3663 2046 3703 esse

462 3727 682 3789 habere,
717 3737 771 3781 et
810 3743 874 3781 ex
903 3744 968 3782 eo
1002 3731 1323 3785 naturaliter
1353 3735 1591 3802 prodire,
1623 3747 1676 3790 et
1727 3737 1998 3805 proﬂuere
2029 3757 2042 3794 :

459 3831 535 3877 et.
572 3820 616 3872 si
652 3821 780 3887 quid
815 3829 898 3873 est
937 3822 1274 3890 huiusmodi,
1320 3835 1516 3892 praeter
1541 3827 1590 3880 id
1621 3831 1762 3894 quod
1818 3846 1884 3884 ex
1915 3831 2046 3900 ipsis

461 3912 588 3965 fidei
624 3912 908 3981 principiis
934 3916 1258 3970 necessario
1285 3919 1362 3972 sic
1392 3921 1494 3972 ista
1525 3922 1949 3988 concluduntur,
1979 3941 2044 3978 ex

461 4004 596 4072 ipsis
651 4002 953 4060 Salvatoris
1012 4008 1238 4061 vocibus
1301 4011 1619 4067 occasiones
1676 4027 2042 4083 acceperunt;

458 4112 524 4148 ex
561 4094 724 4150 Patre
758 4096 975 4164 quidem
1021 4098 1167 4150 illum
1198 4100 1318 4154 Ideo
1350 4116 1468 4156 esse
1521 4116 1850 4173 asserentes,
1903 4108 2048 4177 quod

459 4187 714 4242 Salvator
745 4190 795 4242 in
837 4189 1145 4260 Evangeliis
1183 4192 1404 4258 dixerit,
1433 4195 1538 4260 Qui
1585 4215 1616 4249 a
1657 4198 1820 4253 Patre
1872 4216 2052 4268 proce-

457 4281 535 4334 dit
564 4280 635 4335 ⁸⁸.
681 4279 782 4333 Per
813 4279 1012 4335 Filium
1077 4299 1205 4338 vero
1246 4300 1387 4350 esse,
1462 4297 1512 4342 et
1576 4304 1639 4343 ex
1699 4290 1858 4356 Filio,
1925 4295 2048 4362 quia

460 4376 636 4440 ipsum
692 4372 974 4438 Dominus,
1027 4391 1172 4430 nunc
1225 4379 1444 4446 quidem
1503 4383 1749 4436 veritatis
1784 4384 2046 4451 Spiritum

454 4467 680 4527 dixerit,
721 4481 866 4519 nunc
896 4475 1079 4520 autent
1128 4470 1304 4537 ipsum
1365 4472 1649 4542 discipulis
1685 4478 2050 4544 corporaliter

456 4557 772 4611 ostenderit.
852 4558 1030 4627 Atque
1095 4576 1242 4614 nunc

455 4648 557 4705 ait.
607 4647 741 4712 Quia
771 4649 835 4701 de
899 4666 1010 4702 meo
1061 4654 1279 4718 accipiet
1336 4665 1382 4707 et
1439 4656 2049 4718 annuntiabit'vobis".

457 4739 611 4793 Nunc
643 4755 768 4793 vero
797 4741 864 4795 ad
883 4742 1133 4797 Patrem:
1168 4743 1361 4798 Omnia
1409 4765 1520 4803 mea
1563 4759 1655 4803 tua
1698 4763 1839 4818 sunt,
1879 4765 1926 4807 et
1958 4767 2049 4810 tua

455 4848 570 4886 mea
600 4843 721 4885 sunt
740 4832 802 4887 ".

529 4925 705 4993 Atque
735 4941 799 4978 ex
839 4941 927 4991 eo,
960 4929 1104 4996 quod
1162 4931 1301 4982 mitti
1336 4932 1554 4999 quidem
1594 4934 1832 5004 Spiritus
1867 4955 1893 4991 a
1950 4939 2050 4992 Pa-

456 5029 542 5071 tre
569 5027 623 5070 et
662 5018 875 5083 donari,
903 5029 957 5073 et
993 5021 1036 5073 si
1065 5021 1191 5088 quid
1223 5022 1532 5092 bujusmodi
1559 5037 1642 5084 est
1673 5068 1687 5091 ,
1724 5031 1860 5084 mitti
1893 5048 2044 5097 vero,

449 5119 507 5163 et
543 5110 682 5173 dari,
727 5119 782 5164 et
813 5126 839 5162 a
877 5108 1013 5164 Filio
1083 5112 1280 5168 ibidem
1317 5118 1530 5183 dicitur,
1585 5136 1756 5185 neque
1815 5125 2042 5178 seorsim

453 5200 624 5254 mittit
661 5197 822 5255 Pater
849 5201 1112 5270 Spiritum
1143 5218 1414 5274 sanetum,
1457 5225 1519 5264 ac
1560 5214 1786 5268 seorsim
1830 5213 2036 5280 Filius;

449 5293 549 5346 sed
579 5307 644 5346 ex
676 5307 740 5347 eo
765 5295 906 5363 quod
938 5311 964 5347 a
1003 5295 1161 5353 Patre
1204 5315 1298 5368 per
1321 5302 1516 5356 Filium
1555 5314 1715 5373 atque
1748 5321 1811 5360 ex
1853 5306 2038 5372 Patre,

449 5396 506 5440 et
540 5384 678 5438 Filio
705 5403 807 5440 una
845 5388 1090 5455 datione,
1121 5409 1225 5446 una
1264 5395 1547 5464 largitione
1572 5439 1586 5461 ,
1618 5414 1722 5452 una
1783 5402 2045 5455 missione

448 5479 635 5542 datur,
701 5489 754 5533 et
816 5483 1087 5539 mittitur:
1153 5490 1609 5554 quemadmodum
1671 5493 1883 5546 scilicet
1936 5510 2040 5547 una

449 5569 802 5636 processione
834 5589 897 5625 ex
926 5575 1091 5629 Patre
1149 5593 1243 5646 per
1316 5579 1511 5634 Filium
1564 5584 1831 5651 procedit,
1879 5595 2040 5654 atque

448 5675 516 5712 ex
553 5674 639 5722 eo,
694 5663 842 5729 quod
873 5660 1043 5720 Filius
1099 5681 1330 5724 consors
1392 5672 1462 5726 sit
1516 5684 1862 5740 paternorum
1923 5691 2036 5727 om-

562 5781 604 5852 ?
633 5779 794 5836 "ob"
833 5796 905 5846 ι¹ν
940 5783 992 5838 6-
1109 5787 1150 5819 ⁷⁹
1183 5788 1359 5843 Galat.
1397 5806 1474 5852 ιιι,
1509 5792 1596 5844 ‘28.

449 5851 652 5916 xx,‘2l.

1711 5794 1754 5823 "°
1786 5792 1938 5848 loatt.
1976 5811 2057 5857 xv,
2091 5793 2182 5847 ‘26.

2145 3276 2325 3343 Pater,
2360 3276 2491 3330 Filii
2518 3288 2662 3332 sunt.

2215 3368 2444 3422 Sanctus
2481 3370 2603 3422 item
2640 3360 2873 3438 Cyl-illus
2931 3371 2985 3424 in
3039 3385 3088 3422 tv
3151 3373 3218 3425 ad
3275 3370 3575 3432 llcrmiam,
3612 3371 3721 3423 ait:

2146 3459 2321 3515 Simul
2353 3462 2509 3520 enim,
2547 3472 2702 3530 atque
2751 3465 2942 3514 summi
2975 3461 3197 3528 Opiﬁcis
3242 3465 3597 3531 inc/rabilibus
3632 3480 3727 3514 nuo

2147 3551 2282 3602 tibus
2315 3560 2506 3602 natura
2540 3552 2762 3604 hominis
2806 3556 2873 3606 ad
2913 3553 3267 3606 substantiam
3332 3566 3578 3620 provecta
3628 3565 3723 3614 est,

2147 3643 2327 3696 habitu
2349 3645 2507 3695 etiam
2540 3646 2607 3696 ad
2635 3643 2898 3710 Spiritum
2936 3648 3369 3712 componebatur.
3436 3647 3728 3717 lusu/ﬂavit

2147 3725 2285 3789 enim
2319 3736 2371 3787 in
2402 3738 2587 3804 faciem
2629 3737 2741 3805 ejus
2806 3740 3129 3805 spiraculum
3178 3741 3314 3804 vita,
3380 3758 3483 3792 non
3545 3744 3724 3802 aliter,

2150 3837 2204 3879 ut
2240 3843 2378 3888 reor,
2411 3829 2634 3880 animali
2660 3831 2755 3880 hoc
2785 3829 2948 3882 lucem
2983 3831 3445 3898 sanctiﬁcationis,
3484 3835 3726 3900 proprie-

2151 3920 2375 3986 tatisque
2411 3921 2477 3970 ad
2517 3918 2678 3971 Deum
2709 3920 2974 3983 habituro,
3014 3922 3111 3972 nisi
3142 3924 3548 3988 participatione
3611 3925 3726 3996 Spi-

2153 4012 2284 4064 ritus
2306 4013 2473 4064 sancti
2500 4013 2679 4079 [uisset
2706 4021 2946 4066 ornatus.
2997 4011 3182 4080 Itaque
3213 4027 3258 4067 et
3285 4017 3499 4084 quando
3549 4019 3729 4086 unige-

2152 4103 2294 4155 nitus
2349 4103 2517 4158 factus
2575 4111 2648 4155 est
2715 4103 2890 4167 homo,
2945 4103 3255 4166 desertam,
3303 4122 3366 4157 ac
3417 4108 3728 4160 destitutam

2153 4197 2370 4263 antiquo
2424 4196 2576 4258 bono,
2608 4205 2654 4246 et
2708 4197 2846 4265 quod
2879 4214 2910 4248 a
2949 4197 3207 4263 principio
3255 4211 3546 4266 acceperat,
3580 4202 3722 4253 inve-

2153 4287 2300 4338 niens
2333 4297 2580 4340 naturam
2607 4289 2858 4348 hominis,
2888 4306 3001 4341 eam
3024 4307 3204 4343 rursus
3229 4290 3279 4342 iu
3305 4291 3436 4341 illud
3463 4294 3730 4358 trausfon

2153 4394 2298 4431 mare
2322 4381 2544 4441 curavit,
2574 4381 2734 4432 veluti
2765 4397 2796 4432 a
2824 4381 2986 4448 fonte,
3028 4383 3241 4447 propria
3267 4383 3467 4435 scilicet
3504 4384 3733 4450 plenitu-

2153 4468 2272 4519 dine
2295 4467 2445 4520 illum
2476 4470 2790 4528 immittens,
2816 4487 2876 4521 ac
2907 4472 3082 4522 dicens
3115 4487 3131 4522 :
3170 4490 3188 4522 ι
3217 4473 3446 4538 Accipite
3477 4474 3731 4537 Spiritum

1334 4565 1554 4631 quidem
1621 4569 1686 4619 ad
1753 4569 2049 4635 discipulos
2082 4569 2126 4622 ῐ)
2158 4570 2420 4624 sanctum,
2458 4580 2475 4610 ι
2512 4561 2833 4613 evidentiore
2860 4563 3212 4628 inminutione
3243 4579 3333 4630 per
3354 4581 3564 4618 carnem
3615 4565 3735 4633 Spi—

2161 4653 2289 4703 ritus
2322 4664 2563 4703 natttrum
2586 4653 2776 4718 optime
2823 4654 3063 4722 signans.

2230 4743 2432 4797 Praeter
2465 4744 2566 4796 ista
2601 4759 2746 4807 vero,
2781 4761 2901 4812 qua:
2926 4763 2951 4796 ιι
2987 4747 3188 4800 sanctis
3217 4748 3347 4802 viris
3387 4751 3529 4804 dicta
3587 4763 3733 4815 sunt,

2158 4836 2351 4904 quibus
2411 4846 2594 4903 aperte
2658 4837 2950 4900 indicatur,
3014 4839 3276 4907 Spiritum
3342 4855 3590 4898 sanctum
3643 4863 3738 4916 per

2161 4928 2580 4981 insuﬂlationetn
2667 4929 2950 4997 discipulis
3035 4915 3758 5006 datum:qttanqunid’cm.

2160 5022 2499 5088 hicmagnus
2558 5021 2784 5075 Basilius
2844 5021 3104 5091 Spiritum
3162 5024 3342 5081 Verbo
3387 5031 3737 5099 conjnnotunt

2156 5116 2220 5167 ad
2250 5117 2569 5179 creandum,
2602 5131 2761 5184 quem
2789 5127 2844 5171 et
2881 5118 3054 5169 vivam
3113 5121 3391 5184 virtutem,
3418 5133 3471 5176 ct
3501 5125 3737 5179 divinam

2154 5207 2291 5263 dixit
2329 5218 2578 5261 naturam
2609 5223 2635 5260 a
2663 5207 2884 5262 Christo
2914 5227 3010 5280 per
3057 5213 3477 5280 insumationem
3533 5219 3740 5271 homini

2152 5299 2322 5355 fuisse
2348 5300 2685 5362 restitutam;
2728 5315 2892 5369 quam
2921 5303 3084 5354 etiam
3105 5279 3441 5370 'corporeant
3497 5308 3739 5375 appella-

2151 5394 2225 5444 vit
2268 5390 2497 5443 formam
2555 5390 2622 5444 ab
2699 5392 2816 5458 ipso
2862 5392 3328 5461 demonstratam;
3394 5401 3741 5454 nianifesttun

2149 5499 2281 5538 sane
2312 5493 2415 5544 est,
2452 5485 2593 5541 quod
2645 5484 2866 5553 quando
2910 5485 3188 5540 insnmans
3246 5489 3386 5542 dixit
3436 5510 3448 5544 :
3517 5492 3745 5558 Accipite

2144 5576 2406 5643 Spiritum
2437 5587 2697 5636 sanctum,
2734 5592 2829 5645 per
2859 5578 2962 5631 hoc
3030 5579 3230 5646 ipsum,
3295 5583 3387 5647 qui
3442 5599 3505 5637 ex
3575 5584 3743 5638 l’atre

2141 5670 2481 5740 procederet,
2541 5669 2802 5731 Spiritum
2875 5669 3189 5724 insinuznit.
3281 5671 3395 5728 Hoc
3449 5676 3590 5728 enim
3664 5685 3748 5729 est

2288 5792 2328 5823 ⁸¹
2359 5789 2513 5846 Joan.
2552 5805 2661 5853 svi,
2707 5791 2790 5844 H.

2896 5791 2940 5822 ⁸³
2973 5791 3128 5848 .loan.
3161 5812 3288 5860 xvtt,
3328 5797 3408 5850 l0.
3519 5796 3744 5852 “Joan.
