4462 6440
766 408 870 466 119

2026 410 2425 470 MANUELIS
2461 413 2765 475 CALECIE

3898 415 4003 480 120

770 518 944 574 Verbo
978 524 1325 589 conjuncta"-
1354 526 1520 578 lutsse
1551 534 1617 578 ad
1670 527 1988 587 creandum,
2022 526 2194 578 vivant
2225 541 2332 578 vnr-
2371 538 2412 581 tt
2442 544 2598 594 quam
2636 539 2910 591 senserint,
2944 541 2990 583 et
3026 544 3184 598 usque
3212 529 3263 582 in
3305 529 3458 597 ﬁnem
3514 528 3566 581 in
3624 546 3685 581 ea
3746 529 4008 599 impietate

768 622 936 665 tutcm
968 616 1203 665 divinam
1239 622 1508 669 naturain.
1574 615 1908 668 Paraclctum
1933 617 2163 670 scilicet.

838 727 991 782 Quod
1029 734 1207 778 autem
1268 734 1518 790 (erutam,
1567 727 1718 779 aiunt
1779 727 2029 791 Basilius,
2079 728 2341 797 Cyrillus-

764 833 889 870 nnc.
918 817 1375 869 adumbrationem
1425 832 1515 882 per
1560 833 1770 870 carnem
1816 817 2071 882 Spiritus-
2107 829 2342 883 natura',

768 914 862 960 huc
901 907 1235 973 Augustinus
1268 910 1603 977 curpnralcm
1638 908 2341 979 insullIatiouem'appella-

768 999 857 1049 rit.
894 996 956 1049 Et
985 997 1332 1065 quia'l‘ortns.
1367 1008 1419 1052 et
1449 999 1796 1054 adumbratio
1846 1002 2082 1067 Spiritus
2136 1015 2340 1055 natura:

775 1102 882 1153 est,
921 1089 1342 1143 ittsuﬂlationem
1374 1090 1517 1141 illam
1548 1106 1651 1141 non
1698 1106 1818 1143 esse
1874 1091 2112 1158 Spiritus
2170 1097 2340 1148 sancti

771 1179 1129 1234 substantiam
1166 1181 1323 1240 dixit,
1362 1182 1454 1234 sed
1484 1182 1872 1235 documentum
1922 1199 2017 1251 per
2072 1186 2342 1253 propriam

769 1278 819 1324 et
874 1287 1169 1339 congruam
1225 1272 1697 1338 signiﬁcationem,
1750 1274 1891 1341 quod
1981 1274 2067 1328 hic
2109 1276 2344 1344 Spiritus

767 1375 985 1417 sanctus
1010 1364 1170 1415 etiam
1196 1379 1256 1415 es
1291 1362 1425 1415 Filio
1452 1362 1789 1431 procederet.
1846 1366 1914 1418 Et
1967 1368 2160 1419 merito
2190 1381 2341 1430 sano,

769 1472 1023 1521 quantum
1051 1473 1197 1507 u-mm
1228 1457 1359 1508 nihil
1403 1470 1591 1509 eorum
1624 1474 1745 1526 qua!
1778 1474 1804 1508 a
1849 1458 2075 1512 Domino
2121 1460 2342 1517 ﬁebant.

769 1546 1050 1596 fortuitum
1083 1554 1230 1601 erat;
1264 1553 1317 1597 et
1347 1560 1469 1612 qua:
1503 1544 1554 1598 in
1581 1546 1749 1615 ﬁgura
1776 1556 2108 1614 peraguntur
2129 1550 2347 1602 relatio-

772 1651 890 1686 nem
910 1633 1140 1697 aliquam
1161 1634 1223 1683 ad
1249 1647 1307 1686 ea
1328 1649 1446 1699 qua:
1466 1636 1790 1698 signiﬁcant,
1808 1636 2001 1689 habent
2020 1655 2032 1689 :
2050 1638 2191 1691 sicut
2213 1638 2347 1707 bap-

771 1736 949 1780 itsma,
985 1724 1131 1791 quod
1164 1740 1258 1791 per
1291 1741 1482 1792 aquam
1514 1726 1694 1786 datur,
1733 1727 2081 1782 invisibiliter
2113 1744 2343 1797 operan-

776 1829 875 1866 tem
910 1814 1349 1867 emundattonetn
1389 1816 1587 1869 indicat
1623 1864 1630 1875 ,
1667 1819 1925 1870 emundat
1951 1818 2148 1886 quippe
2170 1833 2333 1885 aqua,
2372 1845 2414 1899 Β

770 1918 823 1957 et
850 1908 1003 1958 diluit
1029 1921 1313 1998 corpprum
1342 1908 1529 1959 sordes
1555 1949 1564 1962 .
1606 1909 2035 1976 mysteriumque
2066 1909 2334 1963 Dominici

771 2014 1018 2066 corporis
1055 2000 1105 2049 iu
1129 2002 1310 2067 Specie
1343 2014 1490 2065 pane
1552 2009 1601 2050 ει
1643 2000 1750 2051 vini
1800 2000 2085 2064 traditum,
2149 2000 2339 2070 my’sti-

770 2104 890 2139 cum
921 2090 1112 2143 anima:
1148 2091 1319 2158 signa!
1359 2094 1674 2142 alimentum
1703 2107 1716 2154 ;
1773 2101 1827 2143 et
1855 2094 1996 2158 quod
2023 2091 2077 2143 in
2138 2091 2364 2161 linguis'

775 2179 947 2244 -gm-is
974 2179 1211 2246 Spiritus
1244 2189 1459 2231 satiatus
1504 2178 1756 2246 delapsus
1774 2188 1878 2242 est,
1912 2179 2173 2233 rationem
2216 2197 2339 2248 pro-

774 2274 913 2322 iecto
949 2270 1106 2326 halu-t
1138 2275 1202 2322 ad
1234 2286 1294 2323 ea
1333 2289 1448 2339 qm:-
1500 2280 1627 2323 tunc
1688 2279 1815 2324 sunt
1866 2281 2011 2338 gesta
2080 2272 2336 2325 divinitus

772 2365 939 2427 signa.
987 2362 1121 2425 Ignis
1163 2378 1357 2428 quippe
1403 2362 1656 2415 Deitatem
1699 2363 1897 2430 signat,
1956 2364 2169 2432 lingute,
2229 2380 2339 2415 ma-

771 2455 976 2518 gisterii
1009 2454 1408 2519 proprii-tatem.
1446 2455 1520 2507 Ita
1586 2454 1832 2537 “scilicet,
1900 2454 2002 2532 illa.
2049 2454 2336 2509 insulilatio

774 2543 975 2609 aliquid
1011 2542 1375 2607 signiﬁcabat.
1433 2539 1560 2591 Erat
1593 2542 1737 2594 enim
1783 2550 2159 2609 argumentum
2201 2542 2343 2621 divi-1

775 2650 853 2687 nte
882 2635 1196 2688 suhSIautim
1238 2632 1518 2700 Spiritus;
1578 2634 1777 2701 quippe
1822 2634 1950 2685 nihil
2014 2649 2336 2702 corporeum

773 2729 841 2779 ita
880 2727 1119 2779 divinum
1150 2726 1354 2777 indicat
1420 2725 1707 2792 Spiritum,
1756 2726 1897 2778 sicut
1944 2724 2101 2778 ﬂatus
2145 2726 2336 2778 huma-

776 2837 877 2873 nus
907 2818 919 2877 ἑ
947 2821 1082 2873 εἰωι
1116 2819 1258 2870 enim
1296 2819 1382 2871 illa
1431 2817 1717 2872 insulllatio
1758 2833 1856 2886 per
1882 2833 1943 2872 os
1988 2833 2051 2871 cx
2113 2820 2336 2882 intimis,

774 2912 1159 2980 corporeisque
1186 2909 1485 2961 visveribus
1511 2911 1711 2974 prodit.
1746 2909 1818 2959 ita
1850 2920 1901 2961 et
1934 2910 2048 2976 ipse
2102 2908 2338 2976 Spiritus

772 3011 993 3054 sanctus
1026 3000 1182 3066 cujus
1210 2996 1381 3051 forma
1416 2997 1710 3064 corporalis
1743 2998 1967 3065 Spiritus
2008 3007 2111 3062 est,
2152 3009 2205 3052 et
2268 3014 2334 3053 ex

768 3093 929 3147 Patre
952 3108 1047 3162 per
1079 3091 1272 3145 Filium
1304 3091 1661 3143 substantiam
1693 3091 1876 3147 habet.
1905 3090 2107 3144 Natura
2136 3094 2337 3160 quippe

2444 614 2767 680 duraret-litt,
2802 621 3083 671 anathema
3111 619 3200 671 sit.

2519 707 2595 759 Ex
2631 706 2738 768 his,
2770 706 3309 785 simul,ostenditur,
3376 721 3483 759 non
3546 705 3728 774 plures
3780 705 4013 771 Spiritus

2445 807 2664 884 sapctos
2696 806 2948 864 oportere
2978 797 3222 850 conﬁteri
3256 798 3307 848 in
3362 795 3491 857 Deo,
3540 805 3596 848 ut
3630 797 3847 861 quidam
3910 797 4008 849 lin-

2444 899 2575 957 gunt
2601 906 2616 953 ;
2646 904 2771 943 cum
2806 887 3093 958 Apostolus
3128 888 3345 955 quidem
3395 888 3617 949 dixerit,
3654 887 3798 944 Unus
3843 887 4014 955 Spiri-

2445 992 2528 1035 tus
2562 991 2794 1045 sanctus,
2825 982 2875 1033 in
2913 997 3012 1049 quo
3046 980 3347 1043 omnia“;
3395 994 3733 1043 magnusque
3782 980 4015 1031 Basilius

2446 1075 2510 1127 ad
2586 1074 3046 1141 Amphilochium,
3126 1071 3270 1125 Unus
3356 1072 3489 1125 Deus
3539 1082 3586 1125 et
3635 1070 3816 1136 Pater,
3880 1087 4014 1123 unus

2445 1167 2740 1235 unigenitus
2772 1163 2971 1227 Filius.
3000 1175 3047 1217 et
3072 1181 3228 1225 unus.
3264 1164 3497 1231 Spiritus
3542 1175 3787 1228 sanctus,
3819 1173 3866 1216 et
3906 1165 4015 1230 ipse

2444 1252 2787 1326 sihgulariter
2820 1259 3144 1322 enuntiatus,
3184 1266 3230 1309 et
3266 1274 3357 1322 per
3401 1274 3562 1309 unum
3619 1242 3818 1308 Filium
3861 1255 4017 1307 Patri

2445 1347 2776 1416 conjunctus,
2832 1358 2881 1399 et
2965 1363 3055 1414 per
3091 1348 3300 1414 iipsam
3374 1348 3594 1415 implens
3667 1344 4016 1399 venerandam

2446 1455 2507 1490 ac
2533 1439 2888 1490 beatissimam
2940 1436 3275 1491 Trinitatem.
3312 1438 3374 1490 Et
3408 1452 3598 1490 rursus
3629 1454 3642 1490 :
3680 1433 3796 1499 Via,
3827 1436 4017 1488 divina:

2446 1526 2758 1595 cognitionis
2795 1527 2859 1576 ab
2895 1541 2998 1576 uno
3055 1525 3285 1591 Spiritu,
3350 1539 3440 1591 per
3491 1529 3647 1574 unum
3700 1522 3904 1574 Filium
3949 1524 4017 1574 ad

2446 1634 2607 1669 unum
2641 1612 2855 1667 Patrem
2878 1624 2973 1667 est.
3018 1614 3279 1681 Gregorio
3306 1614 3429 1665 item
3460 1612 3733 1679 Theologo
3791 1612 3842 1664 in
3879 1610 4015 1664 libro

2445 1700 2514 1752 ad
2542 1698 2799 1751 Heronem
2842 1697 3207 1765 philosophum
3252 1695 3497 1749 dicente:
3554 1695 3789 1761 Deﬁnias
3840 1703 4014 1745 autem

2445 1798 2493 1842 et
2524 1798 2757 1841 nostram
2791 1789 3114 1858 religionem,
3164 1787 3355 1839 docens
3399 1800 3561 1837 unum
3616 1786 3824 1854 quidem
3865 1800 4016 1837 nosse

2444 1877 2606 1929 Dettm
2646 1878 2934 1945 ingenitum
3012 1876 3272 1948 Patrem;
3310 1891 3472 1928 unum
3544 1886 3720 1928 autent
3778 1876 4013 1943 genitum

2442 1968 2667 2033 Filium,
2700 1984 2858 2021 unum
2896 1984 3011 2021 vero
3040 1969 3295 2034 Spiritum
3338 1969 3699 2035 procedentem
3736 1984 3798 2020 ex
3829 1966 4013 2025 Patre,

2438 2061 2545 2113 sive
2572 2061 2934 2128 prodeuntem.
2998 2059 3233 2114 Pratl'ato
3284 2062 3412 2114 item
3504 2063 3660 2115 beato
3718 2059 4016 2113 Athanasio

2441 2152 2494 2204 in
2527 2150 2749 2219 praelato
2776 2151 2914 2203 libro
2951 2153 3021 2204 ita
3075 2152 3343 2206 docente:
3408 2152 3664 2219 Spiritum
3713 2168 3831 2204 rero
3894 2168 4017 2205 san-

2438 2253 2577 2293 ctum
2608 2242 2682 2293 sic
2713 2242 2838 2303 dici,
2867 2258 2969 2295 non
3021 2246 3244 2297 alterum
3302 2244 3550 2303 inuenies,
3590 2242 3818 2311 Spiritus
3877 2244 4015 2295 enim

2440 2341 2495 2382 ut
2524 2330 2657 2391 dixi,
2696 2330 2838 2384 Deus
2867 2332 3084 2395 dicitur,
3145 2344 3190 2385 et
3234 2342 3448 2386 sanctus
3504 2333 3659 2386 Deus.
3694 2333 3859 2385 Ambo
3897 2350 4015 2385 vero

2440 2424 2655 2474 nomina
2678 2426 2968 2491 composita
3002 2426 3067 2488 ei,
3098 2427 3186 2494 qni
3208 2428 3415 2493 proprie
3451 2427 3751 2493 appellatur
3785 2425 4015 2491 Spiritus

2440 2504 2989 2579 sanctus.congrunnt
3020 2528 3037 2564 :
3071 2514 3208 2565 sicut
3247 2512 3426 2565 Patris
3482 2494 3763 2581 appellatio
3819 2526 4016 2570 canstc,

2439 2601 2673 2674 Filiique
2724 2608 2804 2658 illi
2834 2608 2923 2675 qui
2954 2608 3066 2659 sine
3089 2607 3195 2659 ulla
3222 2608 3391 2660 medio
3438 2624 3501 2661 ea:
3524 2624 3682 2661 causa
3708 2615 3804 2659 est.

2512 2698 2690 2764 Itaque
2721 2698 2846 2751 licet
2902 2699 3119 2767 quidem
3186 2699 3367 2766 plures
3426 2700 3704 2751 nominare
3757 2697 4013 2764 spiritus;

2440 2789 2604 2842 alium
2663 2790 2881 2858 quidem
2948 2791 3201 2860 spiritum
3266 2793 3593 2859 adoptionis,
3648 2791 3810 2842 alium
3890 2804 4018 2842 vero

2438 2879 2685 2955 spiritum
2728 2880 3056 2943 dilectionis,
3091 2882 3368 2948 sapientite
3417 2883 3605 2944 alium,
3668 2882 3831 2933 alium
3870 2880 4015 2943 (Hei,

2438 2972 2599 3023 alium
2643 2972 2852 3025 timoris
2891 2971 3003 3034 Dei,
3063 2973 3223 3025 alium
3280 2973 3512 3035 consilii,
3542 2981 3594 3024 et
3657 2972 4017 3032 fortitudinis,

2439 3073 2489 3116 et
2527 3064 2825 3131 patientiae,
2860 3066 2913 3115 Et
2974 3065 3357 3129 continentiaz;
3417 3065 3613 3132 quippe
3670 3063 4019 3131 Operationes

772 3153 967 3237 divina.
992 3185 1171 3237 dictus
1200 3181 1597 3237 estincﬂabilis
1643 3197 1707 3235 ex
1776 3182 2032 3235 ineﬂ‘abili
2085 3153 2180 3237 ore
2236 3153 2411 3237 itia-C
2448 3154 2534 3220 δνί

2256 3153 2411 3235 ,ζὼς
2448 3154 2699 3220 Spiritus,
2737 3155 2905 3207 Isaias
2961 3153 3192 3222 Spiritus
3250 3170 3441 3208 vocare
3502 3157 4018 3237 consuevit,sccun-

777 3292 931 3329 nans.
999 3275 1216 3327 Manare
1250 3284 1456 3336 autem,
1490 3283 1546 3326 ut
1596 3289 1755 3341 supra
1818 3284 2180 3327 monstratum
2236 3286 2340 3340 est,

776 3364 825 3413 in
860 3363 1163 3415 substantia
1194 3361 1433 3430 Spiritus
1478 3371 1705 3414 sanctus
1752 3362 1980 3430 accepit.

844 3490 1075 3554 Sanctus
1112 3513 1328 3569 quoque
1363 3499 1598 3570 Cyrillus
1654 3501 1727 3554 ait
1754 3501 1924 3554 :Sicut
1953 3510 1999 3554 et
2070 3497 2348 3572 unusquis-

773 3608 868 3658 gtte
903 3602 1142 3644 nostrum
1173 3592 1439 3657 spiritum,
1498 3592 1586 3643 aui
1639 3593 1691 3643 in
1745 3594 1912 3654 seipso
1945 3604 2042 3655 est,
2092 3595 2342 3655 continet,

775 3695 928 3746 atque
956 3698 1020 3734 ea:
1058 3684 1256 3733 intintis
1288 3682 1564 3734 visceribus
1597 3683 1664 3733 ad
1707 3687 1969 3736 exteriora
2030 3685 2342 3752 prolundit:

774 3777 970 3827 αλδινε-0
1036 3776 1253 3842 denique
1314 3785 1359 3826 et
1434 3777 1777 3840 corporaliter
1826 3776 1973 3826 illum
2022 3776 2345 3846 insttﬂluvit:

774 3870 1071 3927 ostendens,
1097 3868 1220 3934 quia
1250 3869 1384 3918 sicut
1420 3868 1679 3919 humanus
1734 3869 1945 3933 spiritus
2012 3855 2075 3920 ea:
2114 3869 2344 3920 humano

772 3975 862 4009 ore
890 3958 1140 4021 procedit,
1176 3959 1250 4008 ita
1278 3966 1333 4010 et
1392 3972 1457 4009 ea?
1505 3957 1681 4009 ditina
1713 3959 2102 4025 essentia,quod
2133 3974 2196 4010 ea:
2231 3962 2343 4025 ipsa

778 4059 875 4109 est,
907 4050 1077 4101 divine
1103 4052 1457 4115 pro/unditttr.
1492 4049 1732 4101 0:vinatn
1758 4052 2073 4117 essentiam,
2104 4050 2341 4116 Patrem,

775 4149 828 4191 et
886 4138 1076 4191 Filium
1106 4142 1362 4203 nominat,
1400 4156 1627 4207 quorum
1660 4140 1820 4209 paulo
1858 4140 2106 4209 Superius
2144 4158 2345 4196 memo-

780 4231 913 4283 riam
943 4231 1243 4285 districtius
1278 4231 1426 4287 fecit.
1466 4232 1539 4284 Ex
1582 4235 1781 4300 quibus
1812 4235 1977 4287 etiam
2010 4244 2227 4289 constat
2275 4251 2340 4289 ex

774 4322 934 4375 Patre
969 4331 1020 4375 et
1043 4321 1180 4375 Filio
1208 4322 1371 4375 veluti
1405 4338 1467 4374 ex
1505 4339 1634 4388 uno,
1676 4326 1971 4389 procedere
1995 4341 2057 4380 ac
2104 4328 2341 4394 prodire.

845 4431 997 4485 Patet
1031 4435 1231 4499 itaque,
1270 4434 1409 4500 quod
1466 4436 1554 4501 qui
1618 4450 1712 4504 per
1770 4436 2185 4491 inSulllationem
2248 4420 2339 4489 Τει-

2445 3245 2571 3297 dum
2607 3244 2916 3314 theologum
2970 3245 3315 3314 Gregorium.
3367 3244 3555 3314 omnia
3592 3248 3734 3299 enim
3804 3247 4015 3312 Operari

2446 3350 2631 3401 unum,
2679 3313 3034 3404 eumtlentqde
3090 3313 3350 3405 Spiritum
3403 3313 3694 3405 Apostolus
3749 3338 3843 3399 ait,
3899 3351 4020 3405 quae

2444 3428 2606 3481 etiam
2635 3430 2981 3497 operationes
3015 3441 3188 3492 vocat,
3233 3431 3457 3484 dicens:
3490 3430 3556 3482 Et
3580 3431 3857 3483 divisiones
3892 3446 4018 3495 ape-

2445 3522 2713 3573 rationnm
2753 3531 2892 3583 sunt,
2926 3522 3062 3574 idem
3095 3529 3267 3573 autent
3303 3521 3464 3587 Deus,
3514 3522 3600 3591 qui
3634 3532 3881 3586 operatur
3910 3539 4021 3573 ont-

2446 3617 2534 3665 nia
2569 3616 2619 3665 in
2670 3613 2816 3664 nobis
2863 3614 2930 3667 "'.
3476 3676 3489 3683 α

2515 3704 2678 3756 Divus
2709 3720 2925 3773 quoque
2952 3706 3370 3776 Clu-ysostomus
3409 3708 3458 3760 in
3491 3722 3740 3760 sermone
3778 3719 3843 3759 de
3894 3723 4021 3760 san-

2446 3806 2533 3850 cto
2562 3796 2789 3862 Spiritu,
2826 3797 2980 3865 cujus
3016 3800 3225 3851 initium
3252 3811 3367 3851 est:
3395 3800 3525 3853 Πενὶ
3558 3800 3788 3867 quidem,
3816 3816 3843 3850 o
3872 3816 4021 3850 ama-

2449 3898 2584 3940 tores
2617 3888 2835 3951 Christi,
2865 3890 3119 3941 adcentus
3152 3892 3320 3942 sancti
3372 3906 3433 3941 ac
3456 3891 3735 3943 venerandi
3790 3888 4018 3954 Spiritus

2448 3998 2478 4032 a
2522 3981 2667 4033 nobis
2702 3981 3022 4033 laudabatur
3069 3994 3085 4033 :
3121 3980 3278 4045 Quia,
3339 3962 3532 4050 iitquit,
3574 3983 3710 4048 quod
3760 3983 4018 4042 donatur,

2449 4073 2680 4139 Spiritus
2734 4058 2947 4125 sanctus
3000 4086 3095 4125 est.
3174 4070 3399 4125 Vocatur
3447 4084 3493 4125 et
3555 4075 3745 4123 donum
3794 4071 4022 4136 Spiritus

2447 4176 2661 4217 sanctus
2709 4182 2738 4217 a
2789 4166 3043 4217 donatore
3098 4181 3282 4216 nomen
3348 4166 3583 4225 habens;
3638 4165 3844 4232 quando
3907 4180 4023 4215 vero

2448 4257 2677 4325 Spiritus
2709 4256 2926 4319 dicitttr,
2960 4274 3060 4309 non
3093 4258 3258 4310 alium
3291 4258 3579 4322 intelligere
3628 4256 3710 4321 fas
3738 4266 3834 4314 est,
3863 4271 4021 4323 quant

2446 4365 2565 4401 eum
2595 4350 2684 4415 qui
2706 4363 2767 4400 ea:
2802 4347 2962 4400 Patre
3006 4348 3236 4415 proprie,
3290 4347 3711 4398 subslanlialiter
3769 4348 4021 4411 procedit.

2450 4435 2600 4491 Sicut
2635 4436 2769 4487 enim
2791 4433 2932 4497 Ftlii,
2965 4444 3011 4486 et
3062 4432 3237 4487 Patris
3285 4451 3467 4485 nomen
3512 4436 3823 4485 substantiis
3900 4450 4022 4484 con—

695 4534 701 4540 '
777 4534 935 4586 ctam,
972 4538 1075 4576 non
1113 4538 1232 4577 esst:
1263 4526 1442 4577 datum
1477 4526 1736 4592 apostolis
1772 4525 2033 4595 Spiritum
2095 4538 2341 4581 sanctum
2377 4501 2421 4554 θ
2450 4526 2610 4593 gruit,
2641 4527 2715 4577 ita
2749 4524 2800 4576 et
2826 4524 3059 4590 Spiritus
3104 4526 3277 4577 sancti
3322 4525 3604 4591 appellatio
3656 4526 3745 4575 nni
3788 4542 4025 4590 persona:

775 4627 836 4662 ex
873 4611 1029 4665 Patre
1062 4613 1463 4681 procedentem.
1527 4617 1621 4667 sed
1685 4615 1881 4667 donum
1954 4617 2169 4683 aliquod
2228 4616 2343 4669 sine

776 4702 1080 4755 substantia
1113 4704 1317 4767 dicunt,
1348 4719 1375 4756 a
1410 4715 1716 4757 sanetorum
1773 4704 1990 4758 Patrum
2028 4706 2346 4787 intelligen-

778 4796 846 4850 tia
919 4794 1245 4877 discreppnt,
1326 4806 1488 4864 atque
1577 4799 1904 4850 anathomati
1963 4798 2342 4867 subjiciuntur.

779 4888 978 4942 Sancta
1018 4878 1161 4940 enim
1199 4888 1522 4943 universalis
1554 4891 1741 4956 quinta
1796 4892 2033 4960 synodus
2088 4894 2140 4945 in
2209 4907 2344 4958 quo—

778 4980 899 5031 dant
928 4980 1165 5048 capitulo
1198 4983 1265 5032 ita
1301 4983 1482 5047 posuit
1514 4999 1526 5035 :
1570 4983 1628 5035 Si
1698 4985 1817 5051 quis
1853 4982 2122 5039 Theodoro
2195 4984 2345 5051 Mop-

775 5074 987 5126 suetﬁia:
1033 5076 1272 5141 episcopo
1325 5075 1461 5141 favet
1516 5076 1733 5140 dicenti,
1788 5076 1954 5128 alium
2016 5093 2125 5130 esse
2185 5078 2344 5129 Deum

782 5166 1017 5221 Verbum.
1048 5173 1095 5214 et
1120 5164 1283 5214 alium
1317 5162 1609 5226 Christum,
1661 5178 1812 5233 atque
1845 5184 1959 5218 cum
1999 5169 2200 5219 ca'teris
2268 5171 2349 5219 in-

778 5260 1004 5309 numeris
1037 5257 1369 5317 lilaspheiuiis
1400 5257 1506 5308 suis
1536 5258 1702 5309 dicere
1734 5259 2030 5323 audentem,
2058 5262 2182 5328 quia
2228 5272 2343 5327 post

778 5348 1208 5401 resurrectionem
1276 5348 1543 5417 insuﬂlnns
1589 5349 1639 5399 in
1698 5351 2004 5417 discipulos,
2064 5351 2341 5413 Dominus,

774 5442 875 5490 eta'
901 5453 1051 5491 cens:
1090 5459 1106 5488 ι
1144 5440 1373 5504 Accipite
1406 5440 1659 5507 Spiritum
1684 5451 1952 5503 'sanclntn,
1996 5461 2011 5491 ι
2049 5461 2149 5495 non
2204 5444 2345 5497 dedit

780 5534 851 5583 iis
900 5531 1155 5597 Spiritum
1199 5541 1460 5589 sanctum,
1519 5534 1607 5583 sed
1654 5535 1947 5600 ﬁguraliter
2003 5543 2207 5586 tantum
2264 5536 2345 5587 in-

780 5626 1033 5693 snﬂtavit;
1074 5624 1146 5675 itis
1182 5626 1365 5691 igitur,
1400 5629 1487 5691 qui
1529 5632 1730 5682 eadem,
1757 5636 1804 5678 ct
1866 5628 1946 5679 liis
1998 5627 2193 5679 similia
2253 5643 2349 5678 un—

870 5809 901 5827 "
929 5796 1129 5865 Ephes.
1174 5817 1239 5853 ιν.
1288 5806 1316 5854 6
1417 5806 1459 5836 ⁵⁵
1495 5806 1506 5855 i
1546 5802 1669 5855 Cur.
1708 5819 1800 5865 xu,
1828 5806 1876 5857 ti.

2453 4618 2733 4671 Trinitatis
2769 4618 3036 4683 competit.
3081 4616 3147 4669 Ut
3184 4616 3325 4669 enim
3377 4617 3576 4668 dictum
3600 4624 3703 4677 est,
3762 4614 4019 4683 Spiritus,

2449 4720 2501 4763 ct
2534 4718 2755 4762 sanctus
2783 4709 3099 4775 composita,
3130 4709 3202 4772 ei,
3230 4708 3321 4776 qui
3376 4710 3593 4777 proprie
3649 4720 3870 4761 vocatur
3898 4707 4020 4776 Spi-

2450 4800 2589 4855 ritus
2623 4809 2863 4865 sauctus,
2911 4799 3264 4853 conveniunt.

2524 4890 2824 4941 Atlestatur
2881 4895 2935 4940 et
2984 4886 3067 4939 his
3108 4902 3337 4954 magnus
3392 4886 3719 4939 Athanasius
3784 4886 3835 4937 in
3868 4885 4025 4955 Epis.

2449 4982 2553 5035 tola
2613 4982 2679 5033 ad
2738 4980 3083 5047 Serapionem
3117 5020 3132 5041 ,
3170 4979 3322 5048 cujus
3370 4978 3580 5031 initium
3639 4988 3755 5031 est:
3793 4976 4020 5030 Litteras

2451 5073 2623 5126 sancti
2672 5073 2865 5124 amoris
2916 5073 3035 5134 tui;
3082 5071 3213 5122 dicit
3279 5070 3461 5122 enim:
3518 5069 3718 5133 Dicite,
3756 5070 3921 5121 sicnlti
3967 5071 4019 5119 in

2450 5168 2738 5236 Scripturis
2778 5168 2991 5235 legistis,
3033 5165 3287 5230 Spiritum
3317 5178 3553 5218 sanctum
3589 5164 3895 5223 simpliciter
3917 5162 4021 5213 dici

2450 5262 2703 5328 Spiritum
2756 5261 2865 5311 sine
2919 5260 3215 5327 adjectione
3260 5259 3336 5310 rel
3383 5259 3496 5317 Dei,
3563 5257 3640 5309 rel
3699 5254 3898 5313 Patris.
3946 5255 4021 5306 rel

2448 5369 2645 5415 meum,
2680 5354 2756 5405 rel
2811 5352 2973 5419 ipsius
3006 5350 3202 5404 Christi
3232 5358 3279 5401 et
3328 5349 3445 5401 Filii
3491 5349 3564 5401 rel
3619 5363 3647 5399 a
3704 5361 3788 5399 me
3825 5384 3837 5408 ,
3883 5346 4020 5414 quod

2447 5454 2519 5496 est
2554 5429 2583 5494 a
2641 5444 2767 5504 Deo,
2799 5444 2873 5493 rel
2906 5442 3015 5491 sine
3049 5440 3272 5491 articulo
3302 5438 3494 5491 GTI'CQ’
3541 5436 3818 5489 locutionis
3859 5450 4018 5485 more:

2450 5552 2511 5588 ne
2539 5534 2844 5599 simpliciter
2882 5532 3228 5617 ~intelligatur
3259 5532 3507 5597 Spiritus.
3564 5530 3699 5582 Nam
3734 5531 3777 5581 si
3813 5530 4021 5579 dicatur

2450 5626 2686 5694 πνεῦμα,
2731 5626 2841 5679 sine
2872 5625 3190 5679 vra'cedente.
3220 5623 3459 5686 articulo,
3489 5622 3551 5675 de
3578 5621 3798 5689 quolibet
3831 5620 4021 5689 spiritu
