4462 6440
478 414 575 476 121

1569 406 1967 467 ιυνΕΒδυ.ς
2011 404 2325 461 (ἶῐὶίΕίῖιἿκ
2377 409 2495 464 [ιιι
2555 410 2566 455 τ

3646 411 3715 471 ’2?

473 522 698 590 intelligi
727 529 912 587 potest.
935 519 1032 574 Sin
1065 533 1181 570 vero
1200 527 1493 585 apponatur
1519 516 1799 579 articulus,
1834 528 1885 567 ut
1912 514 2054 565 dica-
2082 512 2131 566 Λ
2162 516 2435 570 relaxandi
2494 529 2617 570 tunc
2654 528 2979 586 acceperunt
3014 534 3105 585 per
3139 518 3426 591 Spiritum.
3448 532 3718 578 sanctum.

475 622 558 665 tur
586 613 646 665 τὸ
669 612 892 679 Πνεῦμα
921 610 981 662 τὸ
1008 610 1183 677 ἅγιον,
1211 608 1470 676 signiﬁcat
1500 606 1755 670 Spiritum
1777 615 2041 667 sanctum,

472 704 549 756 vel
599 702 958 765 Paracletum,
1002 703 1075 753 vel
1102 699 1342 752 veritatis
1377 697 1653 763 Spiritum.
1693 697 1746 747 id
1776 706 1868 753 est,
1898 693 2047 755 Filii,

471 795 583 859 ipsa
601 794 861 844 dicentem
893 791 1002 859 Ego
1022 808 1136 843 sum
1162 790 1365 843 Veritas
1383 791 1428 821 ⁸⁸
1445 829 1458 852 ,
1476 808 1492 838 ι
1515 806 1574 840 ne
1596 789 1859 839 audientes
1883 784 2050 848 Spiri-

477 892 586 933 tum
642 884 951 948 simpliciter
1001 883 1126 943 dici,
1162 883 1240 934 vel
1290 882 1402 934 sine
1440 880 1757 943 pra'cedente
1802 876 2047 937 articulo,

475 974 552 1026 vel
583 972 1011 1040 sine‘adjectione
1032 975 1387 1039 subsequente.
1412 971 1667 1037 Spiritum
1686 981 1921 1024 sanctum
1947 970 2050 1021 dici

477 1067 829 1119 arbitremini.
864 1066 1048 1133 Itaque
1078 1082 1197 1117 cum
1240 1065 1564 1116 audierimus
1604 1061 1864 1126 Spiritum
1893 1076 2047 1112 sanc-

479 1166 612 1216 tum,
645 1157 719 1207 vel
746 1171 863 1206 cum
898 1155 1121 1205 articulo
1153 1154 1431 1218 Spiritum,
1464 1166 1563 1202 non
1590 1150 1653 1201 de
1678 1150 1902 1217 quolibet
1934 1148 2053 1214 Spi-

477 1251 581 1299 ritu
610 1249 996 1314 intetligemlum
1019 1247 1140 1299 :sed
1170 1245 1232 1296 de
1256 1246 1367 1305 illa.
1386 1244 1478 1312 qui
1502 1242 1737 1310 procedit
1774 1258 1835 1294 ea:
1866 1240 2048 1302 Patre,

478 1338 684 1406 Spiritu
742 1339 1002 1398 veritatis,
1040 1336 1115 1390 vel
1154 1335 1541 1412 quomodolibet
1587 1350 1703 1386 cum
1738 1331 1941 1401 ‘aliqua
1989 1349 2053 1386 ex

476 1429 744 1494 pra’dictis
788 1427 1173 1495 adjectionibus
1204 1428 1529 1495 proferatur.
1558 1422 1757 1492 Nempe
1813 1424 1976 1487 enim,
2000 1425 2051 1477 si

482 1520 740 1587 quoniam
780 1533 810 1571 a
861 1518 1062 1586 Spiritu
1112 1501 1569 1598 datur,spiritalé
1620 1514 1839 1578 donum,
1884 1511 2054 1579 Spiri-

488 1621 598 1663 tum
636 1620 886 1663 sanctum
934 1611 1201 1679 quispiam
1238 1609 1399 1661 dicat:
1444 1606 1565 1661 Filii
1598 1608 1784 1669 etiam,
1845 1620 1911 1658 ac
1949 1604 2048 1656 Pa-

484 1702 583 1754 tris
630 1701 792 1764 dona,
833 1698 953 1752 Filii
986 1714 1048 1753 ac
1112 1698 1301 1752 Patres
1362 1709 1541 1761 erunt,
1594 1706 1757 1763 atque
1809 1697 1877 1747 ita
1923 1693 2053 1773 nihil

482 1791 790 1858 prohibebit
838 1789 1157 1843 Trinitatem
1197 1789 1570 1856 multiplicare.
1622 1785 1756 1850 lino,
1819 1800 1940 1839 cum
1984 1788 2053 1838 sit

482 1895 771 1935 commune
831 1880 1053 1940 donum,
1107 1886 1161 1932 et
1196 1866 1501 1932 communia
1548 1890 1794 1936 munera,
1855 1890 2044 1929 norum
2087 1857 2126 1911 Β

482 1984 699 2037 quoque
753 1970 882 2022 nihil
946 1968 1275 2038 prohibebit,
1329 1978 1382 2022 et
1450 1969 1663 2022 Patrem
1720 1976 1773 2019 et
1824 1964 2043 2030 Filium,

483 2074 538 2115 et
568 2062 826 2130 Spiritum
881 2070 1129 2116 sanctum
1181 2060 1473 2131 appellare.
1508 2059 1614 2113 Sed
1642 2060 1772 2139 lista
1831 2058 2052 2124 nimium

486 2156 722 2210 absurda
758 2165 910 2209 sunt.
2056 2148 2066 2175 ’

556 2246 820 2311 Quoaiatn
853 2247 1010 2315 igitur
1031 2288 1043 2305 .
1066 2247 1292 2312 Accipite
1312 2244 1561 2323 Spiritum
1592 2255 1830 2300 sanctum
1853 2243 2059 2299 ".ditit

496 2338 771 2403 Sahator,
803 2340 943 2406 quod
972 2339 1141 2392 solum
1179 2338 1513 2391 Paracletum
1549 2336 2061 2405 signiticat,uequa-

490 2444 651 2498 quam
702 2427 1116 2499 Cbrysostomus
1149 2429 1220 2480 illi
1262 2429 1603 2490 contradicit,
1656 2443 1760 2481 non
1800 2426 2059 2494 Spiritum

490 2529 896 2583 sanctum,tunc
943 2520 1124 2572 datum
1164 2519 1380 2573 dicens:
1416 2534 1485 2572 ex
1526 2534 1612 2582 eo,
1653 2523 1796 2588 quod
1855 2522 2058 2575 «mlesti

490 2613 771 2684 magistro,
820 2615 1133 2679 sanctisque
1192 2613 1506 2677 concordat,
1538 2614 1931 2683 Chnysostomo
1964 2617 2060 2668 lia-

490 2706 646 2758 betnr
686 2705 876 2758 honor.
932 2703 1082 2757 Hunc
1144 2696 1285 2756 eiiim
1328 2706 1660 2757 arbitrantur
1705 2706 1925 2772 quidam
1981 2706 2064 2759 di-

488 2797 664 2860 xisse,
700 2797 897 2849 donum
949 2795 1217 2864 quoddam
1262 2797 1380 2850 sine
1441 2790 1744 2851 suiistantia
1802 2799 2064 2864 apostolis

489 2890 696 2952 datum,
730 2889 851 2955 quia
894 2887 1019 2967 illud
1047 2887 1250 2942 dictum
1280 2903 1573 2954 exponens,
1599 2891 1725 2942 aitzt
1800 2866 2064 2943 Nonnulli

487 2978 697 3044 quidem
741 2970 961 3038 dicunt“!
1013 2977 1163 3030 illuni
1223 2993 1326 3030 non
1380 2976 1633 3044 Spiritum
1694 2982 1933 3043 dedisse,
1971 2981 2062 3033 sed

487 3070 697 3121 idoneos
740 3069 807 3121 ad
866 3067 1255 3136 percipiendum
1296 3050 1556 3135 Spiritum
1586 3071 1681 3123 illa
1714 3072 2066 3140 iusttﬂlatione

2150 607 2288 672 quod
2320 606 2408 658 Dei
2442 607 2607 659 solius
2656 621 2759 667 εει,
2799 617 2854 659 ιιι
2903 617 2956 659 et
3021 622 3243 674 magnus
3296 606 3523 661 Basilius
3569 608 3620 658 in
3672 626 3712 657 ιι

2150 709 2330 748 contra
2392 694 2633 750 Eunoni.
2669 698 2922 759 ostendit,
2957 699 3159 751 dicens:
3192 695 3249 750 Si
3301 698 3470 764 igitur
3509 709 3720 766 peccata

2150 789 2409 840 dimittere
2441 788 2632 840 nullius
2662 802 2758 853 est,
2788 790 2885 840 nisi
2924 789 3087 839 solius
3132 787 3263 851 Dei;
3297 789 3506 839 dimittit
3542 798 3713 839 autem

2134 890 2360 948 ,peccata
2400 898 2489 945 per
2547 882 2818 947 Apostolos
2874 880 3105 947 Spiritus
3154 888 3389 942 sanctus,
3432 879 3567 931 Deus
3598 896 3718 946 ergo

2152 980 2228 1021 est
2270 968 2499 1037 Spiritus
2533 982 2768 1023 sanctus.
2821 968 2988 1022 Simul
3021 982 3073 1023 et
3109 970 3237 1023 illud
3274 980 3506 1033 constat,
3553 971 3719 1036 quod,

2155 1062 2254 1113 nisi
2313 1062 2469 1113 datus
2516 1071 2658 1115 esst~t
2698 1070 2824 1113 tunc
2880 1060 3114 1128 Spiritus
3163 1071 3424 1122 sanctus,
3476 1062 3720 1128 Apostoli

2155 1161 2376 1220 peccata
2412 1152 2681 1205 dimlttere
2744 1168 2846 1205 non
2900 1161 3145 1221 possent:
3204 1153 3331 1219 quia
3389 1168 3516 1205 vero
3566 1152 3724 1204 dimi-

2155 1250 2365 1304 serunt,
2417 1243 2606 1309 liquet,
2638 1244 2760 1308 quia
2802 1243 3101 1295 dimittendi
3144 1254 3361 1311 peccata
3404 1250 3722 1308 potestatem

2157 1350 2260 1387 una
2324 1350 2446 1388 cum
2510 1334 2709 1403 Spiritu
2760 1346 2945 1390 sancto
2998 1348 3339 1404 acceperunt.
3398 1337 3510 1391 Non
3563 1339 3709 1390 enim

2158 1425 2297 1477 hanc
2333 1426 2615 1486 haberent,
2667 1425 2709 1478 si
2750 1426 2835 1477 ille
2886 1440 2990 1479 n0n
3039 1428 3272 1494 adesset.
3311 1425 3433 1478 Ideo
3467 1436 3516 1478 et
3547 1426 3724 1494 Clu-y-

2156 1526 2428 1574 sostomus
2475 1517 2669 1571 aiebat.
2700 1515 2883 1605 lxeque
2918 1486 3184 1585 pecc‘abit,
3210 1518 3294 1584 qui
3328 1516 3521 1571 dixerit
3552 1532 3644 1569 eos
3675 1526 3729 1569 et

2160 1617 2286 1662 tunc
2326 1610 2554 1677 gratiam
2607 1608 2881 1677 accepisse
2916 1608 3238 1675 spiritalem,
3269 1618 3325 1660 ut
3357 1622 3452 1671 per
3495 1609 3631 1660 hanc
3673 1609 3724 1659 in

2157 1702 2236 1755 eis
2267 1700 2502 1770 Spiritus
2534 1710 2756 1755 sanctus
2786 1700 3073 1762 habitaret,
3106 1714 3265 1767 quem
3302 1700 3568 1765 negabant
3598 1702 3730 1768 qui-

2158 1792 2277 1845 dam
2306 1792 2385 1845 eis
2416 1802 2522 1843 tum
2555 1806 2583 1844 a
2608 1790 2824 1845 Christo
2853 1793 3030 1844 datum
3070 1791 3255 1843 fuisse.

2228 1884 2366 1938 Idem
2416 1884 2649 1938 Sanctus
2691 1899 2853 1952 super
2879 1882 3374 1952 JoaunEvangelio
3409 1904 3422 1941 :
3466 1883 3575 1936 Cur
3628 1900 3726 1935 att-

2153 1986 2255 2030 tem
2283 2016 2299 2040 ,
2331 1977 2534 2045 inquit:
2573 1976 2810 2045 «Rogabo
2846 1942 3143 2028 Patreni"?
3167 1980 3195 2026 ΐ
3219 1977 3377 2040 Quia,
3404 1979 3445 2028 si
3482 1979 3727 2034 dixisset.

2159 2068 2303 2137 «Ego
2351 2070 2583 2131 mittam,
2618 2088 2633 2120 ι
2672 2084 2771 2121 non
2801 2068 3047 2120 similiter
3079 2066 3312 2135 profecto
3357 2068 3722 2121 Credidissettt.

2160 2160 2314 2213 Nunc
2353 2161 2489 2212 enim
2537 2160 2591 2211 id
2639 2162 2861 2211 maxime
2910 2158 3116 2227 agebat,
3158 2168 3215 2211 ut
3266 2159 3365 2210 sibi
3408 2160 3704 2211 crederetur

2161 2252 2319 2305 Illum
2350 2253 2510 2320 igitur
2565 2261 2687 2304 tunc
2737 2262 3048 2317 acceperunt
3101 2252 3365 2318 Apostoli,
3426 2267 3578 2316 quem
3630 2246 3727 2301 ’άμ-

2160 2343 2440 2406 Christus;
2470 2345 2557 2393 dat
2584 2352 2948 2411 autetn,quem
2982 2343 3177 2405 mittit;
3210 2359 3359 2407 quem
3394 2358 3515 2410 ergo
3546 2341 3704 2393 Cltris

2159 2441 2242 2487 tus
2272 2435 2452 2496 mittit,
2478 2435 2614 2486 hunc
2634 2442 2944 2500 acceperunt
2974 2432 3227 2496 Apostoli.
3267 2428 3433 2483 Mittit
3472 2447 3590 2483 vero
3626 2449 3725 2482 non

2159 2512 2487 2580 donuni‘sine
2517 2525 2828 2585 substantia,
2860 2523 2945 2589 sed
2971 2522 3136 2587 ipsum
3166 2519 3735 2588 Spiri-um.«Parncle—

2161 2631 2242 2672 tus
2280 2620 2434 2678 enim,
2470 2618 2664 2682 inquit,
2695 2631 2845 2684 quem
2890 2630 2981 2683 ego
3020 2615 3223 2665 mittam
3268 2613 3412 2664 vobis
3446 2628 3476 2663 a
3540 2612 3721 2673 Putre,

2166 2710 2427 2775 Spiritum
2458 2690 2716 2767 veritatis,
2748 2705 2837 2772 qui
2870 2721 2901 2755 a
2948 2699 3118 2782 Putre,
3142 2702 3375 2782 puocedit
3402 2703 3469 2754 ⁸⁸³.
3505 2721 3520 2752 ι

2238 2803 2343 2856 Sed
2382 2782 2447 2853 all
2488 2800 2538 2853 id
2568 2813 2781 2869 quoque
2827 2770 3317 2872 continendandgpi
3372 2796 3509 2858 quod
3558 2794 3734 2849 Chris-

2168 2908 2249 2949 tus
2277 2894 2535 2962 Spiritum
2568 2891 2772 2953 mittat,
2809 2889 3003 2957 adjecit
3030 2866 3340 2957 Chrysostm
3383 2877 3570 2939 PostEa
3603 2888 3741 2937 enim

2166 2991 2273 3053 ipse
2301 3003 2353 3039 se
2381 2986 2578 3037 mittere
2615 2984 2711 3045 ait,
2749 2984 2935 3035 dicetis
2971 2999 2982 3032 :
3019 2981 3253 3048 Accipite
3282 2980 3544 3064 Spiritum
3587 2994 3743 3029 sanc-

2168 3087 2299 3130 tum.
2352 3076 2538 3145 Igitur,
2596 3076 2685 3143 qui
2748 3088 2873 3127 tunc
2923 3071 3198 3125 aChriSto
3231 3072 3390 3123 datus
3443 3080 3548 3131 est,
3614 3085 3737 3121 eum

490 3160 694 3226 fecisse.
733 3158 851 3211 Non
899 3170 1076 3211 autem
1123 3162 1387 3249 quispiam
1438 3165 1748 3230 peccaverit,
1797 3167 1842 3215 si
1891 3165 2055 3228 dicat,
2088 3182 2129 3237 α
2165 3168 2495 3237 Οιιτγςιοει..
2533 3177 2585 3221 et
2617 3167 2686 3218 ab
2721 3166 2858 3232 ipso,
2891 3173 2940 3216 et
2972 3178 2999 3215 a
3034 3162 3192 3215 Patre
3237 3156 3457 3249 missum
3495 3160 3589 3212 ait.
3622 3160 3740 3211 Non

487 3268 597 3308 eos,
625 3263 669 3302 et
705 3260 826 3303 tunc
856 3250 1165 3318 potestatem
1193 3254 1479 3318 quamdam
1514 3257 1777 3321 accepisse
1808 3256 2067 3323 spiritua-

489 3343 614 3401 lent,
673 3353 719 3394 et
755 3346 1019 3409 gratiam,
1065 3354 1120 3396 ut
1180 3357 1394 3410 peccata
1451 3346 1796 3400 dimitterent.
1850 3347 1973 3401 Ideo
2016 3356 2067 3402 et

492 3433 748 3485 addidit:
782 3434 1019 3498 Quorum
1073 3436 1376 3488 remiseritis
1430 3454 1674 3507 peccata,
1721 3440 2068 3494 remittuntur

489 3526 591 3589 eis,
641 3528 916 3578 ostendens
967 3542 1126 3591 quam
1158 3529 1382 3592 speciem
1411 3532 1731 3597 operationis
1762 3532 1842 3582 det
1871 3570 1883 3582 .
1916 3550 1933 3581 ι
1974 3534 2069 3583 At-

487 3617 583 3683 qui
611 3624 831 3671 sanctus
861 3630 958 3685 per
983 3618 1082 3670 hoc
1110 3632 1213 3670 non
1238 3620 1576 3692 contradicit.
1604 3619 1789 3687 Neque
1820 3623 1983 3685 enim,
2013 3632 2069 3675 ιιι

489 3722 643 3757 suam
693 3692 1024 3773 opinionem,
1074 3710 1187 3768 sed.
1220 3721 1277 3761 ut
1309 3713 1373 3762 ab
1405 3711 1523 3765 aliis
1553 3714 1818 3766 invectam
1851 3716 2064 3781 objicit.

489 3797 764 3860 Quosdam
796 3801 955 3864 enim,
996 3800 1090 3863 ait,
1121 3802 1310 3865 dicere,
1343 3806 1469 3870 quia
1506 3819 1607 3855 non
1629 3803 1888 3871 Spiritum
1926 3806 2068 3857 dedit

490 3890 757 3943 Christus.
805 3892 882 3943 Ac
927 3892 1120 3945 deinde
1156 3893 1365 3945 illorum
1393 3896 1669 3962 corrigens
1712 3897 2016 3965 opinionem
2050 3913 2065 3950 :

490 3982 617 4035 Non
663 3999 835 4037 autent
879 3986 1111 4047 peccabit
1164 3988 1448 4053 quispiam,
1481 3988 1703 4056 inquiet,
1736 4001 1784 4043 et
1830 4002 1949 4044 tunc
1982 4008 2068 4045 eos

488 4084 803 4139 potestatem
846 4075 1081 4141 aliquam
1125 4078 1483 4143 sptritualem,
1505 4090 1550 4129 et
1578 4082 1806 4148 gratiam
1835 4084 2067 4150 accepis-

487 4184 567 4226 se,
620 4168 805 4220 dicens
838 4168 1031 4235 ;qnasi
1073 4168 1238 4221 dicat:
1279 4170 1386 4223 Illis
1436 4174 1651 4238 quidem
1705 4190 1809 4227 non
1861 4173 2111 4229 videtur‘

490 4259 766 4325 aposwlos
811 4267 937 4311 tunc
978 4258 1239 4327 Spiritum
1275 4272 1525 4315 sanctum
1561 4265 1856 4332 accepisse,
1908 4277 2069 4334 atque

491 4351 613 4403 ideo
656 4366 829 4417 neque
883 4350 1026 4404 illius
1086 4353 1360 4420 accepisse
1406 4355 1657 4421 gratiam,
1726 4338 2091 4425 idoneusque

489 4437 830 4493 solummodo
859 4436 1079 4492 elTectos
1107 4454 1225 4492 esse
1262 4455 1356 4509 per
1387 4455 1505 4494 eam
1551 4443 1968 4499 insnﬂlatiouem
1999 4447 2063 4499 ad

488 4529 869 4597 accipiendum
926 4530 1187 4599 Spiritum
1226 4542 1493 4589 sanctum.
1531 4536 1878 4605 Consequens
1918 4541 2061 4594 enim
2096 4511 2140 4566 D

492 4634 641 4687 erat,
672 4634 728 4674 ut
779 4624 869 4690 qui
904 4637 997 4677 eos
1023 4623 1282 4691 Spiritum
1335 4637 1578 4679 sanctum
1631 4631 1904 4698 accepisse
1936 4641 2061 4685 tunc

488 4719 765 4781 negabant
802 4734 813 4767 :
847 4715 1010 4768 etiam
1058 4718 1246 4783 gratia:
1308 4721 1706 4787 perceptionem
1776 4723 2064 4784 tollerent,

486 4822 653 4873 quam
705 4808 823 4859 sine
870 4806 1076 4873 Spiritu
1154 4810 1404 4877 cuiquam
1464 4811 1715 4878 possibile
1787 4828 1890 4866 non
1953 4823 2069 4865 erat

487 4898 769 4950 advenire.

569 4989 774 5044 Deinde
822 5002 874 5043 ct
908 5006 1061 5043 suam
1116 4993 1443 5044 scntcntiam
1489 4993 1671 5047 infert:
1715 4994 1833 5047 Non
1890 5008 2065 5049 autem

492 5081 729 5148 peccabit
765 5082 1048 5148 quispiam,
1090 5098 1176 5135 eos
1215 5095 1261 5136 et
1299 5066 1441 5136 ⁸ιιιιιις
1502 5086 1729 5153 gratiam
1763 5090 2023 5154 accepisse
2050 5128 2065 5148 .

497 5175 723 5236 dicens;
766 5174 916 5240 qttasi
972 5175 1185 5227 illorum
1242 5179 1568 5230 sententiam
1630 5180 1930 5247 corrigens,
1963 5182 2056 5249 qui

492 5265 763 5331 negabant
798 5264 1054 5327 Spiritum
1072 5278 1329 5320 sanctum
1364 5278 1489 5321 tunc
1515 5269 1696 5323 datum
1745 5272 1933 5335 fuisse,
1970 5287 2065 5325 os-

493 5355 666 5405 tendit
718 5355 959 5420 apcrtins
1004 5356 1315 5423 Opinionem
1373 5372 1525 5411 suam
1574 5375 1716 5422 esse,
1764 5363 1906 5428 quod
1939 5372 2060 5414 tunc

493 5446 805 5513 acceperint
860 5444 1121 5515 Spiritum
1184 5459 1469 5502 sanctum.
1522 5449 1656 5505 Nam
1712 5467 1832 5505 cum
1886 5455 2059 5510 gratia

492 5538 732 5605 Spiritus
775 5548 826 5592 ct
856 5540 967 5607 ipse
1010 5558 1113 5594 una
1138 5543 1327 5595 adesse
1374 5543 1730 5613 intelligitur:
1766 5554 1925 5613 atque
1957 5546 2058 5600 hoc

493 5630 618 5682 inde
668 5628 719 5681 in
774 5631 963 5699 primis
1005 5644 1236 5697 constat,
1281 5636 1419 5702 quod
1469 5645 1790 5705 potestatem
1841 5649 2060 5705 peccata

565 5813 609 5842 ⁸⁸
636 5812 793 5869 Joan.
827 5832 935 5879 xw,
973 5821 1024 5869 ι).
1106 5817 1151 5848 ⁸⁷
1186 5815 1344 5874 Joan.
1381 5836 1469 5883 xx,
1508 5820 1597 5872 ρι.

1680 5820 1723 5850 ⁸⁸
1747 5824 1902 5874 JtLiI).
1942 5837 2046 5881 At",
2089 5821 2169 5875 l0.

2169 3275 2294 3325 ergo
2332 3258 2413 3311 vel
2443 3258 2567 3320 sibi,
2606 3257 2687 3308 vel
2721 3247 2856 3313 (aliis
2900 3251 3176 3324 magistris
3221 3231 3498 3313 Ecclesiae,
3544 3250 3596 3302 in
3636 3251 3736 3311 his,

2168 3366 2288 3417 qua:
2315 3349 2471 3410 dixit,
2509 3334 2820 3401 contrarius
2851 3358 2956 3399 εει.

2242 3443 2517 3494 Ceterum
2558 3440 2623 3491 ad
2659 3454 2772 3499 eos,
2809 3438 3131 3505 dui'dicnnt
3169 3453 3183 3488 ;
3217 3436 3277 3489 Si
3313 3445 3437 3523 tunc
3484 3434 3737 3502 Spiritum

2168 3542 2412 3587 sanctum
2447 3540 2752 3595 acceperunt
2794 3528 3046 3593 Apostoli,
3107 3528 3232 3595 quid
3281 3544 3495 3591 necesse
3533 3529 3633 3593 fuit
3682 3529 3717 3577 il

2168 3626 2277 3678 lum
2326 3624 2410 3676 die
2451 3623 2773 3676 PenteCOstes
2816 3619 3307 3673 mittildicendutn
3353 3628 3456 3677 est,
3485 3618 3737 3683 quoniam

2168 3718 2328 3771 datus
2357 3724 2440 3769 est
2466 3714 2707 3783 quidem,
2744 3721 3045 3764 nouautem
3089 3719 3203 3761 tota
3232 3709 3318 3761 illa
3351 3725 3449 3761 sua
3501 3710 3728 3773 plenitu-

2170 3807 2323 3875 dine,
2356 3821 2532 3874 neque
2562 3803 2852 3858 secundum
2900 3817 3113 3855 onmem
3151 3816 3303 3854 suam
3334 3786 3736 3865 operationem.

2171 3914 2273 3951 non
2303 3898 2441 3964 quod
2484 3895 2598 3962 ipse
2645 3895 2938 3954 discretus,
2988 3908 3047 3943 ac
3074 3881 3276 3969 divisus
3322 3892 3414 3950 sit.
3442 3891 3536 3943 sed
3582 3905 3742 3969 prop-

2172 4006 2256 4049 ter
2310 3990 2709 4057 snscipientium
2747 3964 3318 4050 1mhecillitatem,‘qui
3376 3996 3594 4033 omnem
3623 3981 3743 4045 ejus

2170 4084 2575 4153 Operationem,
2604 4090 2657 4134 et
2696 4076 3043 4133 efﬁcientiam
3093 4085 3217 4128 tunc
3256 4074 3499 4142 profecto
3547 4087 3741 4138 capere

2171 4174 2489 4243 nequibant.
2525 4172 2713 4224 Postea
2741 4185 2865 4223 vero
2896 4183 3056 4236 quam
3095 4168 3158 4219 ad
3216 4165 3537 4232 perfectiora
3568 4164 3744 4231 prole—

2170 4276 2379 4328 cerant,
2426 4276 2578 4328 tunc,
2624 4264 2733 4332 jam
2777 4262 3021 4346 omniqm
3078 4260 3401 4329 gratiarum,
3447 4260 3745 4346 donorum—

2170 4349 2275 4431 que
2303 4360 2607 4415 cmlcstium
2640 4371 2865 4423 rapaces
2900 4334 3026 4409 lacti
3055 4365 3200 4430 sunt.
3251 4366 3291 4431 ί
3458 4349 3469 4371 ⁸
3688 4334 3709 4372 ⁷

2240 4452 2501 4518 Quocirca
2532 4450 3022 4517 etCltrysostonms
3060 4464 3071 4499 :
3105 4445 3211 4518 Nec
3245 4444 3501 4518 peccabit,
3538 4443 3742 4513 inquit,

2176 4547 2265 4612 qui
2294 4555 2339 4597 et
2374 4554 2495 4595 tunc
2534 4559 2618 4594 eos
2648 4541 2908 4607 accepisse
2942 4516 3137 4590 disseri;
3167 4505 3457 4603 spiritalein
3518 4535 3748 4601 aliquant

2177 4639 2423 4705 gratiam,
2444 4652 2557 4687 cum
2577 4632 2804 4701 Spiritus
2834 4644 2956 4684 tunc
2983 4648 3041 4683 ea
3067 4630 3385 4698 sola.dignos
3416 4628 3744 4693 iudicaverit.

2177 4727 2311 4781 Nam
2347 4725 2629 4780 sacerdotii
2661 4720 2892 4793 gratiat‘n
2942 4734 3065 4775 tunc
3096 4724 3268 4775 solam
3318 4723 3462 4774 dedit
3496 4722 3752 4788 aposlplis

2179 4820 2589 4881 iuhabitantem,
2618 4816 2780 4882 cujus
2816 4814 3094 4884 proprium
3140 4822 3359 4881 peccata
3409 4811 3641 4873 solvere,
3673 4824 3752 4862 at-

2178 4923 2285 4975 que
2318 4908 2488 4975 ligare
2527 4921 2677 4988 :‘non
2713 4915 2892 4957 tamen
2938 4904 3198 4955 doctrinae
3247 4903 3438 4963 etiam,
3492 4910 3545 4954 et
3600 4902 3747 4952 verbi

2175 4999 2425 5065 gratiam,
2458 4999 2597 5049 hanc
2629 4996 2769 5049 enim
2813 4994 2866 5046 in
2893 4994 2981 5045 die
3010 4992 3384 5055 PenteCOStes,
3418 5007 3513 5059 per
3542 4991 3753 5059 linguas

2179 5092 2371 5158 igneas
2402 5087 2568 5143 dedit.
2617 5088 2747 5147 Sed,
2783 5102 2849 5139 ne
2899 5095 3031 5138 tunc
3057 5086 3273 5152 quidem
3311 5093 3421 5137 tota
3466 5084 3570 5137 illis
3601 5085 3747 5151 copia

2175 5192 2258 5233 est
2287 5179 2433 5232 data.
2467 5177 2650 5245 Neque
2692 5177 2835 5230 enim
2865 5176 3107 5245 quotidie
3134 5176 3198 5228 ad
3247 5174 3497 5240 majores,
3546 5174 3712 5241 perfer

2176 5274 2450 5340 tioresque
2489 5272 2727 5365 (virtutes
2804 5280 3211 5338 potestatesque
3264 5269 3589 5321 evasissent.
3650 5265 3754 5319 Sed

2173 5377 2227 5417 et
2272 5374 2391 5432 post
2424 5358 2810 5441 Pe'ntecostcn,
2848 5364 3208 5415 narrantibus
3236 5360 3416 5423 Petro,
3444 5368 3497 5411 et
3540 5358 3752 5411 Joanne

2178 5457 2398 5525 reliquis
2433 5436 2712 5521 apostolis,
2739 5464 2941 5523 quanta
2985 5471 3009 5505 a
3036 5454 3237 5506 Judmis
3272 5452 3413 5519 passi
3456 5436 3663 5513 essent,
3691 5466 3754 5500 eo

2179 5548 2322 5615 quod
2356 5546 2687 5599 liducialiter
2714 5548 2763 5599 in
2797 5546 3000 5600 Christi
3031 5544 3248 5597 nomine
3277 5542 3553 5610 egissent:
3580 5531 3776 5594 Mota,

2176 5641 2369 5707 inquit,
2408 5640 2550 5705 facta
2598 5640 2774 5696 repleti
2805 5650 2927 5691 sunt
2984 5653 3160 5691 omnes
3200 5636 3408 5705 Spiritu
3463 5642 3665 5693 sancto,
3698 5642 3755 5684 ut

2251 5823 2293 5851 ’θ
2322 5821 2481 5875 Joan.
2522 5840 2601 5885 υ,
2630 5823 2714 5874 2'5.
