4462 6440
815 433 910 494 1‘23

2052 442 2441 501 MANUELIS
2481 440 2784 498 C.\l.EC.E

3926 418 4025 498 tat

807 546 1137 608 loquerentur
1161 545 1365 596 reri:qu
1395 547 1617 598 [)cicttm
1651 549 1843 614 ﬁducia
1873 550 1938 601 θ’.
1972 549 2171 618 Nempe
2196 551 2361 611 enim,
2398 557 2438 604 Α
2471 555 2655 596 sancto
2687 546 2831 597 canit
2870 561 2882 596 :
2932 546 3007 597 Tn
3048 545 3176 607 vita,
3222 559 3390 607 amor,
3427 542 3620 596 lumen.
3653 542 3903 597 Charitas
3933 562 4023 597 au-

807 637 848 684 si
875 648 1039 684 l0llllll
1069 635 1117 683 in
1139 633 1459 686 Pentecoste
1496 638 1808 699 habuerant,
1829 654 2064 706 quOuam
2096 652 2220 692 tunc
2249 642 2359 706 Spi-

807 724 908 774 rittt
942 723 1139 788 impleti
1177 725 1340 777 sunt?
1361 725 1582 777 Constat
1616 742 1741 779 vero
1766 728 1886 794 quia
1917 729 2183 782 habebant
2208 731 2356 782 illum

803 815 1040 879 quidem,
1063 819 1176 877 sed,
1201 818 1322 881 quia
1342 819 1577 881 perfecte
1602 834 1702 870 non
1729 821 2016 882 habebant,
2040 823 2153 887 ipso
2173 836 2356 875 rursus

805 903 1004 964 impleti
1030 915 1172 956 sunt.
1196 905 1420 972 Semper
1435 907 1576 958 enim
1601 923 1659 958 ac
1691 907 1885 975 iugiter
1918 909 2150 977 Spiritus
2179 911 2354 974 datur,

808 1001 860 1040 ct
898 1007 991 1056 per
1028 993 1234 1060 singula
1262 995 1426 1060 ipsius
1469 1013 1708 1062 numera,
1757 1000 1870 1066 ipse
1904 1016 2003 1051 uua
2027 1001 2349 1066 ingreditur.

874 1079 936 1132 Et
971 1081 1021 1131 in
1051 1085 1274 1136 Aetibus
1309 1089 1672 1153 apostolorum
1716 1090 1975 1153 scriptum
2017 1102 2097 1142 est
2135 1107 2147 1142 :
2182 1090 2360 1157 Impo-

804 1170 989 1221 nebant
1020 1175 1244 1236 apostoli
1277 1193 1460 1227 manus
1510 1193 1660 1240 super
1689 1195 1825 1238 eum,
1855 1181 1941 1245 qui
1967 1181 2356 1248 baptizabatur,

802 1258 1068 1322 pupulum,
1087 1271 1132 1312 et
1154 1263 1492 1314 descendebat
1511 1265 1742 1331 Spiritus
1776 1281 1988 1321 sanctus
2012 1286 2164 1334 super
2187 1288 2271 1324 eos
2292 1274 2356 1327 ".

809 1349 972 1400 Datur
1008 1356 1151 1401 cnim
1186 1353 1233 1403 iu
1263 1355 1882 1424 adoptionebaptizatis,
1915 1372 1967 1414 ct
1999 1364 2358 1428 principatum

803 1436 1099 1503 spiritalem
1131 1441 1181 1491 in
1216 1443 1394 1509 populi
1441 1444 1700 1512 regimine
1730 1449 2169 1514 suscipientibus,
2202 1463 2360 1519 atque

805 1531 857 1578 in
917 1529 1015 1581 hac
1062 1532 1397 1597 diﬂ‘ercnter,
1435 1539 1728 1589 secundum
1773 1541 1977 1593 scilicet
2027 1557 2250 1595 munera
2294 1546 2359 1596 ad

804 1619 1051 1673 Ecclesia:
1075 1622 1453 1687 perfectioﬁem
1491 1629 1841 1682 conlerentia.

876 1710 947 1763 Ea
980 1729 1107 1780 ergo
1134 1716 1430 1772 insumalio
1479 1722 1734 1773 indicium
1763 1733 1845 1774 est
1874 1736 2011 1774 verat
2038 1723 2214 1775 sancti
2241 1722 2362 1790 Spi-

809 1805 940 1857 ritus
975 1806 1279 1872 cﬂ'usiouis;
1335 1819 1494 1878 atque
1527 1827 1591 1864 co
1644 1813 1831 1881 magis,
1870 1799 2010 1879 quod
2056 1823 2109 1867 et
2159 1814 2354 1881 gratia,
2385 1852 2430 1909 Β

804 1897 852 1947 in
878 1913 978 1962 qua
1008 1898 1165 1951 datus
1201 1911 1305 1963 est,
1377 1902 1547 1954 solius
1588 1902 1678 1955 Dei
1720 1915 1821 1956 est.
1869 1905 2009 1958 Deus
2040 1914 2216 1957 autem
2275 1915 2357 1957 est

802 1985 1037 2050 Spiritus
1078 1998 1318 2049 sanctus,
1359 1990 1450 2042 scd
1493 1999 1544 2043 et
1576 1991 1957 2045 documentum
1985 2003 2067 2045 est
2094 2007 2155 2046 ea
2185 1992 2360 2046 insuf-

799 2074 963 2137 ﬂatio,
991 2092 1085 2144 per
1114 2093 1426 2146 expressam
1463 2081 1935 2148 signiﬁcationem,
1968 2099 2029 2136 ex
2066 2081 2200 2136 Filio
2233 2098 2358 2152 pro-

798 2169 990 2220 cedere
1025 2169 1284 2234 Spiritum
1326 2182 1569 2226 sanctum
1604 2183 1766 2240 atque
1799 2190 1861 2226 ex
1889 2189 1951 2226 co
1979 2191 2120 2229 esse.

869 2258 943 2308 lix
985 2260 1180 2324 quibus
1222 2261 1378 2313 etiam
1417 2264 1464 2313 id
1494 2273 1725 2325 constat,
1761 2267 1922 2331 quod,
1950 2269 2039 2332 qui
2077 2268 2203 2320 nihil
2261 2271 2357 2322 mi-

798 2364 913 2400 ruut
952 2364 1071 2402 esse
1095 2344 1300 2415 dicunt,
1324 2355 1365 2405 si
1405 2354 1560 2405 datur
1590 2369 1619 2405 a
1657 2353 1790 2407 Filio
1820 2358 2079 2423 Spiritus,
2107 2363 2353 2426 quando-

799 2444 1012 2508 quidem
1045 2456 1099 2497 et
1128 2460 1154 2495 a
1188 2461 1510 2513 quocunque
1546 2447 1784 2508 homine.
1809 2451 1964 2502 modo
1990 2454 2240 2505 sacerdos
2264 2458 2355 2518 sit,

797 2535 954 2585 datur
990 2543 1085 2586 :ct
1140 2535 1281 2586 sicut
1336 2535 1403 2586 ab
1467 2537 1779 2590 hominibus
1831 2554 1952 2590 cum
2026 2540 2210 2603 datur,
2253 2556 2354 2594 non

796 2625 958 2673 ctiam
996 2623 1062 2675 ab
1086 2624 1164 2676 eis
1193 2624 1442 2692 procedit
1473 2642 1485 2676 :
1515 2625 1583 2677 ita
1606 2641 1778 2692 neque
1802 2641 1828 2676 a
1859 2629 1948 2679 Dei
1990 2627 2127 2683 Filio
2169 2645 2357 2696 proce-

797 2717 893 2777 dit,
935 2716 1181 2781 quamvis
1218 2717 1282 2767 ab
1316 2716 1430 2782 ipso
1459 2718 1632 2778 detur,
1667 2717 2129 2782 irrationabiliter,
2168 2735 2228 2772 ac
2261 2724 2356 2773 de-

793 2807 1137 2859 mentissime
1185 2807 1582 2874 blaSpliemaut.
1636 2806 1876 2860 Primum
1932 2810 2172 2875 quidem,
2221 2827 2358 2879 quo-

796 2897 939 2946 niam
982 2899 1206 2948 eandem
1247 2898 1648 2963 proportionem
1700 2898 1960 2964 Spiritum
2007 2911 2253 2953 sanctum
2292 2903 2357 2954 ad

794 2986 985 3039 Filium
1033 2989 1253 3051 habere,
1295 3004 1454 3055 quant
1498 2991 1657 3041 habet
1711 2991 1775 3042 ad
1817 2990 2080 3055 homines,
2121 3002 2353 3058 putant;

794 3079 987 3131 deinde
1012 3118 1026 3141 ,
1055 3082 1306 3146 quoniam
1333 3096 1360 3132 a
1399 3081 1730 3148 quibuslibet
1762 3084 2070 3138 hominibus
2104 3085 2216 3137 dari
2253 3102 2354 3138 non

795 3179 995 3236 potest,
1025 3171 1114 3234 qui
1149 3169 1213 3221 ab
1238 3170 1496 3234 apostolis
1522 3172 1681 3222 datus
1707 3185 1810 3222 non
1839 3179 1921 3223 est
1956 3190 1969 3224 :
2005 3173 2351 3238 [inponebant

793 3261 929 3308 enim
964 3275 1178 3322 manus,
1216 3261 1310 3321 ait,
1345 3276 1500 3325 super
1536 3261 1860 3328 baptizatum
1887 3265 2137 3331 pupulum
2171 3274 2219 3319 et
2264 3267 2354 3319 de-

793 3350 1066 3402 scendebat
1093 3351 1326 3418 Spiritus
1359 3361 1568 3406 sanctus
1584 3371 1740 3421 super
1760 3371 1863 3407 eos.

865 3465 920 3516 ln
955 3465 1037 3518 his
1069 3477 1272 3529 autem,
1324 3482 1442 3533 qua:
1496 3483 1523 3520 a
1588 3469 1864 3537 magistris
1909 3467 2167 3522 Ecclesia:
2215 3469 2356 3524 dicta

795 3568 943 3622 sunt,
966 3560 1154 3611 horum
1175 3559 1336 3612 etiam
1363 3561 1648 3613 concordia
1675 3564 1904 3614 notanda
1925 3575 2023 3616 est.
2046 3563 2196 3616 Sicut
2215 3565 2359 3618 enim

797 3664 1021 3716 magnus
1043 3650 1370 3702 Athanasius
1400 3650 1452 3702 in
1486 3649 1655 3718 Epist.
1691 3651 1755 3702 ad
1789 3651 2163 3720 Serapionem,
2189 3656 2361 3723 Spiri-

799 3751 908 3793 tum
947 3754 1194 3795 sanctum
1229 3742 1365 3794 dixit
1403 3743 1601 3796 denunt
1644 3741 1763 3796 Filii
1794 3761 1807 3797 :
1837 3744 1908 3796 ita
1940 3755 1992 3798 et
2030 3746 2360 3813 Augustinus

795 3835 846 3886 in
874 3834 968 3886 lib.
998 3833 1073 3885 De
1108 3833 1387 3897 Trinitate,
1422 3835 1591 3902 ipsum
1621 3835 1754 3888 dixit
1795 3833 1916 3889 Filii
1944 3838 2161 3907 donum.
2201 3837 2358 3906 Tum,

793 3926 917 3992 quia
957 3941 984 3978 a
1015 3925 1172 3980 Patre
1197 3938 1249 3979 et
1285 3923 1421 3978 Filio
1456 3927 1636 3990 datur,
1668 3937 1778 3979 tum
1812 3929 1934 3994 quia
1970 3944 2034 3982 ex
2081 3928 2243 3984 Patre
2269 3947 2362 3999 per

792 4015 985 4070 Filium
1039 4019 1299 4085 procedit,
1329 4019 1716 4087 amborumque
1757 4022 1950 4074 donum
1970 4037 2108 4086 esse,
2134 4023 2360 4080 addidit.

791 4113 870 4164 Ac
897 4112 1038 4163 sicut
1077 4111 1164 4163 ille
1213 4111 1472 4180 Spiritum
1504 4121 1773 4176 sanctum,
1803 4129 1964 4168 unam
2005 4119 2169 4171 vitam
2205 4122 2364 4175 unius

792 4205 896 4256 vivi
931 4202 1084 4256 Verbi
1123 4203 1257 4256 dixit
1290 4219 1303 4253 ε
1332 4203 1402 4255 ita
1444 4213 1498 4257 et
1537 4207 1872 4272 Augustinus
1901 4207 1950 4259 itt
1985 4208 2076 4262 lib.
2121 4208 2198 4264 De
2255 4214 2363 4282 ﬁde

792 4294 965 4345 vivant
1015 4293 1200 4356 vitam,
1236 4303 1286 4346 et
1320 4295 1484 4347 vitant
1510 4311 1572 4347 ex
1612 4297 1821 4349 vivente
1847 4298 2003 4350 dixit.
2051 4298 2118 4352 Et
2169 4317 2364 4368 quem-

787 4386 1077 4439 admodum
1120 4386 1351 4456 Cyrillus
1394 4388 1456 4440 ad
1511 4387 1806 4442 Palladium
1853 4391 2220 4446 essentialiter
2285 4395 2381 4447 il--‘

2466 643 2599 696 tem,
2628 645 2678 685 et
2714 650 2864 688 amor
2900 636 3037 688 idem
3067 635 3230 689 Valet.

2533 725 2636 778 Sed
2669 728 2813 778 enim
2847 725 3181 794 Augustinus
3204 725 3420 792 quidem
3453 739 3642 778 rursus
3667 726 3896 791 gratiam
3930 741 4024 777 vo-

2461 816 2605 867 cavit
2643 815 2901 878 Spiritum
2963 825 3231 867 sanctum.
3265 814 3567 866 Concordat
3594 827 3771 866 autem
3802 826 3856 867 et
3896 816 4024 866 huic

2459 913 2674 957 sanctus
2694 905 2920 956 Basilius
2954 905 3005 954 in
3030 903 3267 969 mysticis
3285 902 3457 955 sancti
3477 903 3726 955 sacriﬁcii
3750 905 4020 969 precibus,

2459 994 2772 1059 {HLPHII'CIII
2815 993 2922 1044 illic
2972 993 3035 1043 dc
3059 991 3193 1044 Filio
3219 991 3479 1058 loquens:
3505 992 3698 1054 Quies:
3729 995 3900 1055 imago
3927 1005 4028 1042 tua:

2461 1084 2725 1146 bonitatis,
2747 1083 2975 1150 sigillum
3007 1083 3189 1149 forma:
3219 1082 3385 1149 parile
3427 1085 3479 1134 iu
3504 1099 3554 1134 se
3598 1083 3709 1149 ipso
3735 1093 3780 1134 te
3816 1083 4024 1133 Patrem

2457 1174 2751 1235 ostemleus,
2787 1188 2953 1224 sermo
2996 1175 3160 1231 vivus,
3211 1173 3344 1224 Deus
3381 1189 3550 1233 verus,
3580 1189 3611 1224 a
3645 1189 3745 1238 quo
3797 1171 4024 1236 Spiritus

2458 1271 2673 1312 sanctus
2727 1261 2945 1327 eﬂ'ulsit,
3001 1262 3297 1326 adoptionis
3351 1260 3571 1320 donum,
3631 1259 3790 1311 urrha
3831 1259 4026 1323 futurcc

2461 1349 2806 1401 licereditatis.
2835 1350 2976 1401 Idem
3007 1365 3216 1410 rursus,
3264 1351 3314 1402 in
3344 1350 3574 1416 epistola
3605 1350 3669 1399 ad
3706 1347 4024 1412 Gregorium

2459 1438 2680 1491 fratrem
2719 1438 2784 1489 de
2820 1437 3116 1491 diﬂerentia
3184 1440 3448 1498 essentize,
3486 1449 3573 1506 atq
3598 1454 3647 1491 ve
3691 1437 4026 1495 substantiae,

2461 1523 2576 1574 ait:
2608 1523 2771 1576 Omne
2805 1527 2939 1590 quod
2976 1529 3028 1576 in
3079 1542 3170 1578 nos
3210 1542 3272 1578 ex
3317 1528 3496 1578 divina
3543 1529 3732 1578 virtute
3779 1525 4027 1590 pertingit

2461 1610 2681 1669 bonum;
2714 1615 2884 1664 omnia
2938 1615 2991 1664 in
3023 1617 3263 1666 omnibus
3295 1616 3557 1681 operantis
3614 1617 3805 1682 gratia:
3844 1630 4028 1680 opera-

2461 1703 2647 1753 tionem
2675 1703 2918 1764 dicimus,
2944 1705 3083 1756 sicut
3106 1706 3182 1756 ait
3208 1706 3490 1772 Apostolus
3520 1722 3534 1757 :
3574 1704 3701 1758 Hcce
3728 1715 3897 1756 autem
3918 1721 4030 1755 om-

2463 1792 2547 1841 nia
2576 1801 2823 1857 operatur
2843 1809 2974 1844 unus
3010 1803 3165 1847 atoue
3203 1796 3336 1847 idem
3363 1796 3593 1863 Spiritus
3646 1795 3884 1848 dividens
3914 1795 4028 1846 sin—

2461 1881 2594 1948 gulis
2620 1891 2787 1958 prout,
2805 1883 2909 1934 vult
2930 1883 2995 1935 ”.

2529 1972 2718 2036 Porro,
2769 1973 2812 2026 si
2846 1989 3090 2041 quaarere
3149 1976 3423 2043 pergimus
3480 1989 3546 2027 ao
3594 1989 3656 2028 cx
3695 1975 3811 2029 solo
3843 1984 4029 2027 sancto

2463 2061 2668 2129 Spiritu
2703 2065 2969 2118 bonorum
3001 2065 3214 2133 largitio
3250 2067 3460 2119 initium
3494 2082 3736 2128 sumens,
3761 2067 3832 2118 ita
3854 2067 4028 2133 dignis

2458 2155 2708 2208 adveniat
2741 2172 2754 2209 :
2793 2172 2982 2210 rursus
3028 2172 3054 2207 a
3092 2157 3373 2226 Scriptura
3406 2160 3780 2221 admonemur,
3814 2166 3874 2210 ut
3901 2172 4023 2210 cre-

2458 2244 2648 2297 damus
2683 2245 2985 2310 largitionis
3035 2247 3296 2298 bonorum
3329 2249 3593 2310 omnium,
3620 2263 3736 2314 qua:
3785 2247 3836 2301 in
3871 2248 4027 2300 nobis

2457 2346 2552 2398 per
2605 2333 2862 2398 Spiritum
2934 2334 3067 2387 nunt
3135 2344 3446 2399 auctorem,
3502 2345 3553 2387 et
3619 2351 3836 2389 causam
3905 2353 4028 2390 esse

2457 2423 2787 2491 unigenizum
2837 2424 3042 2478 Jesum.
3092 2424 3281 2478 Omnia
3333 2427 3473 2478 enim
3513 2443 3605 2495 per
3654 2429 3824 2494 ipsum
3873 2428 4017 2480 facta

2457 2528 2597 2572 esse.
2641 2523 2692 2565 et
2725 2515 2777 2565 in
2813 2514 2928 2580 ipso
2966 2516 3286 2580 consistere,
3317 2533 3343 2567 a
3379 2517 3578 2570 sanctis
3615 2516 3811 2570 litteris
3842 2517 4029 2570 didici-

2460 2619 2601 2657 mus.
2639 2603 2693 2656 lit
2745 2606 2827 2657 his
2863 2615 3068 2669 autem,
3101 2621 3260 2671 quam
3303 2608 3481 2658 omnia
3519 2608 3568 2659 in
3616 2609 3871 2662 omnibus
3900 2623 4028 2674 ope-

2461 2693 2569 2744 rari
2617 2694 2847 2760 gratiam
2896 2694 3053 2755 dixit,
3108 2695 3367 2758 Spiritum
3418 2706 3662 2749 sanctum
3714 2713 3836 2750 esse
3895 2699 4026 2752 vult.

2463 2783 2651 2834 Omnia
2690 2785 2826 2835 enim
2881 2793 3128 2851 operatur
3179 2801 3333 2847 unus,
3387 2795 3542 2853 atque
3590 2787 3724 2839 idem
3772 2786 4023 2853 Spiritus.

2463 2875 2522 2927 Et
2554 2876 2700 2926 addit
2733 2892 2746 2927 :
2780 2873 2972 2944 Omnia
3007 2877 3162 2928 nobis
3199 2877 3487 2943 peripsum
3525 2875 3788 2938 Spiritum
3824 2880 3959 2945 geri.

2530 2962 2830 3016 Notandum
2865 2978 3015 3026 vero,
3048 2973 3100 3018 et
3132 2967 3272 3032 quod
3326 2980 3420 3032 per
3452 2967 3684 3018 medium
3711 2968 3837 3020 dicti
3867 2969 4030 3031 illius,

2459 3052 2600 3120 quod
2639 3054 2819 3104 omnia
2856 3054 3066 3107 scilicet
3106 3070 3200 3122 per
3233 3053 3426 3107 Filium
3466 3056 3574 3108 sint
3623 3056 3799 3119 facta,
3840 3057 4029 3110 Filium

2379 3167 2424 3224 ο
2460 3153 2754 3205 auctorem,
2788 3153 2842 3195 et
2880 3159 3103 3198 causam
3154 3146 3415 3198 bonorum
3465 3161 3585 3214 qua:
3637 3163 3731 3216 per
3773 3149 4030 3217 Spiritum

2462 3235 2617 3287 nobis
2655 3244 2940 3301 geruntur,
2972 3237 3206 3289 ostendit
3262 3237 3460 3302 ;simul
3508 3239 3694 3300 etiam,
3740 3255 3858 3308 qua:
3909 3253 4032 3294 ante

2461 3324 2811 3392 prazdiximus
2872 3327 2938 3379 de
2980 3341 3332 3393 personarum
3387 3328 3613 3395 ordine,
3663 3345 3726 3386 ex
3780 3333 4028 3400 praesenti

2460 3430 2674 3483 quoque
2703 3417 2848 3469 dicto
2892 3416 3236 3482 roborantur,
3305 3421 3602 3487 procedens
3631 3424 3852 3490 quippe,
3901 3424 3977 3476 ait
4011 3443 4025 3478 :

2463 3504 2606 3571 quod
2658 3517 2754 3572 per
2793 3504 2984 3558 Filium
3014 3506 3229 3573 quidem
3280 3509 3482 3573 omnia,
3535 3523 3654 3562 cum
3693 3526 3796 3565 non
3831 3522 4029 3576 essent,

2467 3595 2532 3646 ad
2571 3607 2690 3646 esse
2721 3593 2985 3662 producta
3016 3597 3145 3650 sint.
3184 3597 3302 3651 Non
3327 3599 3470 3652 enim
3506 3614 3678 3668 neque
3705 3616 3769 3654 ex
3802 3603 3900 3656 hac
3927 3605 4032 3656 vir-

2464 3691 2578 3736 tute
2625 3685 2748 3738 sine
2795 3685 3089 3754 principio,
3141 3689 3234 3740 sed
3280 3690 3526 3756 quaedam
3565 3692 3735 3746 virtus
3767 3703 3881 3758 est,
3916 3695 4032 3748 sine

2464 3774 2771 3839 nativitate,
2820 3777 2938 3830 sine
2994 3778 3260 3845 principio
3314 3781 3650 3847 subsistens;
3703 3800 3819 3850 qme
3873 3800 4030 3840 causa

2461 3871 2544 3917 est
2585 3877 2769 3918 eorum
2813 3880 2931 3933 quae
2973 3876 3099 3919 sunt
3142 3868 3382 3920 omnium
3433 3885 3627 3930 causae,
3682 3881 3736 3925 et
3771 3889 3889 3940 qua:
3939 3891 4035 3942 per

2467 3950 2732 4020 Spiritum
2776 3954 2936 4009 nobis
2979 3966 3265 4024 geruntur.
3320 3955 3392 4011 De
3443 3959 3543 4012 hoc
3576 3962 3717 4012 enim
3752 3963 3824 4014 illi
3857 3979 4034 4015 sermo

2466 4043 2752 4096 institutus
2784 4053 2902 4097 erat
2946 4061 2958 4096 :
2999 4047 3094 4098 sed
3125 4054 3179 4099 et
3225 4049 3553 4101 voluntatem
3598 4048 3704 4102 alio
3729 4065 3944 4119 quoque
3982 4053 4031 4105 in

2480 4135 2601 4190 loco
2649 4135 2910 4204 Spiritum
2952 4148 3199 4190 sanctum
3244 4140 3575 4208 Augustinus
3621 4142 3930 4208 appellavit.
3969 4145 4036 4194 At

2466 4240 2596 4279 vero
2626 4226 2888 4289 charitas,
2916 4238 2971 4281 et
3001 4242 3172 4292 amor,
3197 4239 3252 4281 et
3287 4235 3540 4282 voluntas
3571 4231 3911 4284 tandumdem
3945 4247 4034 4283 va.

2479 4317 2611 4370 lent.
2649 4317 2799 4382 Quod
2828 4318 2969 4370 enim
3002 4320 3125 4386 quis
3161 4328 3330 4382 amat,
3372 4320 3471 4374 hoc
3505 4330 3558 4372 et
3587 4320 3780 4389 diligit,
3810 4332 3866 4374 et
3899 4323 4032 4375 vult.

2546 4409 2897 4464 Concordant
2938 4410 3062 4464 huic
3101 4419 3154 4463 et
3185 4421 3392 4464 veteres
3440 4411 3515 4463 illi
3547 4415 3685 4479 apud
3719 4427 3815 4463 nos
3846 4413 4034 4465 Eccle-

785 4480 895 4531 lutn
928 4495 992 4532 ex
1020 4490 1266 4549 utroque,
1291 4483 1339 4535 id
1366 4493 1467 4545 est,
1493 4497 1554 4535 ex
1594 4482 1752 4537 Patre
1776 4485 2079 4552 perFilium
2104 4489 2269 4556 dixit;
2293 4494 2364 4546 ita
2398 4507 2442 4567 ι)
2471 4499 2563 4552 site
2610 4494 2890 4567 magistri.
2915 4499 2976 4553 lli
3004 4502 3172 4564 enim,
3212 4510 3266 4554 et
3298 4515 3526 4568 magnus
3559 4502 3609 4554 in
3645 4503 3834 4569 primis
3863 4504 4029 4557 Atha-

786 4583 838 4623 ct
865 4574 964 4624 iste
991 4588 1055 4624 ex
1089 4577 1330 4640 utrisque
1373 4574 1688 4642 procedere,
1724 4585 1776 4629 et
1809 4578 1858 4630 in
1885 4579 2129 4648 utrisque
2161 4584 2394 4652 perdu-o

788 4678 950 4726 rare;
986 4674 1148 4730 atque
1186 4681 1249 4717 ex
1281 4667 1565 4729 ambobus,
1616 4671 1666 4722 id
1707 4680 1809 4729 est,
1843 4684 1908 4722 ex
1939 4669 2120 4734 Patre,
2142 4683 2195 4727 et
2226 4673 2362 4729 Filio

785 4773 927 4810 esse.
960 4759 1025 4811 Et
1060 4770 1119 4812 ut
1157 4760 1476 4813 cbaritatem
1511 4763 1773 4828 Spiritum
1831 4776 2082 4819 sanctum
2105 4769 2358 4837 Augusti-

785 4854 1359 4921 nus-appellavitzita
1407 4866 1459 4908 et
1492 4857 1819 4913 Athanasius
1875 4858 1942 4911 ad
2002 4861 2352 4932 Serapionem

783 4945 1052 5010 scribens,
1095 4947 1206 4998 ait:
1233 4946 1465 5016 Denique
1489 4949 1813 5016 Corinthiis,
1848 4970 2006 5008 orans
2057 4955 2111 5007 in
2173 4953 2352 5008 Trinir

785 5049 891 5091 tate
943 5039 1153 5104 orabat,
1219 5040 1686 5096 dicenanratia
1725 5045 1936 5099 Domini
1998 5050 2162 5101 nostri
2226 5047 2355 5101 Jesu

783 5130 1004 5194 Christi,
1030 5145 1079 5182 et
1126 5132 1336 5184 dilectio
1377 5133 1490 5198 Dei,
1539 5145 1587 5187 et
1616 5136 1818 5198 Patris,
1851 5149 1898 5190 et
1947 5141 2357 5192 communicatio

717 5224 720 5228 ’
783 5221 1015 5288 Spiritus
1048 5226 1216 5276 sancti
1241 5241 1358 5276 cum
1389 5227 1630 5279 omnibus
1657 5231 1794 5282 vobis
1826 5231 1925 5282 “.i
1954 5229 2188 5296 Spiritus
2217 5234 2355 5284 enim

782 5315 1085 5380 participes,
1117 5317 1367 5371 habemus
1394 5321 1532 5372 verbi
1555 5323 1807 5389 gratiam,
1833 5333 1987 5389 atque
2021 5324 2073 5374 in
2105 5324 2216 5388 ipso
2247 5321 2357 5376 Pa-

783 5409 1202 5464 tiecltaritatem.
1217 5409 1442 5464 Constat
1459 5412 1641 5486 igitur,
1661 5413 1785 5480 quia
1823 5411 2084 5480 Spiritum
2103 5422 2349 5467 sanctum

783 5497 834 5548 in
862 5498 963 5551 hoc
1001 5500 1118 5553 loco
1155 5502 1444 5568 appellavit
1471 5521 1482 5556 :
1509 5505 1578 5556 ita
1602 5505 1743 5556 enim
1778 5503 2018 5556 Trinitas
2045 5504 2352 5557 insinuabi-

784 5601 871 5642 tnr
906 5592 955 5644 in
993 5607 1098 5657 qua
1148 5594 1469 5662 Apostolum
1512 5595 1576 5648 ad
1637 5593 1948 5648 Corinthios
2013 5609 2220 5656 orasse,
2255 5603 2350 5646 ait.

783 5681 945 5734 L‘ertc
992 5691 1048 5736 ct
1098 5684 1288 5738 beatus
1342 5684 1660 5739 Theodorus
1717 5686 1959 5739 Studites
2009 5688 2074 5739 de
2146 5686 2353 5754 Spiritu

858 5868 905 5896 "°
936 5867 1053 5923 Act.
1093 5884 1146 5933 Il,
1182 5870 1231 5924 4.

1311 5873 1355 5903 ⁹¹
1394 5875 1512 5926 Act.
1549 5872 1743 5934 “11,5.
1828 5872 1869 5900 ³⁸
1915 5869 1930 5921 Ι
1972 5869 2097 5923 (Lor.
2133 5884 2246 5932 χιιι,
2291 5870 2366 5922 15.

2472 4591 2658 4644 nasius
2703 4592 2760 4645 in
2795 4591 2901 4654 his,
2933 4606 3054 4658 quae
3094 4601 3280 4645 contra
3315 4595 3500 4645 Arium
3545 4595 3784 4659 scripsit,
3816 4609 3911 4648 eos
3942 4597 4035 4662 qui

2467 4683 2710 4736 dicerent
2742 4683 3072 4749 posteriores
3104 4683 3262 4737 Patre
3294 4682 3486 4735 Filium
3520 4694 3574 4736 et
3606 4684 3864 4750 Spiritum
3910 4701 4036 4738 sau-

2464 4782 2608 4823 ctum
2644 4772 3018 4826 ratiocinando
3049 4773 3192 4825 illam
3233 4773 3622 4826 absurditatem
3652 4774 3979 4827 induxerunt
4017 4791 4030 4827 :

2463 4859 2627 4911 veluti
2662 4859 2706 4911 si
2738 4860 3006 4924 dicerent,
3044 4861 3164 4914 sine
3198 4863 3425 4924 ratione,
3464 4874 3517 4915 et
3553 4862 3831 4916 voluntate
3867 4862 4035 4916 Deum

2459 4965 2596 5005 esse.
2621 4950 2682 5002 Et
2708 4952 2941 5019 merito;
2975 4952 3098 5020 quia
3122 4954 3262 5007 enim
3289 4953 3429 5007 Deus
3463 4954 3833 5023 intelligihilis,
3861 4969 3922 5007 ac
3947 4969 4037 5008 vo-

2458 5043 2575 5096 lens
2613 5052 2714 5106 est,
2747 5046 3048 5098 secundum
3099 5061 3416 5099 communes
3469 5045 3538 5098 de
3587 5046 3687 5098 hoc
3727 5046 4034 5115 intelligen-

2467 5139 2592 5200 tias,
2628 5136 3030 5207 Scripturaeque
3077 5137 3396 5197 sententias,
3440 5135 3842 5188 rationabilium
3907 5150 4035 5189 vero

2465 5230 2744 5301 pellet-tio,
2793 5235 3075 5293 rationem,
3107 5239 3268 5294 atque
3314 5227 3648 5280 voluntatem
3683 5227 3880 5280 habere
3917 5238 4026 5289 est,

2464 5324 2646 5378 omnis
2679 5331 2860 5374 autem
2890 5319 3155 5389 perfectio
3214 5318 3587 5386 principalius.
3640 5330 3802 5384 atque
3832 5317 4037 5383 perl‘cc—

2467 5417 2576 5470 tius
2639 5415 2690 5467 in
2747 5414 2854 5468 Deo
2907 5413 3007 5466 sita
3062 5423 3146 5466 est
3179 5431 3192 5465 :
3227 5411 3677 5479 quemadmodum
3721 5409 3861 5461 Deus
3920 5411 4035 5477 ipse

2463 5511 2695 5576 seipsum
2746 5507 3069 5576 intelligens,
3113 5505 3225 5573 ipse
3243 5505 3342 5559 sibi
3383 5505 3479 5571 ipsi
3522 5502 3877 5571 intelligibilis
3909 5513 4030 5566 est;

2469 5602 2568 5654 hoc
2593 5601 2736 5651 enim
2765 5608 2847 5650 est
2880 5609 2932 5650 et
2965 5612 3184 5651 movere
3227 5599 3399 5666 ipsum
3428 5595 3796 5664 speculatione
3826 5593 3944 5656 sui;
3976 5610 4035 5648 se

2469 5691 2638 5743 insutu
2691 5703 2820 5742 vero
2868 5688 3213 5757 intelligens,
3269 5699 3322 5741 et
3370 5688 3474 5741 alia
3527 5684 3796 5754 intelligit,
3851 5695 3906 5736 ut
3962 5685 4036 5735 ait

2446 5874 2488 5901 ³³
2525 5870 2537 5921 l
2569 5869 2694 5923 Cor.
2743 5885 2836 5932 xu,
2872 5869 2954 5922 ll.
