4462 6440
464 378 563 444 125

1514 386 1911 445 ADVERSUS
1942 388 2254 447 Gll.EtIO.$
2286 392 2406 448 LIB
2480 397 2529 447 ll
3600 400 3695 455 3‘26

464 493 753 561 Dionysius
790 495 1047 559 eximius;
1076 506 1238 565 atque
1270 497 1391 550 liinc
1450 496 1711 561 Verbi,ct
1742 497 1858 551 Filii
1898 515 2016 563 per-
2048 519 2091 561 Α
2123 514 2211 555 cro
2257 504 2608 567 contumelia,
2641 503 2771 556 ιιιΙιίΙ
2822 502 2902 554 vel
2939 503 3087 573 ipsis,
3130 506 3207 555 vel
3248 505 3351 551 lleo
3404 508 3688 581 indqmus,

461 599 591 635 sona
625 587 880 640 cooritur.
917 588 1070 653 Quod
1115 590 1255 640 enim
1304 588 1575 642 delinibile
1599 600 1681 642 est
1730 591 1795 644 ad
1832 593 2023 645 delini-

464 674 661 726 tiouem
704 678 929 732 relative
960 680 1197 734 dicitur:
1231 692 1392 750 alque
1429 683 1541 748 ipse
1583 693 1665 736 est
1695 684 1866 737 Patris
1888 684 2020 736 deli-

464 767 614 830 nitio,
644 776 694 819 et
727 766 979 831 Verbum,
1008 778 1057 821 et
1081 771 1219 823 sicut
1241 774 1479 826 definitio
1504 776 1568 827 ad
1600 775 1893 834 deﬁnitum,
1922 774 2023 835 sic,

463 857 623 909 habet
656 856 825 911 Filius
860 860 925 912 ad
957 859 1167 913 Patrem
1202 865 1492 917 secundum
1523 866 1852 933 Tlteologum
1888 866 2022 917 (ire-

459 948 686 1012 g'trintn.
744 950 848 1002 Sed
898 962 949 1002 et
998 954 1475 1009 conSubstantialis
1546 958 1591 1009 ei
1645 966 1749 1009 est.
1810 954 2021 1007 Nullum

458 1039 600 1091 enim
627 1042 874 1094 accidens
906 1043 956 1095 in
984 1041 1109 1107 Deo,
1151 1046 1227 1098 sic
1263 1058 1316 1099 et
1356 1048 1469 1114 ipse
1503 1063 1559 1100 se
1591 1049 1762 1115 ipsum
1795 1059 1873 1099 est
1903 1047 2022 1099 dili-

460 1142 613 1193 gens,
641 1140 693 1181 et
719 1133 902 1184 volens
927 1143 978 1183 et
1008 1148 1217 1188 amans.
1246 1137 1364 1204 Ipse
1428 1139 1622 1207 quippe
1654 1140 1753 1192 sibi
1779 1139 2021 1191 estdesi-

460 1219 719 1283 derabile,
750 1231 801 1275 et
838 1238 1131 1289 summum,
1179 1236 1232 1280 et
1261 1228 1483 1290 bonum,
1529 1246 1593 1283 ex
1627 1246 1683 1281 se
1723 1231 1835 1296 ipso
1872 1244 2022 1281 suam

460 1311 703 1373 producit
734 1312 1081 1375 voluntatem,
1106 1316 1218 1369 sive
1247 1316 1588 1380 charitzitem,
1625 1319 1736 1372 sive
1762 1334 2022 1381 amorem,

459 1416 579 1465 qua:
632 1401 852 1468 Spiritui
890 1417 1080 1458 sancto
1160 1408 1383 1461 relative
1431 1411 1711 1473 assignant
1770 1410 2023 1462 Ecclesia:

460 1491 700 1556 magistri
759 1492 943 1561 Neque
976 1496 1117 1547 enim
1144 1496 1277 1550 alias
1309 1498 1390 1551 his
1418 1501 1507 1565 qui
1539 1509 1791 1568 negarent
1816 1497 2021 1551 Filium

458 1591 512 1632 et
542 1581 797 1648 Spiritum
826 1594 1092 1650 sauctmn,
1125 1587 1418 1655 objicerent
1451 1591 1592 1658 quod
1641 1592 1755 1644 sine
1816 1592 2023 1644 ratione

459 1680 512 1722 et
561 1671 833 1725 voluntate
884 1673 1047 1728 Deum
1085 1677 1236 1730 fateri
1287 1690 1638 1748 cogerentur:
1678 1681 1779 1734 nisi
1813 1681 2021 1733 Patrem

459 1761 694 1824 quidem,
726 1774 985 1826 mentem.
1021 1766 1499 1829 Filium,-Verbum
1538 1787 1551 1822 :
1589 1768 1846 1838 Spiritum
1895 1785 2021 1825 vero

456 1863 728 1915 Sanctum,
758 1856 1109 1920 voluntatem,
1138 1858 1357 1913 relative
1390 1859 1678 1913 voluissent
1707 1861 1905 1914 dicere.

531 1942 592 1994 Et
640 1944 895 2011 quoniam
932 1958 1190 2015 quantum
1228 1960 1331 2010 est,
1369 1950 1508 2016 quod
1541 1950 1804 2019 diligitur,
1868 1960 2013 2003 tanta

456 2041 511 2085 et
558 2034 795 2099 dilectio,
828 2039 947 2091 sive
985 2041 1229 2094 voluntas
1282 2050 1399 2104 est;
1450 2043 1637 2110 parilis
1666 2053 1718 2097 et
1755 2046 1864 2112 ipsa
1911 2046 2017 2098 Ileo

459 2134 561 2192 εει,
596 2136 647 2179 et
678 2143 984 2195 exaequatis.
1020 2132 1108 2185 Est
1139 2142 1191 2185 et
1222 2134 1728 2199 consubstantialis,
1758 2137 2015 2202 quoniam

465 2216 519 2267 in
570 2215 675 2268 Deo
728 2219 930 2272 nullum
975 2222 1244 2275 accidens.
1297 2222 1383 2275 Sic
1434 2223 1597 2291 igitur
1624 2234 1676 2277 et
1724 2226 1863 2277 Deus
1922 2240 2018 2292 pro

455 2305 706 2361 confesso
760 2309 991 2363 habetur
1042 2310 1274 2379 Spiritus
1320 2324 1536 2367 sanctus
1587 2316 2020 2368 consubstantia-

459 2398 523 2449 lis
576 2397 719 2453 Patri
760 2410 813 2454 et
872 2402 1026 2467 Filio,
1078 2412 1132 2456 et
1181 2414 1501 2459 cowternus.
1551 2404 1832 2475 Nunquam
1878 2407 2020 2460 enim

460 2488 566 2542 fuit
615 2492 728 2544 sine
766 2495 951 2559 verbo,
1002 2504 1056 2549 et
1110 2496 1228 2550 sine
1273 2498 1551 2552 voluntate
1594 2498 1751 2553 Deus.
1788 2500 1858 2551 Ex
1893 2515 2021 2568 quo.

455 2592 506 2635 et
542 2598 658 2647 qua:
689 2586 942 2650 praedicta
980 2596 1126 2649 sunt.
1183 2605 1287 2641 una
1350 2602 1629 2658 apparent,
1665 2592 1803 2659 quod
1857 2591 2023 2644 Filius

460 2676 670 2729 scilicet
719 2677 789 2729 sit
824 2692 884 2729 ex
927 2676 1084 2731 Patre
1126 2680 1240 2733 sine
1295 2683 1491 2743 medio,
1529 2683 1688 2735 veluti
1727 2698 1791 2735 ex
1844 2693 2025 2735 mente

461 2767 685 2818 verbum
721 2804 733 2817 .
769 2767 1006 2833 Spiritus
1048 2782 1224 2822 autem
1270 2783 1493 2825 sanctus
1518 2788 1580 2826 ex
1628 2771 1782 2827 Patre
1820 2790 1912 2841 per
1941 2772 2026 2825 Fi-

458 2854 609 2917 lium,
670 2858 827 2911 sicuti
879 2859 1167 2923 voluntas,
1223 2870 1274 2915 et
1330 2863 1590 2924 cbaritas.
1639 2874 1692 2917 et
1733 2880 1904 2930 amor,
1959 2882 2024 2919 ex

458 2952 637 2997 mente
685 2960 776 3010 per
842 2951 1085 3010 Verbum,
1120 2959 1173 3003 et
1204 2967 1266 3003 ex
1314 2952 1490 3006 Verbo
1524 2956 1723 3022 prodit.
1768 2956 2024 3022 ltnpossi-

460 3035 565 3087 bile
594 3051 821 3105 namque
850 3048 952 3101 est,
983 3041 1138 3102 velle,
1166 3042 1244 3093 vel
1270 3043 1510 3109 diligere,
1538 3044 1637 3099 nisi
1662 3061 1755 3112 per
1782 3050 2025 3109 verbum,

455 3134 512 3176 et
567 3129 898 3191 przecedente
950 3130 1129 3181 verbo.
1177 3130 1441 3194 Quocirca
1498 3133 1661 3186 etiam
1714 3136 1907 3189 merito
1961 3151 2025 3189 cx

462 3216 635 3269 Verbo
691 3218 979 3284 procedere
1020 3220 1238 3274 dicitur.

534 3310 666 3375 Quia
724 3312 886 3379 igitur
946 3314 1241 3367 secundum
1306 3330 1618 3384 processum
1689 3318 2020 3380 voluntatis,

459 3403 577 3456 sive.
622 3403 939 3468 cbaritatis,
973 3421 1039 3458 ex
1098 3404 1255 3458 Patre
1301 3422 1394 3474 per
1448 3408 1679 3463 Verbum
1743 3412 2030 3476 procedere

459 3493 723 3559 Spiritum
775 3497 815 3547 A
860 3498 1108 3561 gnstinus
1169 3498 1458 3568 intelligit'
1512 3499 1717 3553 ideirco
1760 3517 1879 3554 cum
1943 3504 2026 3554 di-

470 3588 663 3647 xisset,
699 3588 897 3653 ipsum,
955 3588 1192 3642 dictante
1228 3589 1527 3657 Scriptura,
1578 3592 1898 3646 cbarztateui
1927 3592 2016 3646 Pa-

462 3677 562 3729 tris
603 3692 663 3727 ae
717 3677 872 3742 Filii,
906 3679 1067 3731 etiam
1117 3696 1181 3732 ex
1234 3681 1411 3740 Patre,
1442 3691 1495 3735 et
1548 3682 1683 3735 Filio
1731 3686 2026 3752 procedere

459 3770 752 3824 concludit.
808 3768 922 3834 Qua
984 3772 1329 3826 conclusione
1377 3773 1581 3829 Grzecis
1632 3791 1847 3845 quoque
1900 3777 2026 3830 doc.-

461 3861 707 3925 toribus,
764 3871 821 3914 ut
875 3877 1032 3928 supra
1097 3865 1415 3925 docuimus,
1475 3866 1707 3918 maxime
1759 3882 2027 3920 consonus

456 3962 542 4005 cst
573 3989 589 4002 .
650 3953 710 4004 lli
766 3954 907 4005 enim
958 3969 1022 4006 ex
1071 3952 1229 4007 Patre
1290 3971 1384 4021 per
1436 3956 1630 4008 Filium
1693 3959 1982 4025 procedere
2013 4001 2027 4019 ,

457 4055 513 4095 et
550 4059 614 4097 ex
674 4043 831 4096 Patre
895 4053 947 4097 et
995 4043 1127 4097 Filio
1188 4061 1306 4098 esse
1375 4058 1626 4101 as~erunt
1666 4067 1678 4103 :
1713 4052 1879 4117 quod,
1936 4056 2025 4120 qui

457 4143 640 4201 negat,
681 4136 910 4187 alterum
959 4152 1021 4189 ex
1067 4137 1293 4197 duobus,
1326 4139 1405 4190 vel
1442 4138 1649 4194 Patrem
1683 4143 1799 4195 sine
1834 4144 2025 4210 Verbo,

454 4237 512 4280 et
567 4229 862 4293 voluntate,
916 4230 994 4282 vel
1051 4230 1185 4284 duos
1213 4227 1376 4285 Filios
1425 4233 1475 4284 in
1527 4245 1716 4287 sancta
1763 4234 2027 4291 Trinitate

455 4319 825 4382 cantitebitur,
869 4330 917 4372 et
979 4322 1164 4375 ambus
1232 4325 1348 4377 sine
1416 4323 1520 4377 ullo
1585 4326 1763 4381 medio
1804 4342 1865 4382 ex
1925 4328 2024 4382 Pa-

458 4420 542 4464 tre
587 4426 707 4465 esse
760 4426 939 4479 posse.

2126 591 2206 643 vel
2261 593 2479 659 gravius
2534 592 2759 661 irrogari
2808 601 3003 661 potest,
3054 592 3303 659 quodque
3346 606 3522 655 math
3563 606 3680 653 est,

2124 691 2309 735 eontra
2359 684 2478 734 illos
2530 683 2875 741 mentiendo,
2931 695 2987 733 se
3034 680 3178 745 ipsos
3230 680 3314 731 isti
3371 696 3397 731 a
3462 682 3691 733 veritate

2125 772 2336 824 illorum
2371 772 2572 827 faciunt
2599 781 2863 825 extorres:
2895 786 2956 823 ac
2996 768 3190 821 deinde
3223 778 3412 832 putant
3448 770 3688 821 debitum

2124 877 2183 915 se
2234 862 2337 913 illis
2374 864 2631 914 honorem
2694 860 2935 913 reddere.
2981 857 3165 958 Neque
3221 872 3353 910 sane
3411 860 3690 918 convenit,

2126 968 2190 1006 ne
2234 954 2393 1005 etiam
2426 970 2453 1004 a
2485 952 2622 1004 Filio
2652 966 2771 1004 esse
2799 950 3345 1015 Spiritum'sanetnm
3382 953 3689 1002 necessario

2122 1041 2497 1100 conﬁteantur,
2543 1041 2692 1106 juxta
2744 1040 2965 1093 Patrum
3016 1042 3417 1091 veracissimam
3473 1041 3683 1091 theolo-

2122 1135 2261 1201 giam
2289 1147 2304 1183 :
2335 1134 2456 1184 dum
2494 1148 2686 1195 negare
2738 1133 2918 1184 volunt
2950 1147 3071 1185 eum
3116 1146 3143 1182 a
3175 1131 3309 1183 Filio
3338 1132 3476 1192 dari,
3516 1148 3689 1196 neque

2124 1220 2283 1281 mitti,
2313 1220 2570 1284 Spiritum
2619 1231 2889 1278 sanctum,
2955 1227 3180 1288 gratlau:
3227 1222 3343 1273 sine
3390 1224 3689 1274 substantia

2124 1310 2304 1362 dicere
2361 1323 2735 1375 prmsumere,
2789 1308 2928 1361 sicut
2985 1311 3126 1361 enim
3186 1311 3391 1363 dictum
3440 1323 3540 1363 est:
3602 1310 3690 1363 Sic

2128 1399 2264 1453 Deus
2300 1402 2487 1453 dilexit
2530 1401 2802 1463 mundum,
2854 1411 2909 1451 ut
2946 1399 3141 1453 Filium
3180 1419 3329 1453 suum
3373 1405 3689 1469 unigenitum

2123 1494 2268 1544 daret
2313 1508 2403 1555 pro
2433 1508 2491 1543 eo
2516 1491 2600 1544 ’δε
2634 1494 2703 1543 ita
2735 1500 2787 1543 et
2819 1491 3075 1559 Spiritum
3115 1504 3380 1553 sanctum,
3414 1495 3691 1561 Scriptura

2124 1598 2241 1637 cum
2293 1584 2602 1635 doctoribus
2654 1584 2919 1635 clamante
2951 1585 3089 1646 dari,
3127 1599 3189 1637 ac
3221 1587 3378 1645 mitti,
3414 1587 3685 1639 fatendum

2122 1682 2226 1733 est,
2287 1674 2541 1740 quoniam
2600 1673 2786 1726 dilexit
2842 1689 2936 1727 nos
2972 1692 2985 1729 :
3024 1674 3151 1725 illud
3203 1686 3459 1742 praeterea
3514 1686 3690 1729 mente

2125 1766 2433 1830 repetendo,
2490 1766 2631 1832 quod
2683 1765 2919 1830 quotidie
2964 1776 3204 1825 orantes,
3243 1769 3491 1819 dicimus:
3536 1768 3683 1834 Veni,

2044 1852 2092 1910 Β
2125 1852 2391 1907 Paraclele
2422 1856 2653 1920 benigne,
2684 1865 2729 1906 et
2770 1856 2945 1907 Imbila
2998 1858 3046 1907 in
3080 1859 3221 1909 nobis
3256 1869 3347 1918 :et
3377 1877 3387 1910 :
3442 1859 3685 1923 Domine.

2120 1946 2209 2012 qui
2256 1953 2493 1996 sanctum
2542 1946 2796 2009 Spiritum
2830 1936 2973 1997 tuum
3029 1951 3157 1999 liora
3207 1951 3355 2000 tertia
3411 1952 3511 2001 tuis
3558 1968 3688 2017 apo-

2123 2038 2269 2090 stolis
2337 2039 2541 2099 misisti,
2577 2041 2711 2089 hunc
2746 2056 2776 2091 a
2836 2040 2979 2091 nobis
3044 2041 3281 2097 clemens.
3344 2060 3402 2094 ne
3455 2045 3682 2110 auferas.

2127 2125 2349 2179 Prorsus
2391 2144 2517 2181 vero
2551 2144 2824 2194 nunquam
2859 2130 2925 2182 ab
2975 2131 3093 2198 ipso
3126 2132 3282 2183 datus
3331 2134 3544 2194 luisset,
3580 2136 3684 2187 nisi

2125 2226 2177 2270 et
2203 2220 2267 2269 ab
2299 2219 2413 2284 ipso
2437 2229 2597 2271 esset.
2632 2219 2795 2271 Aliter
2828 2220 3024 2286 quippe
3053 2220 3299 2273 minismr
3324 2234 3462 2276 esset
3499 2224 3685 2277 Filius.

2128 2308 2248 2361 Ideo
2282 2317 2331 2362 et
2372 2310 2573 2361 dictum
2624 2320 2748 2363 est:
2789 2313 2828 2361 Δ
2862 2327 2968 2373 quo
3018 2320 3193 2363 autem
3222 2313 3333 2363 dari
3383 2318 3683 2376 oportebat.

2130 2401 2227 2454 nisi
2265 2401 2331 2453 ab
2365 2416 2451 2460 eo,
2494 2402 2645 2467 cujus
2685 2404 2810 2454 est?
2849 2402 2913 2455 Et
2950 2403 3081 2455 illud
3136 2404 3260 2456 item
3293 2415 3526 2467 constat,
3564 2408 3687 2474 quia

2128 2506 2303 2558 neque
2340 2492 2569 2543 Verbum
2611 2491 2994 2554 daretur,.nisi
3036 2495 3369 2558 prazcedenle
3406 2495 3686 2558 cliaritnte,

2132 2582 2427 2635 secundum
2464 2596 2625 2649 quam
2654 2581 2847 2635 dilexit
2875 2597 2991 2636 nos.
3030 2582 3091 2636 Et
3116 2585 3241 2651 quia
3267 2582 3505 2649 Spiritus
3536 2600 3689 2637 sanc-

2142 2685 2227 2727 tus
2288 2675 2529 2727 Charitas
2597 2676 2838 2739 dicitur,
2896 2677 3268 2743 principaliter
3327 2677 3498 2745 ipsum
3548 2678 3693 2731 dedit

2134 2769 2290 2822 nobis
2322 2782 2442 2819 cum
2477 2768 2758 2821 dilexisset
2810 2783 2928 2830 nos,
2960 2784 3192 2821 inaxmie
3228 2769 3349 2835 quia
3410 2780 3463 2821 et
3500 2769 3659 2820 volun

2130 2870 2235 2921 tas,
2297 2864 2420 2929 quia
2481 2874 2539 2914 se
2599 2861 2770 2925 ipsum
2830 2872 2879 2912 et
2920 2860 3116 2926 diligit,
3164 2868 3218 2912 et
3268 2860 3382 2911 vult
3459 2859 3695 2929 Spiritus

2133 2962 2373 3019 sanctus,
2414 2953 2711 3019 appellatus
2771 2961 2872 3006 est.
2919 2951 3021 3015 Qui
3071 2952 3210 3004 enim
3271 2951 3478 3004 amicus
3538 2952 3695 3005 alicui

2133 3044 2386 3108 efﬁcitur,
2443 3046 2636 3099 bonam
2681 3045 2831 3113 prius
2883 3044 3215 3096 voluntatem
3246 3058 3396 3097 suam
3454 3043 3552 3109 ipsi
3588 3042 3694 3095 lar-

2135 3136 2297 3203 gitur.

2054 3196 2097 3259 ϐ
2202 3227 2351 3281 Scire
2377 3237 2552 3281 tamen
2589 3228 2993 3294 convenit,qu:e
3018 3227 3375 3281 communiter
3407 3235 3565 3291 atque
3606 3227 3685 3274 in-

2130 3321 2364 3373 discrete
2389 3335 2528 3386 smpe
2558 3322 2607 3370 in
2639 3320 2745 3371 Deo
2769 3319 3023 3372 dicuntur
3050 3359 3063 3381 ,
3116 3318 3333 3369 relative
3368 3331 3430 3369 ac
3480 3317 3692 3382 proprie

2132 3411 2183 3463 in
2212 3426 2279 3462 eo
2300 3410 2424 3463 diei.
2464 3411 2526 3463 Et
2566 3412 2968 3476 dicituritaque
3015 3410 3253 3462 charitas
3282 3409 3443 3470 Dens,
3471 3415 3609 3460 sicut
3640 3419 3696 3458 et

2132 3516 2303 3564 mens,
2340 3510 2391 3552 et
2425 3500 2644 3552 verbum
2684 3502 3042 3551 communiter
3098 3508 3148 3551 et
3176 3499 3444 3557 absolute.
3474 3497 3567 3551 sed
3598 3498 3696 3549 hoc.

2132 3608 2183 3644 tn
2226 3593 2344 3645 loco
2374 3592 2600 3645 relative
2632 3591 2858 3658 Spiritui
2896 3591 3126 3644 reddim-
3192 3587 3323 3641 Nam
3350 3600 3401 3642 et
3434 3589 3694 3656 Sztplt'lllla

2128 3683 2325 3736 dicitur
2354 3672 2571 3749 quidem
2600 3684 2959 3737 communiter
2996 3680 3133 3734 Deus
3159 3698 3173 3743 ;
3204 3681 3497 3733 secundum
3539 3694 3696 3747 quem

2129 3783 2431 3839 respectum
2468 3781 2593 3825 tunc
2624 3788 2818 3825 nomen
2854 3773 2954 3825 hoc
3009 3771 3173 3831 Patri,
3211 3782 3263 3823 et
3296 3769 3451 3831 Filio,
3486 3779 3538 3823 ct
3568 3770 3692 3836 Spi-

2128 3865 2250 3917 ritui
2282 3873 2468 3918 sancto
2501 3874 2761 3933 tanquam
2814 3866 2903 3917 uni
2946 3864 3019 3916 rei
3074 3863 3365 3915 indiscrete
3410 3875 3700 3913 commune

2129 3972 2250 4012 esse
2278 3958 2500 4027 intelligi
2537 3972 2757 4012 necesse
2798 3967 2898 4010 est.
2958 3955 3069 4010 Una
3110 3957 3251 4008 Cllltll
3284 3964 3366 4009 est
3418 3954 3577 4005 trium
3615 3955 3703 4004 es;

2127 4051 2297 4103 sentin
2354 4052 2497 4103 sicut
2536 4060 2589 4102 et
2627 4064 2728 4101 una
2766 4048 3049 4114 sapientia,
3102 4057 3154 4098 et
3191 4061 3291 4098 una
3331 4044 3546 4098 bonitas
3573 4082 3587 4105 ,
3622 4052 3696 4104 et,

2128 4141 2173 4193 si
2219 4140 2345 4206 quid
2387 4140 2530 4193 aliud
2583 4142 2945 4193 communiter
3001 4147 3054 4190 et
3104 4138 3370 4198 absolute,
3400 4146 3589 4199 etest,
3644 4147 3698 4185 et

2128 4232 2467 4301 intelligitur.
2501 4231 2604 4283 Sed
2652 4240 2829 4282 tamen
2862 4231 3078 4297 praprie
3111 4229 3241 4281 Filio
3275 4228 3538 4294 Sapientia
3575 4227 3697 4278 red-

2128 4325 2294 4389 ditur,
2327 4327 2574 4392 quamvis
2634 4338 2737 4375 una
2798 4339 2861 4375 ex
2913 4336 3136 4374 numero
3200 4320 3470 4373 exsistens
3513 4319 3697 4376 trium,

2129 4416 2431 4485 eademque
2463 4416 2531 4470 sit
2568 4415 2831 4483 sapientia
2868 4424 2922 4466 et
2974 4429 3092 4481 qua:
3132 4412 3307 4481 genita
3342 4420 3447 4471 est,
3497 4420 3550 4463 et
3581 4424 3701 4474 qua:

533 4502 684 4568 Quod
748 4502 793 4556 si
842 4504 964 4571 quis
1035 4504 1387 4574 Augusﬁnum
1453 4520 1818 4577 percontetur,
1889 4516 2026 4570 unde
2063 4539 2103 4595 ο
2132 4511 2336 4576 genuit,
2376 4508 2481 4562 alio
2512 4519 2687 4559 tamen
2718 4514 2966 4575 respectu
3008 4506 3192 4557 eadem
3229 4518 3332 4556 non
3367 4512 3471 4563 est,
3507 4518 3700 4553 secun-

452 4607 672 4644 causam
723 4594 1035 4659 sumpserit,
1085 4603 1143 4647 ut
1189 4594 1449 4663 Spiritum
1505 4609 1755 4653 sanctum
1803 4606 2022 4667 donum,

452 4693 509 4735 et
538 4682 876 4739 dilectionem
912 4686 1107 4755 Patris,
1132 4708 1195 4746 ac
1231 4691 1346 4745 Filii
1388 4694 1606 4757 diceret,
1646 4699 1843 4765 scripta
1880 4700 2025 4754 illius

456 4778 781 4831 testimoniis
824 4781 1125 4835 divinarum
1182 4783 1505 4839 Litterarum
1576 4790 1823 4844 roborata
1877 4792 2022 4860 (nant

453 4866 573 4918 sine
625 4867 729 4924 his.
789 4868 919 4920 nihil
966 4870 1173 4924 locutus
1225 4872 1331 4939 est)
1368 4874 1416 4926 in
1452 4872 1601 4925 libris
1650 4877 1716 4929 de
1765 4876 2027 4931 Trinitate

456 4971 556 5024 pro
585 4973 650 5011 eo
691 4960 1109 5027 respondebunt,
1162 4964 1428 5034 simulque
1474 4984 1569 5033 pro
1614 4984 1807 5038 magno
1857 4972 2026 5023 Atha-

456 5049 629 5109 nasio,
679 5049 768 5114 qui
817 5051 1002 5103 eadem
1042 5052 1250 5106 locutus
1278 5062 1379 5108 est.
1423 5056 1539 5110 Non
1575 5058 1736 5127 igitur
1787 5062 2023 5129 expedit,

464 5140 582 5191 ium
639 5140 1017 5195 COllClUSlOﬂtS
1069 5144 1515 5200 irrationabiliter
1555 5166 1749 5218 negare
1799 5154 2027 5216 volunt,

454 5229 647 5293 etiam,
682 5248 800 5298 qua:
830 5248 859 5285 a
896 5230 995 5287 SS.
1027 5233 1274 5291 Patribus
1321 5239 1463 5291 dicta
1499 5251 1649 5305 sunt,
1682 5242 2023 5309 Cliaritutem,

455 5338 554 5375 seu
599 5323 947 5389 voluntatem,
999 5340 1090 5379 seu
1148 5330 1351 5398 aliquid
1399 5330 1705 5398 ltnjusutodi
1763 5336 2021 5402 Spiritum

455 5426 705 5467 sanctum
754 5418 1135 5483 communiter,
1192 5435 1253 5473 ac
1303 5422 1577 5491 sigillatim
1633 5426 2020 5483 confitentibus

455 5519 563 5556 una
602 5520 813 5575 negare,
849 5507 1111 5563 adversus
1147 5523 1367 5566 sanctos
1412 5514 1753 5581 impudenter
1787 5532 1844 5571 sc
1887 5518 2017 5571 elle-

458 5596 652 5659 reudo,
683 5613 883 5669 eosque
930 5602 1030 5656 sibi
1064 5603 1287 5658 invicem
1337 5604 1663 5674 objicieudo.
1697 5607 1807 5673 Qua
1843 5609 2021 5679 pmic-

564 5776 571 5783 ’
625 5769 771 5822 lt‘dn.
806 5788 879 5823 ΙΙΙ,
930 5775 981 5819 ΙΓ

2134 4602 2261 4653 dum
2303 4600 2515 4653 scilicet
2568 4599 2958 4667 oppositionem
2994 4595 3269 4663 gignendi,
3313 4609 3375 4645 ac
3424 4591 3699 4648 nascendi,

2132 4693 2259 4759 quia
2308 4706 2480 4757 neque
2518 4689 2678 4742 Pater
2741 4688 2908 4741 Filius
2945 4697 3051 4750 est,
3086 4700 3263 4752 neque
3318 4683 3483 4737 Filius
3514 4680 3695 4733 Pater.

2134 4780 2211 4834 lta
2254 4781 2450 4835 dicitur
2480 4782 2697 4848 quidem
2749 4788 2802 4831 et
2842 4778 3075 4846 Spiritus
3106 4776 3406 4842 Sapientia,
3443 4782 3499 4828 et
3531 4773 3699 4836 Mens,

2128 4892 2316 4929 verum
2355 4878 2577 4931 relative
2606 4891 2669 4929 ac
2716 4875 3011 4928 secundum
3076 4872 3348 4941 propriam
3408 4885 3696 4937 processus

2131 4966 2502 5020 deﬁnitionem
2539 4968 2641 5019 hoc
2684 4982 2958 5032 nunquam
3002 4963 3217 5033 penitus
3248 4964 3491 5024 dicetur;
3552 4960 3702 5012 simi-

2134 5056 2259 5108 liter
2286 5068 2338 5109 et
2370 5058 2617 5111 voluntas
2643 5055 3003 5108 communiter
3048 5052 3245 5105 dicitur
3283 5052 3446 5109 Deus,
3490 5050 3614 5117 quia
3646 5060 3699 5101 et

2129 5148 2311 5201 volens
2363 5159 2443 5203 est
2494 5150 2665 5215 ipsum
2720 5158 3072 5216 praeceptum,
3113 5161 3173 5196 ac.
3208 5153 3452 5210 potestas
3494 5142 3606 5194 Dei.
3637 5141 3702 5192 Et

2135 5239 2250 5307 ipse
2289 5256 2505 5308 quoque
2536 5239 2624 5292 Dei
2655 5239 2825 5291 Filius
2866 5239 3113 5292 voluntas
3152 5236 3352 5297 Patris,
3378 5233 3698 5286 consilium~

2132 5346 2238 5399 que
2266 5332 2380 5399 ejus
2416 5332 2633 5394 dicitur,
2668 5331 2965 5383 secundum
3003 5338 3309 5397 respectum
3335 5326 3698 5386 differenten),

2131 5425 2290 5477 sicuti
2349 5435 2402 5477 et
2456 5424 2755 5491 sapientia;
2808 5421 3070 5488 sapientia
3134 5436 3199 5471 ne
3252 5418 3457 5470 invitus
3514 5414 3694 5467 Pater.

2131 5515 2290 5569 Pater
2325 5532 2443 5570 esse
2486 5517 2751 5576 sileatur,
2777 5515 2916 5581 quod
2950 5513 3167 5581 quidam
3207 5512 3473 5572 ﬁdelibus,
3509 5525 3569 5560 ac.
3599 5524 3695 5575 pn:

2130 5610 2465 5679 oltjeierunt.
2522 5611 2753 5674 Verum,
2823 5607 3057 5674 Spiritus
3125 5613 3345 5659 sanctus
3403 5603 3693 5657 secundun-
