4462 6440
2046 420 2447 482 MANUELIS
2489 426 2574 484 CA
2590 430 2797 490 LECE

3920 414 4018 506 ias

782 521 943 622 alium
1002 519 1223 622 modum
1264 520 1511 574 voluntas
1543 524 1765 580 relative
1814 529 1990 583 dictus
2044 540 2149 593 est,
2199 533 2348 600 juxta
2383 537 2424 592 Α
2457 536 2644 603 Filius,
2678 556 2851 610 neque
2878 558 3048 606 mens,
3085 561 3261 614 neque
3292 549 3553 616 Verbum,
3579 552 3871 607 secundum
3896 569 4021 622 per-

782 607 989 659 scilicet
1021 606 1388 661 deﬁnitionem
1441 624 1502 665 ac
1548 616 1930 682 proprietatem
1975 622 2352 677 substantialis

783 711 1070 763 processus
1104 698 1211 750 sui.

851 784 1137 849 Caeterum,
1168 789 1211 840 si
1244 789 1365 855 quis
1399 793 1523 845 velit
1552 794 1707 860 juxta
1742 799 2051 865 pratdictam
2080 801 2350 857 rationem

781 886 837 929 et
866 879 1080 931 Patrem
1121 881 1444 940 charitatom
1476 884 1680 949 dicere,
1726 898 1780 940 et
1831 890 2022 943 Filintn
2052 892 2305 946 similiter
2334 911 2350 950 :

781 980 835 1020 et
867 968 991 1021 hinc
1023 971 1253 1024 absurde
1305 987 1657 1040 personarum
1716 977 2024 1033 introducet
2058 983 2358 1038 multitudi-

785 1074 927 1120 nem,
968 1062 1301 1128 easdemque
1333 1075 1544 1119 asseret
1586 1069 1957 1135 multipliciter
1994 1074 2310 1141 procedere.

854 1149 959 1203 Sed
984 1155 1318 1220 Augustinus
1342 1159 1555 1222 quidem
1581 1199 1594 1222 ,
1628 1162 1719 1226 qui
1765 1163 1829 1214 de
1877 1162 1977 1216 hoc
2006 1166 2357 1223 subtilissime

782 1239 1004 1293 disserit
1028 1252 1081 1294 et
1110 1245 1408 1299 maximein
1436 1247 1584 1301 libris
1621 1248 1695 1303 De
1730 1249 2012 1319 Trinitate,
2055 1268 2107 1309 ut
2144 1256 2227 1311 his
2262 1260 2355 1327 qui

786 1330 967 1381 vuluut
1008 1331 1204 1399 legere,
1241 1338 1587 1404 perspicuum
1642 1349 1724 1394 est
1757 1381 1772 1408 ,
1808 1358 1970 1397 unam
2005 1347 2359 1417 eamdemque

783 1421 1105 1476 cliaritatem
1140 1426 1269 1477 dicit
1326 1425 1584 1495 Spiritum
1625 1443 1894 1499 sanctum,
1932 1436 2106 1491 Patris
2132 1447 2185 1490 et
2212 1437 2354 1503 Filii,

784 1524 884 1575 qua
915 1510 1053 1564 Deus
1088 1527 1145 1566 se
1183 1514 1357 1581 ip<uut
1405 1517 1598 1585 diligit,
1629 1530 1682 1572 et
1723 1536 1783 1575 se
1824 1523 2053 1577 invicem
2092 1526 2273 1593 Pater,
2303 1537 2360 1583 et

784 1598 954 1652 Filius
994 1601 1248 1670 diligunt,
1294 1620 1453 1673 quam
1500 1612 1662 1660 etiam
1696 1616 2093 1669 connexionem
2120 1619 2363 1672 nominat

784 1688 963 1745 Patris
1025 1704 1076 1746 et
1109 1694 1228 1747 Filii
1280 1706 1334 1749 et
1398 1700 1672 1763 unionem,
1703 1714 1756 1756 et
1786 1721 1905 1767 quae
1940 1706 2049 1761 illic
2074 1708 2147 1761 ait
2175 1728 2187 1763 :
2221 1710 2363 1764 sicut

782 1792 833 1833 et
859 1798 1022 1835 unum
1049 1782 1285 1838 Verbum
1319 1791 1735 1851 est,secuudum
1767 1774 1911 1862 quod
1935 1797 2072 1850 Deus
2102 1813 2162 1853 se
2187 1800 2358 1865 ipsum

2457 630 2697 684 sonalem
2725 633 2969 688 ordinem
2999 637 3103 690 erit
3126 639 3433 707 aliquando.
3451 640 3531 703 Et,
3552 641 3597 694 si
3633 657 3734 693 uua
3760 645 4016 709 essentia,

2454 730 2509 772 et
2538 736 2640 774 una
2690 723 2948 787 cbaritas,
3002 735 3056 779 et
3086 744 3222 782 unus
3256 729 3555 792 Deus,cum
3588 730 3746 786 Patre
3778 744 3831 785 et
3859 731 4016 798 Filio,

2456 814 2749 894 secundum
2778 817 2983 870 scilicet
3006 820 3310 872 communia
3341 861 3355 882 ,
3381 830 3433 875 et
3482 822 3727 875 absoluta
3756 826 3971 877 nomina
4003 842 4017 877 :

2454 905 2906 970 quemadmodum
2938 918 2992 961 et
3019 908 3331 965 Paraclctus
3357 913 3530 967 dictus
3581 925 3665 967 est
3695 917 3931 983 quidem,
3967 924 4021 968 et

2459 992 2646 1057 Filius,
2679 996 2771 1046 sed
2804 998 3016 1063 proprie
3032 1010 3218 1053 sancto
3247 998 3472 1069 Spiritui
3496 1001 4021 1072 redditur,qnamvis

2457 1099 2561 1137 non
2595 1087 2747 1138 video
2775 1103 2871 1140 cur
2902 1091 3075 1157 magis
3120 1108 3185 1145 ex
3221 1106 3285 1145 eo
3313 1094 3454 1161 quod
3485 1094 3742 1162 Spiritus,
3779 1096 3860 1148 vel
3885 1096 4019 1148 cha-

2459 1175 2614 1237 ritas,
2644 1177 2724 1230 vel
2761 1178 3028 1243 voluntas,
3060 1181 3139 1234 vel
3193 1183 3393 1250 aliquid
3436 1181 3741 1250 hujusmodi
3794 1184 4022 1239 dicitur.

2459 1262 2616 1317 Talia
2657 1266 2891 1321 absurda
2927 1270 3080 1337 sequi
3137 1272 3378 1326 nonnulli
3428 1273 3781 1327 arbitrantur.
3831 1275 3904 1328 Ex
3958 1291 4023 1329 eo

2459 1366 2661 1421 autem,
2696 1360 2840 1427 quod
2872 1360 3106 1427 Spiritus
3138 1362 3277 1417 idem
3318 1366 3545 1429 dicatur,
3573 1372 3676 1419 nun
3707 1366 3903 1421 itidem.

2530 1448 2728 1503 Eadem
2762 1452 2962 1521 quippe
3013 1456 3223 1531 ratione
3266 1455 3445 1510 dicere
3489 1458 3759 1526 quispiam
3813 1469 4021 1524 posset,

2458 1548 2510 1593 et
2545 1540 2804 1608 Spiritum
2837 1545 3047 1610 spirare
3069 1545 3231 1599 alium
3256 1546 3537 1613 Spiritum,
3558 1548 3813 1615 illumque
3834 1564 4026 1601 rursus

2460 1631 2650 1694 alium,
2682 1641 2845 1698 atque
2888 1635 2989 1687 hoc
3035 1636 3087 1688 in
3120 1636 3387 1689 inﬁnitum
3416 1638 3558 1690 tendi
3586 1655 3601 1703 ;
3642 1639 3890 1692 similiter
3913 1679 3928 1701 ,
3976 1649 4029 1692 et

2461 1718 2657 1774 Filium
2692 1722 2906 1787 quidem
2937 1728 3180 1794 gignere,
3219 1733 3273 1778 et
3321 1726 3413 1794 qui
3439 1739 3503 1777 ex
3558 1726 3676 1791 ipso
3712 1740 4026 1780 nasceretur

2463 1809 2621 1862 aliam
2656 1810 2842 1866 itidem
2876 1827 3161 1880 personam
3189 1814 3408 1883 gignere
3434 1854 3448 1876 ,
3492 1826 3545 1868 et
3576 1815 3676 1868 hoc
3707 1817 3831 1869 item
3863 1818 3913 1870 in
3941 1817 4024 1868 iu-

782 1870 1057 1974 intelligit.
1092 1874 1199 1929 Nos
1232 1888 1410 1932 autem
1434 1894 1554 1933 cum
1588 1885 1793 1974 sanctils
1819 1885 2071 1942 Patribus
2096 1926 2110 1950 ,
2141 1905 2238 1958 pro
2270 1891 2356 1946 his
2386 1877 2428 1931 Β
2460 1899 2664 1954 ﬁnitum
2695 1901 2838 1955 tendi
2869 1870 3098 1957 ;'verum
3151 1870 3295 1958 e;i:n
3350 1905 3595 1959 ordinem
3636 1921 3855 1959 servare
3895 1920 4030 1974 opus

780 1965 1174 2030 respondentes
1230 1968 1460 2022 dicimus
1519 1986 1719 2027 saucue
1753 1951 2045 2033 Trinitatis
2107 1982 2353 2035 ordinem

782 2055 1112 2110 immobilem
1154 2073 1373 2113 manere
1402 2074 1675 2130 oportere,
1709 2071 2005 2122 secundum
2043 2086 2231 2139 quem,
2258 2090 2358 2128 nec

783 2147 1019 2212 nomina,
1039 2163 1160 2217 qua
1183 2165 1210 2201 a
1236 2155 1574 2218 processibus
1600 2158 2159 2231 substantialibusque
2182 2165 2358 2221 modis

782 2248 1060 2304 apparent.
1086 2252 1517 2298 commutantur:
1543 2262 1713 2316 neque
1743 2265 1991 2317 persona:
2029 2253 2108 2306 vel
2146 2269 2359 2323 ιιι-ωρο-

781 2337 1001 2392 nuntur,
1023 2330 1102 2383 vel
1126 2326 1548 2403 postponuntur,
1566 2340 1647 2393 vel
1671 2342 1893 2395 omnino
1925 2356 2355 2414 commutantur;

780 2420 918 2472 sicut
955 2423 1099 2476 enim
1124 2439 1260 2477 unus
1296 2425 1475 2492 Pater,
1510 2440 1669 2499 atque
1691 2448 1829 2487 unus
1875 2434 2062 2497 Filius,
2094 2448 2147 2490 et
2184 2453 2358 2506 neque

784 2510 950 2566 Filius
984 2514 1162 2579 Pater,
1208 2533 1377 2587 neque
1398 2518 1557 2574 Pater
1572 2522 1737 2577 Filius
1758 2525 1860 2577 :ita
1884 2539 1936 2580 et
1961 2543 2063 2580 una
2087 2529 2352 2596 voluntas,

780 2620 873 2659 seu
924 2607 1167 2662 charitas
1201 2607 1441 2676 Spiritus
1497 2625 1722 2669 sanctus
1776 2633 2076 2688 congruere
2131 2621 2359 2676 relative

780 2697 988 2752 scilicet
1021 2699 1252 2755 dicetur.
1296 2702 1473 2771 Atque
1511 2704 1677 2771 idem,
1711 2722 1890 2775 neque
1946 2709 2141 2773 Pater,
2185 2726 2362 2778 neque

2457 2001 2561 2055 est,
2597 2007 2774 2060 neque
2828 1995 3000 2062 ipsius
3052 1996 3309 2050 terminos
3366 1999 3688 2067 transgredi,
3745 1999 3838 2052 sed
3890 1999 4028 2052 intra

2459 2081 2781 2138 Trinitatem
2814 2094 2979 2150 stare,
3031 2085 3183 2153 juxta
3235 2086 3487 2141 traditam
3524 2088 3680 2141 nobis
3719 2089 3840 2142 titlei
3875 2104 4032 2159 regn-

2460 2175 2590 2239 lam,
2623 2193 2691 2231 ne
2726 2177 2950 2232 deorum
2980 2179 3389 2233 introducamus
3417 2179 3646 2248 plebem.
3688 2178 3875 2247 Itaque
3906 2180 4029 2233 talia

2464 2282 2791 2336 przesumcre
2835 2269 3054 2323 illorum
3106 2277 3208 2333 est,
3239 2272 3329 2338 qui
3367 2286 3721 2338 personarum
3753 2269 4025 2334 ordinem,

2463 2369 2517 2411 et
2549 2372 2669 2426 quae
2700 2357 2769 2411 do
2814 2370 3006 2413 sancta
3043 2360 3310 2412 Trinitate
3366 2362 3670 2425 traduntur,
3707 2370 3759 2413 et
3778 2358 4032 2414 confessa

2466 2457 2738 2513 tenentur,
2771 2450 2986 2511 tollunt,
3036 2448 3520 2519 confundunlque,
3582 2466 3644 2504 ac
3703 2450 4034 2519 permiscent

2462 2542 2667 2595 omnia.
2709 2540 2813 2597 Sed
2855 2543 3074 2597 secundi
3109 2543 3270 2614 hujus
3326 2543 3617 2598 voluminis
3668 2543 3880 2598 tandem
3912 2542 4034 2596 ﬁnis

2462 2631 2553 2685 sit.

788 2894 3249 2929 Μ

1909 3076 2262 3164 LIBER
2357 3078 2924 3171 TERTIUS.

848 3421 912 3477 Et
947 3423 1062 3478 haec
1093 3423 1310 3492 quidem
1346 3423 1417 3477 ita
1443 3438 1501 3478 se
1524 3421 1745 3477 habent.
1776 3422 1847 3479 Ut
1868 3432 2049 3476 autem
2099 3437 2220 3493 qua:
2265 3436 2359 3478 suo
2383 3425 2429 3489 (Ξ
2463 3424 2765 3482 Undecimo
2795 3426 2987 3482 deinde
3027 3427 3149 3482 loco
3180 3426 3443 3491 suilicerc,
3483 3432 3547 3482 ad
3579 3430 3944 3495 indicandum,
3973 3448 4037 3487 ex

775 3517 1086 3587 perioribus
1140 3517 1294 3570 libris
1344 3527 1471 3570 sunt
1524 3517 1701 3582 dicta,
1734 3524 2067 3584 repetentes,
2097 3516 2254 3585 quasi
2295 3517 2348 3572 in

775 3626 943 3663 unum
978 3625 1077 3664 cun
1092 3618 1333 3677 spectum
1363 3610 1554 3662 demus
1586 3609 1769 3661 omnia
1797 3608 2119 3664 :docuimns
2152 3611 2350 3678 primo,

777 3702 996 3754 tertium
1031 3716 1061 3755 a
1108 3698 1272 3754 Patre
1313 3716 1433 3754 esse
1470 3699 1731 3767 Spiritum
1764 3709 2015 3755 sanctum
2051 3702 2200 3769 juxta
2232 3718 2355 3770 per-

776 3793 1019 3847 sonalem
1054 3793 1322 3847 ordinem.
1356 3792 1575 3855 Deinde,
1604 3802 1825 3860 propter
1847 3793 2236 3848 substantiales
2268 3796 2354 3849 di-

778 3886 1023 3939 vinarum
1055 3886 1486 3939 substantiarum
1508 3900 1818 3953 processus,
1836 3882 2095 3940 nascendi
2122 3888 2352 3954 scilicet,

777 3994 839 4031 ac
870 3977 1227 4048 procedendi,
1267 3977 1464 4031 Filium
1501 3979 1718 4045 quidem
1742 3993 1806 4032 ex
1860 3977 2019 4032 Patre
2055 3994 2176 4035 esse
2235 3980 2355 4035 sine

775 4070 885 4122 ullo
922 4069 1141 4131 medio;
1187 4069 1451 4138 Spiritum
1500 4081 1753 4123 sanctum
1792 4084 1923 4123 vero
1952 4082 2016 4122 ex
2058 4068 2221 4124 Patre
2258 4085 2357 4141 per

777 4161 973 4215 Filium
1012 4166 1326 4230 procedere.
1363 4162 1689 4228 Dein,juxta
1726 4163 2046 4231 prmdictnm
2079 4163 2353 4231 ordinem,

777 4252 895 4308 Filii
942 4254 1325 4309 mcdiationem
1369 4253 1619 4322 piurimis
1688 4255 1739 4306 in
1771 4255 1956 4308 locisa
2002 4257 2212 4309 sanctis
2246 4256 2356 4310 Ec-

774 4344 954 4397 clesiae
1020 4344 1336 4398 doctoribus
1389 4359 1485 4411 pro
1544 4343 1802 4399 confesso
1845 4346 2036 4400 tradi:
2097 4346 2358 4415 deinceps

774 4436 957 4491 omnia
988 4436 1262 4504 exempla,
1293 4435 1490 4503 quibus
1523 4436 1575 4489 in
1629 4446 1820 4489 sancta
1865 4435 2133 4491 Trinitate
2182 4438 2359 4493 sancti

777 4525 968 4581 Patres
999 4529 1078 4581 usi
1126 4538 1275 4593 sunt,
1307 4528 1566 4581 traditum
1606 4529 1656 4582 iu
1694 4528 1894 4583 divinis
1920 4530 2183 4599 'personis
2208 4532 2361 4584 ordi-

777 4635 923 4685 nem,
953 4623 1253 4675 secundum
1282 4622 1670 4677 substantiales
1693 4638 1881 4677 earum
1916 4638 2205 4688 processus
2235 4640 2358 4679 cum

778 4712 1349 4766 consubstantialitate
1406 4713 1703 4779 insinuare,
1751 4716 2051 4769 secundum
2091 4717 2357 4770 utentium

778 4802 1178 4870 intentionem;
1237 4804 1504 4873 Spiritum
1567 4806 1766 4860 deinde
1797 4816 2053 4860 sanctum
2113 4823 2234 4861 cum
2290 4824 2357 4864 ex

778 4892 941 4949 Patre
972 4909 1068 4962 per
1096 4893 1291 4949 Filium
1326 4896 1605 4964 procedat,
1644 4912 1741 4965 per
1771 4898 1950 4966 ipsum
1992 4899 2356 4954 substantiam

778 4988 997 5042 habere.
1031 4988 1154 5052 Per,
1188 4999 1245 5043 et
1286 5005 1385 5053 ex,
1423 4990 1472 5042 in
1508 4990 1709 5044 divinis
1748 4990 1888 5057 apud
1920 5000 2138 5044 sanctos
2163 5031 2176 5053 ,
2215 4991 2355 5045 idem

772 5082 1103 5150 signiﬁcare.
1142 5082 1279 5136 Tum
1313 5082 1507 5136 Filium
1550 5084 1614 5135 ad
1651 5082 1950 5151 Spiritum,
1987 5082 2360 5151 Spiritumque

772 5174 959 5229 itidem
992 5177 1058 5229 ad
1085 5176 1303 5239 Filium,
1338 5177 1633 5229 secundum
1665 5176 1933 5237 habitum,
1954 5184 2008 5230 et
2036 5175 2358 5229 relationem

776 5267 976 5321 habere
1023 5271 1089 5321 ad
1151 5269 1499 5330 alterutrum,
1560 5283 1587 5319 a
1651 5267 1857 5320 sanctis
1912 5266 2073 5319 tradi.
2134 5264 2357 5327 Deinde,

771 5365 1228 5433 quemadmodum
1284 5364 1447 5418 Pater
1507 5380 1684 5417 causa:
1718 5363 1929 5417 ratione
1978 5371 2104 5417 ante
2162 5358 2356 5413 Filium

774 5457 1150 5525 intellegitur;
1208 5457 1279 5510 ita
1325 5466 1380 5511 et
1429 5456 1625 5510 Filium
1677 5456 1865 5509 eadem
1920 5468 2098 5508 causa:
2156 5452 2368 5506 ratione

774 5560 901 5603 ante
924 5549 1188 5619 Spiritum
1232 5550 1509 5618 intelligi:
1566 5549 1825 5618 majorem
1878 5548 2088 5617 Spiritu
2134 5544 2370 5614 Filium,

777 5641 1081 5694 secundum
1117 5640 1331 5695 scilicet
1367 5644 1713 5711 personalem
1752 5642 1998 5696 ordinem
2030 5657 2059 5694 a
2100 5640 2369 5704 theologis

778 5734 939 5787 tradi.
1002 5735 1200 5789 Deinde
1236 5752 1262 5789 a
1310 5736 1444 5790 Filio
1496 5752 1616 5791 esse
1668 5738 1868 5791 habere
1940 5735 2205 5806 Spiritum
2242 5750 2369 5789 san-

783 5833 928 5878 ctum
951 5864 965 5888 ,
1000 5836 1182 5895 utpote
1210 5828 1278 5880 ab
1321 5829 1435 5897 ipso
1486 5828 1792 5883 audientem
1820 5870 1833 5893 ,
1869 5838 1921 5881 ct
1984 5825 2368 5896 accipientem.

2394 4755 2441 4815 D

2456 3519 2598 3574 Filio
2648 3534 2773 3573 esse
2804 3517 3067 3589 Spiritum
3104 3529 3357 3574 sanctum
3388 3561 3404 3583 ,
3442 3521 3566 3590 quia
3612 3521 3703 3585 sit,
3741 3532 3798 3577 et
3829 3523 4039 3576 dicatur

2458 3609 2579 3663 Filii
2637 3607 2899 3678 Spiritus.
2956 3609 3215 3679 Spiritum
3263 3597 3510 3665 sanctum
3574 3613 3790 3675 deinde,
3838 3614 4038 3668 Christi

2459 3699 2723 3769 Spiritum
2755 3701 3097 3766 dici,eadem
3125 3704 3359 3768 ratione,
3396 3718 3499 3773 qua
3546 3712 3598 3757 et
3647 3704 3766 3757 Filii
3810 3705 4042 3771 Spiritus

2458 3809 2578 3847 esse
2610 3804 2958 3848 asseveratur
2994 3810 3008 3846 :
3039 3793 3301 3861 Spiritum
3336 3804 3604 3857 sanctum,
3641 3797 3886 3863 spiritum
3925 3798 4032 3849 oris

2458 3884 2577 3939 Filii
2606 3901 2634 3938 a
2669 3885 2939 3954 theologis
2971 3886 3151 3951 tradi,
3186 3895 3237 3940 et
3276 3896 3527 3954 utraque,
3563 3887 3715 3940 illum
3761 3902 3823 3941 ex
3861 3885 4039 3951 Patre,

2458 3986 2512 4031 et
2540 3976 2676 4031 Filio
2708 3992 2851 4042 esse,
2884 3978 3124 4047 signare,
3168 3979 3221 4031 id
3259 3986 3379 4041 est,
3423 3992 3487 4031 ex
3524 3976 3681 4030 Patre
3713 3993 3808 4047 per
3838 3976 4035 4030 Filium

2460 4071 2772 4139 procedere.
2808 4069 3007 4125 Filium
3033 4070 3250 4140 quidem
3279 4069 3516 4123 Verbum
3544 4068 3726 4124 Patris
3744 4070 3875 4131 dici,
3917 4069 4040 4137 Spi-

2462 4162 2625 4215 ritum
2683 4176 2813 4216 vero
2859 4171 3104 4216 sanctum
3164 4161 3288 4215 Filii
3345 4162 3532 4215 itidem
3578 4162 3835 4227 Verbum,
3864 4176 4041 4215 causa:

2464 4253 2673 4306 ratione
2705 4252 2883 4318 tradi;
2918 4252 3180 4321 Spiritum
3203 4261 3452 4307 sanctum
3496 4260 3754 4321 praeterea
3786 4254 3945 4307 etiam
3974 4270 4038 4307 cx

2464 4343 2603 4399 Filio
2628 4356 2749 4399 esse
2778 4359 2809 4397 a
2847 4344 3073 4398 summis
3104 4343 3369 4413 theologis
3398 4343 3665 4397 insinuari
3694 4360 3708 4408 ;
3738 4341 3953 4407 Filium,
3977 4358 4041 4396 co

2462 4435 2610 4503 quod
2646 4436 2716 4489 sit
2750 4435 3214 4491 incommutabilis
3252 4436 3431 4503 imago
3489 4433 3691 4499 Patris,
3748 4435 4040 4503 omniaque

2464 4526 2640 4581 Patris
2666 4528 2804 4581 bona
2838 4528 3206 4582 essentialiter
3236 4527 3451 4592 haheat,
3488 4529 3677 4581 eadem
3715 4526 3947 4590 ratione,
3983 4536 4041 4579 ut

2465 4634 2651 4673 verum
2694 4618 2871 4687 Patris
2906 4619 3108 4674 Filium
3136 4657 3151 4682 ,
3188 4618 3452 4688 Spiritum
3501 4627 3751 4674 sanctum
3808 4620 4037 4682 habere;

2466 4723 2568 4778 qua
2596 4708 2745 4762 illum
2803 4710 2966 4763 habet
2999 4709 3159 4763 Pater
3194 4711 3392 4764 :aliter
3423 4710 3621 4779 quippe
3664 4709 3793 4762 illud
3829 4708 4045 4760 iucom-‘

2468 4802 2725 4857 mutabile
2749 4802 2883 4856 tolli.
2919 4801 3150 4867 Mittere,
3182 4812 3237 4855 et
3274 4803 3436 4865 mitti,
3466 4817 3684 4856 causam
3716 4814 3767 4856 et
3801 4802 4023 4855 causale

2468 4898 2520 4952 in
2558 4897 2753 4950 divinis
2784 4896 3029 4964 personis
3061 4895 3394 4961 significare.
3438 4892 3661 4947 Fontem
3698 4910 3818 4949 esse
3863 4893 4039 4947 sancti

2467 4985 2702 5053 Spiritus
2740 4985 2963 5049 Filium;
3016 4984 3277 5052 Spiritum
3317 4993 3563 5037 sanctum
3608 4983 3893 5049 imaginem
3921 4972 4042 5034 esse

2473 5080 2619 5143 Filii,
2654 5088 2708 5132 et
2765 5078 3019 5131 virtutem
3088 5076 3206 5142 ejus
3247 5074 3548 5127 naturalem
3574 5112 3588 5136 ,
3622 5089 3685 5126 ac
3744 5074 4036 5133 viventem,

2468 5180 2520 5226 et
2578 5170 2920 5225 essentialem
2964 5169 3336 5235 operationem
3404 5182 3418 5220 :
3474 5164 3927 5233 quemadmodum
3988 5172 4043 5218 ct

2470 5263 2639 5318 Filius
2676 5263 2788 5316 haec
2847 5262 3027 5314 omnia
3076 5257 3256 5312 Patris
3286 5268 3387 5311 est.
3440 5258 3516 5310 Ae
3573 5256 3763 5308 faciem
3825 5256 4040 5322 quidem

2470 5357 2647 5411 Patris
2681 5370 2802 5409 esse
2832 5353 3025 5408 Filium
3054 5367 3235 5407 causze
3271 5351 3513 5415 ratione;
3545 5347 3877 5417 primitivam
3911 5347 4041 5400 item

2468 5449 2698 5503 formam
2730 5446 2965 5514 Spiritus
2992 5444 3188 5499 Filium
3218 5460 3231 5509 ;
3276 5458 3340 5496 ac
3381 5441 3655 5511 proprium
3684 5439 3902 5509 quidem
3935 5436 4044 5492 Pa-

2470 5543 2568 5610 tris
2594 5557 2715 5597 esse
2758 5539 2980 5602 Filium,
3013 5538 3157 5607 quod
3206 5552 3273 5591 es
3308 5537 3398 5591 illo
3434 5536 3546 5600 sit;
3588 5532 3868 5602 proprium
3916 5545 4045 5584 vero

2467 5636 2590 5691 Filii
2630 5633 2915 5703 Spiritum,
2944 5631 3098 5702 quasi
3138 5646 3233 5701 per
3268 5630 3444 5699 ipsum
3490 5624 3834 5688 naturaliter,
3856 5637 4047 5677 essen-

2473 5731 2779 5798 tialiterqne
2812 5726 3193 5796 prodeuntem,
3231 5732 3287 5776 et
3318 5737 3383 5776 ex
3426 5721 3542 5787 ipso
3603 5734 3714 5771 esse
3767 5716 4044 5783 accipien-

2472 5835 2600 5888 tem,
2630 5834 2791 5893 atque
2822 5838 2884 5875 cx
2920 5836 2985 5875 eo
3011 5801 3383 5874 exsistentcni.
3431 5812 3677 5876 Latinus,
3712 5810 4044 5877 Grmcosquc
