4462 6440
444 429 546 490 129

1521 434 1910 510 ADVERSUS
1941 437 2249 494 GRAECOS
2293 439 2429 495 LIB.
2477 439 2582 496 Ili.

3565 449 3663 512 130

445 541 695 595 doctores
727 543 1108 603 communiter,
1138 553 1190 596 ct
1223 545 1561 613 apertissime
1590 558 1652 596 ex
1698 544 1831 597 Filio
1863 559 2002 607 esse,
2025 546 2078 601 Ἀ
2109 557 2172 594 ex
2218 543 2385 596 tribus
2422 545 2726 613 Benjamin,
2769 549 3194 620 discipulumque
3222 553 3531 612 Gamaliclis
3573 571 3667 613 aut

451 641 504 682 et
535 644 822 694 exsistere,
853 646 916 686 ac
946 633 1237 700 procedere
1260 633 1516 702 Spiritum
1540 643 1782 688 sanctum
1809 634 2004 686 divinis

448 727 748 778 rationibus
794 728 1025 778 tradere.

520 816 644 868 llaec
694 827 873 871 autem
924 820 1099 870 omnia
1152 819 1391 886 pluribus
1446 818 1741 871 rationibus
1789 826 2005 871 ostensa

450 918 571 960 sunt
605 925 619 970 ;
656 923 795 973 quae,
825 923 946 962 cum
979 925 1102 962 vera
1147 911 1274 970 sint,
1324 920 1374 962 et
1410 909 1737 963 ﬁrmissimis
1775 910 2008 977 undique

450 999 745 1052 rationibus
781 1001 1236 1062 munita,constat
1261 998 1519 1065 profecto,
1557 1001 1680 1067 quia
1709 1000 2009 1067 producere

449 1089 590 1154 quod
632 1088 854 1161 dicitur,
886 1091 1140 1156 possibile
1169 1106 1274 1142 non
1310 1099 1414 1150 est,
1458 1102 1513 1140 nt
1548 1089 1722 1142 Patris
1751 1093 2007 1143 substan-

453 1181 577 1231 tiale
616 1180 706 1231 sit.
735 1178 917 1247 Neque
938 1181 1078 1234 enim
1124 1182 1261 1232 idem
1295 1181 1530 1247 Spiritus
1555 1219 1569 1241 ,
1602 1182 1796 1234 tertius
1825 1181 2004 1243 simul,

449 1278 500 1319 et
534 1271 804 1322 secundus
832 1285 859 1321 a
880 1271 1036 1322 Patre
1068 1286 1186 1323 esse
1225 1280 1421 1337 potest,
1466 1285 1637 1339 neque
1669 1275 2010 1325 continenter

451 1366 506 1409 et
543 1360 656 1410 sine
683 1360 861 1412 medio
894 1374 956 1412 ex
990 1361 1182 1428 primo,
1216 1371 1269 1412 et
1302 1375 1396 1428 per
1433 1377 1580 1418 eum.
1611 1363 1699 1428 qui
1743 1363 1812 1413 sit
1837 1362 2008 1414 conti-

452 1459 643 1501 nenter
672 1465 734 1501 ex
773 1451 987 1517 primo:
1027 1465 1200 1518 neque
1252 1451 1316 1503 de
1350 1452 1465 1504 solo
1492 1449 1649 1502 Patre
1697 1452 2006 1516 procedere,

451 1548 504 1588 et
565 1553 658 1604 per
706 1538 898 1591 Filium
945 1543 1238 1605 procedere
1278 1559 1293 1594 :
1351 1555 1524 1608 neque
1571 1541 1862 1609 productor
1918 1555 2012 1608 per

455 1627 716 1693 Verbum,
755 1639 809 1682 et
835 1632 981 1685 solus
1009 1634 1300 1700 productor
1335 1647 1488 1694 esse,
1527 1639 1578 1684 et
1607 1642 1795 1684 caetera
1830 1629 2014 1696 hujus-

455 1722 623 1783 modi,
658 1735 779 1784 qua:
820 1723 1076 1790 prmdicta
1107 1733 1249 1775 sunt.
1275 1721 1398 1775 Haec
1430 1723 1572 1774 enim
1605 1721 2013 1774 evidentissime

450 1813 553 1866 sibi
593 1815 863 1866 contraria
898 1821 1057 1876 sunt;
1107 1821 1159 1864 et
1202 1813 1338 1864 idem
1379 1823 1480 1871 est.
1511 1827 1571 1864 ac
1606 1811 1649 1865 si
1711 1827 1881 1879 neque
1943 1827 2008 1863 ex

451 1903 611 1956 Patre
648 1905 871 1956 omnino
901 1905 1194 1971 procedere
1221 1899 1371 1957 illum
1401 1903 1791 1968 conﬁteamur;
1835 1907 2010 1957 maxi-

456 2010 540 2046 me
576 2009 695 2047 cum
740 2009 766 2046 a
821 1996 1024 2050 sanctis
1071 1996 1402 2050 declaratum
1445 1995 1538 2057 sit,
1567 1994 1708 2061 quod
1734 2009 2011 2061 nunquam

451 2088 749 2153 procedere
780 2089 1050 2142 diceretur
1085 2103 1150 2141 ex
1181 2087 1362 2152 Patre,
1397 2087 1497 2139 nisi
1533 2097 1586 2140 et
1610 2101 1638 2138 a
1669 2085 1806 2139 Filio
1829 2101 2016 2154 proce—

453 2179 624 2231 deret.
681 2177 927 2246 Namque
990 2161 1280 2247 procedere
1355 2193 1421 2232 ex
1484 2177 1644 2232 Patre
1704 2177 1864 2230 etiam
1921 2193 2015 2243 per

453 2271 650 2323 Filium
687 2285 786 2341 una
829 2270 1228 2338 complectitur,
1275 2269 1472 2338 quippe
1504 2269 1829 2337 procedendi
1880 2269 2014 2322 deﬁ-

453 2362 588 2413 nitio
625 2370 739 2424 est,
782 2375 844 2414 ex
890 2358 1048 2412 Patre
1097 2374 1192 2427 per
1215 2357 1410 2411 Filium
1456 2361 1784 2424 procedere,
1823 2372 2013 2412 secun-

453 2453 578 2505 dum
605 2453 746 2518 quod
787 2453 948 2506 etiam
999 2467 1027 2504 a
1072 2450 1206 2505 Filio
1237 2452 1585 2515 discernitur,
1615 2465 1710 2519 per
1739 2450 2010 2520 proprium

453 2545 561 2608 sui,
593 2546 1037 2612 diﬂerentemque
1063 2558 1396 2612 processum.

525 2635 716 2702 Porro,
744 2636 960 2690 sublato
985 2635 1128 2703 quod
1161 2650 1252 2705 per
1277 2634 1467 2688 Filium
1491 2635 1780 2704 procedere
1809 2632 2012 2687 asseri-

452 2728 760 2789 tur,etiam
817 2741 882 2779 ex
918 2725 1079 2778 Patre
1131 2724 1424 2792 procedere
1454 2723 1594 2792 quod
1649 2723 1865 2784 dicitur,
1907 2737 2011 2774 una

451 2817 674 2880 tollitur,
711 2817 920 2870 sublata
961 2819 1160 2886 quippe
1200 2815 1488 2882 cujuslibet
1529 2817 1844 2867 substantia:
1885 2815 2014 2866 deﬁ-

450 2907 676 2970 nitione,
696 2907 918 2975 ejusque
943 2905 1285 2960 substantiali
1306 2905 1656 2972 proprietate,
1683 2904 2014 2958 deﬁnitionis

448 3015 668 3068 quoque
699 3013 895 3052 nomen
945 2998 1211 3059 aufertur,
1245 2997 1660 3065 substantiaque
1691 3012 1850 3065 quam
1887 2995 2017 3048 deﬁ-

454 3091 675 3145 nitionis
709 3106 903 3146 nomen
942 3089 1140 3157 signat,
1182 3103 1283 3141 una
1317 3089 1543 3142 tollitur.
1585 3088 1852 3154 Quoniam
1889 3103 2016 3142 vero

2110 632 2312 696 aliquid
2350 634 2693 700 hujnsmodi;
2738 638 3013 704 praprium
3061 642 3274 706 quidem
3299 681 3311 701 ,
3347 660 3451 696 non
3490 656 3664 699 tamen

2107 722 2257 788 quasi
2290 722 2644 776 substantiale
2675 739 2807 790 ens;
2835 729 2954 789 sed,
2991 738 3048 780 ut
3072 731 3216 782 notio
3251 732 3593 800 simpliciter.

2179 812 2440 865 Pra‘terea
2478 815 2606 866 nihil
2647 819 2938 868 secundum
2985 822 3321 887 negationem
3374 824 3531 875 habet
3570 827 3669 878 hoc.

2108 918 2229 957 esse
2251 904 2473 970 aliquid.
2516 903 2743 974 Negatio
2773 909 2968 975 quippe
2999 911 3094 971 rei,
3120 926 3234 976 qua:
3266 914 3331 963 sit
3365 915 3583 976 ablatio,
3616 928 3669 969 et

2123 994 2262 1061 ejus,
2295 1011 2412 1063 qua:
2439 1012 2545 1050 non
2579 999 2682 1062 sit,
2713 1000 2904 1066 positio
2936 1011 3037 1052 est.
3088 1000 3311 1068 Negatio
3361 1013 3539 1058 autem
3591 1022 3672 1060 est

2110 1087 2250 1154 quod
2289 1087 2486 1140 dicitur
2525 1089 2842 1155 ingenitum,
2896 1100 2946 1142 et
2995 1092 3104 1158 jam
3144 1094 3527 1149 subsistentem
3586 1115 3674 1152 se-

2110 1177 2314 1242 quitur,
2341 1177 2515 1244 ipsum
2563 1180 2708 1230 enim
2746 1180 3036 1246 signiﬁcat,
3081 1183 3321 1249 genitum
3365 1201 3468 1236 non
3525 1203 3670 1248 esse,

2111 1279 2206 1331 per
2235 1268 2376 1333 quod
2400 1267 2514 1320 sine
2547 1282 2710 1321 causa
2752 1285 2874 1323 esse
2917 1271 3184 1339 signatur.
3212 1279 3314 1326 Aut
3358 1277 3518 1344 igitur
3549 1282 3673 1331 sub-

2111 1355 2363 1407 stantiale
2387 1355 2566 1412 Patris
2599 1362 2896 1422 palernitas
2924 1370 3030 1424 est,
3062 1377 3123 1415 ac
3156 1364 3377 1432 gignere
3405 1379 3522 1432 est;
3562 1371 3676 1423 sive

2112 1446 2394 1512 producﬁo
2424 1458 2476 1500 et
2507 1449 2786 1515 inspiratio
2814 1469 2826 1513 ;
2853 1461 2902 1504 et
2937 1453 3258 1518 producere,
3287 1465 3339 1508 ct
3375 1460 3671 1525 inspirare;

2113 1536 2228 1590 sive
2269 1549 2558 1605 utrumque
2590 1541 2812 1601 'simul.
2863 1546 2976 1596 sive
3016 1557 3210 1612 praeter
3262 1547 3406 1610 haec,
3461 1556 3673 1605 tertium

2113 1631 2390 1698 quiddam.
2430 1633 2493 1683 Et
2526 1634 2738 1684 tertium
2777 1633 2902 1686 illud
2949 1636 3201 1703 quidem,
3238 1655 3393 1694 nemo
3413 1642 3672 1698 haCtenus

2115 1723 2246 1774 dixit
2283 1723 2367 1784 ;si
2391 1723 2511 1788 quis
2538 1723 2680 1774 enim
2717 1739 2932 1777 causam
2989 1726 3153 1791 dicat,
3195 1730 3418 1794 primum
3462 1734 3674 1799 quidem

2116 1826 2310 1865 nomen
2363 1811 2478 1878 ejus
2534 1827 2695 1865 causa
2758 1815 3075 1882 simpliciter
3117 1819 3222 1869 erit
3272 1836 3286 1871 :
3345 1821 3499 1874 sicuti
3555 1823 3674 1876 Filii

2114 1903 2348 1970 quidem,
2378 1902 2543 1955 Filius
2585 1919 2810 1968 nomen;
2847 1916 2900 1958 et
2928 1908 3102 1959 sancti
3144 1907 3378 1975 Spiritus
3403 1953 3415 1973 ,
3441 1896 3678 1978 Spiritus

2115 2003 2332 2048 sanctus
2368 2012 2380 2045 :
2423 1997 2808 2064 oportebatque
2868 2013 2968 2064 pro
3030 1998 3187 2053 Patre
3226 2017 3442 2056 causam
3475 2009 3678 2072 dicere,

2114 2087 2293 2154 quod,
2334 2100 2361 2137 a
2417 2085 2706 2154 Scriptura:
2753 2095 2953 2142 sanctae
2992 2094 3388 2146 consuetudine
3437 2096 3678 2163 aborret,

2115 2192 2236 2245 quae
2280 2192 2493 2246 semper
2541 2193 2658 2232 cum
2703 2178 2768 2234 de
2808 2178 2916 2233 Deo
2970 2181 3243 2250 loquitur,
3279 2187 3496 2240 Patrem
3555 2206 3678 2242 eum

2117 2275 2291 2320 Vocat.

2185 2357 2474 2421 Praeterea,
2502 2372 2662 2414 causa
2693 2363 2992 2418 universale
3024 2380 3144 2419 cum
3178 2369 3282 2433 sit,
3319 2382 3370 2424 et
3396 2371 3596 2435 Patris,
3627 2388 3680 2428 et

2114 2449 2487 2519 productoris,
2526 2461 2688 2520 atque
2737 2458 3000 2510 creatoris
3050 2461 3397 2526 praedicatum
3433 2473 3515 2528 est
3551 2482 3562 2518 :
3613 2467 3686 2519 si-

2115 2542 2351 2610 quidem,
2375 2551 2432 2594 ut
2464 2543 2812 2610 praedicatum
2849 2539 3185 2603 Solummodo
3211 2555 3506 2621 accipiatur
3523 2557 3682 2610 sicuti

2115 2647 2310 2700 genera
2349 2672 2363 2693 ,
2405 2644 2458 2686 et
2511 2636 2740 2700 species,
2794 2647 2845 2690 et
2894 2642 3072 2693 omnia
3131 2658 3250 2710 qua:
3311 2647 3686 2702 universalitcr

2116 2733 2300 2775 contra
2343 2725 2685 2800 particularia
2713 2730 3077 2795 praedicantur
3102 2774 3114 2796 ,
3148 2735 3286 2784 nulla
3331 2748 3482 2790 extra
3515 2739 3677 2794 intel-

2118 2811 2370 2880 ligentem
2395 2815 2628 2866 animam
2672 2830 2757 2869 res
2793 2826 2894 2880 est,
2943 2818 3034 2871 sed
3079 2821 3189 2887 ipsa
3223 2824 3560 2880 solummodo
3599 2829 3687 2880 itt-

2118 2903 2415 2971 telligentia
2441 2914 2521 2958 est
2553 2906 2668 2982 {ita
2704 2907 2846 2958 nulla
2880 2909 2980 2960 erit
3031 2925 3116 2962 res
3148 2909 3326 2964 Patris
3360 2915 3687 2979 substantia,

2119 2992 2211 3045 sed
2237 2994 2570 3048 solummodo
2623 2996 3016 3064 intelligentia;
3051 3000 3262 3068 eritque
3324 3017 3386 3055 ex
3424 3020 3525 3056 non
3563 3009 3689 3060 sub-

2121 3083 2350 3136 sistente
2409 3084 2750 3148 subsistens,
2815 3088 2955 3154 quod
3015 3089 3305 3142 absurdum
3363 3102 3462 3144 est.
3517 3092 3690 3150 Patris

449 3184 720 3236 veraciter
753 3181 997 3249 procedit
1039 3196 1102 3234 ex
1145 3179 1300 3233 Patre
1347 3177 1580 3247 Spiritus
1635 3188 1875 3240 sanctus,
1918 3194 2013 3247 per
2046 3191 2088 3250 ο
2123 3172 2265 3224 enim
2327 3172 2849 3238 supersubstantiale
2901 3190 3094 3230 nomen
3128 3186 3182 3231 et
3240 3193 3350 3232 rem
3402 3181 3689 3250 signiﬁcat,

452 3275 650 3329 Filium
691 3276 853 3328 etiam
890 3274 1184 3342 procedere
1208 3270 1352 3340 quod
1383 3271 1581 3324 dicitur
1612 3279 1904 3323 asseretur.
1940 3269 2017 3322 Ita

449 3370 595 3422 enim
634 3366 804 3421 sancti
850 3365 1042 3419 Patres
1085 3366 1405 3434 procedendi
1449 3364 1788 3431 complexam
1830 3362 2018 3417 deﬁni-

453 3460 652 3512 tionem
686 3457 1003 3513 substantia:
1051 3454 1286 3524 Spiritus
1341 3454 1752 3523 explicuerunt,
1792 3464 1846 3508 et
1899 3471 2020 3522 qua:

451 3552 594 3605 dicta
634 3559 780 3614 sunt,
826 3565 950 3602 vera
1002 3563 1124 3603 esse
1164 3558 1555 3602 monstrarunt.
1601 3549 1773 3616 Atque
1803 3564 1932 3610 una,
1961 3558 2020 3601 ut

451 3643 655 3695 dictum
679 3649 758 3694 est
780 3680 794 3705 ,
827 3641 1125 3707 producere
1163 3638 1520 3691 substantiale
1557 3636 1734 3692 Patris
1769 3653 1886 3691 esse
1913 3654 2018 3694 non

451 3741 670 3802 potest,
706 3729 887 3798 idque,
932 3744 1053 3782 cum
1105 3743 1168 3781 ex
1220 3728 1595 3797 superioribus
1635 3735 1867 3789 constat,
1909 3737 2018 3779 tum

451 3825 612 3878 etiam
637 3838 699 3875 ex
739 3822 842 3883 bis,
884 3835 1004 3889 quae
1034 3819 1352 3880 subiicimus
1387 3836 1400 3883 ;
1434 3819 1558 3886 quia
1585 3820 1727 3871 enim
1758 3819 2018 3872 unitatem

452 3897 896 3969 ac'Trinitatem
959 3910 1168 3964 Domini
1211 3909 1344 3963 ﬁdes
1396 3925 1521 3963 vera
1575 3910 1940 3973 commendat,
1969 3909 2018 3960 id

451 4008 670 4078 quidem
697 4005 951 4068 es'sentia,
975 4003 1027 4058 id
1056 4014 1236 4057 autem
1271 4005 1541 4069 personis,
1573 4017 1634 4056 ac
1669 4011 1865 4070 praeter
1895 4016 2019 4069 pro-

450 4100 731 4168 prietates,
799 4095 998 4163 quibus
1055 4108 1298 4162 personae
1373 4093 1669 4147 secundum
1731 4106 2020 4158 processus

452 4187 716 4240 rationem
753 4183 1204 4252 distinguuntur:
1257 4183 1400 4234 nulla
1440 4181 1543 4234 alia
1585 4193 1668 4234 est
1708 4181 2018 4232 divinarum

453 4291 807 4346 personarum
830 4275 1161 4338 diﬂ‘erentia,
1209 4275 1430 4342 solaque
1481 4273 1661 4326 divina
1717 4273 2018 4326 substantia

452 4368 781 4436 relinquitur
825 4384 838 4420 :
877 4365 1296 4432 inspiciendum,
1356 4365 1510 4430 juxta
1576 4364 1700 4417 ﬁdei
1760 4376 2020 4416 concessa

453 4459 741 4530 principia,
771 4473 1019 4526 quaenam
1053 4457 1122 4511 sit
1151 4458 1456 4524 proprietas
1491 4455 1690 4517 Patris,
1733 4455 2022 4524 ipsumque

451 4553 684 4622 speciale
714 4551 1014 4619 proprium,
1058 4552 1198 4616 quod
1223 4550 1492 4618 pracipue
1525 4547 1702 4601 Patris
1736 4542 2018 4600 commen-

453 4647 545 4698 dat
573 4657 883 4713 personam,
907 4651 959 4695 et
990 4640 1206 4693 Patrem
1265 4640 1418 4702 facit,
1455 4656 1516 4693 ac
1550 4639 1843 4693 secundum
1880 4637 2022 4706 quod

452 4735 517 4787 ad
544 4733 847 4802 coazquales
877 4732 980 4788 sibi
1012 4745 1273 4800 personas
1299 4727 1426 4784 Filii
1462 4730 1803 4798 Spiritusque
1833 4729 2025 4782 distin-

453 4826 652 4894 guitur.

525 4918 656 4971 Cum
690 4917 855 4984 igitur
891 4915 992 4969 tria
1027 4914 1389 4968 communiter
1427 4913 1493 4967 de
1537 4912 1697 4967 Patre
1729 4914 2020 4969 dicantur:

451 5009 595 5075 quod
647 5009 914 5076 ingenitus
966 5009 1069 5072 sit;
1110 5007 1253 5075 quod
1306 5006 1502 5072 Pater,
1536 5006 1680 5075 quod
1713 5007 1894 5070 apiret,
1930 5019 2024 5057 seu

451 5099 709 5169 producat
735 5117 753 5164 ;
783 5101 1076 5168 ingenitum
1104 5101 1343 5168 quidem,
1383 5099 1523 5167 quod
1556 5112 1774 5152 causam
1804 5098 1982 5166 signat
2008 5113 2022 5160 ;

454 5203 512 5246 et
545 5192 587 5245 si
615 5193 911 5245 secundum
938 5194 1040 5245 hoc
1065 5191 1227 5245 Pater
1266 5206 1293 5244 a
1322 5191 1458 5244 Filio
1499 5189 1812 5259 Spirituque
1842 5203 2024 5243 secer-

454 5281 622 5344 nitur,
656 5279 833 5335 Patris
857 5292 1034 5334 tamen
1067 5294 1352 5350 personam
1389 5295 1494 5334 non
1531 5278 1908 5341 commendat,
1941 5293 2028 5332 so-

453 5372 676 5440 lumque
708 5373 1031 5442 designatio,
1057 5380 1112 5424 et
1144 5371 1292 5424 notio
1333 5370 1500 5439 ipsius
1551 5381 1669 5433 est,
1696 5369 1808 5437 jam
1851 5370 2026 5422 subsi-

452 5476 684 5522 stentem
720 5479 974 5532 sequens,
1003 5474 1062 5517 ut
1119 5462 1443 5530 simpliciter
1487 5463 1788 5530 proprium.
1822 5462 2025 5530 Duplex

449 5557 592 5612 enim
635 5555 911 5625 proprium
944 5565 1049 5610 est.
1083 5555 1242 5608 Aliud
1271 5554 1415 5608 enim
1463 5564 1546 5608 est
1581 5555 1858 5622 proprium
1883 5554 2024 5622 quod

449 5647 861 5703 substantialem
886 5649 1124 5717 speciem
1157 5647 1422 5716 cujusque
1449 5648 1796 5701 commendat
1821 5685 1835 5710 ,
1866 5636 2026 5711 atque

454 5739 522 5791 ab
563 5738 686 5792 aliis
744 5749 1012 5807 separat:
1069 5746 1128 5790 ut
1167 5735 1317 5790 verbi
1378 5735 1578 5804 gratia,
1630 5733 1856 5803 Paulum
1905 5748 2026 5788 esse

451 5830 654 5886 animal
688 5847 703 5898 ;
742 5830 887 5886 aliud
915 5845 1064 5896 vero,
1104 5829 1418 5901 magistrum
1443 5826 1611 5884 fuisse
1643 5830 1904 5898 gentium,
1935 5838 2025 5882 aut

2121 3264 2195 3316 ait
2234 3265 2386 3316 divus
2429 3264 2740 3334 Dionysius.

2196 3339 2347 3418 Quod
2379 3357 2421 3406 si
2458 3370 2569 3407 rem
2620 3355 2854 3422 aliquam
2908 3357 3180 3426 signiﬁcat
3224 3375 3384 3414 causa
3444 3363 3497 3415 in
3527 3363 3689 3419 Patre

2122 3445 2530 3500 substantialem
2554 3483 2569 3508 ,
2605 3447 2650 3498 si
2697 3447 2917 3513 quidem
2956 3447 3099 3500 aliud
3134 3450 3434 3518 quidpiam,
3465 3467 3689 3520 praeter-

2122 3553 2284 3605 quam
2321 3537 2725 3606 pateruitatem,
2777 3554 2838 3591 ac
2886 3542 3292 3606 productionem
3327 3546 3690 3613 signiﬁcabit;

2121 3642 2177 3684 et
2211 3631 2552 3697 perspicuum
2574 3636 2676 3691 est,
2705 3630 2845 3696 quod
2875 3632 2990 3684 aliae
3018 3635 3132 3687 ista:
3163 3649 3248 3688 res
3287 3639 3580 3703 paternitas
3612 3641 3691 3692 vi-

2124 3721 2335 3783 delicet,
2389 3731 2443 3774 et
2489 3737 2674 3783 causa,
2709 3720 2761 3773 in
2816 3722 2977 3776 Patre
3037 3725 3166 3777 sint.
3206 3725 3390 3794 Itaque
3434 3738 3488 3780 et
3546 3729 3692 3782 aliud

2123 3813 2325 3881 aliquid
2379 3830 2558 3876 causa,
2613 3823 2804 3879 praeter
2885 3813 3142 3879 Patrem,
3207 3821 3694 3887 productorcmque

2123 3905 2400 3974 signabit:
2458 3899 2616 3971 atque
2651 3905 2720 3955 ita
2745 3945 2757 3966 ,
2809 3906 3130 3972 compositio
3179 3907 3229 3959 in
3271 3909 3376 3961 Deo
3401 3911 3499 3962 erit
3535 3912 3700 3965 dilIe-.

2124 3997 2356 4049 rentiutn
2419 3997 2834 4063 intelligibilium
2892 4012 3069 4050 rerum
3111 4017 3126 4053 :
3186 4002 3454 4068 simulque
3501 4006 3550 4057 in
3587 4007 3695 4060 Deo

2124 4085 2434 4155 perfectius,
2467 4097 2627 4155 atque
2660 4087 3031 4156 imperfectius
3067 4092 3191 4158 erit,
3227 4108 3400 4161 neque
3433 4096 3538 4149 erit
3563 4097 3696 4150 alte-

2123 4192 2262 4238 rum,
2293 4178 2434 4246 quod
2458 4178 2708 4233 alterum.

2192 4269 2344 4334 Quod
2395 4271 2436 4324 si
2479 4269 2618 4324 idem
2672 4282 2755 4326 est
2807 4289 2967 4328 causa
3015 4274 3159 4342 quod
3217 4277 3512 4343 paternitas
3539 4289 3700 4347 atque

2125 4362 2431 4430 productio,
2463 4363 2634 4415 satius
2675 4375 2756 4416 est
2788 4380 2882 4433 pro
2911 4381 3076 4419 causa
3107 4366 3245 4432 quod
3281 4382 3567 4421 COIIlmUﬂc
3591 4380 3697 4434 est,

2126 4466 2245 4518 qua:
2283 4454 2452 4521 magis
2485 4456 2699 4522 propria
2743 4469 2866 4510 sunt
2917 4458 3291 4512 substantialia
3327 4472 3467 4518 esse,
3495 4461 3527 4513 d
3554 4477 3696 4519 cere.

2129 4545 2509 4611 paternitatem
2547 4547 2772 4609 scilicet,
2795 4563 2888 4601 seu
2926 4551 3355 4616 productionem,
3401 4554 3524 4617 quia
3557 4555 3699 4606 etde

2128 4635 2300 4703 magis
2339 4637 2570 4704 propriis
2627 4639 3074 4691 substantialibus
3125 4654 3304 4692 sermo
3343 4652 3460 4704 est,
3515 4645 3702 4697 ducto-

2126 4740 2321 4794 resque
2339 4729 2708 4795 paternitatcm
2739 4745 2834 4798 pro
2861 4731 3178 4798 proprietate
3207 4734 3413 4796 dicunt,
3435 4737 3692 4802 quoniam

2125 4829 2180 4873 et
2211 4819 2425 4874 Patrem
2463 4823 2690 4886 primum
2735 4820 3084 4875 conﬁtentur.

2203 4911 2358 4976 Quod
2416 4913 2578 4981 igitur
2631 4915 2846 4966 tertium
2886 4915 3016 4968 illud
3063 4916 3315 4982 quiddam
3343 4931 3507 4970 eausa
3563 4919 3701 4972 sub-

2129 5003 2400 5056 stantialis
2452 5005 2546 5067 sit,
2597 5014 2931 5059 constat-ex
2970 5009 3075 5070 bis,
3140 5009 3232 5060 sed
3295 5020 3470 5061 tamen
3526 5025 3702 5077 neque

2127 5105 2418 5165 utrumque
2463 5099 2620 5151 simul
2686 5102 3068 5166 paternitatem
3121 5101 3300 5154 dicere
3353 5101 3432 5152 fas
3461 5111 3566 5155 est.
3594 5103 3701 5156 Aut

2126 5188 2271 5240 enim
2305 5189 2376 5241 ita
2413 5192 2573 5243 ambo
2624 5201 2782 5243 erunt
2828 5193 3241 5257 substantialia,
3273 5194 3427 5263 quasi
3474 5197 3699 5249 seorsim

2127 5291 2418 5350 utrumque
2440 5281 2545 5332 erit
2588 5281 2746 5333 Pater
2776 5283 3070 5335 secundum
3111 5285 3249 5336 hanc
3299 5285 3560 5337 rationem
3587 5289 3704 5338 duae

2126 5372 2463 5426 substantia).
2514 5375 2782 5427 Possibile
2820 5376 2965 5428 cnim
3008 5390 3114 5428 non
3148 5386 3272 5442 est,
3320 5379 3424 5430 duo
3451 5381 3704 5449 substan-

2129 5464 2278 5518 tialia
2314 5466 2544 5533 cuipiam
2568 5466 2749 5520 inesse
2767 5466 2968 5522 dicere.

2211 5554 2381 5611 Porro
2445 5559 2546 5612 hoc
2605 5559 2798 5627 ipsum,
2836 5575 2941 5614 non
3003 5566 3136 5616 duas
3174 5574 3295 5614 esse
3349 5562 3702 5623 substantias,

2130 5649 2268 5703 idem
2321 5650 2434 5703 fere
2479 5659 2583 5716 est,
2638 5665 2702 5704 ac
2733 5651 2776 5704 si
2814 5653 2976 5704 homo
3023 5653 3291 5721 quispiam
3317 5652 3454 5705 duas
3509 5652 3704 5704 habeat

2128 5742 2360 5797 animas.
2393 5741 2508 5796 Non
2549 5743 2694 5796 enim
2753 5744 3064 5800 dicerentur
3107 5746 3215 5800 duo
3265 5759 3385 5800 esse
3435 5745 3701 5798 homines.

2133 5834 2434 5904 Utrumque
2469 5837 2612 5890 enim
2667 5838 3026 5894 substantiale
3075 5838 3298 5892 insitum
3324 5877 3338 5900 ,
3375 5837 3516 5906 quod
3546 5841 3704 5891 s’uuut
