4462 6440
811 405 902 468 131
2053 408 2446 466 MANUELIS
2487 409 2789 466 C\LliC.'E

3922 397 4021 462 132

799 528 900 572 est,
942 512 1118 571 lat-iet,
1181 523 1232 563 et
1288 514 1718 576 countiendabit;
1763 516 1843 568 sin
1895 531 2022 567 vero
2071 518 2138 568 ita
2195 519 2350 568 ambo
2382 525 2420 576 Α
2457 520 2811 584 proprietates
2867 520 3192 585 personatos,
3254 519 3414 570 etiam
3468 530 3570 567 una
3627 512 4019 567 substantiales

798 601 1168 653 substantialia
1227 611 1369 662 sunt,
1427 613 1482 652 ut
1540 605 1801 663 alterum,
1853 604 2023 655 solum
2086 619 2203 655 esse
2251 619 2353 654 non

797 693 1008 758 possit;
1073 703 1360 757 utrumque
1421 694 1788 757 imperfectum
1857 695 1997 754 erit;
2055 702 2130 752 et,
2183 708 2356 759 neque

799 784 1007 834 Patrem
1040 784 1207 834 solum
1235 784 1303 832 dit
1325 800 1419 834 eus
1456 785 1744 848 quispiam,
1768 799 1936 849 neque
1960 786 2352 850 ptoilnctorem,

795 874 1152 924 subsnintiam
1189 873 1426 936 perfecte
1452 914 1463 934 ,
1500 874 1811 939 integrique
1852 873 2117 938 signabit:
2154 873 2224 924 ita
2262 887 2355 925 nec

794 963 970 1014 Patris
1012 981 1290 1027 pcr~onam
1348 965 1616 1016 discernet
1656 982 1680 1013 a
1731 964 1990 1028 rtliquis:
2034 973 2083 1015 et
2138 965 2352 1015 tertium

793 1053 839 1102 al
871 1054 935 1101 nd
967 1055 1238 1118 quidpiam
1286 1056 1466 1105 dicere
1518 1069 1733 1105 liBt'CSSC
1778 1055 1900 1114 erit,
1928 1054 2069 1118 quod
2127 1055 2193 1104 sit
2225 1055 2353 1106 sub~

789 1144 1001 1194 stantia:
1045 1160 1258 1194 nomen.
1311 1144 1370 1194 Ι·;ι
1423 1144 1648 1195 fortasse
1685 1159 1905 1195 causam
1938 1145 2080 1196 dicet
2132 1145 2352 1212 aliquis.

793 1233 934 1281 .tillltl
964 1234 1107 1282 enim
1148 1234 1399 1299 possibile
1437 1251 1538 1284 non
1577 1248 1675 1286 est.
1719 1237 1780 1284 At
1815 1237 1952 1285 istud
1990 1251 2110 1288 esse
2151 1237 2352 1302 impos-

793 1323 968 1382 sibile,
1005 1340 1161 1387 supra
1219 1326 1644 1378 demonstratum
1703 1339 1805 1378 est.
1861 1327 1964 1379 Sed
2015 1330 2346 1379 contrarium

792 1431 886 1465 usu
915 1419 1183 1478 cernitur;
1236 1435 1324 1484 qm
1354 1419 1494 1469 enim
1533 1419 1745 1471 Patrem
1780 1421 1909 1470 dicit
1959 1420 2129 1472 solum
2165 1434 2351 1484 perso-

791 1523 911 1555 nam
948 1508 1204 1571 aliquam,
1241 1513 1507 1562 teraciter
1535 1521 1696 1576 atque
1731 1509 1965 1576 perfecte
2003 1524 2060 1562 se
2097 1520 2352 1575 pntat,ac

788 1599 1144 1648 substantiam
1201 1601 1400 1649 dicere.
1450 1600 1512 1651 Et
1559 1601 1608 1650 lii
1669 1603 1855 1661 etiam,
1917 1599 2006 1665 qui
2056 1602 2353 1666 producere

791 1685 965 1737 Patris
1016 1690 1368 1739 substantiaie
1418 1701 1625 1754 ponunt
1675 1692 2052 1757 productorem
2090 1691 2352 1754 dicentes,

789 1774 1003 1826 Patrem
1031 1795 1087 1830 se
1111 1780 1414 1841 signiﬁcare
1439 1789 1648 1847 putant.
1886 1766 1895 1773 ”

861 1868 973 1919 Non
1032 1871 1210 1935 itaque
1267 1871 1334 1921 ita
1386 1873 1709 1936 prolut-tio.
1749 1888 1808 1923 ac
1848 1872 2144 1938 paternitas
2196 1873 2351 1924 ambo

787 1959 946 2009 simul
983 1961 1356 2012 substantialia
1403 1972 1543 2020 :trnt,
1567 1973 1620 2012 nt
1649 1963 1874 2013 alterum
1907 1963 2077 2014 solum
2110 1977 2350 2015 essenon

788 2051 952 2115 possit
986 2067 998 2112 ;
1039 2051 1299 2116 reliquum
1334 2068 1461 2118 ergo
1491 2061 1590 2115 est,
1613 2053 1694 2104 vel
1723 2052 2098 2119 produc-torem
2135 2054 2350 2120 quidem

787 2141 1141 2193 substantialc
1183 2159 1324 2206 esse,
1357 2145 1734 2211 paternitatem
1768 2153 1943 2195 autent
1979 2143 2155 2211 sequi,
2191 2143 2345 2209 quasi

789 2235 1058 2298 proprium
1097 2233 1416 2300 simpliciter
1451 2243 1610 2300 atque
1651 2235 1979 2301 agnitionem
2010 2249 2022 2285 :
2057 2244 2147 2286 ant
2173 2245 2350 2302 pater-

788 2324 1009 2373 nitntem
1060 2322 1276 2388 quidem
1339 2321 1698 2374 substantinle
1749 2336 1884 2382 esse,
1940 2323 2348 2388 productionem

788 2427 932 2471 vero,
973 2421 1025 2461 nt
1056 2403 1384 2476 agnitionem
1417 2411 1588 2478 sequi.
1623 2409 1726 2462 Sed
1771 2411 1812 2463 si
1850 2411 2065 2476 quidem
2103 2409 2353 2462 substan-

785 2505 908 2555 tiale
936 2502 1218 2569 productio
1252 2513 1363 2560 est.
1397 2504 1691 2570 paternitas
1737 2511 1913 2553 autem
1967 2514 2198 2567 sequens
2229 2515 2353 2568 pro-

788 2597 981 2665 prium.
1016 2605 1066 2647 et
1096 2595 1453 2647 substantiam
1496 2594 1843 2661 signiﬁcans;
1875 2593 2080 2657 primus
2112 2607 2261 2659 ergo,
2293 2601 2347 2645 et

784 2688 900 2740 sine
934 2687 1108 2738 medio
1142 2687 1469 2753 productiva:
1510 2685 1824 2739 substantia:
1867 2699 2182 2750 processus.
2226 2700 2353 2751 pro.

786 2782 1004 2840 ducere,
1041 2779 1122 2832 vel
1146 2779 1354 2846 spirare
1380 2779 1504 2838 erit,
1543 2778 1697 2843 quasi
1732 2778 1848 2829 sine
1883 2775 2060 2828 medio
2094 2776 2351 2828 Substan-

788 2869 965 2920 tialem
1023 2869 1256 2934 speciem
1310 2881 1562 2932 sequens.
1605 2865 2038 2932 Unumquodque
2066 2865 2210 2915 enim
2264 2879 2351 2917 se-

784 2962 1017 3011 cundum
1076 2974 1228 3010 suam
1309 2957 1746 3017 subsistentem,
1832 2954 2352 3022 substantialemque

785 3050 1194 3118 proprietatem,
1232 3049 1380 3116 prius
1416 3055 1672 3112 operatur
1707 3061 1719 3098 :
1752 3061 1844 3112 per
1877 3045 2105 3112 primum
2148 3056 2348 3107 autem,

2459 608 2764 657 divinarum
2819 622 3167 672 personarum
3225 621 3343 657 esse
3402 603 3668 656 conﬁteri.
3735 601 4020 667 Propterea

2462 696 2721 750 Dominus
2776 705 2958 748 noster
2990 712 3108 747 cum
3155 694 3436 747 Trinitatis
3489 692 3802 760 mysterium
3849 690 4020 741 trade-

2462 797 2560 844 ret,
2594 787 2645 836 in
2685 787 2903 836 nomine
2956 785 3153 845 Patris,
3192 795 3242 836 et
3275 784 3430 845 Filii,
3468 791 3516 834 el
3571 781 3798 845 Spiritus
3829 782 4018 839 sancti,

2457 875 2610 936 disci,
2635 876 2750 926 ttlos
2789 875 3062 938 baplilire
3093 874 3255 938 jussit
3293 873 3332 924 ‘.
3370 871 3469 922 Per
3511 871 3562 923 id
3602 871 3842 937 quidem,
3879 868 4018 935 quod

2458 966 2611 1026 dixit,
2643 967 2694 1015 ιη
2754 965 2978 1025 nomine,
3007 977 3164 1014 unam
3207 963 3492 1013 essentiam
3545 960 3793 1025 signans;
3827 971 3919 1024 per
3970 957 4019 1008 id

2459 1069 2604 1114 vero,
2632 1056 2772 1120 quod
2797 1066 3013 1105 secutus
3052 1051 3314 1117 :uljunxit,
3359 1049 3536 1100 Patris
3577 1059 3624 1099 et
3667 1046 4022 1112 Frlii,etSpi-

2458 1148 2594 1196 ritus
2626 1160 2737 1195 sant
2760 1145 2794 1194 ti
2825 1182 2838 1203 ,
2873 1143 3225 1210 proprietates
3266 1141 3530 1200 iudicans,
3567 1140 3855 1190 secundum
3886 1150 4021 1202 quas

2457 1233 2649 1284 divitne
2681 1233 2986 1283 subsistunt
3038 1244 3279 1296 personae
3307 1269 3320 1291 ,
3358 1230 3648 1280 secundum
3688 1225 4019 1278 substantias

2455 1337 2604 1384 suas,
2651 1323 2700 1372 in
2737 1320 2846 1373 suis
2879 1321 3106 1385 propriis
3151 1335 3322 1386 neque
3373 1319 3803 1370 communionem
3854 1315 4015 1368 ullam

2455 1413 2885 1474 adt‘nittentibus,
2941 1414 3150 1464 csseudi
3212 1412 3406 1462 modis.
3458 1410 3519 1461 Et
3576 1407 3827 1474 quoniam
3884 1407 4020 1458 ratio

2454 1504 2670 1570 quidem
2700 1504 3039 1570 paternitatis
3076 1510 3154 1554 est
3202 1501 3477 1566 generatio
3516 1499 3806 1551 secundum
3838 1512 4020 1549 essen-

2455 1595 2609 1654 tiam,
2653 1590 2978 1658 Filinmqne,
3021 1591 3193 1657 primo
3227 1603 3288 1639 ac
3321 1589 3438 1643 sine
3470 1587 3577 1638 ullo
3611 1587 3785 1637 medio
3820 1585 4019 1654 produ-

2454 1698 2611 1746 cere;
2642 1694 2896 1750 0peratur
2931 1684 3128 1749 quippe
3163 1693 3354 1733 natura
3392 1681 3441 1732 in
3492 1681 3651 1733 Patre
3675 1717 3688 1738 ,
3721 1675 4015 1730 secundum

2455 1775 2835 1840 proprietatem
2870 1786 3130 1839 personat,
3165 1773 3217 1822 in
3250 1787 3351 1838 qua
3384 1779 3493 1834 est;
3525 1769 3687 1835 geniti
3723 1781 3849 1818 vero
3874 1764 4013 1817 ratio

2453 1875 2556 1927 est,
2590 1865 2707 1916 sine
2739 1863 2845 1914 ullo
2879 1863 3052 1914 medio
3075 1875 3136 1912 ex
3174 1861 3334 1910 Patre
3359 1874 3516 1922 esse;
3547 1857 3782 1923 Spiritus
3818 1865 4016 1914 autem,

2454 1957 2566 2009 sive
2591 1953 2931 2021 procedentis
2959 1967 2987 2003 a
3031 1951 3188 2003 Patre
3219 1966 3311 2016 per
3341 1950 3572 2016 genitum
3633 1961 3786 2009 esse;
3823 1945 4020 1997 ideirco

2454 2043 2667 2097 Patrem
2726 2043 2912 2095 ordine
2969 2056 3309 2110 praeponens,
3368 2039 3562 2091 Filium
3625 2037 3920 2104 subjunxit,
3965 2042 4022 2085 ut

2453 2137 2543 2204 qui
2576 2137 2644 2188 sit
2675 2149 2739 2188 ex
2778 2133 2936 2188 Patre
2959 2134 3072 2187 sine
3109 2133 3215 2186 ullo
3249 2145 3330 2183 inc
3353 2131 3420 2182 lio
3447 2147 3460 2191 ;
3487 2129 3701 2181 tertium
3745 2142 3871 2180 vero
3898 2125 4020 2193 Spi-

2456 2228 2616 2280 ritum
2679 2234 2924 2278 sanctum
2977 2223 3202 2285 addidit,
3255 2232 3310 2273 ut
3345 2237 3407 2274 ex
3442 2220 3599 2273 Patre
3637 2218 4014 2286 procedentem

2453 2332 2547 2384 per
2580 2315 2794 2367 Filium.

2525 2407 2576 2458 Ιιι
2612 2405 2838 2464 singulis
2867 2404 3008 2456 enim
3051 2401 3267 2470 propria
3323 2401 3403 2453 sui
3451 2399 3641 2466 ipsius,
3675 2407 3726 2450 et
3763 2396 4015 2449 substan-

2455 2501 2614 2562 tialis,
2645 2508 2694 2549 et
2724 2506 2981 2551 constans
3008 2503 3061 2548 et
3085 2495 3421 2548 sub~tantiva
3457 2494 3686 2558 species,
3717 2490 4014 2542 secundum

2453 2606 2614 2658 quam
2651 2587 2904 2642 subsistit
2954 2588 3227 2654 prima,et
3259 2586 3374 2637 sine
3398 2583 3595 2645 medio,
3630 2583 3747 2649 ejus
3781 2579 4018 2645 operatio

2451 2691 2557 2745 est,
2589 2693 2683 2748 per
2704 2693 2862 2746 quant
2899 2678 3295 2744 praecogitatam
3327 2675 3428 2725 alia
3457 2687 3672 2742 quoque
3701 2681 3956 2739 operatur
4000 2684 4014 2720 :

2452 2771 2596 2824 sicut
2662 2767 2810 2820 verbi
2863 2768 3054 2836 gratia,
3089 2767 3140 2818 in
3195 2766 3428 2827 homine,
3467 2762 3725 2816 rationale
3766 2761 4018 2814 substan-

2453 2861 2580 2914 tiale
2635 2876 2760 2914 cum
2812 2859 2882 2913 sit
2918 2857 3122 2927 speciei
3174 2856 3311 2924 ejus,
3349 2858 3645 2909 secundum
3695 2868 3856 2920 quant
3895 2865 4016 2903 esse

2457 2953 2560 3006 hoc
2595 2951 2850 3018 quiddam
2887 2949 3024 3000 idem
3061 2948 3332 3000 hominem
3372 2946 3555 3006 liabet,
3590 2945 3704 3012 ipsa
3732 2953 3813 2996 est
3844 2943 4014 3010 prima

2453 3042 2567 3110 ejus
2596 3041 2899 3094 imtnediata
2933 3038 3196 3105 Operatio,
3221 3052 3314 3104 per
3359 3052 3520 3104 quam
3551 3046 3602 3087 et
3633 3035 3734 3088 alia
3770 3043 4019 3100 operatur

782 3153 835 3194 ut
868 3142 984 3194 sine
1009 3140 1204 3202 medio,
1235 3139 1394 3190 etiam
1429 3139 1529 3190 alia
1565 3138 1832 3204 producit.
1884 3137 2019 3188 llinc
2051 3135 2216 3201 igitur
2255 3149 2350 3204 per
2377 3146 2419 3202 ο
2453 3150 2571 3203 qua:
2587 3144 2918 3188 constantem
2939 3131 3052 3196 ejus
3081 3131 3313 3198 speciem
3347 3135 3877 3195 scquuntnr;utputa
3897 3125 4019 3176 visi-

785 3234 1084 3299 pt'odncere
1138 3229 1279 3297 quod
1328 3228 1546 3289 dicitur,
1575 3229 1672 3279 erit
1709 3229 1954 3294 gignere,
2000 3229 2348 3294 genitumque

784 3335 878 3384 per
933 3318 1233 3384 producens
1283 3325 1588 3367 nascetur:
1639 3327 1689 3367 et
1726 3303 1898 3368 Filius
1939 3330 2004 3369 ex
2052 3315 2211 3369 Patre
2255 3329 2351 3383 per

781 3407 1040 3472 Spiritotn
1072 3404 1194 3466 erit,
1245 3419 1416 3471 neque
1447 3405 1550 3456 erit
1598 3403 1766 3457 Filius
1798 3420 1860 3456 ex
1897 3403 2054 3457 Patre
2084 3405 2199 3456 sine
2236 3419 2349 3457 me-

783 3498 888 3557 dio,
924 3509 1095 3562 neque
1127 3496 1318 3546 tertius
1349 3509 1376 3546 a
1409 3493 1567 3546 Patre
1621 3494 1855 3561 Spiritus
1887 3495 2182 3546 secundum
2225 3508 2348 3559 per-

781 3582 1023 3635 sonalem
1085 3583 1363 3643 ordinem;
1440 3579 1782 3646 Spiritnsqne
1853 3583 2141 3646 conjunget
2204 3576 2350 3629 Patri

781 3674 1058 3734 Verbum,
1121 3673 1461 3740 plurimaque
1516 3674 1827 3726 necessario
1896 3679 2191 3738 sequentur
2256 3670 2348 3723 ab-

778 3767 964 3817 surda.

852 3856 1082 3920 Quibus,
1136 3862 1190 3906 ut
1242 3854 1552 3922 ltt‘lCtllCllllli
1585 3857 1687 3912 est,
1722 3861 1774 3903 et
1804 3850 2070 3903 catholica
2111 3852 2242 3904 lides
2298 3863 2352 3903 et

779 3959 1088 3998 s.ttt(‘lm'ttttt
1121 3945 1342 3998 Patrum
1381 3944 1758 3997 Ecclesiastica
1798 3943 2045 3995 doctrina
2076 3943 2350 3995 contraria

780 4040 963 4101 sentit,
999 4053 1061 4091 ac
1101 4037 1381 4104 praedicat.
1428 4034 1630 4103 Nempe
1663 4033 1980 4100 enitnjuxta
2017 4035 2154 4086 lianc
2184 4034 2345 4086 ratio-

781 4149 900 4183 nem
951 4132 1328 4198 pt'odnctorem
1377 4144 1441 4180 ex
1481 4127 1864 4187 subslantiali,
1921 4127 2099 4193 potius
2157 4139 2350 4176 vocare

778 4219 1082 4277 conveniet,
1120 4233 1279 4283 quam
1323 4231 1388 4268 ex
1421 4230 1486 4267 eo
1514 4215 1652 4282 quod
1687 4216 2043 4267 substantiam
2068 4216 2348 4281 sequitur;

778 4308 916 4370 quod
948 4320 976 4356 a
1010 4307 1306 4373 Scriptura:
1355 4306 1478 4368 lide,
1540 4315 1701 4374 atque
1745 4319 1773 4357 a
1803 4305 2202 4358 eoosuetudine
2231 4320 2349 4358 om-

779 4398 907 4449 nino
939 4398 1171 4449 alienum
1203 4407 1305 4450 est.

2454 3227 2599 3286 bile;
2632 3226 2760 3278 solis
2792 3239 3007 3292 quoque
3057 3223 3268 3290 species
3315 3234 3555 3282 nnacum
3596 3218 3688 3280 sit,
3724 3217 4017 3268 secundum

2453 3332 2613 3386 quam
2648 3318 2725 3368 sol
2764 3314 3031 3372 subsistit,
3056 3313 3378 3381 principium
3417 3317 3500 3361 est
3520 3308 3707 3372 primze
3743 3317 3793 3359 et
3832 3307 4022 3358 imme—

2454 3407 2609 3460 diatre
2636 3405 2969 3470 Operationis
2989 3404 3036 3452 in
3065 3402 3177 3455 Sole
3200 3400 3433 3460 Iuccndi,
3460 3413 3575 3464 quae
3620 3399 3816 3450 nullam
3860 3397 4018 3448 aliam

2455 3506 2576 3548 ante
2593 3511 2650 3547 se
2667 3495 2956 3559 cngitatam
2986 3493 3358 3557 Operationem
3392 3490 3448 3541 in
3483 3492 3599 3540 sole
3625 3488 3806 3540 habet.
3825 3489 3900 3539 Ac
3926 3500 4021 3552 per

2455 3587 2592 3640 lianc
2610 3585 2822 3637 lttcendi
2849 3583 3238 3649 operationem,
3257 3585 3510 3648 qttaﬁanle
3527 3595 3711 3632 omnes
3729 3581 3858 3631 alias
3879 3579 4020 3646 cogi—

2455 3687 2621 3740 tatur,
2656 3685 2813 3742 atque
2845 3675 2962 3727 sine
3001 3673 3182 3726 modio
3217 3673 3267 3724 in
3303 3671 3417 3724 sole
3452 3681 3554 3734 est,
3596 3671 3888 3729 illustrare,
3911 3671 4022 3722 sic-

2455 3785 2602 3831 care,
2646 3767 2948 3821 calefacere
2996 3768 3072 3819 sol
3110 3776 3166 3817 ut
3195 3766 3387 3833 possit.
3432 3763 3613 3816 habet.
3681 3761 4022 3831 Rursumque

2454 3877 2720 3915 nnmanns
2751 3863 2962 3912 animus
2990 3873 3109 3910 cmn
3147 3873 3241 3926 per
3276 3856 3687 3924 intelligentiam
3721 3856 3891 3922 prima
3920 3853 4022 3907 sibi

2454 3960 2507 4001 et
2532 3949 2845 4000 iinanediata
2879 3949 2947 3998 sit
2972 3946 3133 4008 actio,
3155 3960 3247 4012 per
3279 3944 3416 3996 hanc
3441 3944 3840 4012 praecogitatatn
3859 3944 4021 3995 etiam

2454 4049 2767 4106 sequentem
2793 4039 3187 4107 operationem,
3222 4035 3358 4088 velle
3388 4035 3598 4088 scilicet
3628 4033 3856 4102 perlicit.
3886 4033 4024 4100 Ope-

2455 4131 2693 4181 ratiunes
2741 4129 2883 4180 enim
2935 4128 3032 4180 ista
3084 4127 3334 4178 dicuntur
3366 4126 3663 4191 ,quoniam
3717 4135 3771 4178 et
3830 4124 4024 4176 intelli-

2453 4233 2599 4287 gere,
2637 4228 2692 4272 et
2724 4219 2987 4286 cogitare,
3030 4226 3084 4268 et
3119 4217 3577 4278 animadvertere,
3611 4225 3664 4269 et
3703 4215 3855 4278 velle,
3884 4216 4024 4268 sicut

2453 4311 2616 4361 etiam
2658 4309 2901 4376 gignere,
2932 4310 3142 4376 (iperari
3184 4308 3384 4376 aliquid
3419 4319 3521 4360 est.

2524 4401 2814 4466 Quocirca,
2847 4401 3102 4468 quoniant
3146 4399 3445 4452 secundum
3471 4400 3724 4469 gignendi
3756 4403 4020 4456 rationem

849 4489 1112 4550 Quoniam
1148 4488 1311 4555 igitur
1342 4488 1472 4541 nihil
1521 4502 1710 4540 eorum
1761 4501 1880 4554 qum
1915 4487 2170 4555 praedicta
2203 4497 2350 4550 sunt,
2387 4472 2427 4525 Π
2455 4492 2634 4546 Patris
2679 4507 2906 4559 persona
2934 4493 3180 4545 Subsisnt
3223 4507 3236 4554 ;
3291 4508 3385 4560 per
3420 4491 3593 4560 ipsum
3623 4492 3845 4560 gignere
3880 4496 4022 4563 quod

777 4578 1128 4631 substantiale
1165 4593 1457 4644 esr,ueque
1489 4581 1807 4648 ingenitum,
1844 4592 2014 4645 neque
2050 4593 2233 4640 causa,
2258 4594 2352 4631 ne-

775 4685 881 4735 que
917 4669 1196 4735 productio
1225 4679 1277 4720 et
1332 4670 1632 4734 paternitas
1666 4669 1847 4730 simul,
1909 4670 2064 4734 quasi
2123 4667 2350 4719 alterum

775 4775 896 4811 esse
931 4775 1034 4811 non
1072 4771 1277 4826 possit:
1310 4777 1480 4827 neque
1511 4762 1814 4827 producere
1847 4770 2052 4811 tantum
2080 4763 2224 4827 quod
2258 4762 2345 4812 di-

777 4851 940 4913 citur,
977 4852 1330 4905 sttbstattliale
1381 4853 1560 4906 Patris
1607 4870 1727 4907 esse
1783 4868 2004 4924 potest:
2043 4864 2233 4916 re5tat,
2294 4862 2351 4906 ιιι

775 4944 1158 5010 paternitatem
1215 4945 1388 4996 solam
1443 4943 1621 4999 Patris
1652 4962 1772 5000 esse
1806 4947 2162 5002 substantiale
2211 4948 2353 4999 dica-
2408 5005 2426 5014 _

778 5052 916 5098 inus,
953 5037 1100 5102 quasi
1154 5037 1624 5090 commendantem
1675 5040 1724 5092 in
1758 5042 2014 5109 proprio,
2051 5049 2106 5093 et
2150 5040 2350 5092 nemini

778 5143 1063 5180 commune
1094 5144 1214 5180 esse
1251 5128 1427 5183 Patris
1455 5147 1764 5198 personant,
1808 5136 1921 5187 sive
1963 5133 2351 5197 substantiam,

779 5221 1187 5288 produt-nom-m
1227 5237 1351 5273 vero
1385 5237 1672 5287 personam
1707 5225 1857 5291 sequi
1882 5265 1895 5288 ,
1933 5233 1990 5276 ut
2023 5227 2350 5294 agnitionem

776 5311 1114 5376 simpliciter,
1177 5329 1237 5364 ac
1291 5313 1742 5381 signiﬁcationem
1804 5316 2124 5368 substantiae
2180 5316 2349 5382 ipsius

771 5401 884 5469 jam
920 5401 1280 5454 subsistentis.
1315 5402 1377 5454 Et
1420 5415 1823 5472 consequenter
1860 5403 2196 5456 nativitatem
2229 5408 2346 5472 qui-

777 5496 899 5543 dem
955 5491 1071 5544 Filii
1126 5508 1412 5562 personant
1477 5497 1904 5558 commendare,
1944 5496 2346 5562 ptOCessionem

780 5599 905 5632 vero
958 5587 1128 5636 sancti
1191 5587 1425 5650 Spiritus
1477 5603 1808 5656 personam:
1851 5598 2011 5654 atque
2057 5587 2189 5642 istas
2231 5599 2343 5641 tres

2060 5711 2081 5742 Ι

807 5770 818 5796 ¹
856 5770 1040 5822 Matth.
1077 5785 1264 5834 sunt,
1300 5770 1378 5829 l9,
1407 5769 1491 5820 ὲὺ.

2454 4587 2669 4646 dicitur,
2705 4585 2868 4638 etiam
2903 4586 3197 4652 productor
3236 4582 3398 4636 Pater
3445 4586 3572 4639 erit.
3631 4584 3753 4639 Ideo
3802 4597 3856 4639 et
3891 4601 4023 4639 con-

2453 4691 2579 4744 grue
2610 4692 2740 4729 sane
2767 4666 3060 4740 productor
3120 4690 3213 4743 per
3257 4677 3490 4729 Verbum
3525 4677 3704 4729 dictus
3737 4687 3817 4728 est
3855 4694 3869 4741 ;
3905 4678 4025 4744 Spi-

2452 4769 2694 4835 ritusque
2717 4783 2778 4818 ex
2821 4768 2977 4819 Patre
3003 4771 3318 4836 procedere.
3350 4765 3532 4834 Neque
3566 4767 3668 4819 hoc
3696 4767 3894 4832 solum,
3930 4771 4023 4822 sed

2450 4863 2502 4907 et
2537 4870 2631 4921 per
2667 4853 2862 4906 Filium
2889 4855 3027 4908 facta
3059 4870 3179 4908 esse
3209 4857 3413 4919 omnia,
3445 4857 3785 4922 accepimus.

2526 4945 2647 4998 lltec
2700 4955 2876 4999 autem
2910 4947 3168 5014 praedicta
3215 4947 3395 4998 omnia
3449 4946 3746 5010 roborant;
3797 4963 4027 5016 namque

2451 5048 2503 5089 et
2535 5039 2787 5089 traditunt
2844 5037 3229 5090 commendant
3284 5039 3552 5102 ordinem,
3587 5039 3893 5107 Filiumqne
3933 5057 4024 5092 nc-

2452 5132 2691 5183 ccssario
2722 5130 2871 5198 prius
2903 5139 3084 5183 unite
3119 5131 3355 5197 eotrcipi,
3389 5145 3548 5196 quam
3589 5131 3869 5200 Spiritum,
3904 5143 3954 5182 et
3998 5150 4025 5183 ιι

2454 5222 2612 5274 Patre
2642 5223 2856 5275 tertium
2917 5223 3209 5276 secundum
3241 5225 3580 5292 personaletn
3636 5226 3881 5276 ordinem
3911 5240 4027 5276 (λεπι-

2459 5312 2716 5379 Spiritum
2741 5329 2753 5364 :
2788 5323 2946 5379 atque
2965 5330 3085 5366 cum
3110 5316 3298 5367 ordine
3321 5329 3666 5382 personarum
3692 5316 3756 5366 ad
3778 5314 4026 5375 invicem,

2458 5406 2546 5470 qui
2569 5421 2629 5457 ex
2663 5407 3008 5471 processibus
3032 5410 3192 5458 srrnul
3225 5407 3553 5470 declaratur,
3590 5406 3840 5459 essentie
3897 5421 4024 5471 quo-

2455 5514 2561 5566 que
2592 5499 2879 5551 roboratur
2909 5498 3184 5559 identitas,
3217 5514 3338 5551 cum
3365 5503 3555 5552 tertius
3597 5499 3768 5564 primo
3795 5511 3887 5566 per
3919 5512 4025 5549 tne-

2456 5590 2599 5643 dium
2625 5589 2890 5659 jungitur,
2927 5589 3079 5657 juxta
3110 5588 3430 5658 Gregorium
3459 5587 3778 5656 Nyssirnum,
3811 5596 4023 5639 natura-
