4462 6440
456 404 473 465 1
492 403 558 461 ΞΠ

1550 399 1947 458 ADVERSUS
1983 397 2298 459 GRIECOS
2331 402 2470 461 LIB.
2506 404 2614 462 Ill.

3621 411 3720 473 1va

447 518 598 584 lique
652 512 892 565 bonitate
940 525 1003 565 ac
1064 510 1326 580 dignitate
1394 509 1538 579 regia
1613 527 1675 563 ex
1739 510 1898 564 Patre
1952 512 2123 579 perA
2225 511 2530 587 Ex‘quibus
2564 514 2615 566 id
2646 514 2808 601 etiam
2835 514 3089 568 admirari
3141 516 3286 583 licet,
3321 522 3611 596 quomodo,
3634 528 3724 592 qui

451 609 803 676 Unigenitum
835 605 897 656 ad
933 603 1193 672 Spirittnu
1224 612 1474 659 sanctum
1512 619 1575 655 ex
1645 602 1803 657 P..tre
1843 618 2034 673 proce-

447 702 600 762 dere,
638 713 741 753 non
766 706 944 750 tamen
969 712 1036 749 ex
1065 695 1393 765 productore
1421 693 1597 759 .Nam,
1630 696 1925 749 secundum
1949 710 2040 764 pne

450 802 663 843 lernam
723 789 1108 857 proprietatem
1152 785 1331 840 Patris
1402 803 1637 855 persona
1712 788 2037 850 subsistens,

446 886 749 935 secundum
776 882 914 934 lianc
945 881 1220 949 primitus,
1242 895 1303 933 ac
1324 882 1440 933 sine
1468 882 1643 933 medio
1669 899 1730 934 ex
1762 898 1818 933 se
1846 882 2035 934 Filium

447 976 624 1043 gignit
688 975 962 1042 gignendo
996 982 1178 1027 autem
1206 971 1521 1039 producitet
1554 963 1855 1038 Spiritum':
1889 973 2034 1024 illum

446 1068 673 1135 quidem
700 1066 1047 1120 continenter
1095 1080 1158 1119 ex
1186 1065 1384 1134 primo;
1424 1068 1566 1117 hunc
1591 1067 1766 1117 autem
1795 1080 1889 1132 per
1912 1081 2034 1117 eum

448 1160 541 1226 qui
578 1168 659 1211 est
690 1158 1038 1211 continenter
1065 1172 1129 1210 ex
1162 1156 1358 1226 primo.
1391 1156 1498 1207 Nisi
1520 1171 1648 1223 ergo
1676 1156 1833 1209 Pater
1871 1166 2035 1221 esset,

452 1248 691 1316 proiecto
713 1264 886 1317 neque
910 1249 1204 1317 productor
1238 1257 1405 1302 esset.

526 1340 680 1393 Unde
712 1341 877 1393 etiam
910 1340 1118 1394 dictum
1152 1352 1257 1404 est,
1312 1342 1519 1395 idcirco
1577 1341 1724 1395 illum
1773 1356 1838 1395 ex
1875 1342 2037 1395 Patre

450 1431 772 1496 procedere,
805 1433 1064 1500 quoniam
1113 1432 1380 1500 eil‘nlgeta
1438 1432 1594 1497 F.lio,
1656 1444 1710 1490 et
1740 1448 1834 1501 per
1860 1434 2033 1503 ipsuut

445 1528 551 1576 est.
574 1522 687 1576 Nisi
713 1526 855 1578 enim
896 1541 993 1594 per
1016 1525 1212 1578 Filium
1234 1536 1400 1588 essm,
1423 1542 1595 1593 neque
1626 1544 1651 1579 a
1692 1520 1848 1580 Patre
1867 1537 2031 1582 esset.

451 1616 639 1681 Itaque
672 1617 1025 1685 praecogitato
1062 1617 1278 1685 quidem
1305 1616 1441 1670 Filio
1479 1627 1698 1686 propter
1752 1628 2033 1686 paternam

449 1709 881 1772 petierationem,
913 1712 1214 1762 secundum
1240 1725 1399 1778 quam
1427 1711 1603 1763 Patris
1642 1726 1870 1777 persona
1911 1712 2037 1765 sub-

450 1803 593 1853 sistit
627 1819 639 1852 :
680 1818 774 1869 per
806 1800 998 1853 Filium
1034 1818 1160 1854 vero
1205 1803 1532 1868 procedente
1564 1802 1769 1871 Spiritu
1808 1813 2032 1864 sancto,

2148 602 2403 671 Spiritum
2444 615 2693 660 sanctum
2752 622 2816 660 ex
2851 607 2968 662 solo
3029 607 3186 661 Patre
3211 625 3329 664 esse
3364 612 3568 677 volunt,
3596 615 3723 667 dum

2147 695 2249 748 sibi
2285 696 2410 763 ipsis
2445 698 2668 749 nimium
2699 699 2993 769 indulgent,
3028 701 3376 755 substantiale
3401 702 3574 758 Patris
3602 721 3726 773 pro-

2147 786 2346 840 ducere
2400 797 2627 855 pOnunt,
2662 801 2711 841 et
2739 793 2879 863 quod
2902 786 3213 861 ’quteritur,
3275 794 3326 846 itt
3361 772 3467 863 ψιό
3496 772 3723 851 multum

2146 877 2343 933 laboris
2388 883 2456 931 ‘ut
2500 881 2708 935 ostendi
2755 862 2956 949 tiosset,
3019 888 3252 953 primum
3304 862 3590 955 oportebat
3635 904 3722 942 as-
3760 952 3765 957 δ

2146 970 2310 1031 sumi,
2344 969 2499 1036 quasi
2536 985 2853 1025 concessum
2880 976 3155 1044 accipiunt
3182 995 3194 1038 ;
3218 992 3341 1028 cum
3377 992 3550 1046 neque
3578 992 3728 1032 corn-

2147 1074 2336 1114 munes
2367 1062 2432 1113 de
2463 1061 2733 1118 Trinitate
2772 1064 3143 1133 intelligentia:
3171 1067 3518 1134 permittant;
3553 1086 3726 1137 neque

2144 1152 2195 1204 id
2220 1167 2387 1205 sacra‘
2418 1152 2905 1245 Liltcrm‘balteaut
2943 1177 2955 1221 ;
2996 1174 3169 1226 neque
3222 1160 3359 1212 nllus
3411 1172 3723 1214 sanctorum

2144 1241 2365 1295 Patrum
2418 1241 2653 1309 dixerit,
2682 1246 2749 1298 ab
2795 1246 3099 1314 hujusmodi
3138 1249 3492 1317 intelligentia
3535 1251 3727 1303 adver-

2148 1335 2329 1387 terint.
2363 1334 2488 1398 Sed,
2528 1351 2650 1389 cum
2688 1352 2860 1403 neque
2891 1353 2918 1389 a
2950 1339 3353 1407 disputantibus
3378 1341 3427 1392 id
3459 1320 3725 1392 conceda-

2147 1435 2252 1488 tur,
2291 1425 2392 1493 ipsi
2427 1437 2603 1481 tamen
2636 1429 2793 1496 quasi
2834 1445 2928 1496 pro
2955 1445 3235 1495 concesso,
3272 1434 3413 1498 quod
3436 1429 3720 1499 quaeritur,

2145 1526 2337 1585 pra-ter
2388 1533 2602 1573 omnem
2666 1520 2932 1574 rationem
2994 1536 3386 1592 supponentes,
3443 1533 3634 1591 putant
3666 1538 3724 1576 se

2145 1608 2346 1676 aliquid
2389 1611 2738 1673 concludere.
2790 1614 3129 1683 plurimaque
3182 1616 3360 1683 inepta
3390 1625 3579 1668 contra
3629 1629 3724 1667 eos

2144 1702 2233 1766 qui
2259 1716 2352 1768 per
2375 1700 2568 1754 Filium
2609 1715 2769 1771 atque
2812 1720 2837 1755 a
2867 1704 3002 1757 Filio
3035 1722 3158 1760 esse
3182 1707 3440 1773 Spiritum
3470 1718 3722 1759 sanetum

2143 1796 2495 1859 conﬁtentur,
2526 1796 2804 1862 colligunt.
2827 1796 2984 1867 Quod
3005 1798 3045 1849 si
3079 1799 3177 1849 tria
3201 1798 3537 1850 solummodo
3561 1799 3721 1849 trium

453 1894 674 1960 prtiptie
706 1894 999 1947 admodum
1027 1894 1273 1959 Spiritus‘
1300 1905 1521 1948 sanctus
1555 1910 1618 1948 ex
1648 1898 1809 1950 Patre
1844 1910 2036 1964 proce.
2075 1866 2112 1919 Β
2145 1900 2208 1953 Pc

1959 1910 2036 1949 τε.
2075 1866 2112 1919 Β
2145 1900 2492 1953 personarum
2531 1888 2906 1941 subslattlialia
2944 1904 3064 1941 esse
3100 1904 3324 1941 necesse
3355 1900 3454 1953 est,
3498 1907 3562 1942 ne
3598 1891 3721 1955 plu-

453 1988 581 2035 σενι-ιι
613 2000 640 2035 a
666 1984 930 2051 theologis
960 1988 1221 2038 asscritur
1253 2002 1267 2049 ;
1303 1996 1360 2038 ut
1413 1988 1502 2054 qui
1551 2002 1658 2039 non
1687 1986 1846 2039 aliter
1875 2001 2035 2053 quam

451 2092 519 2127 ex
574 2076 733 2129 Patre
760 2092 854 2143 per
886 2078 1291 2143 generationem
1348 2079 1679 2146 producatur
1732 2094 1746 2130 :
1780 2079 1848 2131 ob
1873 2093 2031 2146 quam

452 2166 700 2243 profecto
733 2183 980 2229 causam,
1016 2181 1068 2222 et
1103 2169 1277 2222 sancti
1306 2166 1493 2223 Patres
1541 2170 1888 2239 conjunctam
1915 2185 2038 2238 pro-

449 2258 676 2311 cedendi
718 2260 1112 2323 delinitionem,
1147 2275 1212 2314 cx
1272 2262 1430 2315 l’atre
1467 2262 1609 2331 quod
1672 2263 1892 2326 dicitur,
1939 2277 2036 2331 pro

448 2364 514 2401 eo
548 2351 692 2416 quod
733 2360 814 2402 est
850 2365 915 2402 ex
950 2348 1109 2402 Patre
1138 2365 1235 2417 per
1270 2349 1463 2405 Filium
1501 2353 1888 2419 suscipientes,
1923 2368 2034 2403 nia-

450 2440 704 2492 nil'estius
741 2442 1118 2509 explicuerunt
1174 2443 1322 2496 :boc
1368 2443 1544 2511 ipsum
1605 2458 1725 2498 esse
1784 2459 1849 2497 ex
1878 2445 2036 2499 Patre

452 2532 770 2597 procedere,
834 2532 1033 2585 divinis
1110 2534 1416 2587 rationibus
1475 2546 1875 2589 asseverantes.
1916 2535 2031 2591 Nisi

449 2623 597 2673 enim
634 2624 925 2676 secundum
983 2627 1325 2689 patet-uitatis
1381 2628 1784 2693 deﬁnitionem,
1824 2644 2059 2683 secuu-~

449 2715 578 2765 dmi
606 2730 765 2781 quam
797 2714 970 2768 Patris
995 2732 1222 2783 persona
1259 2718 1525 2780 subsistit,
1577 2720 1831 2773 nativitas
1888 2719 2035 2781 Filii,

451 2808 774 2873 priusquam
810 2810 1085 2876 processio
1141 2809 1379 2876 Spiritus
1416 2812 1767 2877 cogitaretur,
1824 2827 2028 2879 nequa-

449 2916 615 2966 quam
646 2916 706 2952 ex
745 2902 899 2952 Patre
928 2903 1243 2967 procedere,
1280 2903 1374 2956 sed
1402 2917 1466 2954 ex
1515 2904 1845 2969 produt-tore
1881 2908 2031 2960 dice.

420 2981 622 3052 (retur,
675 3002 835 3056 atque
883 3010 946 3045 eo
976 2996 1167 3061 magis,
1208 3010 1270 3046 ne
1301 3004 1356 3047 et
1409 2994 1643 3063 Spiritus
1684 2995 1854 3050 Filius
1913 3015 2035 3051 esse

451 3085 781 3150 quibusdam
847 3086 1079 3138 fortaSse
1126 3088 1419 3147 videretur,
1460 3102 1581 3141 cum
1625 3090 1923 3155 procedere
1954 3092 2034 3141 di-

452 3193 669 3229 rerenr
691 3192 754 3229 ex
787 3176 963 3231 Patre.
996 3179 1245 3246 Congrue
1284 3179 1445 3244 igitur
1502 3180 1778 3232 innovatio
1826 3182 2034 3233 ordinis
2061 3213 2105 3275 ρ

452 3284 614 3335 quem
658 3267 915 3321 Dominus
946 3270 1187 3328 tradidit,
1230 3271 1395 3335 ipsius
1437 3270 1754 3324 substantiae
1787 3271 2038 3324 abolitio-

457 3377 579 3411 nem
639 3359 858 3423 habere,
916 3362 1147 3427 lideique
1190 3363 1351 3414 totius
1405 3361 1689 3431 abncgatio
1717 3377 1836 3416 esse
1890 3365 2033 3419 dicta

453 3461 554 3504 est.
602 3453 882 3517 Almegant
917 3452 1073 3504 iidem
1106 3452 1338 3511 scilicet,
1369 3455 1459 3521 qui
1483 3453 1789 3521 producere
1819 3457 2033 3521 quidem

456 3555 517 3596 ut
550 3544 909 3596 substantiale
942 3554 1203 3609 ponentes
1233 3544 1428 3630 Patris,
1457 3562 1522 3599 ex
1562 3547 1678 3615 ipso
1712 3546 1831 3599 sine
1860 3548 2037 3599 medio

457 3636 752 3700 procedere
783 3633 1046 3701 Spiritum
1075 3635 1286 3687 dicunt.

534 3725 871 3777 Attestantur
893 3733 1072 3776 autem
1111 3726 1193 3777 bis
1223 3742 1341 3794 qua:
1373 3726 1514 3779 dicta
1548 3737 1696 3791 sunt,
1745 3728 1873 3782 hinc
1909 3730 2033 3799 qui-

456 3818 581 3867 dem
619 3815 897 3883 Scriptura
921 3816 1103 3869 divina
1144 3817 1371 3883 ubique;
1398 3832 1518 3870 eum
1556 3818 1621 3871 de
1646 3820 1815 3872 tribus
1847 3835 2035 3887 perso-

461 3906 812 3975 nisloquitur,
835 3906 1073 3969 Patrem,
1102 3907 1384 3970 ctFilinm,
1416 3921 1468 3960 et
1493 3909 1754 3977 Spiritum
1787 3924 2034 3964 sanctum

462 4000 768 4062 enuntians,
802 3998 957 4066 quasi
990 4002 1090 4052 ista
1147 3997 1437 4061 solliciant,
1467 4001 1677 4055 divinas
1732 4002 1851 4055 illas
1909 4004 2040 4056 sub-

461 4091 737 4143 sistentias
785 4076 1833 4157 substantiasque'Jcomniendareﬂinc
1874 4095 2035 4147 etiam

462 4184 723 4235 Docmres
778 4186 976 4243 sancti,
1007 4198 1128 4237 cum
1167 4184 1233 4236 de
1262 4183 1715 4239 substantialibus
1733 4186 2037 4252 disserunt,

460 4277 607 4327 solas
629 4275 724 4327 bas
747 4274 1098 4329 discretionis
1121 4277 1340 4326 tradunt
1380 4290 1592 4328 causas.
1620 4277 1709 4327 Ait
1737 4277 1879 4327 enim
1913 4292 2039 4329 sau-

461 4377 583 4418 etus
614 4364 847 4418 Joannes
880 4367 1267 4445 D.titiascetitts:
1301 4364 1472 4417 Unum
1511 4366 1677 4419 Deum
1702 4370 2034 4436 agnoscimus

462 4461 513 4509 in
538 4460 661 4509 solis
692 4457 1100 4524 proprietatibus
1124 4458 1479 4520 paternitatis,
1504 4460 1817 4522 nativitatis,
1843 4471 1888 4512 et
1916 4477 2039 4528 pro-

2142 1977 2275 2029 rinia
2310 1978 2538 2030 absurda
2587 1994 2648 2032 ac
2685 1980 2899 2046 indigna
2949 1992 3267 2047 sequantur,
3301 1980 3539 2047 soliSque
3592 1997 3719 2048 pro-

2141 2070 2467 2135 prietatibus
2519 2068 2885 2137 paternithtis,
2937 2080 2990 2122 ct
3037 2072 3356 2129 nativitatis.
3384 2088 3446 2125 ac
3504 2088 3724 2141 proces-

2139 2160 2329 2223 sionis,
2383 2143 2746 2214 subsistentia:
2803 2162 3021 2215 modum
3079 2162 3544 2231 diﬂ'erentiamque
3594 2167 3720 2219 sub-

2140 2254 2466 2306 stantiarum
2500 2250 2875 2320 intelligimus,
2909 2253 3059 2320 juxta
3122 2262 3429 2307 sanctorum
3497 2254 3740 2314 Patrum.

2138 2344 2487 2397 traditionem
2519 2359 2533 2395 :
2566 2344 2756 2412 liquet,
2785 2354 2995 2412 praeter
3016 2345 3301 2412 prmdietas
3338 2347 3714 2414 proprietates,

2138 2434 2348 2488 nu!lum
2382 2433 2527 2486 aliud
2552 2434 2909 2489 substantiale
2960 2449 3101 2499 esse,
3136 2436 3504 2503 cujuscunque
3555 2440 3717 2488 trium

2138 2527 2189 2578 in
2240 2537 2428 2580 sancta
2488 2525 2757 2580 Trinitate
2797 2540 3151 2595 personarum
3182 2543 3197 2591 ;
3234 2525 3537 2596 falsumque
3567 2543 3711 2591 esse.

2136 2621 2277 2688 quod
2315 2618 2388 2673 illi
2410 2632 2506 2686 pro
2531 2632 2791 2673 concesso
2823 2628 3052 2686 ponunt,
3079 2618 3318 2689 falsaque
3344 2622 3547 2683 omnia,
3568 2636 3718 2688 qua:-

2139 2726 2242 2780 qne
2305 2712 2408 2767 ltoc
2450 2712 2628 2765 rosito
2684 2713 3027 2775 concludere,
3081 2722 3241 2781 atque
3272 2727 3500 2782 arguere
3527 2728 3586 2766 se
3620 2728 3719 2781 pu-

2137 2813 2296 2857 tant:
2349 2813 2682 2870 externaque
2742 2791 2804 2857 ac
2835 2804 3042 2870 putida,
3096 2820 3215 2873 quae
3239 2813 3428 2857 contra
3475 2804 3717 2869 Latinos,

2142 2895 2255 2948 into
2291 2911 2415 2948 vero
2458 2905 2645 2949 contra
2678 2908 2896 2949 sanctos
2929 2898 3118 2949 Patres
3160 2896 3489 2965 longissimis
3521 2908 3723 2951 tracta-

2139 2986 2283 3039 tibus
2314 2987 2803 3054 censeribnnt.per
2840 3004 2958 3054 quae
2994 2988 3345 3050 concludunt,
3395 2989 3467 3041 illi
3492 2990 3715 3057 quidem

2139 3077 2296 3140 tnbil,
2323 3093 2535 3145 semper
2566 3090 2743 3130 autem
2778 3080 2829 3130 in
2865 3079 3143 3174 principiis
3172 3090 3479 3131 versantur.

2209 3170 2507 3223 Conficitur
2537 3180 2714 3222 autem
2747 3179 2800 3223 et
2830 3184 2894 3221 ex
2933 3172 3014 3222 bis
3065 3170 3183 3235 quite
3209 3171 3349 3224 dieta
3398 3181 3545 3232 sunt,
3577 3174 3718 3241 quod

2139 3277 2325 3315 eorum
2356 3278 2474 3328 qua!
2500 3250 2753 3314 dicuntur
2782 3262 2832 3314 itt
2857 3263 2966 3315 Deo
2990 3264 3092 3314 alia
3117 3263 3331 3329 quidem
3372 3265 3572 3316 nullam
3604 3264 3717 3318 dis-

2139 3356 2432 3406 cretionem
2485 3331 2741 3421 signant";
2774 3356 2865 3409 sed
2902 3356 2951 3406 in
2980 3337 3087 3407 ttita
3119 3356 3398 3409 divinitate
3419 3358 3721 3439 kindiserete

2141 3446 2424 3497 dit-untur:
2481 3448 2594 3499 sive
2652 3446 2922 3509 absoluta,
2955 3428 3250 3499 seru‘mlnm
3310 3462 3369 3499 se
3399 3428 3514 3514 ipsa
3572 3449 3718 3500 dicat

2139 3539 2427 3604 quispiam,
2462 3549 2517 3588 ut
2543 3534 2781 3605 sapiens,
2816 3538 3008 3597 bonus,
3039 3540 3166 3601 vita,
3194 3540 3414 3603 veritas,
3436 3544 3670 3594 essentia
3700 3559 3714 3593 :

2139 3632 2274 3692 sive,
2310 3646 2431 3697 qua:
2456 3644 2551 3696 per
2578 3643 2860 3683 excessum
2896 3630 3197 3697 negationis
3225 3630 3506 3697 dicuntur,
3540 3642 3599 3685 ut
3632 3632 3716 3685 in-

2142 3720 2386 3777 visibilis.
2414 3718 2999 3787 iincomprehensibilis,
3021 3721 3581 3786 supersubstantialis:
3605 3724 3719 3776 sive

2139 3822 2259 3874 qum
2306 3808 2545 3859 habitum
2608 3813 2674 3857 ad
2711 3819 3044 3861 creaturam'
3073 3810 3334 3875 iudicant,
3394 3822 3450 3864 ut
3480 3813 3718 3878 créator,

2141 3914 2258 3962 rex,
2292 3902 2658 3967 omnipotens.
2696 3900 2813 3951 Alia
2880 3916 3006 3955 vero
3064 3905 3279 3971 pr0pria
3341 3905 3394 3957 in
3453 3906 3721 3972 Trinitate

2144 4002 2294 4045 Sllﬂl.
2844 4054 2860 4069 ρ

2212 4082 2277 4134 Ει
2307 4081 2646 4150 propriorum
2684 4081 2787 4133 atia
2820 4081 3035 4149 quidem
3091 4070 3302 4140 duobus
3357 4089 3723 4141 communiter

2140 4184 2293 4238 ειιιιιρ
2321 4173 2539 4242 propria
2572 4188 2721 4233 vero,
2760 4174 2826 4225 ad
2861 4174 3144 4241 reliquam.
3170 4176 3265 4229 Est
3289 4178 3432 4230 enim
3479 4189 3533 4232 et
3562 4180 3722 4247 quid-

2139 4268 2263 4321 dam
2310 4268 2415 4317 tale
2462 4267 2761 4333 proprium,
2813 4265 2878 4315 ad
2910 4265 3055 4318 aliud
3104 4265 3328 4334 aliquid,
3372 4269 3604 4336 etquod
3654 4272 3721 4321 ad

2139 4361 2357 4428 a'iquod
2405 4361 2603 4413 dicitur
2639 4357 2938 4426 proprium,
2976 4362 3613 4413 nontanien'secundum
3638 4376 3723 4414 se-

2142 4452 2312 4518 ipsum
2366 4451 2665 4518 proprium,
2714 4448 2871 4513 quasi
2924 4449 3307 4500 commendare
3364 4450 3463 4503 hoc
3516 4452 3723 4517 aliquid

458 4562 515 4596 cc
545 4547 727 4603 sicuis,
761 4554 807 4596 et
844 4544 1129 4595 secundum
1163 4560 1401 4606 causam,
1428 4558 1472 4597 et
1498 4548 1729 4608 causale,
1758 4548 2028 4616 perfectio.
2068 4550 2108 4613 Ι)
2140 4544 2345 4612 possit;
2406 4552 2459 4593 ut
2523 4542 2668 4593 verbi
2720 4544 2892 4610 gratia
2952 4542 3196 4610 bipedem
3230 4556 3373 4607 esse,
3412 4543 3613 4594 homini
3656 4545 3723 4594 ad

462 4653 679 4704 nemque
701 4638 1008 4688 substantia!
1034 4639 1136 4688 sive
1164 4637 1508 4689 subsistentia:
1544 4638 1752 4689 modum
1777 4639 2032 4704 di/ierena

458 4734 584 4781 (iam
628 4730 987 4796 intelligimus.
1025 4728 1175 4792 Quod
1228 4730 1271 4780 si
1320 4729 1370 4780 itt
1410 4729 1538 4781 solis
1608 4730 2035 4795 proprietatibus

458 4822 819 4873 ddl‘ereutiam
852 4821 1203 4889 intelligimus
1236 4829 1288 4873 et
1314 4822 1442 4887 ipsa!
1472 4820 1597 4873 sola:
1645 4821 1853 4874 scilicet
1907 4836 2029 4888 per-

458 4929 621 4965 sonas
656 4913 1080 4977 commendant;
1108 4912 1149 4964 si
1178 4912 1340 4980 igitur
1370 4912 1483 4964 haec
1511 4926 1635 4963 vera
1666 4922 1810 4973 sunt,
1837 4915 2034 4979 produ-

458 5020 583 5056 ςιηιι
609 5019 827 5071 prorsus
853 5004 1204 5057 sitbstantiale
1238 5021 1341 5056 non
1365 5002 1799 5057 est.iCuttlicitttr
1826 5015 2028 5067 autem,

462 5095 607 5160 quod
661 5095 750 5161 qui
805 5094 981 5147 Patris
1027 5093 1429 5152 substantialia,
1462 5094 1613 5159 plura
1652 5107 1813 5158 quam
1864 5107 2027 5142 unum

463 5197 690 5254 puniunt,
731 5188 1223 5255 paternitatemque
1248 5195 1301 5237 et
1330 5183 1764 5252 productionem,
1823 5183 2036 5250 ingeni-

462 5289 685 5344 tunrque
719 5288 773 5330 et
796 5292 1039 5339 causam,
1092 5277 1317 5329 veritate
1343 5277 1600 5329 excidunt
1632 5291 1646 5337 ;
1681 5272 2033 5341 plurimisque

462 5369 891 5422 abstnditatibus
940 5380 1191 5423 tenentur
1228 5368 1434 5421 astricti
1484 5384 1496 5431 ;
1532 5367 1655 5417 dum
1688 5377 1738 5417 et
1787 5366 2037 5419 substan-

464 5465 593 5515 tiam
635 5461 808 5515 Patris
832 5463 1185 5530 compositam
1230 5462 1410 5515 dicere
1453 5474 1739 5529 coguntur,
1778 5458 2034 5511 traditos-

460 5572 568 5622 que
602 5557 908 5609 divinarum
941 5570 1297 5624 personarum
1356 5569 1638 5623 processus
1686 5554 1923 5615 auferre,
1973 5568 2037 5605 ac

461 5648 663 5711 plures,
683 5662 841 5715 quam
868 5652 973 5700 sint
999 5647 1203 5707 traditi,
1230 5646 1449 5707 inferre,
1475 5656 1524 5699 et
1545 5660 1662 5712 qute
1682 5643 1914 5697 absurda
1937 5647 2037 5697 boc

463 5754 573 5791 uno
595 5753 850 5796 concesso
888 5744 1011 5797 bine
1058 5757 1335 5811 emergere
1359 5742 1528 5798 cuivis
1545 5740 1895 5808 conspicuum
1916 5753 2037 5795 esse

465 5838 670 5895 potest.

2101 4770 2106 4780 .
2141 4730 2500 4780 communiter
2538 4736 2667 4778 sunt
2694 4728 2894 4779 divinis
2949 4728 3193 4794 personis
3222 4728 3461 4795 propria,
3498 4729 3608 4780 haec

2142 4650 2366 4700 equum,
2398 4645 2445 4686 et
2480 4648 2693 4694 Canem,
2727 4633 3004 4700 proprium
3043 4644 3144 4687 est.
3170 4634 3298 4699 Qum
3328 4635 3489 4701 igitur
3513 4633 3726 4686 duobus

2454 4769 2491 4777 ν..
2538 4769 2667 4778 νυ..-
2695 4769 2891 4779 ενιν-ιιιιν
2949 4769 3030 4794 ,ινυ
3048 4769 3193 4779 υ-ιυπυυ
3222 4769 3375 4795 ,νενιιῑ
3393 4769 3461 4791 σπι,
3498 4769 3628 4809 ιιι-ιν)

2454 4802 2462 4817 1

2144 4836 2262 4869 n.en
2302 4819 2365 4868 ad
2431 4817 2693 4882 reliquam
2744 4819 2962 4887 propria
3001 4836 3014 4871 :
3047 4829 3102 4870 ιιι
3138 4819 3377 4882 causale,
3443 4820 3725 4887 proprium

2138 4920 2220 4964 est
2253 4910 2370 4963 Filii
2407 4919 2459 4963 et
2488 4909 2659 4962 sancti
2701 4910 3019 4989 Spiritus‘ad
3056 4911 3274 4962 Patrem
3311 4926 3324 4961 :
3363 4911 3578 4963 mittere
3629 4928 3731 4963 au-

2143 5012 2271 5064 tem,
2293 5006 2370 5053 vel
2399 5002 2552 5064 dare,
2586 5001 2666 5054 rel
2695 5012 2945 5053 emanare
2972 5000 3236 5068 Spiritum
3270 5015 3541 5067 sanctum,
3576 5018 3725 5055 com-

2144 5112 2302 5146 nume
2338 5105 2417 5147 est
2451 5092 2592 5146 Patri
2627 5107 2678 5147 et
2712 5090 2846 5147 Filio
2881 5098 2944 5147 ad
2981 5095 3243 5162 Spiritum
3277 5112 3289 5144 :
3334 5097 3589 5148 similiter
3624 5112 3722 5148 au-

2144 5196 2249 5239 tetu
2299 5196 2351 5238 et
2408 5185 2647 5252 ipsorum
2702 5200 2843 5247 esse,
2875 5203 2936 5240 ae
2973 5190 3076 5239 dici
3138 5187 3399 5256 Spiritum
3448 5197 3720 5262 sanetum.

2143 5278 2318 5329 Patris
2345 5277 2487 5327 enim
2526 5288 2575 5328 et
2610 5278 2727 5329 Filii
2765 5278 2850 5328 ille
2890 5280 3123 5346 Spiritus
3151 5280 3391 5341 dicitur;
3434 5280 3504 5329 illi
3539 5290 3722 5332 autem

2144 5367 2301 5433 ltnjus
2329 5383 2432 5418 noti
2466 5367 2743 5428 dicuntur,
2780 5384 2953 5435 neque
2986 5366 3167 5429 Pater,
3199 5384 3369 5433 neque
3400 5366 3590 5428 Filius,
3629 5384 3714 5419 ne~

2143 5476 2246 5527 que
2282 5460 2539 5526 Spiritus,
2571 5459 2660 5511 sed
2694 5474 2865 5524 neque
2890 5460 2970 5511 sui
3009 5460 3182 5527 ipsius
3206 5473 3287 5512 est
3316 5461 3571 5527 Spiritus,
3597 5461 3692 5525 Spi

2148 5553 2283 5603 ritus
2336 5559 2575 5603 sanctus.
2628 5548 2829 5600 llnrutu
2896 5563 3076 5605 autem
3128 5551 3583 5617 eausalequidEm
3619 5568 3722 5603 n0-

2148 5644 2291 5698 tuine
2326 5653 2534 5695 tantum
2560 5681 2575 5703 ,
2628 5644 2720 5695 sed
2751 5659 2855 5694 nou
2912 5658 2990 5700 re.
3026 5659 3311 5696 commune
3347 5644 3529 5696 habet.
3577 5643 3718 5696 Pro:—

2146 5736 2380 5786 dicatum
2415 5734 2559 5784 enittt
2582 5746 2665 5785 est
2689 5734 2858 5785 solum
2887 5734 2951 5785 de
2987 5744 3212 5801 utroque
3237 5735 3436 5787 dictum
3470 5752 3484 5799 ;
3513 5736 3720 5787 idcirco

2153 5825 2312 5879 etiam
2345 5839 2449 5876 non
2484 5824 2772 5887 Ulitiltl,S(‘tl
2793 5824 2897 5876 duo
2925 5825 3159 5875 causalia
3191 5827 3477 5887 dicuntur;
3507 5826 3550 5879 si
3570 5826 3712 5877 enim

3643 4740 3725 4779 ta-
3781 4760 3785 4766 θ
