  <div class='ocr_page' id='page_1' title='image "/cluster/home/n/w/nwhite01/storage/ocr_20150623/152/nnc1.0046980377/077.png"; bbox 0 0 4462 6440; ppageno 0'>
   <div class='ocr_carea' id='block_1_1' title="bbox 817 426 915 487">
    <p class='ocr_par' dir='ltr' id='par_1_1' title="bbox 817 426 915 487">
     <span class='ocr_line' id='line_1_1' title="bbox 817 426 915 487; baseline -0.041 1"><span class='ocrx_word' id='word_1_1' title='bbox 817 426 915 487; x_wconf 85' lang='grc'><strong>135</strong></span> 
     </span>
    </p>
   </div>
   <div class='ocr_carea' id='block_1_2' title="bbox 2059 425 2799 484">
    <p class='ocr_par' dir='ltr' id='par_1_2' title="bbox 2059 425 2799 484">
     <span class='ocr_line' id='line_1_2' title="bbox 2059 425 2799 484; baseline 0 -1"><span class='ocrx_word' id='word_1_2' title='bbox 2059 425 2458 484; x_wconf 74' lang='lat' dir='ltr'><strong>MANUELIS</strong></span> <span class='ocrx_word' id='word_1_3' title='bbox 2494 425 2799 483; x_wconf 75' lang='lat' dir='ltr'><strong>CALEC/E</strong></span> 
     </span>
    </p>
   </div>
   <div class='ocr_carea' id='block_1_3' title="bbox 3942 424 4037 487">
    <p class='ocr_par' dir='ltr' id='par_1_3' title="bbox 3942 424 4037 487">
     <span class='ocr_line' id='line_1_3' title="bbox 3942 424 4037 487; baseline 0.011 -2"><span class='ocrx_word' id='word_1_4' title='bbox 3942 424 4037 487; x_wconf 74' lang='grc'><strong>136</strong></span> 
     </span>
    </p>
   </div>
   <div class='ocr_carea' id='block_1_4' title="bbox 809 533 4038 605">
    <p class='ocr_par' dir='ltr' id='par_1_4' title="bbox 809 533 4038 605">
     <span class='ocr_line' id='line_1_4' title="bbox 809 533 4038 605; baseline 0.002 -22"><span class='ocrx_word' id='word_1_5' title='bbox 809 545 948 588; x_wconf 66' lang='lat' dir='ltr'><strong>esset</strong></span> <span class='ocrx_word' id='word_1_6' title='bbox 985 534 1199 584; x_wconf 73' lang='lat' dir='ltr'><strong>causale</strong></span> <span class='ocrx_word' id='word_1_7' title='bbox 1256 547 1340 586; x_wconf 87' lang='lat' dir='ltr'><strong>res</strong></span> <span class='ocrx_word' id='word_1_8' title='bbox 1374 534 1424 585; x_wconf 92' lang='lat' dir='ltr'><strong>in</strong></span> <span class='ocrx_word' id='word_1_9' title='bbox 1456 533 1609 594; x_wconf 82' lang='lat' dir='ltr'><strong>l-‘ilio.</strong></span> <span class='ocrx_word' id='word_1_10' title='bbox 1642 544 1693 587; x_wconf 90' lang='lat' dir='ltr'><strong>ct</strong></span> <span class='ocrx_word' id='word_1_11' title='bbox 1730 546 1916 588; x_wconf 88' lang='lat' dir='ltr'><strong>sancto</strong></span> <span class='ocrx_word' id='word_1_12' title='bbox 1943 537 2166 605; x_wconf 82' lang='lat' dir='ltr'><strong>Spiritu,</strong></span> <span class='ocrx_word' id='word_1_13' title='bbox 2204 551 2366 589; x_wconf 90' lang='lat' dir='ltr'><strong>unum</strong></span> <span class='ocrx_word' id='word_1_14' title='bbox 2402 542 2446 595; x_wconf 72' lang='grc' dir='ltr'>Α</span> <span class='ocrx_word' id='word_1_15' title='bbox 2479 552 2599 590; x_wconf 90' lang='lat' dir='ltr'><strong>men</strong></span> <span class='ocrx_word' id='word_1_16' title='bbox 2632 537 2681 588; x_wconf 99' lang='lat' dir='ltr'><strong>id</strong></span> <span class='ocrx_word' id='word_1_17' title='bbox 2723 545 2957 600; x_wconf 87' lang='lat' dir='ltr'><strong>constat,</strong></span> <span class='ocrx_word' id='word_1_18' title='bbox 2997 535 3193 589; x_wconf 89' lang='lat' dir='ltr'><strong>nullam</strong></span> <span class='ocrx_word' id='word_1_19' title='bbox 3223 550 3317 604; x_wconf 85' lang='lat' dir='ltr'><strong>per</strong></span> <span class='ocrx_word' id='word_1_20' title='bbox 3344 537 3428 589; x_wconf 85' lang='lat' dir='ltr'><strong>illa</strong></span> <span class='ocrx_word' id='word_1_21' title='bbox 3454 551 3735 605; x_wconf 84' lang='lat' dir='ltr'><strong>personam</strong></span> <span class='ocrx_word' id='word_1_22' title='bbox 3763 553 4038 592; x_wconf 87' lang='lat' dir='ltr'><strong>commen-</strong></span> 
     </span>
    </p>
   </div>
   <div class='ocr_carea' id='block_1_5' title="bbox 809 622 2373 689">
    <p class='ocr_par' dir='ltr' id='par_1_5' title="bbox 809 622 2373 689">
     <span class='ocr_line' id='line_1_5' title="bbox 809 622 2373 689; baseline -0.001 -14"><span class='ocrx_word' id='word_1_23' title='bbox 809 632 989 675; x_wconf 55' lang='lat' dir='ltr'><strong>essent</strong></span> <span class='ocrx_word' id='word_1_24' title='bbox 1029 622 1241 674; x_wconf 85' lang='lat' dir='ltr'><strong>causalc</strong></span> <span class='ocrx_word' id='word_1_25' title='bbox 1301 626 1480 675; x_wconf 86' lang='lat' dir='ltr'><strong>ambo.</strong></span> <span class='ocrx_word' id='word_1_26' title='bbox 1522 625 1729 677; x_wconf 78' lang='lat' dir='ltr'><strong>Mittere</strong></span> <span class='ocrx_word' id='word_1_27' title='bbox 1779 638 1978 687; x_wconf 82' lang='lat' dir='ltr'><strong>autem,</strong></span> <span class='ocrx_word' id='word_1_28' title='bbox 2016 637 2068 677; x_wconf 81' lang='lat' dir='ltr'><strong>et</strong></span> <span class='ocrx_word' id='word_1_29' title='bbox 2100 638 2373 689; x_wconf 86' lang='lat' dir='ltr'><strong>emanare,</strong></span> 
     </span>
    </p>
   </div>
   <div class='ocr_carea' id='block_1_6' title="bbox 811 714 2371 780">
    <p class='ocr_par' dir='ltr' id='par_1_6' title="bbox 811 714 2371 780">
     <span class='ocr_line' id='line_1_6' title="bbox 811 714 2371 780; baseline 0.004 -18"><span class='ocrx_word' id='word_1_30' title='bbox 811 726 970 780; x_wconf 73' lang='lat' dir='ltr'><strong>atque</strong></span> <span class='ocrx_word' id='word_1_31' title='bbox 993 714 1089 763; x_wconf 85' lang='lat' dir='ltr'><strong>alia</strong></span> <span class='ocrx_word' id='word_1_32' title='bbox 1108 714 1434 780; x_wconf 74' lang='lat' dir='ltr'><strong>huiusmodi.</strong></span> <span class='ocrx_word' id='word_1_33' title='bbox 1462 731 1562 765; x_wconf 85' lang='lat' dir='ltr'><strong>una</strong></span> <span class='ocrx_word' id='word_1_34' title='bbox 1583 732 1666 768; x_wconf 88' lang='lat' dir='ltr'><strong>res</strong></span> <span class='ocrx_word' id='word_1_35' title='bbox 1686 727 1810 768; x_wconf 87' lang='lat' dir='ltr'><strong>sunt</strong></span> <span class='ocrx_word' id='word_1_36' title='bbox 1836 719 1886 768; x_wconf 92' lang='lat' dir='ltr'><strong>in</strong></span> <span class='ocrx_word' id='word_1_37' title='bbox 1919 719 2091 775; x_wconf 87' lang='lat' dir='ltr'><strong>Patre.</strong></span> <span class='ocrx_word' id='word_1_38' title='bbox 2122 733 2183 769; x_wconf 91' lang='lat' dir='ltr'><strong>ac</strong></span> <span class='ocrx_word' id='word_1_39' title='bbox 2214 717 2371 779; x_wconf 83' lang='lat' dir='ltr'><strong>Filio,</strong></span> 
     </span>
    </p>
   </div>
   <div class='ocr_carea' id='block_1_7' title="bbox 821 803 2377 874">
    <p class='ocr_par' dir='ltr' id='par_1_7' title="bbox 821 803 2377 874">
     <span class='ocr_line' id='line_1_7' title="bbox 821 803 2377 874; baseline 0.004 -23"><span class='ocrx_word' id='word_1_40' title='bbox 821 804 1063 867; x_wconf 81' lang='lat' dir='ltr'><strong>utrisque</strong></span> <span class='ocrx_word' id='word_1_41' title='bbox 1098 803 1449 866; x_wconf 83' lang='lat' dir='ltr'><strong>tnittentilus,</strong></span> <span class='ocrx_word' id='word_1_42' title='bbox 1482 816 1529 853; x_wconf 78' lang='lat' dir='ltr'><strong>et</strong></span> <span class='ocrx_word' id='word_1_43' title='bbox 1558 806 1952 870; x_wconf 66' lang='lat' dir='ltr'><strong>emanantibus,</strong></span> <span class='ocrx_word' id='word_1_44' title='bbox 1974 823 2110 860; x_wconf 83' lang='lat' dir='ltr'><strong>Unus</strong></span> <span class='ocrx_word' id='word_1_45' title='bbox 2139 808 2227 874; x_wconf 85' lang='lat' dir='ltr'><strong>qui</strong></span> <span class='ocrx_word' id='word_1_46' title='bbox 2260 810 2377 859; x_wconf 89' lang='lat' dir='ltr'><strong>mit-</strong></span> 
     </span>
    </p>
   </div>
   <div class='ocr_carea' id='block_1_8' title="bbox 816 893 2373 960">
    <p class='ocr_par' dir='ltr' id='par_1_8' title="bbox 816 893 2373 960">
     <span class='ocr_line' id='line_1_8' title="bbox 816 893 2373 960; baseline 0.003 -19"><span class='ocrx_word' id='word_1_47' title='bbox 816 893 898 950; x_wconf 90' lang='lat' dir='ltr'><strong>tit,</strong></span> <span class='ocrx_word' id='word_1_48' title='bbox 948 903 1050 953; x_wconf 78' lang='lat' dir='ltr'><strong>est,</strong></span> <span class='ocrx_word' id='word_1_49' title='bbox 1085 903 1137 943; x_wconf 80' lang='lat' dir='ltr'><strong>et</strong></span> <span class='ocrx_word' id='word_1_50' title='bbox 1172 908 1310 944; x_wconf 92' lang='lat' dir='ltr'><strong>unus</strong></span> <span class='ocrx_word' id='word_1_51' title='bbox 1353 894 1489 944; x_wconf 80' lang='lat' dir='ltr'><strong>fons.</strong></span> <span class='ocrx_word' id='word_1_52' title='bbox 1524 893 1805 946; x_wconf 83' lang='lat' dir='ltr'><strong>Ostensutn</strong></span> <span class='ocrx_word' id='word_1_53' title='bbox 1834 906 1915 948; x_wconf 88' lang='lat' dir='ltr'><strong>est</strong></span> <span class='ocrx_word' id='word_1_54' title='bbox 1938 899 2100 958; x_wconf 88' lang='lat' dir='ltr'><strong>enim,</strong></span> <span class='ocrx_word' id='word_1_55' title='bbox 2134 898 2373 960; x_wconf 87' lang='lat' dir='ltr'><strong>Patrem,</strong></span> 
     </span>
    </p>
   </div>
   <div class='ocr_carea' id='block_1_9' title="bbox 812 981 2376 1056">
    <p class='ocr_par' dir='ltr' id='par_1_9' title="bbox 812 981 2376 1056">
     <span class='ocr_line' id='line_1_9' title="bbox 812 981 2376 1056; baseline 0.006 -24"><span class='ocrx_word' id='word_1_56' title='bbox 812 992 861 1033; x_wconf 90' lang='lat' dir='ltr'><strong>et</strong></span> <span class='ocrx_word' id='word_1_57' title='bbox 901 981 1113 1042; x_wconf 82' lang='lat' dir='ltr'><strong>Filium,</strong></span> <span class='ocrx_word' id='word_1_58' title='bbox 1142 982 1342 1034; x_wconf 74' lang='lat' dir='ltr'><strong>inuitem</strong></span> <span class='ocrx_word' id='word_1_59' title='bbox 1381 999 1505 1033; x_wconf 77' lang='lat' dir='ltr'><strong>esse</strong></span> <span class='ocrx_word' id='word_1_60' title='bbox 1537 986 1705 1037; x_wconf 86' lang='lat' dir='ltr'><strong>sancti</strong></span> <span class='ocrx_word' id='word_1_61' title='bbox 1769 986 2024 1052; x_wconf 85' lang='lat' dir='ltr'><strong>Spiritus,</strong></span> <span class='ocrx_word' id='word_1_62' title='bbox 2066 998 2226 1056; x_wconf 83' lang='lat' dir='ltr'><strong>atque</strong></span> <span class='ocrx_word' id='word_1_63' title='bbox 2258 1003 2376 1043; x_wconf 56' lang='lat' dir='ltr'><strong>om.</strong></span> 
     </span>
    </p>
   </div>
   <div class='ocr_carea' id='block_1_10' title="bbox 814 1071 2376 1130">
    <p class='ocr_par' dir='ltr' id='par_1_10' title="bbox 814 1071 2376 1130">
     <span class='ocr_line' id='line_1_10' title="bbox 814 1071 2376 1130; baseline 0.005 -10"><span class='ocrx_word' id='word_1_64' title='bbox 814 1073 898 1121; x_wconf 90' lang='lat' dir='ltr'><strong>nia</strong></span> <span class='ocrx_word' id='word_1_65' title='bbox 940 1072 1111 1122; x_wconf 86' lang='lat' dir='ltr'><strong>l&#39;atris</strong></span> <span class='ocrx_word' id='word_1_66' title='bbox 1176 1071 1372 1122; x_wconf 83' lang='lat' dir='ltr'><strong>habere</strong></span> <span class='ocrx_word' id='word_1_67' title='bbox 1408 1071 1595 1123; x_wconf 83' lang='lat' dir='ltr'><strong>Filium</strong></span> <span class='ocrx_word' id='word_1_68' title='bbox 1634 1076 1926 1126; x_wconf 78' lang='lat' dir='ltr'><strong>secundum</strong></span> <span class='ocrx_word' id='word_1_69' title='bbox 1974 1078 2221 1129; x_wconf 83' lang='lat' dir='ltr'><strong>eunnlcm</strong></span> <span class='ocrx_word' id='word_1_70' title='bbox 2260 1094 2376 1130; x_wconf 89' lang='lat' dir='ltr'><strong>mo-</strong></span> 
     </span>
    </p>
   </div>
   <div class='ocr_carea' id='block_1_11' title="bbox 809 1159 2374 1226">
    <p class='ocr_par' dir='ltr' id='par_1_11' title="bbox 809 1159 2374 1226">
     <span class='ocr_line' id='line_1_11' title="bbox 809 1159 2374 1226; baseline 0.006 -16"><span class='ocrx_word' id='word_1_71' title='bbox 809 1161 962 1222; x_wconf 83' lang='lat' dir='ltr'><strong>dum,</strong></span> <span class='ocrx_word' id='word_1_72' title='bbox 998 1171 1191 1225; x_wconf 65' lang='lat' dir='ltr'><strong>praeter</strong></span> <span class='ocrx_word' id='word_1_73' title='bbox 1214 1176 1395 1226; x_wconf 88' lang='lat' dir='ltr'><strong>quam,</strong></span> <span class='ocrx_word' id='word_1_74' title='bbox 1424 1159 1635 1211; x_wconf 74' lang='lat' dir='ltr'><strong>Patrem</strong></span> <span class='ocrx_word' id='word_1_75' title='bbox 1663 1178 1803 1214; x_wconf 71' lang='lat' dir='ltr'><strong>esse.</strong></span> <span class='ocrx_word' id='word_1_76' title='bbox 1827 1165 1900 1216; x_wconf 84' lang='lat' dir='ltr'><strong>Ac</strong></span> <span class='ocrx_word' id='word_1_77' title='bbox 1934 1164 2093 1217; x_wconf 83' lang='lat' dir='ltr'><strong>Patre</strong></span> <span class='ocrx_word' id='word_1_78' title='bbox 2130 1167 2374 1221; x_wconf 88' lang='lat' dir='ltr'><strong>mittente</strong></span> 
     </span>
    </p>
   </div>
   <div class='ocr_carea' id='block_1_12' title="bbox 814 1249 2369 1316">
    <p class='ocr_par' dir='ltr' id='par_1_12' title="bbox 814 1249 2369 1316">
     <span class='ocr_line' id='line_1_12' title="bbox 814 1249 2369 1316; baseline 0.008 -20"><span class='ocrx_word' id='word_1_79' title='bbox 814 1251 1098 1316; x_wconf 71' lang='lat' dir='ltr'><strong>Spiritum.</strong></span> <span class='ocrx_word' id='word_1_80' title='bbox 1130 1249 1292 1300; x_wconf 88' lang='lat' dir='ltr'><strong>mittit</strong></span> <span class='ocrx_word' id='word_1_81' title='bbox 1321 1251 1459 1299; x_wconf 91' lang='lat' dir='ltr'><strong>hunc</strong></span> <span class='ocrx_word' id='word_1_82' title='bbox 1488 1258 1541 1299; x_wconf 88' lang='lat' dir='ltr'><strong>ct</strong></span> <span class='ocrx_word' id='word_1_83' title='bbox 1579 1250 1746 1303; x_wconf 79' lang='lat' dir='ltr'><strong>Filius</strong></span> <span class='ocrx_word' id='word_1_84' title='bbox 1772 1269 1878 1304; x_wconf 87' lang='lat' dir='ltr'><strong>una</strong></span> <span class='ocrx_word' id='word_1_85' title='bbox 1911 1252 2149 1315; x_wconf 90' lang='lat' dir='ltr'><strong>dationc,</strong></span> <span class='ocrx_word' id='word_1_86' title='bbox 2183 1265 2235 1307; x_wconf 92' lang='lat' dir='ltr'><strong>et</strong></span> <span class='ocrx_word' id='word_1_87' title='bbox 2264 1270 2369 1308; x_wconf 92' lang='lat' dir='ltr'><strong>una</strong></span> 
     </span>
    </p>
   </div>
   <div class='ocr_carea' id='block_1_13' title="bbox 808 1338 2375 1411">
    <p class='ocr_par' dir='ltr' id='par_1_13' title="bbox 808 1338 2375 1411">
     <span class='ocr_line' id='line_1_13' title="bbox 808 1338 2375 1411; baseline 0.003 -20"><span class='ocrx_word' id='word_1_88' title='bbox 808 1340 1114 1405; x_wconf 80' lang='lat' dir='ltr'><strong>largitione,</strong></span> <span class='ocrx_word' id='word_1_89' title='bbox 1164 1348 1218 1387; x_wconf 95' lang='lat' dir='ltr'><strong>ut</strong></span> <span class='ocrx_word' id='word_1_90' title='bbox 1246 1339 1316 1390; x_wconf 89' lang='lat' dir='ltr'><strong>ait</strong></span> <span class='ocrx_word' id='word_1_91' title='bbox 1358 1354 1581 1406; x_wconf 84' lang='lat' dir='ltr'><strong>magnus</strong></span> <span class='ocrx_word' id='word_1_92' title='bbox 1613 1338 1862 1394; x_wconf 85' lang='lat' dir='ltr'><strong>Basilius.</strong></span> <span class='ocrx_word' id='word_1_93' title='bbox 1902 1340 2023 1395; x_wconf 75' lang='lat' dir='ltr'><strong>llaec</strong></span> <span class='ocrx_word' id='word_1_94' title='bbox 2058 1344 2218 1411; x_wconf 87' lang='lat' dir='ltr'><strong>igitur</strong></span> <span class='ocrx_word' id='word_1_95' title='bbox 2244 1344 2375 1397; x_wconf 85' lang='lat' dir='ltr'><strong>dua-</strong></span> 
     </span>
    </p>
   </div>
   <div class='ocr_carea' id='block_1_14' title="bbox 811 1428 2372 1498">
    <p class='ocr_par' dir='ltr' id='par_1_14' title="bbox 811 1428 2372 1498">
     <span class='ocr_line' id='line_1_14' title="bbox 811 1428 2372 1498; baseline 0.003 -20"><span class='ocrx_word' id='word_1_96' title='bbox 811 1444 925 1479; x_wconf 88' lang='lat' dir='ltr'><strong>rum</strong></span> <span class='ocrx_word' id='word_1_97' title='bbox 985 1442 1334 1493; x_wconf 80' lang='lat' dir='ltr'><strong>personarum</strong></span> <span class='ocrx_word' id='word_1_98' title='bbox 1377 1428 1440 1479; x_wconf 89' lang='lat' dir='ltr'><strong>ad</strong></span> <span class='ocrx_word' id='word_1_99' title='bbox 1478 1428 1737 1494; x_wconf 87' lang='lat' dir='ltr'><strong>reliquam</strong></span> <span class='ocrx_word' id='word_1_100' title='bbox 1795 1440 1920 1481; x_wconf 89' lang='lat' dir='ltr'><strong>sunt</strong></span> <span class='ocrx_word' id='word_1_101' title='bbox 1989 1434 2224 1498; x_wconf 90' lang='lat' dir='ltr'><strong>propria.</strong></span> <span class='ocrx_word' id='word_1_102' title='bbox 2257 1433 2372 1485; x_wconf 83' lang='lat' dir='ltr'><strong>Alia</strong></span> 
     </span>
    </p>
   </div>
   <div class='ocr_carea' id='block_1_15' title="bbox 808 1518 2377 1589">
    <p class='ocr_par' dir='ltr' id='par_1_15' title="bbox 808 1518 2377 1589">
     <span class='ocr_line' id='line_1_15' title="bbox 808 1518 2377 1589; baseline 0.003 -22"><span class='ocrx_word' id='word_1_103' title='bbox 808 1534 956 1579; x_wconf 79' lang='lat' dir='ltr'><strong>vero,</strong></span> <span class='ocrx_word' id='word_1_104' title='bbox 984 1518 1140 1568; x_wconf 91' lang='lat' dir='ltr'><strong>unius</strong></span> <span class='ocrx_word' id='word_1_105' title='bbox 1173 1525 1403 1568; x_wconf 89' lang='lat' dir='ltr'><strong>tantum.</strong></span> <span class='ocrx_word' id='word_1_106' title='bbox 1429 1519 1600 1584; x_wconf 88' lang='lat' dir='ltr'><strong>Atque</strong></span> <span class='ocrx_word' id='word_1_107' title='bbox 1628 1520 1816 1570; x_wconf 85' lang='lat' dir='ltr'><strong>borum</strong></span> <span class='ocrx_word' id='word_1_108' title='bbox 1846 1520 1987 1571; x_wconf 93' lang='lat' dir='ltr'><strong>aliud</strong></span> <span class='ocrx_word' id='word_1_109' title='bbox 2011 1522 2221 1589; x_wconf 78' lang='lat' dir='ltr'><strong>quidem</strong></span> <span class='ocrx_word' id='word_1_110' title='bbox 2256 1537 2377 1588; x_wconf 77' lang='lat' dir='ltr'><strong>per-</strong></span> 
     </span>
    </p>
   </div>
   <div class='ocr_carea' id='block_1_16' title="bbox 811 1606 2375 1675">
    <p class='ocr_par' dir='ltr' id='par_1_16' title="bbox 811 1606 2375 1675">
     <span class='ocr_line' id='line_1_16' title="bbox 811 1606 2375 1675; baseline 0.001 -18"><span class='ocrx_word' id='word_1_111' title='bbox 811 1622 958 1657; x_wconf 82' lang='lat' dir='ltr'><strong>some</strong></span> <span class='ocrx_word' id='word_1_112' title='bbox 978 1606 1334 1656; x_wconf 87' lang='lat' dir='ltr'><strong>substantiale</strong></span> <span class='ocrx_word' id='word_1_113' title='bbox 1370 1616 1473 1669; x_wconf 92' lang='lat' dir='ltr'><strong>est,</strong></span> <span class='ocrx_word' id='word_1_114' title='bbox 1509 1616 1564 1658; x_wconf 91' lang='lat' dir='ltr'><strong>nt</strong></span> <span class='ocrx_word' id='word_1_115' title='bbox 1595 1608 1888 1675; x_wconf 84' lang='lat' dir='ltr'><strong>paternitas</strong></span> <span class='ocrx_word' id='word_1_116' title='bbox 1917 1620 1970 1660; x_wconf 89' lang='lat' dir='ltr'><strong>et</strong></span> <span class='ocrx_word' id='word_1_117' title='bbox 2012 1608 2292 1670; x_wconf 87' lang='lat' dir='ltr'><strong>nativitas,</strong></span> <span class='ocrx_word' id='word_1_118' title='bbox 2322 1618 2375 1659; x_wconf 86' lang='lat' dir='ltr'><strong>et</strong></span> 
     </span>
    </p>
   </div>
   <div class='ocr_carea' id='block_1_17' title="bbox 809 1677 2379 1761">
    <p class='ocr_par' dir='ltr' id='par_1_17' title="bbox 809 1677 2379 1761">
     <span class='ocr_line' id='line_1_17' title="bbox 809 1677 2379 1761; baseline 0.001 -15"><span class='ocrx_word' id='word_1_119' title='bbox 809 1695 1097 1759; x_wconf 80' lang='lat' dir='ltr'><strong>processio.</strong></span> <span class='ocrx_word' id='word_1_120' title='bbox 1137 1693 1290 1742; x_wconf 78' lang='lat' dir='ltr'><strong>Aliud</strong></span> <span class='ocrx_word' id='word_1_121' title='bbox 1325 1702 1501 1747; x_wconf 89' lang='lat' dir='ltr'><strong>autem</strong></span> <span class='ocrx_word' id='word_1_122' title='bbox 1536 1709 1815 1761; x_wconf 80' lang='lat' dir='ltr'><strong>personam</strong></span> <span class='ocrx_word' id='word_1_123' title='bbox 1846 1695 1954 1759; x_wconf 81' lang='lat' dir='ltr'><strong>jam</strong></span> <span class='ocrx_word' id='word_1_124' title='bbox 1989 1677 2379 1747; x_wconf 66' lang='lat' dir='ltr'><strong>subsistentem</strong></span> 
     </span>
    </p>
   </div>
   <div class='ocr_carea' id='block_1_18' title="bbox 808 1786 2370 1857">
    <p class='ocr_par' dir='ltr' id='par_1_18' title="bbox 808 1786 2370 1857">
     <span class='ocr_line' id='line_1_18' title="bbox 808 1786 2370 1857; baseline 0.002 -22"><span class='ocrx_word' id='word_1_125' title='bbox 808 1788 1071 1857; x_wconf 63' lang='lat' dir='ltr'><strong>sequitur,</strong></span> <span class='ocrx_word' id='word_1_126' title='bbox 1128 1787 1219 1843; x_wconf 87' lang='lat' dir='ltr'><strong>sed</strong></span> <span class='ocrx_word' id='word_1_127' title='bbox 1254 1805 1359 1840; x_wconf 90' lang='lat' dir='ltr'><strong>non</strong></span> <span class='ocrx_word' id='word_1_128' title='bbox 1413 1788 1565 1840; x_wconf 89' lang='lat' dir='ltr'><strong>illam</strong></span> <span class='ocrx_word' id='word_1_129' title='bbox 1618 1787 1850 1849; x_wconf 90' lang='lat' dir='ltr'><strong>statuit;</strong></span> <span class='ocrx_word' id='word_1_130' title='bbox 1888 1792 1965 1847; x_wconf 81' lang='grc' dir='ltr'>ιιι,</span> <span class='ocrx_word' id='word_1_131' title='bbox 2000 1787 2287 1854; x_wconf 83' lang='lat' dir='ltr'><strong>ingenitum</strong></span> <span class='ocrx_word' id='word_1_132' title='bbox 2320 1786 2370 1838; x_wconf 88' lang='lat' dir='ltr'><strong>in</strong></span> 
     </span>
    </p>
   </div>
   <div class='ocr_carea' id='block_1_19' title="bbox 806 1877 2365 1944">
    <p class='ocr_par' dir='ltr' id='par_1_19' title="bbox 806 1877 2365 1944">
     <span class='ocr_line' id='line_1_19' title="bbox 806 1877 2365 1944; baseline -0.003 -13"><span class='ocrx_word' id='word_1_133' title='bbox 806 1881 980 1942; x_wconf 77' lang='lat' dir='ltr'><strong>Patre,</strong></span> <span class='ocrx_word' id='word_1_134' title='bbox 1011 1886 1121 1933; x_wconf 81' lang='lat' dir='ltr'><strong>sive</strong></span> <span class='ocrx_word' id='word_1_135' title='bbox 1147 1882 1309 1931; x_wconf 87' lang='lat' dir='ltr'><strong>etiam</strong></span> <span class='ocrx_word' id='word_1_136' title='bbox 1338 1880 1627 1943; x_wconf 66' lang='lat' dir='ltr'><strong>producam</strong></span> <span class='ocrx_word' id='word_1_137' title='bbox 1666 1878 1716 1928; x_wconf 93' lang='lat' dir='ltr'><strong>in</strong></span> <span class='ocrx_word' id='word_1_138' title='bbox 1753 1878 1866 1944; x_wconf 88' lang='lat' dir='ltr'><strong>ipso</strong></span> <span class='ocrx_word' id='word_1_139' title='bbox 1898 1877 2037 1938; x_wconf 82' lang='lat' dir='ltr'><strong>solo,</strong></span> <span class='ocrx_word' id='word_1_140' title='bbox 2069 1878 2365 1929; x_wconf 89' lang='lat' dir='ltr'><strong>secundum</strong></span> 
     </span>
    </p>
   </div>
   <div class='ocr_carea' id='block_1_20' title="bbox 804 1966 2367 2037">
    <p class='ocr_par' dir='ltr' id='par_1_20' title="bbox 804 1966 2367 2037">
     <span class='ocr_line' id='line_1_20' title="bbox 804 1966 2367 2037; baseline -0.003 -15"><span class='ocrx_word' id='word_1_141' title='bbox 804 1988 922 2033; x_wconf 81' lang='lat' dir='ltr'><strong>eos,</strong></span> <span class='ocrx_word' id='word_1_142' title='bbox 980 1974 1066 2037; x_wconf 86' lang='lat' dir='ltr'><strong>qui</strong></span> <span class='ocrx_word' id='word_1_143' title='bbox 1094 1987 1155 2022; x_wconf 59' lang='grc' dir='ltr'><strong>(εκ</strong></span> <span class='ocrx_word' id='word_1_144' title='bbox 1206 1970 1318 2021; x_wconf 84' lang='lat' dir='ltr'><strong>solo</strong></span> <span class='ocrx_word' id='word_1_145' title='bbox 1351 1970 1506 2022; x_wconf 84' lang='lat' dir='ltr'><strong>Patre</strong></span> <span class='ocrx_word' id='word_1_146' title='bbox 1544 1969 1835 2037; x_wconf 88' lang='lat' dir='ltr'><strong>procedere</strong></span> <span class='ocrx_word' id='word_1_147' title='bbox 1872 1966 2132 2035; x_wconf 86' lang='lat' dir='ltr'><strong>Spiritum</strong></span> <span class='ocrx_word' id='word_1_148' title='bbox 2162 1967 2367 2019; x_wconf 81' lang='lat' dir='ltr'><strong>dieunt.</strong></span> 
     </span>
    </p>
   </div>
   <div class='ocr_carea' id='block_1_21' title="bbox 808 2052 2370 2125">
    <p class='ocr_par' dir='ltr' id='par_1_21' title="bbox 808 2052 2370 2125">
     <span class='ocr_line' id='line_1_21' title="bbox 808 2052 2370 2125; baseline -0.004 -12"><span class='ocrx_word' id='word_1_149' title='bbox 808 2062 992 2125; x_wconf 70' lang='lat' dir='ltr'><strong>Neque</strong></span> <span class='ocrx_word' id='word_1_150' title='bbox 1031 2060 1215 2123; x_wconf 76' lang='lat' dir='ltr'><strong>igitur,</strong></span> <span class='ocrx_word' id='word_1_151' title='bbox 1253 2073 1372 2124; x_wconf 67' lang='lat' dir='ltr'><strong>qua:</strong></span> <span class='ocrx_word' id='word_1_152' title='bbox 1399 2052 1760 2109; x_wconf 77' lang='lat' dir='ltr'><strong>cdnununiter</strong></span> <span class='ocrx_word' id='word_1_153' title='bbox 1788 2056 2166 2123; x_wconf 67' lang='lat' dir='ltr'><strong>praedicantur,</strong></span> <span class='ocrx_word' id='word_1_154' title='bbox 2205 2055 2370 2108; x_wconf 86' lang='lat' dir='ltr'><strong>totius</strong></span> 
     </span>
    </p>
   </div>
   <div class='ocr_carea' id='block_1_22' title="bbox 800 2143 2369 2212">
    <p class='ocr_par' dir='ltr' id='par_1_22' title="bbox 800 2143 2369 2212">
     <span class='ocr_line' id='line_1_22' title="bbox 800 2143 2369 2212; baseline -0.004 -9"><span class='ocrx_word' id='word_1_155' title='bbox 800 2155 1013 2205; x_wconf 77' lang='lat' dir='ltr'><strong>deitatis</strong></span> <span class='ocrx_word' id='word_1_156' title='bbox 1039 2148 1407 2202; x_wconf 85' lang='lat' dir='ltr'><strong>substantialia</strong></span> <span class='ocrx_word' id='word_1_157' title='bbox 1444 2155 1606 2208; x_wconf 92' lang='lat' dir='ltr'><strong>sunt;</strong></span> <span class='ocrx_word' id='word_1_158' title='bbox 1646 2145 1786 2198; x_wconf 90' lang='lat' dir='ltr'><strong>nulla</strong></span> <span class='ocrx_word' id='word_1_159' title='bbox 1815 2144 1957 2196; x_wconf 84' lang='lat' dir='ltr'><strong>enim</strong></span> <span class='ocrx_word' id='word_1_160' title='bbox 1994 2159 2087 2212; x_wconf 82' lang='lat' dir='ltr'><strong>per</strong></span> <span class='ocrx_word' id='word_1_161' title='bbox 2117 2145 2203 2197; x_wconf 84' lang='lat' dir='ltr'><strong>illa</strong></span> <span class='ocrx_word' id='word_1_162' title='bbox 2237 2143 2369 2197; x_wconf 66' lang='lat' dir='ltr'><strong>sub-</strong></span> 
     </span>
    </p>
   </div>
   <div class='ocr_carea' id='block_1_23' title="bbox 801 2235 2368 2306">
    <p class='ocr_par' dir='ltr' id='par_1_23' title="bbox 801 2235 2368 2306">
     <span class='ocr_line' id='line_1_23' title="bbox 801 2235 2368 2306; baseline -0.006 -9"><span class='ocrx_word' id='word_1_163' title='bbox 801 2246 996 2299; x_wconf 88' lang='lat' dir='ltr'><strong>stantia</strong></span> <span class='ocrx_word' id='word_1_164' title='bbox 1061 2244 1387 2304; x_wconf 89' lang='lat' dir='ltr'><strong>insinuatur,</strong></span> <span class='ocrx_word' id='word_1_165' title='bbox 1445 2253 1758 2306; x_wconf 74' lang='lat' dir='ltr'><strong>nequequ</strong></span> <span class='ocrx_word' id='word_1_166' title='bbox 1792 2236 2001 2289; x_wconf 90' lang='lat' dir='ltr'><strong>duobus</strong></span> <span class='ocrx_word' id='word_1_167' title='bbox 2052 2235 2265 2303; x_wconf 89' lang='lat' dir='ltr'><strong>pr0pria</strong></span> <span class='ocrx_word' id='word_1_168' title='bbox 2304 2236 2368 2287; x_wconf 90' lang='lat' dir='ltr'><strong>ad</strong></span> 
     </span>
    </p>
   </div>
   <div class='ocr_carea' id='block_1_24' title="bbox 800 2326 2372 2393">
    <p class='ocr_par' dir='ltr' id='par_1_24' title="bbox 800 2326 2372 2393">
     <span class='ocr_line' id='line_1_24' title="bbox 800 2326 2372 2393; baseline -0.004 -10"><span class='ocrx_word' id='word_1_169' title='bbox 800 2350 964 2386; x_wconf 92' lang='lat' dir='ltr'><strong>unum</strong></span> <span class='ocrx_word' id='word_1_170' title='bbox 1002 2342 1164 2389; x_wconf 83' lang='lat' dir='ltr'><strong>sunt;</strong></span> <span class='ocrx_word' id='word_1_171' title='bbox 1201 2330 1339 2381; x_wconf 86' lang='lat' dir='ltr'><strong>nulla</strong></span> <span class='ocrx_word' id='word_1_172' title='bbox 1375 2327 1518 2381; x_wconf 88' lang='lat' dir='ltr'><strong>enim</strong></span> <span class='ocrx_word' id='word_1_173' title='bbox 1553 2342 1781 2393; x_wconf 86' lang='lat' dir='ltr'><strong>persona</strong></span> <span class='ocrx_word' id='word_1_174' title='bbox 1829 2336 1910 2378; x_wconf 92' lang='lat' dir='ltr'><strong>est</strong></span> <span class='ocrx_word' id='word_1_175' title='bbox 1948 2326 2160 2392; x_wconf 87' lang='lat' dir='ltr'><strong>proprie</strong></span> <span class='ocrx_word' id='word_1_176' title='bbox 2180 2340 2372 2377; x_wconf 85' lang='lat' dir='ltr'><strong>causa-</strong></span> 
     </span>
    </p>
   </div>
   <div class='ocr_carea' id='block_1_25' title="bbox 802 2416 2363 2490">
    <p class='ocr_par' dir='ltr' id='par_1_25' title="bbox 802 2416 2363 2490">
     <span class='ocr_line' id='line_1_25' title="bbox 802 2416 2363 2490; baseline -0.006 -13"><span class='ocrx_word' id='word_1_177' title='bbox 802 2428 888 2486; x_wconf 90' lang='lat' dir='ltr'><strong>lis,</strong></span> <span class='ocrx_word' id='word_1_178' title='bbox 922 2439 1091 2490; x_wconf 86' lang='lat' dir='ltr'><strong>neque</strong></span> <span class='ocrx_word' id='word_1_179' title='bbox 1140 2436 1276 2472; x_wconf 90' lang='lat' dir='ltr'><strong>unus</strong></span> <span class='ocrx_word' id='word_1_180' title='bbox 1307 2430 1410 2478; x_wconf 91' lang='lat' dir='ltr'><strong>est,</strong></span> <span class='ocrx_word' id='word_1_181' title='bbox 1442 2419 1530 2486; x_wconf 91' lang='lat' dir='ltr'><strong>qui</strong></span> <span class='ocrx_word' id='word_1_182' title='bbox 1572 2418 1733 2469; x_wconf 81' lang='lat' dir='ltr'><strong>mittit</strong></span> <span class='ocrx_word' id='word_1_183' title='bbox 1789 2416 2055 2482; x_wconf 85' lang='lat' dir='ltr'><strong>Spiritum</strong></span> <span class='ocrx_word' id='word_1_184' title='bbox 2096 2426 2363 2469; x_wconf 88' lang='lat' dir='ltr'><strong>sanctum.</strong></span> 
     </span>
    </p>
   </div>
   <div class='ocr_carea' id='block_1_26' title="bbox 803 2507 2366 2575">
    <p class='ocr_par' dir='ltr' id='par_1_26' title="bbox 803 2507 2366 2575">
     <span class='ocr_line' id='line_1_26' title="bbox 803 2507 2366 2575; baseline -0.006 -7"><span class='ocrx_word' id='word_1_185' title='bbox 803 2517 959 2568; x_wconf 68' lang='lat' dir='ltr'><strong>pillt‘l&#39;</strong></span> <span class='ocrx_word' id='word_1_186' title='bbox 988 2515 1152 2575; x_wconf 87' lang='lat' dir='ltr'><strong>enim,</strong></span> <span class='ocrx_word' id='word_1_187' title='bbox 1179 2522 1231 2564; x_wconf 90' lang='lat' dir='ltr'><strong>et</strong></span> <span class='ocrx_word' id='word_1_188' title='bbox 1258 2509 1423 2563; x_wconf 85' lang='lat' dir='ltr'><strong>Filius</strong></span> <span class='ocrx_word' id='word_1_189' title='bbox 1462 2508 1623 2561; x_wconf 85' lang='lat' dir='ltr'><strong>simul</strong></span> <span class='ocrx_word' id='word_1_190' title='bbox 1653 2523 1791 2560; x_wconf 91' lang='lat' dir='ltr'><strong>unus</strong></span> <span class='ocrx_word' id='word_1_191' title='bbox 1825 2517 1929 2570; x_wconf 87' lang='lat' dir='ltr'><strong>est,</strong></span> <span class='ocrx_word' id='word_1_192' title='bbox 1965 2507 2055 2574; x_wconf 88' lang='lat' dir='ltr'><strong>qui</strong></span> <span class='ocrx_word' id='word_1_193' title='bbox 2105 2507 2366 2575; x_wconf 80' lang='lat' dir='ltr'><strong>Spiritum</strong></span> 
     </span>
    </p>
   </div>
   <div class='ocr_carea' id='block_1_27' title="bbox 800 2596 2369 2663">
    <p class='ocr_par' dir='ltr' id='par_1_27' title="bbox 800 2596 2369 2663">
     <span class='ocr_line' id='line_1_27' title="bbox 800 2596 2369 2663; baseline -0.008 -8"><span class='ocrx_word' id='word_1_194' title='bbox 800 2614 1044 2656; x_wconf 74' lang='lat' dir='ltr'><strong>sanctum</strong></span> <span class='ocrx_word' id='word_1_195' title='bbox 1071 2601 1251 2651; x_wconf 88' lang='lat' dir='ltr'><strong>mittit.</strong></span> <span class='ocrx_word' id='word_1_196' title='bbox 1282 2598 1603 2651; x_wconf 79' lang='lat' dir='ltr'><strong>COIIlﬂlllllla</strong></span> <span class='ocrx_word' id='word_1_197' title='bbox 1625 2598 1790 2657; x_wconf 89' lang='lat' dir='ltr'><strong>cuitu,</strong></span> <span class='ocrx_word' id='word_1_198' title='bbox 1824 2610 1941 2663; x_wconf 72' lang='lat' dir='ltr'><strong>qua:</strong></span> <span class='ocrx_word' id='word_1_199' title='bbox 1972 2610 2080 2647; x_wconf 90' lang='lat' dir='ltr'><strong>retu</strong></span> <span class='ocrx_word' id='word_1_200' title='bbox 2109 2596 2369 2657; x_wconf 86' lang='lat' dir='ltr'><strong>indicant,</strong></span> 
     </span>
    </p>
   </div>
   <div class='ocr_carea' id='block_1_28' title="bbox 796 2686 2368 2761">
    <p class='ocr_par' dir='ltr' id='par_1_28' title="bbox 796 2686 2368 2761">
     <span class='ocr_line' id='line_1_28' title="bbox 796 2686 2368 2761; baseline -0.006 -15"><span class='ocrx_word' id='word_1_201' title='bbox 796 2693 1142 2761; x_wconf 77' lang='lat' dir='ltr'><strong>singulariter</strong></span> <span class='ocrx_word' id='word_1_202' title='bbox 1163 2689 1381 2757; x_wconf 84' lang='lat' dir='ltr'><strong>quidem</strong></span> <span class='ocrx_word' id='word_1_203' title='bbox 1422 2687 1471 2738; x_wconf 92' lang='lat' dir='ltr'><strong>in</strong></span> <span class='ocrx_word' id='word_1_204' title='bbox 1509 2686 1705 2739; x_wconf 76' lang='lat' dir='ltr'><strong>divinis</strong></span> <span class='ocrx_word' id='word_1_205' title='bbox 1735 2688 2013 2749; x_wconf 89' lang='lat' dir='ltr'><strong>dicuntur,</strong></span> <span class='ocrx_word' id='word_1_206' title='bbox 2044 2699 2148 2737; x_wconf 94' lang='lat' dir='ltr'><strong>non</strong></span> <span class='ocrx_word' id='word_1_207' title='bbox 2187 2695 2368 2738; x_wconf 86' lang='lat' dir='ltr'><strong>tamen</strong></span> 
     </span>
    </p>
   </div>
   <div class='ocr_carea' id='block_1_29' title="bbox 796 2777 2036 2850">
    <p class='ocr_par' dir='ltr' id='par_1_29' title="bbox 796 2777 2036 2850">
     <span class='ocr_line' id='line_1_29' title="bbox 796 2777 2036 2850; baseline -0.006 -14"><span class='ocrx_word' id='word_1_208' title='bbox 796 2800 898 2836; x_wconf 90' lang='lat' dir='ltr'><strong>una</strong></span> <span class='ocrx_word' id='word_1_209' title='bbox 935 2797 1161 2850; x_wconf 90' lang='lat' dir='ltr'><strong>persona</strong></span> <span class='ocrx_word' id='word_1_210' title='bbox 1190 2780 1482 2832; x_wconf 87' lang='lat' dir='ltr'><strong>secundum</strong></span> <span class='ocrx_word' id='word_1_211' title='bbox 1514 2778 1660 2830; x_wconf 83' lang='lat' dir='ltr'><strong>illam</strong></span> <span class='ocrx_word' id='word_1_212' title='bbox 1697 2777 2036 2844; x_wconf 85' lang='lat' dir='ltr'><strong>intelligitur.</strong></span> 
     </span>
    </p>
   </div>
   <div class='ocr_carea' id='block_1_30' title="bbox 872 2868 2372 2939">
    <p class='ocr_par' dir='ltr' id='par_1_30' title="bbox 872 2868 2372 2939">
     <span class='ocr_line' id='line_1_30' title="bbox 872 2868 2372 2939; baseline -0.003 -16"><span class='ocrx_word' id='word_1_213' title='bbox 872 2874 975 2923; x_wconf 89' lang='lat' dir='ltr'><strong>Sed</strong></span> <span class='ocrx_word' id='word_1_214' title='bbox 1010 2886 1180 2939; x_wconf 87' lang='lat' dir='ltr'><strong>neque</strong></span> <span class='ocrx_word' id='word_1_215' title='bbox 1215 2872 1352 2937; x_wconf 89' lang='lat' dir='ltr'><strong>quod</strong></span> <span class='ocrx_word' id='word_1_216' title='bbox 1385 2872 1542 2921; x_wconf 83' lang='lat' dir='ltr'><strong>unius</strong></span> <span class='ocrx_word' id='word_1_217' title='bbox 1570 2869 1784 2934; x_wconf 89' lang='lat' dir='ltr'><strong>quidem</strong></span> <span class='ocrx_word' id='word_1_218' title='bbox 1811 2868 1977 2920; x_wconf 81' lang='lat' dir='ltr'><strong>SOllllS</strong></span> <span class='ocrx_word' id='word_1_219' title='bbox 1998 2882 2237 2934; x_wconf 75' lang='lat' dir='ltr'><strong>persona:</strong></span> <span class='ocrx_word' id='word_1_220' title='bbox 2266 2877 2372 2927; x_wconf 87' lang='lat' dir='ltr'><strong>est.</strong></span> 
     </span>
    </p>
   </div>
   <div class='ocr_carea' id='block_1_31' title="bbox 795 2958 2370 3031">
    <p class='ocr_par' dir='ltr' id='par_1_31' title="bbox 795 2958 2370 3031">
     <span class='ocr_line' id='line_1_31' title="bbox 795 2958 2370 3031; baseline -0.004 -15"><span class='ocrx_word' id='word_1_221' title='bbox 795 2979 1079 3031; x_wconf 88' lang='lat' dir='ltr'><strong>personam</strong></span> <span class='ocrx_word' id='word_1_222' title='bbox 1108 2970 1292 3013; x_wconf 81' lang='lat' dir='ltr'><strong>autem</strong></span> <span class='ocrx_word' id='word_1_223' title='bbox 1325 2961 1587 3027; x_wconf 83' lang='lat' dir='ltr'><strong>sequitur,</strong></span> <span class='ocrx_word' id='word_1_224' title='bbox 1613 2958 2060 3022; x_wconf 67' lang='lat' dir='ltr'><strong>sicutingenltutn</strong></span> <span class='ocrx_word' id='word_1_225' title='bbox 2095 2962 2147 3010; x_wconf 92' lang='lat' dir='ltr'><strong>in</strong></span> <span class='ocrx_word' id='word_1_226' title='bbox 2180 2958 2370 3011; x_wconf 88' lang='lat' dir='ltr'><strong>Patre:</strong></span> 
     </span>
    </p>
   </div>
   <div class='ocr_carea' id='block_1_32' title="bbox 797 3050 2374 3117">
    <p class='ocr_par' dir='ltr' id='par_1_32' title="bbox 797 3050 2374 3117">
     <span class='ocr_line' id='line_1_32' title="bbox 797 3050 2374 3117; baseline -0.004 -10"><span class='ocrx_word' id='word_1_227' title='bbox 797 3057 898 3108; x_wconf 85' lang='lat' dir='ltr'><strong>hoc</strong></span> <span class='ocrx_word' id='word_1_228' title='bbox 929 3053 1068 3105; x_wconf 80' lang='lat' dir='ltr'><strong>enim</strong></span> <span class='ocrx_word' id='word_1_229' title='bbox 1103 3066 1442 3117; x_wconf 86' lang='lat' dir='ltr'><strong>nequaquam</strong></span> <span class='ocrx_word' id='word_1_230' title='bbox 1475 3050 1635 3109; x_wconf 81' lang='lat' dir='ltr'><strong>sisit,</strong></span> <span class='ocrx_word' id='word_1_231' title='bbox 1660 3051 1871 3116; x_wconf 83' lang='lat' dir='ltr'><strong>negatio</strong></span> <span class='ocrx_word' id='word_1_232' title='bbox 1900 3064 2019 3101; x_wconf 87' lang='lat' dir='ltr'><strong>cum</strong></span> <span class='ocrx_word' id='word_1_233' title='bbox 2052 3050 2145 3109; x_wconf 86' lang='lat' dir='ltr'><strong>sit,</strong></span> <span class='ocrx_word' id='word_1_234' title='bbox 2179 3063 2374 3116; x_wconf 85' lang='lat' dir='ltr'><strong>sequa-</strong></span> 
     </span>
    </p>
   </div>
   <div class='ocr_carea' id='block_1_33' title="bbox 794 3139 2369 3213">
    <p class='ocr_par' dir='ltr' id='par_1_33' title="bbox 794 3139 2369 3213">
     <span class='ocr_line' id='line_1_33' title="bbox 794 3139 2369 3213; baseline -0.007 -14"><span class='ocrx_word' id='word_1_235' title='bbox 794 3159 985 3213; x_wconf 90' lang='lat' dir='ltr'><strong>turquc</strong></span> <span class='ocrx_word' id='word_1_236' title='bbox 1023 3144 1405 3204; x_wconf 86' lang='lat' dir='ltr'><strong>substantiam,</strong></span> <span class='ocrx_word' id='word_1_237' title='bbox 1432 3156 1593 3207; x_wconf 85' lang='lat' dir='ltr'><strong>quam</strong></span> <span class='ocrx_word' id='word_1_238' title='bbox 1627 3139 1911 3192; x_wconf 78' lang='lat' dir='ltr'><strong>aﬂirtnatio</strong></span> <span class='ocrx_word' id='word_1_239' title='bbox 1966 3140 2220 3191; x_wconf 84' lang='lat' dir='ltr'><strong>insinuat.</strong></span> <span class='ocrx_word' id='word_1_240' title='bbox 2260 3140 2369 3189; x_wconf 83' lang='lat' dir='ltr'><strong>Ali-</strong></span> 
     </span>
    </p>
   </div>
   <div class='ocr_carea' id='block_1_34' title="bbox 794 3230 2362 3304">
    <p class='ocr_par' dir='ltr' id='par_1_34' title="bbox 794 3230 2362 3304">
     <span class='ocr_line' id='line_1_34' title="bbox 794 3230 2362 3304; baseline -0.006 -16"><span class='ocrx_word' id='word_1_241' title='bbox 794 3249 1002 3304; x_wconf 81' lang='lat' dir='ltr'><strong>terque,</strong></span> <span class='ocrx_word' id='word_1_242' title='bbox 1039 3236 1079 3286; x_wconf 83' lang='lat' dir='ltr'><strong>si</strong></span> <span class='ocrx_word' id='word_1_243' title='bbox 1114 3233 1346 3301; x_wconf 81' lang='lat' dir='ltr'><strong>genitqu</strong></span> <span class='ocrx_word' id='word_1_244' title='bbox 1375 3245 1480 3281; x_wconf 87' lang='lat' dir='ltr'><strong>non</strong></span> <span class='ocrx_word' id='word_1_245' title='bbox 1512 3244 1630 3282; x_wconf 89' lang='lat' dir='ltr'><strong>esse</strong></span> <span class='ocrx_word' id='word_1_246' title='bbox 1656 3230 1946 3296; x_wconf 87' lang='lat' dir='ltr'><strong>ingenitum</strong></span> <span class='ocrx_word' id='word_1_247' title='bbox 1973 3230 2191 3289; x_wconf 90' lang='lat' dir='ltr'><strong>dicitur,</strong></span> <span class='ocrx_word' id='word_1_248' title='bbox 2215 3243 2362 3281; x_wconf 86' lang='lat' dir='ltr'><strong>com-</strong></span> 
     </span>
    </p>
   </div>
   <div class='ocr_carea' id='block_1_35' title="bbox 792 3318 2370 3388">
    <p class='ocr_par' dir='ltr' id='par_1_35' title="bbox 792 3318 2370 3388">
     <span class='ocr_line' id='line_1_35' title="bbox 792 3318 2370 3388; baseline -0.006 -9"><span class='ocrx_word' id='word_1_249' title='bbox 792 3343 951 3379; x_wconf 85' lang='lat' dir='ltr'><strong>tnunc</strong></span> <span class='ocrx_word' id='word_1_250' title='bbox 1009 3326 1239 3386; x_wconf 16' lang='lat' dir='ltr'><strong>(‘rllrlIOl&#39;</strong></span> <span class='ocrx_word' id='word_1_251' title='bbox 1271 3333 1320 3375; x_wconf 90' lang='lat' dir='ltr'><strong>ct</strong></span> <span class='ocrx_word' id='word_1_252' title='bbox 1362 3321 1588 3388; x_wconf 84' lang='lat' dir='ltr'><strong>Spiritui</strong></span> <span class='ocrx_word' id='word_1_253' title='bbox 1621 3330 1826 3371; x_wconf 78' lang='lat' dir='ltr'><strong>sancto.</strong></span> <span class='ocrx_word' id='word_1_254' title='bbox 1878 3318 1942 3370; x_wconf 88' lang='lat' dir='ltr'><strong>Et</strong></span> <span class='ocrx_word' id='word_1_255' title='bbox 1969 3320 2081 3386; x_wconf 88' lang='lat' dir='ltr'><strong>ipse</strong></span> <span class='ocrx_word' id='word_1_256' title='bbox 2115 3319 2256 3370; x_wconf 85' lang='lat' dir='ltr'><strong>enim</strong></span> <span class='ocrx_word' id='word_1_257' title='bbox 2288 3327 2370 3370; x_wconf 88' lang='lat' dir='ltr'><strong>est</strong></span> 
     </span>
    </p>
   </div>
   <div class='ocr_carea' id='block_1_36' title="bbox 791 3408 2367 3487">
    <p class='ocr_par' dir='ltr' id='par_1_36' title="bbox 791 3408 2367 3487">
     <span class='ocr_line' id='line_1_36' title="bbox 791 3408 2367 3487; baseline -0.006 -17"><span class='ocrx_word' id='word_1_258' title='bbox 791 3420 1091 3487; x_wconf 75' lang='lat' dir='ltr'><strong>ingenitus;</strong></span> <span class='ocrx_word' id='word_1_259' title='bbox 1124 3415 1292 3480; x_wconf 76' lang='lat' dir='ltr'><strong>neque</strong></span> <span class='ocrx_word' id='word_1_260' title='bbox 1356 3414 1496 3465; x_wconf 83' lang='lat' dir='ltr'><strong>enim</strong></span> <span class='ocrx_word' id='word_1_261' title='bbox 1560 3413 1772 3479; x_wconf 86' lang='lat' dir='ltr'><strong>genitus</strong></span> <span class='ocrx_word' id='word_1_262' title='bbox 1806 3421 1928 3473; x_wconf 88' lang='lat' dir='ltr'><strong>est;</strong></span> <span class='ocrx_word' id='word_1_263' title='bbox 1987 3408 2367 3463; x_wconf 86' lang='lat' dir='ltr'><strong>substantialia</strong></span> 
     </span>
    </p>
   </div>
   <div class='ocr_carea' id='block_1_37' title="bbox 791 3503 2365 3574">
    <p class='ocr_par' dir='ltr' id='par_1_37' title="bbox 791 3503 2365 3574">
     <span class='ocr_line' id='line_1_37' title="bbox 791 3503 2365 3574; baseline -0.008 -12"><span class='ocrx_word' id='word_1_264' title='bbox 791 3513 935 3562; x_wconf 76' lang='lat' dir='ltr'><strong>enim</strong></span> <span class='ocrx_word' id='word_1_265' title='bbox 979 3521 1325 3574; x_wconf 88' lang='lat' dir='ltr'><strong>personarum</strong></span> <span class='ocrx_word' id='word_1_266' title='bbox 1363 3505 1584 3555; x_wconf 91' lang='lat' dir='ltr'><strong>omnino</strong></span> <span class='ocrx_word' id='word_1_267' title='bbox 1649 3503 1991 3554; x_wconf 81' lang='lat' dir='ltr'><strong>consortium</strong></span> <span class='ocrx_word' id='word_1_268' title='bbox 2034 3503 2365 3568; x_wconf 86' lang='lat' dir='ltr'><strong>reliquarum</strong></span> 
     </span>
    </p>
   </div>
   <div class='ocr_carea' id='block_1_38' title="bbox 792 3593 2367 3662">
    <p class='ocr_par' dir='ltr' id='par_1_38' title="bbox 792 3593 2367 3662">
     <span class='ocr_line' id='line_1_38' title="bbox 792 3593 2367 3662; baseline -0.004 -9"><span class='ocrx_word' id='word_1_269' title='bbox 792 3618 894 3653; x_wconf 88' lang='lat' dir='ltr'><strong>non</strong></span> <span class='ocrx_word' id='word_1_270' title='bbox 930 3600 1253 3651; x_wconf 88' lang='lat' dir='ltr'><strong>admittunt:</strong></span> <span class='ocrx_word' id='word_1_271' title='bbox 1287 3598 1378 3648; x_wconf 86' lang='lat' dir='ltr'><strong>sed</strong></span> <span class='ocrx_word' id='word_1_272' title='bbox 1439 3609 1611 3661; x_wconf 90' lang='lat' dir='ltr'><strong>neque</strong></span> <span class='ocrx_word' id='word_1_273' title='bbox 1657 3596 1955 3662; x_wconf 78' lang='lat' dir='ltr'><strong>producere</strong></span> <span class='ocrx_word' id='word_1_274' title='bbox 2011 3593 2367 3647; x_wconf 87' lang='lat' dir='ltr'><strong>snbstantiale</strong></span> 
     </span>
    </p>
   </div>
   <div class='ocr_carea' id='block_1_39' title="bbox 790 3684 2365 3753">
    <p class='ocr_par' dir='ltr' id='par_1_39' title="bbox 790 3684 2365 3753">
     <span class='ocr_line' id='line_1_39' title="bbox 790 3684 2365 3753; baseline -0.008 -8"><span class='ocrx_word' id='word_1_275' title='bbox 790 3708 909 3746; x_wconf 84' lang='lat' dir='ltr'><strong>esse</strong></span> <span class='ocrx_word' id='word_1_276' title='bbox 946 3700 1303 3743; x_wconf 84' lang='lat' dir='ltr'><strong>monstratum</strong></span> <span class='ocrx_word' id='word_1_277' title='bbox 1337 3696 1417 3739; x_wconf 90' lang='lat' dir='ltr'><strong>est</strong></span> <span class='ocrx_word' id='word_1_278' title='bbox 1461 3704 1474 3738; x_wconf 87' lang='lat'><strong>:</strong></span> <span class='ocrx_word' id='word_1_279' title='bbox 1516 3686 1893 3753; x_wconf 78' lang='lat' dir='ltr'><strong>patet-nitatem</strong></span> <span class='ocrx_word' id='word_1_280' title='bbox 1940 3694 2118 3737; x_wconf 88' lang='lat' dir='ltr'><strong>autem</strong></span> <span class='ocrx_word' id='word_1_281' title='bbox 2190 3684 2365 3751; x_wconf 80' lang='lat' dir='ltr'><strong>sequi,</strong></span> 
     </span>
    </p>
   </div>
   <div class='ocr_carea' id='block_1_40' title="bbox 791 3773 2368 3852">
    <p class='ocr_par' dir='ltr' id='par_1_40' title="bbox 791 3773 2368 3852">
     <span class='ocr_line' id='line_1_40' title="bbox 791 3773 2368 3852; baseline -0.007 -17"><span class='ocrx_word' id='word_1_282' title='bbox 791 3784 1316 3852; x_wconf 82' lang='lat' dir='ltr'><strong>signiticativumque</strong></span> <span class='ocrx_word' id='word_1_283' title='bbox 1348 3777 1686 3830; x_wconf 84' lang='lat' dir='ltr'><strong>solummodo</strong></span> <span class='ocrx_word' id='word_1_284' title='bbox 1712 3790 1831 3830; x_wconf 83' lang='lat' dir='ltr'><strong>esse</strong></span> <span class='ocrx_word' id='word_1_285' title='bbox 1859 3786 2095 3843; x_wconf 77' lang='lat' dir='ltr'><strong>paterna:</strong></span> <span class='ocrx_word' id='word_1_286' title='bbox 2122 3773 2368 3827; x_wconf 86' lang='lat' dir='ltr'><strong>substan-</strong></span> 
     </span>
    </p>
   </div>
   <div class='ocr_carea' id='block_1_41' title="bbox 795 3876 901 3927">
    <p class='ocr_par' dir='ltr' id='par_1_41' title="bbox 795 3876 901 3927">
     <span class='ocr_line' id='line_1_41' title="bbox 795 3876 901 3927; baseline -0.009 0"><span class='ocrx_word' id='word_1_287' title='bbox 795 3876 901 3927; x_wconf 71' lang='lat' dir='ltr'><strong>tiae.</strong></span> 
     </span>
    </p>
   </div>
   <div class='ocr_carea' id='block_1_42' title="bbox 863 3976 2360 4057">
    <p class='ocr_par' dir='ltr' id='par_1_42' title="bbox 863 3976 2360 4057">
     <span class='ocr_line' id='line_1_42' title="bbox 863 3976 2360 4057; baseline -0.009 -16"><span class='ocrx_word' id='word_1_288' title='bbox 863 3990 936 4041; x_wconf 91' lang='lat' dir='ltr'><strong>Ita</strong></span> <span class='ocrx_word' id='word_1_289' title='bbox 972 3989 1136 4057; x_wconf 82' lang='lat' dir='ltr'><strong>igitur</strong></span> <span class='ocrx_word' id='word_1_290' title='bbox 1172 3997 1281 4039; x_wconf 92' lang='lat' dir='ltr'><strong>tres</strong></span> <span class='ocrx_word' id='word_1_291' title='bbox 1312 3984 1431 4037; x_wconf 78' lang='lat' dir='ltr'><strong>illas</strong></span> <span class='ocrx_word' id='word_1_292' title='bbox 1455 3980 1836 4051; x_wconf 87' lang='lat' dir='ltr'><strong>proprietates,</strong></span> <span class='ocrx_word' id='word_1_293' title='bbox 1866 3976 2027 4040; x_wconf 90' lang='lat' dir='ltr'><strong>solas,</strong></span> <span class='ocrx_word' id='word_1_294' title='bbox 2055 3978 2360 4028; x_wconf 83' lang='lat' dir='ltr'><strong>divinarum</strong></span> 
     </span>
    </p>
   </div>
   <div class='ocr_carea' id='block_1_43' title="bbox 792 4067 2364 4150">
    <p class='ocr_par' dir='ltr' id='par_1_43' title="bbox 792 4067 2364 4150">
     <span class='ocr_line' id='line_1_43' title="bbox 792 4067 2364 4150; baseline -0.01 -14"><span class='ocrx_word' id='word_1_295' title='bbox 792 4092 1143 4150; x_wconf 70' lang='lat' dir='ltr'><strong>personarum</strong></span> <span class='ocrx_word' id='word_1_296' title='bbox 1176 4072 1559 4129; x_wconf 76' lang='lat' dir='ltr'><strong>substantiales</strong></span> <span class='ocrx_word' id='word_1_297' title='bbox 1585 4085 1704 4124; x_wconf 80' lang='lat' dir='ltr'><strong>esse</strong></span> <span class='ocrx_word' id='word_1_298' title='bbox 1727 4068 2011 4121; x_wconf 82' lang='lat' dir='ltr'><strong>dicendum</strong></span> <span class='ocrx_word' id='word_1_299' title='bbox 2044 4077 2152 4121; x_wconf 88' lang='lat' dir='ltr'><strong>est.</strong></span> <span class='ocrx_word' id='word_1_300' title='bbox 2188 4067 2364 4120; x_wconf 88' lang='lat' dir='ltr'><strong>Patris</strong></span> 
     </span>
    </p>
   </div>
   <div class='ocr_carea' id='block_1_44' title="bbox 789 4161 2361 4242">
    <p class='ocr_par' dir='ltr' id='par_1_44' title="bbox 789 4161 2361 4242">
     <span class='ocr_line' id='line_1_44' title="bbox 789 4161 2361 4242; baseline -0.01 -17"><span class='ocrx_word' id='word_1_301' title='bbox 789 4175 1004 4242; x_wconf 88' lang='lat' dir='ltr'><strong>quidem</strong></span> <span class='ocrx_word' id='word_1_302' title='bbox 1031 4170 1437 4240; x_wconf 88' lang='lat' dir='ltr'><strong>paternitatem,</strong></span> <span class='ocrx_word' id='word_1_303' title='bbox 1483 4174 1643 4229; x_wconf 91' lang='lat' dir='ltr'><strong>atque</strong></span> <span class='ocrx_word' id='word_1_304' title='bbox 1669 4164 1839 4230; x_wconf 90' lang='lat' dir='ltr'><strong>ipsum</strong></span> <span class='ocrx_word' id='word_1_305' title='bbox 1874 4161 2112 4225; x_wconf 76' lang='lat' dir='ltr'><strong>gignere,</strong></span> <span class='ocrx_word' id='word_1_306' title='bbox 2137 4161 2239 4213; x_wconf 85' lang='lat' dir='ltr'><strong>hoc</strong></span> <span class='ocrx_word' id='word_1_307' title='bbox 2261 4170 2361 4219; x_wconf 89' lang='lat' dir='ltr'><strong>est,</strong></span> 
     </span>
    </p>
   </div>
   <div class='ocr_carea' id='block_1_45' title="bbox 790 4251 2362 4334">
    <p class='ocr_par' dir='ltr' id='par_1_45' title="bbox 790 4251 2362 4334">
     <span class='ocr_line' id='line_1_45' title="bbox 790 4251 2362 4334; baseline -0.01 -15"><span class='ocrx_word' id='word_1_308' title='bbox 790 4282 848 4320; x_wconf 90' lang='lat' dir='ltr'><strong>se</strong></span> <span class='ocrx_word' id='word_1_309' title='bbox 885 4269 1058 4334; x_wconf 88' lang='lat' dir='ltr'><strong>ipsum</strong></span> <span class='ocrx_word' id='word_1_310' title='bbox 1098 4264 1225 4314; x_wconf 88' lang='lat' dir='ltr'><strong>dare</strong></span> <span class='ocrx_word' id='word_1_311' title='bbox 1249 4259 1400 4311; x_wconf 83' lang='lat' dir='ltr'><strong>alteri</strong></span> <span class='ocrx_word' id='word_1_312' title='bbox 1432 4270 1674 4324; x_wconf 69' lang='lat' dir='ltr'><strong>personae</strong></span> <span class='ocrx_word' id='word_1_313' title='bbox 1718 4254 2010 4306; x_wconf 87' lang='lat' dir='ltr'><strong>secundum</strong></span> <span class='ocrx_word' id='word_1_314' title='bbox 2054 4251 2362 4303; x_wconf 83' lang='lat' dir='ltr'><strong>nativitatis</strong></span> 
     </span>
    </p>
   </div>
   <div class='ocr_carea' id='block_1_46' title="bbox 790 4347 2361 4431">
    <p class='ocr_par' dir='ltr' id='par_1_46' title="bbox 790 4347 2361 4431">
     <span class='ocr_line' id='line_1_46' title="bbox 790 4347 2361 4431; baseline -0.011 -18"><span class='ocrx_word' id='word_1_315' title='bbox 790 4375 1131 4431; x_wconf 82' lang='lat' dir='ltr'><strong>processum.</strong></span> <span class='ocrx_word' id='word_1_316' title='bbox 1192 4354 1314 4408; x_wconf 86' lang='lat' dir='ltr'><strong>Filii</strong></span> <span class='ocrx_word' id='word_1_317' title='bbox 1381 4366 1508 4405; x_wconf 89' lang='lat' dir='ltr'><strong>vero</strong></span> <span class='ocrx_word' id='word_1_318' title='bbox 1558 4348 1920 4409; x_wconf 82' lang='lat' dir='ltr'><strong>nativitatem,</strong></span> <span class='ocrx_word' id='word_1_319' title='bbox 1954 4347 2233 4414; x_wconf 88' lang='lat' dir='ltr'><strong>ipsumque</strong></span> <span class='ocrx_word' id='word_1_320' title='bbox 2263 4361 2361 4397; x_wconf 89' lang='lat' dir='ltr'><strong>na-</strong></span> 
     </span>
    </p>
   </div>
   <div class='ocr_carea' id='block_1_47' title="bbox 789 4435 2358 4515">
    <p class='ocr_par' dir='ltr' id='par_1_47' title="bbox 789 4435 2358 4515">
     <span class='ocr_line' id='line_1_47' title="bbox 789 4435 2358 4515; baseline -0.014 -8"><span class='ocrx_word' id='word_1_321' title='bbox 789 4455 887 4515; x_wconf 75' lang='lat' dir='ltr'><strong>sci,</strong></span> <span class='ocrx_word' id='word_1_322' title='bbox 916 4454 1016 4505; x_wconf 89' lang='lat' dir='ltr'><strong>hoc</strong></span> <span class='ocrx_word' id='word_1_323' title='bbox 1070 4457 1173 4509; x_wconf 87' lang='lat' dir='ltr'><strong>est,</strong></span> <span class='ocrx_word' id='word_1_324' title='bbox 1200 4448 1444 4514; x_wconf 81' lang='lat' dir='ltr'><strong>accipere</strong></span> <span class='ocrx_word' id='word_1_325' title='bbox 1502 4442 1556 4493; x_wconf 93' lang='lat' dir='ltr'><strong>in</strong></span> <span class='ocrx_word' id='word_1_326' title='bbox 1597 4440 1778 4506; x_wconf 79' lang='lat' dir='ltr'><strong>scipso</strong></span> <span class='ocrx_word' id='word_1_327' title='bbox 1816 4436 2026 4489; x_wconf 88' lang='lat' dir='ltr'><strong>Patrem</strong></span> <span class='ocrx_word' id='word_1_328' title='bbox 2074 4435 2226 4502; x_wconf 80' lang='lat' dir='ltr'><strong>juxta</strong></span> <span class='ocrx_word' id='word_1_329' title='bbox 2259 4449 2358 4487; x_wconf 86' lang='lat' dir='ltr'><strong>na-</strong></span> 
     </span>
    </p>
   </div>
   <div class='ocr_carea' id='block_1_48' title="bbox 787 4544 968 4599">
    <p class='ocr_par' dir='ltr' id='par_1_48' title="bbox 787 4544 968 4599">
     <span class='ocr_line' id='line_1_48' title="bbox 787 4544 968 4599; baseline -0.022 0"><span class='ocrx_word' id='word_1_330' title='bbox 787 4544 968 4599; x_wconf 79' lang='lat' dir='ltr'><strong>seendi</strong></span> 
     </span>
    </p>
   </div>
   <div class='ocr_carea' id='block_1_49' title="bbox 786 4618 2359 4697">
    <p class='ocr_par' dir='ltr' id='par_1_49' title="bbox 786 4618 2359 4697">
     <span class='ocr_line' id='line_1_49' title="bbox 786 4618 2359 4697; baseline -0.013 -7"><span class='ocrx_word' id='word_1_331' title='bbox 786 4637 1109 4693; x_wconf 85' lang='lat' dir='ltr'><strong>cessionem,</strong></span> <span class='ocrx_word' id='word_1_332' title='bbox 1133 4632 1415 4697; x_wconf 89' lang='lat' dir='ltr'><strong>ipsumque</strong></span> <span class='ocrx_word' id='word_1_333' title='bbox 1434 4624 1747 4691; x_wconf 83' lang='lat' dir='ltr'><strong>procedere,</strong></span> <span class='ocrx_word' id='word_1_334' title='bbox 1781 4621 1829 4671; x_wconf 91' lang='lat' dir='ltr'><strong>id</strong></span> <span class='ocrx_word' id='word_1_335' title='bbox 1856 4628 1958 4681; x_wconf 85' lang='lat' dir='ltr'><strong>est,</strong></span> <span class='ocrx_word' id='word_1_336' title='bbox 1988 4620 2040 4671; x_wconf 94' lang='lat' dir='ltr'><strong>in</strong></span> <span class='ocrx_word' id='word_1_337' title='bbox 2072 4618 2359 4684; x_wconf 83' lang='lat' dir='ltr'><strong>semetipso</strong></span> 
     </span>
    </p>
   </div>
   <div class='ocr_carea' id='block_1_50' title="bbox 789 4710 2361 4781">
    <p class='ocr_par' dir='ltr' id='par_1_50' title="bbox 789 4710 2361 4781">
     <span class='ocr_line' id='line_1_50' title="bbox 789 4710 2361 4781; baseline -0.013 -2"><span class='ocrx_word' id='word_1_338' title='bbox 789 4730 1003 4779; x_wconf 83' lang='lat' dir='ltr'><strong>Patrem</strong></span> <span class='ocrx_word' id='word_1_339' title='bbox 1043 4739 1105 4774; x_wconf 89' lang='lat' dir='ltr'><strong>ac</strong></span> <span class='ocrx_word' id='word_1_340' title='bbox 1170 4719 1360 4772; x_wconf 86' lang='lat' dir='ltr'><strong>Filium</strong></span> <span class='ocrx_word' id='word_1_341' title='bbox 1395 4716 1637 4781; x_wconf 87' lang='lat' dir='ltr'><strong>accipere</strong></span> <span class='ocrx_word' id='word_1_342' title='bbox 1665 4751 1680 4776; x_wconf 90' lang='lat'><strong>,</strong></span> <span class='ocrx_word' id='word_1_343' title='bbox 1729 4712 2020 4763; x_wconf 89' lang='lat' dir='ltr'><strong>secundum</strong></span> <span class='ocrx_word' id='word_1_344' title='bbox 2065 4710 2361 4761; x_wconf 87' lang='lat' dir='ltr'><strong>naturalem</strong></span> 
     </span>
    </p>
   </div>
   <div class='ocr_carea' id='block_1_51' title="bbox 785 4801 2355 4881">
    <p class='ocr_par' dir='ltr' id='par_1_51' title="bbox 785 4801 2355 4881">
     <span class='ocr_line' id='line_1_51' title="bbox 785 4801 2355 4881; baseline -0.012 -9"><span class='ocrx_word' id='word_1_345' title='bbox 785 4815 1233 4881; x_wconf 85' lang='lat' dir='ltr'><strong>essentialetnque</strong></span> <span class='ocrx_word' id='word_1_346' title='bbox 1288 4822 1599 4877; x_wconf 85' lang='lat' dir='ltr'><strong>processum</strong></span> <span class='ocrx_word' id='word_1_347' title='bbox 1649 4819 1715 4856; x_wconf 79' lang='lat' dir='ltr'><strong>ex</strong></span> <span class='ocrx_word' id='word_1_348' title='bbox 1782 4803 1948 4855; x_wconf 87' lang='lat' dir='ltr'><strong>Patre</strong></span> <span class='ocrx_word' id='word_1_349' title='bbox 1976 4816 2069 4869; x_wconf 91' lang='lat' dir='ltr'><strong>per</strong></span> <span class='ocrx_word' id='word_1_350' title='bbox 2135 4801 2355 4854; x_wconf 76' lang='lat' dir='ltr'><strong>Filium.</strong></span> 
     </span>
    </p>
   </div>
   <div class='ocr_carea' id='block_1_52' title="bbox 786 4891 2360 4975">
    <p class='ocr_par' dir='ltr' id='par_1_52' title="bbox 786 4891 2360 4975">
     <span class='ocr_line' id='line_1_52' title="bbox 786 4891 2360 4975; baseline -0.011 -13"><span class='ocrx_word' id='word_1_351' title='bbox 786 4911 1031 4975; x_wconf 62' lang='lat' dir='ltr'><strong>Idasque</strong></span> <span class='ocrx_word' id='word_1_352' title='bbox 1067 4920 1170 4956; x_wconf 92' lang='lat' dir='ltr'><strong>non</strong></span> <span class='ocrx_word' id='word_1_353' title='bbox 1196 4901 1367 4954; x_wconf 90' lang='lat' dir='ltr'><strong>solum</strong></span> <span class='ocrx_word' id='word_1_354' title='bbox 1392 4893 1799 4957; x_wconf 77' lang='lat' dir='ltr'><strong>Substautiales,</strong></span> <span class='ocrx_word' id='word_1_355' title='bbox 1824 4894 1915 4946; x_wconf 89' lang='lat' dir='ltr'><strong>sed</strong></span> <span class='ocrx_word' id='word_1_356' title='bbox 1959 4902 2011 4945; x_wconf 86' lang='lat' dir='ltr'><strong>et</strong></span> <span class='ocrx_word' id='word_1_357' title='bbox 2049 4891 2360 4960; x_wconf 87' lang='lat' dir='ltr'><strong>personales</strong></span> 
     </span>
    </p>
   </div>
   <div class='ocr_carea' id='block_1_53' title="bbox 784 4983 2361 5067">
    <p class='ocr_par' dir='ltr' id='par_1_53' title="bbox 784 4983 2361 5067">
     <span class='ocr_line' id='line_1_53' title="bbox 784 4983 2361 5067; baseline -0.013 -14"><span class='ocrx_word' id='word_1_358' title='bbox 784 5004 945 5054; x_wconf 85' lang='lat' dir='ltr'><strong>etiam</strong></span> <span class='ocrx_word' id='word_1_359' title='bbox 985 4998 1221 5067; x_wconf 85' lang='lat' dir='ltr'><strong>pr0prie,</strong></span> <span class='ocrx_word' id='word_1_360' title='bbox 1257 5005 1310 5046; x_wconf 90' lang='lat' dir='ltr'><strong>et</strong></span> <span class='ocrx_word' id='word_1_361' title='bbox 1343 4991 1600 5049; x_wconf 79' lang='lat' dir='ltr'><strong>maxime,</strong></span> <span class='ocrx_word' id='word_1_362' title='bbox 1632 4996 1685 5039; x_wconf 88' lang='lat' dir='ltr'><strong>et</strong></span> <span class='ocrx_word' id='word_1_363' title='bbox 1719 4983 2146 5053; x_wconf 89' lang='lat' dir='ltr'><strong>peculiarissime</strong></span> <span class='ocrx_word' id='word_1_364' title='bbox 2178 4984 2361 5035; x_wconf 88' lang='lat' dir='ltr'><strong>dicen-</strong></span> 
     </span>
    </p>
   </div>
   <div class='ocr_carea' id='block_1_54' title="bbox 787 5080 1934 5157">
    <p class='ocr_par' dir='ltr' id='par_1_54' title="bbox 787 5080 1934 5157">
     <span class='ocr_line' id='line_1_54' title="bbox 787 5080 1934 5157; baseline -0.015 -11"><span class='ocrx_word' id='word_1_365' title='bbox 787 5096 935 5153; x_wconf 74' lang='lat' dir='ltr'><strong>dunt,</strong></span> <span class='ocrx_word' id='word_1_366' title='bbox 975 5101 1159 5157; x_wconf 86' lang='lat' dir='ltr'><strong>utpote</strong></span> <span class='ocrx_word' id='word_1_367' title='bbox 1192 5100 1449 5155; x_wconf 82' lang='lat' dir='ltr'><strong>personas</strong></span> <span class='ocrx_word' id='word_1_368' title='bbox 1470 5080 1934 5136; x_wconf 82' lang='lat' dir='ltr'><strong>cmnmendantes.</strong></span> 
     </span>
    </p>
   </div>
   <div class='ocr_carea' id='block_1_55' title="bbox 856 5171 2359 5246">
    <p class='ocr_par' dir='ltr' id='par_1_55' title="bbox 856 5171 2359 5246">
     <span class='ocr_line' id='line_1_55' title="bbox 856 5171 2359 5246; baseline -0.013 -11"><span class='ocrx_word' id='word_1_369' title='bbox 856 5182 1048 5239; x_wconf 89' lang='lat' dir='ltr'><strong>Porro.</strong></span> <span class='ocrx_word' id='word_1_370' title='bbox 1084 5194 1204 5246; x_wconf 67' lang='lat' dir='ltr'><strong>quae</strong></span> <span class='ocrx_word' id='word_1_371' title='bbox 1230 5177 1500 5245; x_wconf 89' lang='lat' dir='ltr'><strong>proprium</strong></span> <span class='ocrx_word' id='word_1_372' title='bbox 1540 5171 1740 5238; x_wconf 89' lang='lat' dir='ltr'><strong>aliquid</strong></span> <span class='ocrx_word' id='word_1_373' title='bbox 1761 5171 1984 5220; x_wconf 88' lang='lat' dir='ltr'><strong>duarum</strong></span> <span class='ocrx_word' id='word_1_374' title='bbox 2004 5178 2359 5235; x_wconf 86' lang='lat' dir='ltr'><strong>personarum</strong></span> 
     </span>
    </p>
   </div>
   <div class='ocr_carea' id='block_1_56' title="bbox 783 5257 2356 5339">
    <p class='ocr_par' dir='ltr' id='par_1_56' title="bbox 783 5257 2356 5339">
     <span class='ocr_line' id='line_1_56' title="bbox 783 5257 2356 5339; baseline -0.011 -13"><span class='ocrx_word' id='word_1_375' title='bbox 783 5275 849 5327; x_wconf 85' lang='lat' dir='ltr'><strong>ad</strong></span> <span class='ocrx_word' id='word_1_376' title='bbox 883 5273 1147 5339; x_wconf 88' lang='lat' dir='ltr'><strong>reliquam</strong></span> <span class='ocrx_word' id='word_1_377' title='bbox 1209 5269 1509 5326; x_wconf 80' lang='lat' dir='ltr'><strong>insinuant,</strong></span> <span class='ocrx_word' id='word_1_378' title='bbox 1540 5261 1919 5329; x_wconf 84' lang='lat' dir='ltr'><strong>proprietates,</strong></span> <span class='ocrx_word' id='word_1_379' title='bbox 1964 5274 2059 5313; x_wconf 87' lang='lat' dir='ltr'><strong>seu</strong></span> <span class='ocrx_word' id='word_1_380' title='bbox 2090 5257 2356 5317; x_wconf 87' lang='lat' dir='ltr'><strong>notiones,</strong></span> 
     </span>
    </p>
   </div>
   <div class='ocr_carea' id='block_1_57' title="bbox 780 5348 2356 5431">
    <p class='ocr_par' dir='ltr' id='par_1_57' title="bbox 780 5348 2356 5431">
     <span class='ocr_line' id='line_1_57' title="bbox 780 5348 2356 5431; baseline -0.013 -13"><span class='ocrx_word' id='word_1_381' title='bbox 780 5380 872 5419; x_wconf 87' lang='lat' dir='ltr'><strong>seu</strong></span> <span class='ocrx_word' id='word_1_382' title='bbox 906 5367 1057 5431; x_wconf 83' lang='lat' dir='ltr'><strong>signa</strong></span> <span class='ocrx_word' id='word_1_383' title='bbox 1088 5362 1316 5413; x_wconf 90' lang='lat' dir='ltr'><strong>duarum</strong></span> <span class='ocrx_word' id='word_1_384' title='bbox 1359 5356 1662 5423; x_wconf 87' lang='lat' dir='ltr'><strong>aliquarum</strong></span> <span class='ocrx_word' id='word_1_385' title='bbox 1694 5364 2048 5420; x_wconf 89' lang='lat' dir='ltr'><strong>personarum</strong></span> <span class='ocrx_word' id='word_1_386' title='bbox 2100 5348 2356 5409; x_wconf 70' lang='lat' dir='ltr'><strong>vocanda:</strong></span> 
     </span>
    </p>
   </div>
   <div class='ocr_carea' id='block_1_58' title="bbox 782 5436 2352 5515">
    <p class='ocr_par' dir='ltr' id='par_1_58' title="bbox 782 5436 2352 5515">
     <span class='ocr_line' id='line_1_58' title="bbox 782 5436 2352 5515; baseline -0.015 -6"><span class='ocrx_word' id='word_1_387' title='bbox 782 5467 929 5509; x_wconf 87' lang='lat' dir='ltr'><strong>sunt.</strong></span> <span class='ocrx_word' id='word_1_388' title='bbox 992 5452 1145 5515; x_wconf 81' lang='lat' dir='ltr'><strong>Quod</strong></span> <span class='ocrx_word' id='word_1_389' title='bbox 1171 5450 1211 5502; x_wconf 92' lang='lat' dir='ltr'><strong>si</strong></span> <span class='ocrx_word' id='word_1_390' title='bbox 1255 5447 1337 5502; x_wconf 89' lang='lat' dir='ltr'><strong>cui</strong></span> <span class='ocrx_word' id='word_1_391' title='bbox 1372 5447 1577 5514; x_wconf 89' lang='lat' dir='ltr'><strong>placeat</strong></span> <span class='ocrx_word' id='word_1_392' title='bbox 1615 5450 1667 5495; x_wconf 87' lang='lat' dir='ltr'><strong>et</strong></span> <span class='ocrx_word' id='word_1_393' title='bbox 1701 5457 1762 5495; x_wconf 89' lang='lat' dir='ltr'><strong>ea</strong></span> <span class='ocrx_word' id='word_1_394' title='bbox 1798 5437 2099 5509; x_wconf 89' lang='lat' dir='ltr'><strong>personalia</strong></span> <span class='ocrx_word' id='word_1_395' title='bbox 2152 5436 2352 5497; x_wconf 66' lang='lat' dir='ltr'><strong>diei-re,</strong></span> 
     </span>
    </p>
   </div>
   <div class='ocr_carea' id='block_1_59' title="bbox 779 5533 2348 5609">
    <p class='ocr_par' dir='ltr' id='par_1_59' title="bbox 779 5533 2348 5609">
     <span class='ocr_line' id='line_1_59' title="bbox 779 5533 2348 5609; baseline -0.014 -13"><span class='ocrx_word' id='word_1_396' title='bbox 779 5558 844 5596; x_wconf 88' lang='lat' dir='ltr'><strong>eo</strong></span> <span class='ocrx_word' id='word_1_397' title='bbox 868 5544 1006 5609; x_wconf 88' lang='lat' dir='ltr'><strong>quod</strong></span> <span class='ocrx_word' id='word_1_398' title='bbox 1042 5537 1288 5606; x_wconf 80' lang='lat' dir='ltr'><strong>personis</strong></span> <span class='ocrx_word' id='word_1_399' title='bbox 1340 5533 1621 5594; x_wconf 84' lang='lat' dir='ltr'><strong>attributa,</strong></span> <span class='ocrx_word' id='word_1_400' title='bbox 1688 5543 1794 5582; x_wconf 93' lang='lat' dir='ltr'><strong>non</strong></span> <span class='ocrx_word' id='word_1_401' title='bbox 1827 5538 2005 5580; x_wconf 90' lang='lat' dir='ltr'><strong>tamen</strong></span> <span class='ocrx_word' id='word_1_402' title='bbox 2036 5537 2348 5579; x_wconf 78' lang='lat' dir='ltr'><strong>communia</strong></span> 
     </span>
    </p>
   </div>
   <div class='ocr_carea' id='block_1_60' title="bbox 784 5615 2354 5690">
    <p class='ocr_par' dir='ltr' id='par_1_60' title="bbox 784 5615 2354 5690">
     <span class='ocr_line' id='line_1_60' title="bbox 784 5615 2354 5690; baseline -0.013 -3"><span class='ocrx_word' id='word_1_403' title='bbox 784 5634 1221 5690; x_wconf 88' lang='lat' dir='ltr'><strong>onmiumsunt;</strong></span> <span class='ocrx_word' id='word_1_404' title='bbox 1284 5626 1441 5677; x_wconf 84' lang='lat' dir='ltr'><strong>liceat</strong></span> <span class='ocrx_word' id='word_1_405' title='bbox 1492 5623 1673 5675; x_wconf 84' lang='lat' dir='ltr'><strong>dicere</strong></span> <span class='ocrx_word' id='word_1_406' title='bbox 1697 5620 1747 5672; x_wconf 91' lang='lat' dir='ltr'><strong>id</strong></span> <span class='ocrx_word' id='word_1_407' title='bbox 1796 5618 2036 5687; x_wconf 79' lang='lat' dir='ltr'><strong>quidem,</strong></span> <span class='ocrx_word' id='word_1_408' title='bbox 2077 5615 2205 5668; x_wconf 88' lang='lat' dir='ltr'><strong>dum</strong></span> <span class='ocrx_word' id='word_1_409' title='bbox 2270 5626 2354 5667; x_wconf 85' lang='lat' dir='ltr'><strong>ta-</strong></span> 
     </span>
    </p>
   </div>
   <div class='ocr_carea' id='block_1_61' title="bbox 860 5724 3263 5812">
    <p class='ocr_par' dir='ltr' id='par_1_61' title="bbox 860 5724 3263 5812">
     <span class='ocr_line' id='line_1_61' title="bbox 860 5724 3263 5812; baseline -0.009 -13"><span class='ocrx_word' id='word_1_410' title='bbox 860 5745 973 5812; x_wconf 77' lang='grc'><strong>(57)</strong></span> <span class='ocrx_word' id='word_1_411' title='bbox 1028 5743 1101 5799; x_wconf 91' lang='lat' dir='ltr'><strong>De</strong></span> <span class='ocrx_word' id='word_1_412' title='bbox 1137 5740 1448 5795; x_wconf 88' lang='lat' dir='ltr'><strong>notionibus</strong></span> <span class='ocrx_word' id='word_1_413' title='bbox 1493 5735 1801 5791; x_wconf 86' lang='lat' dir='ltr'><strong>divinarum</strong></span> <span class='ocrx_word' id='word_1_414' title='bbox 1840 5744 2200 5802; x_wconf 87' lang='lat' dir='ltr'><strong>personarum</strong></span> <span class='ocrx_word' id='word_1_415' title='bbox 2235 5726 2357 5783; x_wconf 87' lang='lat' dir='ltr'><strong>vide</strong></span> <span class='ocrx_word' id='word_1_416' title='bbox 2395 5724 2459 5778; x_wconf 78' lang='grc' dir='ltr'><strong>υ.</strong></span> <span class='ocrx_word' id='word_1_417' title='bbox 2495 5724 2758 5778; x_wconf 85' lang='lat' dir='ltr'><strong>Thomam</strong></span> <span class='ocrx_word' id='word_1_418' title='bbox 2790 5740 2805 5778; x_wconf 93' lang='grc' dir='ltr'><strong>ι</strong></span> <span class='ocrx_word' id='word_1_419' title='bbox 2856 5740 2909 5793; x_wconf 88' lang='lat' dir='ltr'><strong>q.</strong></span> <span class='ocrx_word' id='word_1_420' title='bbox 2944 5724 2976 5778; x_wconf 91' lang='lat' dir='ltr'><strong>d</strong></span> <span class='ocrx_word' id='word_1_421' title='bbox 3002 5724 3112 5787; x_wconf 72' lang='lat'><strong>.25,</strong></span> <span class='ocrx_word' id='word_1_422' title='bbox 3209 5732 3263 5777; x_wconf 87' lang='lat' dir='ltr'><strong>et</strong></span> 
     </span>
    </p>
   </div>
   <div class='ocr_carea' id='block_1_62' title="bbox 784 5815 1054 5871">
    <p class='ocr_par' dir='ltr' id='par_1_62' title="bbox 784 5815 1054 5871">
     <span class='ocr_line' id='line_1_62' title="bbox 784 5815 1054 5871; baseline -0.015 0"><span class='ocrx_word' id='word_1_423' title='bbox 784 5815 1054 5871; x_wconf 68' lang='lat' dir='ltr'><strong>Valentia.</strong></span> 
     </span>
    </p>
   </div>
   <div class='ocr_carea' id='block_1_63' title="bbox 2480 626 4042 691">
    <p class='ocr_par' dir='ltr' id='par_1_63' title="bbox 2480 626 4042 691">
     <span class='ocr_line' id='line_1_63' title="bbox 2480 626 4042 691; baseline 0.003 -14"><span class='ocrx_word' id='word_1_424' title='bbox 2480 628 2593 679; x_wconf 84' lang='lat' dir='ltr'><strong>dari</strong></span> <span class='ocrx_word' id='word_1_425' title='bbox 2622 643 2636 691; x_wconf 91' lang='lat'><strong>;</strong></span> <span class='ocrx_word' id='word_1_426' title='bbox 2670 627 2779 679; x_wconf 91' lang='lat' dir='ltr'><strong>sola</strong></span> <span class='ocrx_word' id='word_1_427' title='bbox 2812 626 2952 678; x_wconf 92' lang='lat' dir='ltr'><strong>enim</strong></span> <span class='ocrx_word' id='word_1_428' title='bbox 2990 628 3363 679; x_wconf 89' lang='lat' dir='ltr'><strong>substantialia</strong></span> <span class='ocrx_word' id='word_1_429' title='bbox 3398 628 3537 680; x_wconf 89' lang='lat' dir='ltr'><strong>hanc</strong></span> <span class='ocrx_word' id='word_1_430' title='bbox 3560 629 3757 681; x_wconf 85' lang='lat' dir='ltr'><strong>habent</strong></span> <span class='ocrx_word' id='word_1_431' title='bbox 3821 631 3948 691; x_wconf 79' lang='lat' dir='ltr'><strong>vim,</strong></span> <span class='ocrx_word' id='word_1_432' title='bbox 3986 641 4042 682; x_wconf 86' lang='lat' dir='ltr'><strong>et</strong></span> 
     </span>
    </p>
   </div>
   <div class='ocr_carea' id='block_1_64' title="bbox 2477 715 4033 785">
    <p class='ocr_par' dir='ltr' id='par_1_64' title="bbox 2477 715 4033 785">
     <span class='ocr_line' id='line_1_64' title="bbox 2477 715 4033 785; baseline 0.003 -19"><span class='ocrx_word' id='word_1_433' title='bbox 2477 731 2595 782; x_wconf 64' lang='lat' dir='ltr'><strong>quae</strong></span> <span class='ocrx_word' id='word_1_434' title='bbox 2628 718 2715 767; x_wconf 91' lang='lat' dir='ltr'><strong>uni</strong></span> <span class='ocrx_word' id='word_1_435' title='bbox 2748 715 3083 768; x_wconf 85' lang='lat' dir='ltr'><strong>substantiali</strong></span> <span class='ocrx_word' id='word_1_436' title='bbox 3115 720 3541 781; x_wconf 88' lang='lat' dir='ltr'><strong>communicant,</strong></span> <span class='ocrx_word' id='word_1_437' title='bbox 3571 719 3615 772; x_wconf 91' lang='lat' dir='ltr'><strong>si</strong></span> <span class='ocrx_word' id='word_1_438' title='bbox 3646 718 3861 785; x_wconf 87' lang='lat' dir='ltr'><strong>quidem</strong></span> <span class='ocrx_word' id='word_1_439' title='bbox 3887 728 4033 772; x_wconf 73' lang='lat' dir='ltr'><strong>eSSct</strong></span> 
     </span>
    </p>
   </div>
   <div class='ocr_carea' id='block_1_65' title="bbox 2478 805 4036 872">
    <p class='ocr_par' dir='ltr' id='par_1_65' title="bbox 2478 805 4036 872">
     <span class='ocr_line' id='line_1_65' title="bbox 2478 805 4036 872; baseline 0 -15"><span class='ocrx_word' id='word_1_440' title='bbox 2478 805 2751 871; x_wconf 90' lang='lat' dir='ltr'><strong>possibile,</strong></span> <span class='ocrx_word' id='word_1_441' title='bbox 2786 820 3001 857; x_wconf 81' lang='lat' dir='ltr'><strong>necesse</strong></span> <span class='ocrx_word' id='word_1_442' title='bbox 3026 817 3167 858; x_wconf 75' lang='lat' dir='ltr'><strong>esset</strong></span> <span class='ocrx_word' id='word_1_443' title='bbox 3188 822 3345 858; x_wconf 87' lang='lat' dir='ltr'><strong>unam</strong></span> <span class='ocrx_word' id='word_1_444' title='bbox 3373 810 3531 859; x_wconf 87' lang='lat' dir='ltr'><strong>etiam</strong></span> <span class='ocrx_word' id='word_1_445' title='bbox 3563 822 3684 859; x_wconf 89' lang='lat' dir='ltr'><strong>esse</strong></span> <span class='ocrx_word' id='word_1_446' title='bbox 3715 822 4036 872; x_wconf 75' lang='lat' dir='ltr'><strong>personam;</strong></span> 
     </span>
    </p>
   </div>
   <div class='ocr_carea' id='block_1_66' title="bbox 2478 893 4031 963">
    <p class='ocr_par' dir='ltr' id='par_1_66' title="bbox 2478 893 4031 963">
     <span class='ocr_line' id='line_1_66' title="bbox 2478 893 4031 963; baseline 0.003 -20"><span class='ocrx_word' id='word_1_447' title='bbox 2478 893 2579 944; x_wconf 92' lang='lat' dir='ltr'><strong>alia</strong></span> <span class='ocrx_word' id='word_1_448' title='bbox 2604 893 3071 954; x_wconf 86' lang='lat' dir='ltr'><strong>vcro,&#39;nu|latenus</strong></span> <span class='ocrx_word' id='word_1_449' title='bbox 3094 912 3107 947; x_wconf 89' lang='lat'><strong>:</strong></span> <span class='ocrx_word' id='word_1_450' title='bbox 3129 896 3305 963; x_wconf 88' lang='lat' dir='ltr'><strong>itaque</strong></span> <span class='ocrx_word' id='word_1_451' title='bbox 3322 896 3451 949; x_wconf 80' lang='lat' dir='ltr'><strong>solis</strong></span> <span class='ocrx_word' id='word_1_452' title='bbox 3476 896 3579 950; x_wconf 88' lang='lat' dir='ltr'><strong>illis</strong></span> <span class='ocrx_word' id='word_1_453' title='bbox 3609 896 3779 949; x_wconf 90' lang='lat' dir='ltr'><strong>tribus</strong></span> <span class='ocrx_word' id='word_1_454' title='bbox 3799 896 4031 961; x_wconf 86' lang='lat' dir='ltr'><strong>pr0prie-</strong></span> 
     </span>
    </p>
   </div>
   <div class='ocr_carea' id='block_1_67' title="bbox 2490 973 4045 1048">
    <p class='ocr_par' dir='ltr' id='par_1_67' title="bbox 2490 973 4045 1048">
     <span class='ocr_line' id='line_1_67' title="bbox 2490 973 4045 1048; baseline 0.001 -16"><span class='ocrx_word' id='word_1_455' title='bbox 2490 973 2688 1033; x_wconf 76' lang='lat' dir='ltr'><strong>tatilius</strong></span> <span class='ocrx_word' id='word_1_456' title='bbox 2737 981 2931 1032; x_wconf 64' lang='lat' dir='ltr'><strong>divina!</strong></span> <span class='ocrx_word' id='word_1_457' title='bbox 2960 995 3199 1048; x_wconf 76' lang='lat' dir='ltr'><strong>persona:</strong></span> <span class='ocrx_word' id='word_1_458' title='bbox 3226 983 3676 1034; x_wconf 65' lang='lat' dir='ltr'><strong>t-tdiscernuntur</strong></span> <span class='ocrx_word' id='word_1_459' title='bbox 3694 993 3745 1032; x_wconf 90' lang='lat' dir='ltr'><strong>et</strong></span> <span class='ocrx_word' id='word_1_460' title='bbox 3770 997 4045 1034; x_wconf 86' lang='lat' dir='ltr'><strong>commen-</strong></span> 
     </span>
    </p>
   </div>
   <div class='ocr_carea' id='block_1_68' title="bbox 2477 1068 4028 1138">
    <p class='ocr_par' dir='ltr' id='par_1_68' title="bbox 2477 1068 4028 1138">
     <span class='ocr_line' id='line_1_68' title="bbox 2477 1068 4028 1138; baseline 0.001 -15"><span class='ocrx_word' id='word_1_461' title='bbox 2477 1073 2701 1132; x_wconf 88' lang='lat' dir='ltr'><strong>dantur;</strong></span> <span class='ocrx_word' id='word_1_462' title='bbox 2722 1070 2930 1121; x_wconf 77' lang='lat' dir='ltr'><strong>czeteris</strong></span> <span class='ocrx_word' id='word_1_463' title='bbox 2949 1084 3074 1121; x_wconf 86' lang='lat' dir='ltr'><strong>vero</strong></span> <span class='ocrx_word' id='word_1_464' title='bbox 3105 1068 3405 1123; x_wconf 89' lang='lat' dir='ltr'><strong>noscuntur</strong></span> <span class='ocrx_word' id='word_1_465' title='bbox 3433 1070 3627 1123; x_wconf 91' lang='lat' dir='ltr'><strong>solum.</strong></span> <span class='ocrx_word' id='word_1_466' title='bbox 3663 1070 3892 1138; x_wconf 89' lang='lat' dir='ltr'><strong>Ideoque</strong></span> <span class='ocrx_word' id='word_1_467' title='bbox 3924 1073 4028 1124; x_wconf 73' lang='lat' dir='ltr'><strong>Da-</strong></span> 
     </span>
    </p>
   </div>
   <div class='ocr_carea' id='block_1_69' title="bbox 2478 1157 4044 1226">
    <p class='ocr_par' dir='ltr' id='par_1_69' title="bbox 2478 1157 4044 1226">
     <span class='ocr_line' id='line_1_69' title="bbox 2478 1157 4044 1226; baseline 0.001 -16"><span class='ocrx_word' id='word_1_468' title='bbox 2478 1172 2768 1210; x_wconf 87' lang='lat' dir='ltr'><strong>masccnus</strong></span> <span class='ocrx_word' id='word_1_469' title='bbox 2802 1157 2853 1209; x_wconf 93' lang='lat' dir='ltr'><strong>in</strong></span> <span class='ocrx_word' id='word_1_470' title='bbox 2881 1158 3013 1211; x_wconf 90' lang='lat' dir='ltr'><strong>solis</strong></span> <span class='ocrx_word' id='word_1_471' title='bbox 3036 1157 3207 1210; x_wconf 89' lang='lat' dir='ltr'><strong>tribus</strong></span> <span class='ocrx_word' id='word_1_472' title='bbox 3238 1158 3319 1210; x_wconf 90' lang='lat' dir='ltr'><strong>his</strong></span> <span class='ocrx_word' id='word_1_473' title='bbox 3340 1160 3764 1226; x_wconf 79' lang='lat' dir='ltr'><strong>proprietatibus</strong></span> <span class='ocrx_word' id='word_1_474' title='bbox 3791 1162 4044 1212; x_wconf 91' lang='lat' dir='ltr'><strong>substan-</strong></span> 
     </span>
    </p>
   </div>
   <div class='ocr_carea' id='block_1_70' title="bbox 2478 1246 4044 1313">
    <p class='ocr_par' dir='ltr' id='par_1_70' title="bbox 2478 1246 4044 1313">
     <span class='ocr_line' id='line_1_70' title="bbox 2478 1246 4044 1313; baseline 0 -15"><span class='ocrx_word' id='word_1_475' title='bbox 2478 1248 2670 1298; x_wconf 85' lang='lat' dir='ltr'><strong>tiarum</strong></span> <span class='ocrx_word' id='word_1_476' title='bbox 2696 1246 3052 1299; x_wconf 78' lang='lat' dir='ltr'><strong>diﬂ‘erentiant</strong></span> <span class='ocrx_word' id='word_1_477' title='bbox 3081 1246 3324 1299; x_wconf 81' lang='lat' dir='ltr'><strong>deﬁnivit</strong></span> <span class='ocrx_word' id='word_1_478' title='bbox 3367 1246 3613 1313; x_wconf 89' lang='lat' dir='ltr'><strong>intelligi,</strong></span> <span class='ocrx_word' id='word_1_479' title='bbox 3664 1247 3819 1312; x_wconf 85' lang='lat' dir='ltr'><strong>quasi</strong></span> <span class='ocrx_word' id='word_1_480' title='bbox 3856 1262 4044 1313; x_wconf 89' lang='lat' dir='ltr'><strong>perso-</strong></span> 
     </span>
    </p>
   </div>
   <div class='ocr_carea' id='block_1_71' title="bbox 2479 1336 4044 1404">
    <p class='ocr_par' dir='ltr' id='par_1_71' title="bbox 2479 1336 4044 1404">
     <span class='ocr_line' id='line_1_71' title="bbox 2479 1336 4044 1404; baseline -0.003 -14"><span class='ocrx_word' id='word_1_481' title='bbox 2479 1352 2575 1391; x_wconf 88' lang='lat' dir='ltr'><strong>nas</strong></span> <span class='ocrx_word' id='word_1_482' title='bbox 2621 1338 3151 1400; x_wconf 88' lang='lat' dir='ltr'><strong>commendantibus,</strong></span> <span class='ocrx_word' id='word_1_483' title='bbox 3218 1352 3323 1388; x_wconf 91' lang='lat' dir='ltr'><strong>non</strong></span> <span class='ocrx_word' id='word_1_484' title='bbox 3364 1336 3795 1404; x_wconf 77' lang='lat' dir='ltr'><strong>signiﬁcantibus</strong></span> <span class='ocrx_word' id='word_1_485' title='bbox 3847 1338 4044 1399; x_wconf 88' lang='lat' dir='ltr'><strong>solum,</strong></span> 
     </span>
    </p>
   </div>
   <div class='ocr_carea' id='block_1_72' title="bbox 2479 1426 4042 1495">
    <p class='ocr_par' dir='ltr' id='par_1_72' title="bbox 2479 1426 4042 1495">
     <span class='ocr_line' id='line_1_72' title="bbox 2479 1426 4042 1495; baseline 0.001 -18"><span class='ocrx_word' id='word_1_486' title='bbox 2479 1438 2535 1479; x_wconf 85' lang='grc' dir='ltr'><strong>ιιι</strong></span> <span class='ocrx_word' id='word_1_487' title='bbox 2564 1429 2652 1479; x_wconf 87' lang='lat' dir='ltr'><strong>illa</strong></span> <span class='ocrx_word' id='word_1_488' title='bbox 2684 1437 2764 1480; x_wconf 88' lang='lat' dir='ltr'><strong>est</strong></span> <span class='ocrx_word' id='word_1_489' title='bbox 2820 1427 3062 1495; x_wconf 73' lang='lat' dir='ltr'><strong>ingenitt’,</strong></span> <span class='ocrx_word' id='word_1_490' title='bbox 3098 1441 3217 1494; x_wconf 70' lang='lat' dir='ltr'><strong>qua:</strong></span> <span class='ocrx_word' id='word_1_491' title='bbox 3246 1426 3422 1479; x_wconf 87' lang='lat' dir='ltr'><strong>Patris</strong></span> <span class='ocrx_word' id='word_1_492' title='bbox 3458 1428 3659 1494; x_wconf 81' lang='lat' dir='ltr'><strong>agnitio</strong></span> <span class='ocrx_word' id='word_1_493' title='bbox 3676 1437 3778 1491; x_wconf 85' lang='lat' dir='ltr'><strong>est,</strong></span> <span class='ocrx_word' id='word_1_494' title='bbox 3813 1428 3907 1480; x_wconf 86' lang='lat' dir='ltr'><strong>sed</strong></span> <span class='ocrx_word' id='word_1_495' title='bbox 3936 1441 4042 1479; x_wconf 91' lang='lat' dir='ltr'><strong>non</strong></span> 
     </span>
    </p>
   </div>
   <div class='ocr_carea' id='block_1_73' title="bbox 2478 1516 4046 1584">
    <p class='ocr_par' dir='ltr' id='par_1_73' title="bbox 2478 1516 4046 1584">
     <span class='ocr_line' id='line_1_73' title="bbox 2478 1516 4046 1584; baseline 0.001 -17"><span class='ocrx_word' id='word_1_496' title='bbox 2478 1517 2622 1568; x_wconf 90' lang='lat' dir='ltr'><strong>illum</strong></span> <span class='ocrx_word' id='word_1_497' title='bbox 2660 1517 3000 1569; x_wconf 81' lang='lat' dir='ltr'><strong>commendat</strong></span> <span class='ocrx_word' id='word_1_498' title='bbox 3045 1516 3402 1584; x_wconf 86' lang='lat' dir='ltr'><strong>personaliter</strong></span> <span class='ocrx_word' id='word_1_499' title='bbox 3451 1533 3466 1581; x_wconf 95' lang='lat'><strong>;</strong></span> <span class='ocrx_word' id='word_1_500' title='bbox 3502 1526 3695 1583; x_wconf 70' lang='lat' dir='ltr'><strong>praeter</strong></span> <span class='ocrx_word' id='word_1_501' title='bbox 3740 1518 3882 1569; x_wconf 90' lang='lat' dir='ltr'><strong>enim</strong></span> <span class='ocrx_word' id='word_1_502' title='bbox 3935 1528 4046 1570; x_wconf 83' lang='lat' dir='ltr'><strong>tres</strong></span> 
     </span>
    </p>
   </div>
   <div class='ocr_carea' id='block_1_74' title="bbox 2477 1605 4047 1673">
    <p class='ocr_par' dir='ltr' id='par_1_74' title="bbox 2477 1605 4047 1673">
     <span class='ocr_line' id='line_1_74' title="bbox 2477 1605 4047 1673; baseline -0.001 -15"><span class='ocrx_word' id='word_1_503' title='bbox 2477 1607 2759 1673; x_wconf 73' lang='lat' dir='ltr'><strong>przcdictas</strong></span> <span class='ocrx_word' id='word_1_504' title='bbox 2784 1606 3114 1660; x_wconf 75' lang='lat' dir='ltr'><strong>diﬂerentias</strong></span> <span class='ocrx_word' id='word_1_505' title='bbox 3167 1605 3575 1665; x_wconf 85' lang='lat' dir='ltr'><strong>substantiales,</strong></span> <span class='ocrx_word' id='word_1_506' title='bbox 3620 1607 3830 1658; x_wconf 66' lang='lat' dir='ltr'><strong>caeteris</strong></span> <span class='ocrx_word' id='word_1_507' title='bbox 3863 1615 3921 1658; x_wconf 92' lang='lat' dir='ltr'><strong>ut</strong></span> <span class='ocrx_word' id='word_1_508' title='bbox 3951 1618 4047 1657; x_wconf 88' lang='lat' dir='ltr'><strong>no-</strong></span> 
     </span>
    </p>
   </div>
   <div class='ocr_carea' id='block_1_75' title="bbox 2477 1695 4043 1762">
    <p class='ocr_par' dir='ltr' id='par_1_75' title="bbox 2477 1695 4043 1762">
     <span class='ocr_line' id='line_1_75' title="bbox 2477 1695 4043 1762; baseline -0.002 -13"><span class='ocrx_word' id='word_1_509' title='bbox 2477 1697 2713 1750; x_wconf 86' lang='lat' dir='ltr'><strong>tionibus</strong></span> <span class='ocrx_word' id='word_1_510' title='bbox 2768 1697 2898 1749; x_wconf 90' lang='lat' dir='ltr'><strong>solis</strong></span> <span class='ocrx_word' id='word_1_511' title='bbox 2949 1696 3143 1747; x_wconf 64' lang='lat' dir='ltr'><strong>divinat</strong></span> <span class='ocrx_word' id='word_1_512' title='bbox 3209 1708 3451 1762; x_wconf 58' lang='lat' dir='ltr'><strong>persona</strong></span> <span class='ocrx_word' id='word_1_513' title='bbox 3496 1695 3901 1759; x_wconf 88' lang='lat' dir='ltr'><strong>discernuntur,</strong></span> <span class='ocrx_word' id='word_1_514' title='bbox 3938 1710 4043 1746; x_wconf 85' lang='lat' dir='ltr'><strong>non</strong></span> 
     </span>
    </p>
   </div>
   <div class='ocr_carea' id='block_1_76' title="bbox 2480 1785 4049 1849">
    <p class='ocr_par' dir='ltr' id='par_1_76' title="bbox 2480 1785 4049 1849">
     <span class='ocr_line' id='line_1_76' title="bbox 2480 1785 4049 1849; baseline 0.002 -13"><span class='ocrx_word' id='word_1_515' title='bbox 2480 1799 2654 1840; x_wconf 82' lang='lat' dir='ltr'><strong>tamen</strong></span> <span class='ocrx_word' id='word_1_516' title='bbox 2699 1797 2755 1839; x_wconf 89' lang='lat' dir='ltr'><strong>ut</strong></span> <span class='ocrx_word' id='word_1_517' title='bbox 2802 1786 3145 1839; x_wconf 65' lang='lat' dir='ltr'><strong>discretionis</strong></span> <span class='ocrx_word' id='word_1_518' title='bbox 3200 1785 3404 1849; x_wconf 83' lang='lat' dir='ltr'><strong>causis,</strong></span> <span class='ocrx_word' id='word_1_519' title='bbox 3437 1785 3562 1837; x_wconf 69' lang='lat' dir='ltr'><strong>sed.</strong></span> <span class='ocrx_word' id='word_1_520' title='bbox 3598 1796 3657 1837; x_wconf 86' lang='lat' dir='ltr'><strong>ut</strong></span> <span class='ocrx_word' id='word_1_521' title='bbox 3708 1786 4049 1839; x_wconf 82' lang='lat' dir='ltr'><strong>discretionis</strong></span> 
     </span>
    </p>
   </div>
   <div class='ocr_carea' id='block_1_77' title="bbox 2481 1879 2907 1945">
    <p class='ocr_par' dir='ltr' id='par_1_77' title="bbox 2481 1879 2907 1945">
     <span class='ocr_line' id='line_1_77' title="bbox 2481 1879 2907 1945; baseline -0.002 -14"><span class='ocrx_word' id='word_1_522' title='bbox 2481 1890 2687 1931; x_wconf 90' lang='lat' dir='ltr'><strong>tantum</strong></span> <span class='ocrx_word' id='word_1_523' title='bbox 2714 1879 2907 1945; x_wconf 83' lang='lat' dir='ltr'><strong>signis.</strong></span> 
     </span>
    </p>
   </div>
   <div class='ocr_carea' id='block_1_78' title="bbox 2543 1965 4048 2037">
    <p class='ocr_par' dir='ltr' id='par_1_78' title="bbox 2543 1965 4048 2037">
     <span class='ocr_line' id='line_1_78' title="bbox 2543 1965 4048 2037; baseline -0.003 -15"><span class='ocrx_word' id='word_1_524' title='bbox 2543 1970 2616 2022; x_wconf 83' lang='lat' dir='ltr'><strong>Ex</strong></span> <span class='ocrx_word' id='word_1_525' title='bbox 2649 1969 2845 2034; x_wconf 81' lang='lat' dir='ltr'><strong>quibus</strong></span> <span class='ocrx_word' id='word_1_526' title='bbox 2884 1976 3117 2030; x_wconf 87' lang='lat' dir='ltr'><strong>constat,</strong></span> <span class='ocrx_word' id='word_1_527' title='bbox 3145 1970 3285 2035; x_wconf 85' lang='lat' dir='ltr'><strong>quod</strong></span> <span class='ocrx_word' id='word_1_528' title='bbox 3317 1970 3362 2022; x_wconf 87' lang='lat' dir='ltr'><strong>si</strong></span> <span class='ocrx_word' id='word_1_529' title='bbox 3417 1970 3538 2037; x_wconf 89' lang='lat' dir='ltr'><strong>quis</strong></span> <span class='ocrx_word' id='word_1_530' title='bbox 3589 1977 3898 2022; x_wconf 88' lang='lat' dir='ltr'><strong>sanctorum</strong></span> <span class='ocrx_word' id='word_1_531' title='bbox 3946 1965 4048 2018; x_wconf 90' lang='lat' dir='ltr'><strong>Pa-</strong></span> 
     </span>
    </p>
   </div>
   <div class='ocr_carea' id='block_1_79' title="bbox 2473 2056 4051 2124">
    <p class='ocr_par' dir='ltr' id='par_1_79' title="bbox 2473 2056 4051 2124">
     <span class='ocr_line' id='line_1_79' title="bbox 2473 2056 4051 2124; baseline -0.001 -15"><span class='ocrx_word' id='word_1_532' title='bbox 2473 2067 2615 2109; x_wconf 91' lang='lat' dir='ltr'><strong>trum</strong></span> <span class='ocrx_word' id='word_1_533' title='bbox 2669 2056 2813 2109; x_wconf 85' lang='lat' dir='ltr'><strong>Patri</strong></span> <span class='ocrx_word' id='word_1_534' title='bbox 2864 2057 3151 2124; x_wconf 76' lang='lat' dir='ltr'><strong>ingem&#39;tttm</strong></span> <span class='ocrx_word' id='word_1_535' title='bbox 3193 2059 3445 2124; x_wconf 87' lang='lat' dir='ltr'><strong>reddidit,</strong></span> <span class='ocrx_word' id='word_1_536' title='bbox 3503 2059 3553 2111; x_wconf 83' lang='lat' dir='ltr'><strong>id</strong></span> <span class='ocrx_word' id='word_1_537' title='bbox 3582 2074 3684 2111; x_wconf 92' lang='lat' dir='ltr'><strong>non</strong></span> <span class='ocrx_word' id='word_1_538' title='bbox 3719 2068 3773 2110; x_wconf 89' lang='lat' dir='ltr'><strong>ut</strong></span> <span class='ocrx_word' id='word_1_539' title='bbox 3802 2058 4051 2111; x_wconf 82' lang='lat' dir='ltr'><strong>substan-</strong></span> 
     </span>
    </p>
   </div>
   <div class='ocr_carea' id='block_1_80' title="bbox 2474 2148 4049 2222">
    <p class='ocr_par' dir='ltr' id='par_1_80' title="bbox 2474 2148 4049 2222">
     <span class='ocr_line' id='line_1_80' title="bbox 2474 2148 4049 2222; baseline -0.001 -21"><span class='ocrx_word' id='word_1_540' title='bbox 2474 2150 2621 2222; x_wconf 73' lang='lat' dir='ltr'><strong>tiale,</strong></span> <span class='ocrx_word' id='word_1_541' title='bbox 2662 2148 2755 2201; x_wconf 89' lang='lat' dir='ltr'><strong>sed</strong></span> <span class='ocrx_word' id='word_1_542' title='bbox 2809 2157 2867 2199; x_wconf 91' lang='lat' dir='ltr'><strong>ut</strong></span> <span class='ocrx_word' id='word_1_543' title='bbox 2918 2148 3267 2216; x_wconf 83' lang='lat' dir='ltr'><strong>agnitionem,</strong></span> <span class='ocrx_word' id='word_1_544' title='bbox 3314 2159 3367 2202; x_wconf 91' lang='lat' dir='ltr'><strong>et</strong></span> <span class='ocrx_word' id='word_1_545' title='bbox 3398 2151 3670 2218; x_wconf 90' lang='lat' dir='ltr'><strong>proprium</strong></span> <span class='ocrx_word' id='word_1_546' title='bbox 3735 2149 4049 2217; x_wconf 85' lang='lat' dir='ltr'><strong>simpliciter</strong></span> 
     </span>
    </p>
   </div>
   <div class='ocr_carea' id='block_1_81' title="bbox 2471 2239 4039 2310">
    <p class='ocr_par' dir='ltr' id='par_1_81' title="bbox 2471 2239 4039 2310">
     <span class='ocr_line' id='line_1_81' title="bbox 2471 2239 4039 2310; baseline 0.001 -17"><span class='ocrx_word' id='word_1_547' title='bbox 2471 2241 2742 2294; x_wconf 88' lang='lat' dir='ltr'><strong>attribuit.</strong></span> <span class='ocrx_word' id='word_1_548' title='bbox 2786 2239 2841 2291; x_wconf 91' lang='lat' dir='ltr'><strong>Si</strong></span> <span class='ocrx_word' id='word_1_549' title='bbox 2872 2240 2993 2307; x_wconf 88' lang='lat' dir='ltr'><strong>quis</strong></span> <span class='ocrx_word' id='word_1_550' title='bbox 3027 2250 3206 2292; x_wconf 82' lang='lat' dir='ltr'><strong>autem</strong></span> <span class='ocrx_word' id='word_1_551' title='bbox 3243 2239 3458 2294; x_wconf 83' lang='lat' dir='ltr'><strong>Patrem</strong></span> <span class='ocrx_word' id='word_1_552' title='bbox 3490 2243 3785 2309; x_wconf 83' lang='lat' dir='ltr'><strong>genitorem</strong></span> <span class='ocrx_word' id='word_1_553' title='bbox 3818 2257 3880 2294; x_wconf 90' lang='lat' dir='ltr'><strong>ac</strong></span> <span class='ocrx_word' id='word_1_554' title='bbox 3915 2257 4039 2310; x_wconf 92' lang='lat' dir='ltr'><strong>pro-</strong></span> 
     </span>
    </p>
   </div>
   <div class='ocr_carea' id='block_1_82' title="bbox 2469 2331 4042 2401">
    <p class='ocr_par' dir='ltr' id='par_1_82' title="bbox 2469 2331 4042 2401">
     <span class='ocr_line' id='line_1_82' title="bbox 2469 2331 4042 2401; baseline 0 -16"><span class='ocrx_word' id='word_1_555' title='bbox 2469 2333 2746 2385; x_wconf 86' lang='lat' dir='ltr'><strong>ductorem</strong></span> <span class='ocrx_word' id='word_1_556' title='bbox 2793 2331 3103 2400; x_wconf 84' lang='lat' dir='ltr'><strong>appellavit,</strong></span> <span class='ocrx_word' id='word_1_557' title='bbox 3159 2342 3218 2385; x_wconf 91' lang='lat' dir='ltr'><strong>ut</strong></span> <span class='ocrx_word' id='word_1_558' title='bbox 3271 2331 3564 2400; x_wconf 71' lang='lat' dir='ltr'><strong>Gregorius</strong></span> <span class='ocrx_word' id='word_1_559' title='bbox 3613 2333 3920 2401; x_wconf 86' lang='lat' dir='ltr'><strong>Theologus</strong></span> <span class='ocrx_word' id='word_1_560' title='bbox 3990 2335 4042 2385; x_wconf 88' lang='lat' dir='ltr'><strong>in</strong></span> 
     </span>
    </p>
   </div>
   <div class='ocr_carea' id='block_1_83' title="bbox 2471 2421 4044 2492">
    <p class='ocr_par' dir='ltr' id='par_1_83' title="bbox 2471 2421 4044 2492">
     <span class='ocr_line' id='line_1_83' title="bbox 2471 2421 4044 2492; baseline 0.001 -16"><span class='ocrx_word' id='word_1_561' title='bbox 2471 2426 2644 2492; x_wconf 93' lang='lat' dir='ltr'><strong>primo</strong></span> <span class='ocrx_word' id='word_1_562' title='bbox 2674 2438 2920 2477; x_wconf 82' lang='lat' dir='ltr'><strong>sermone</strong></span> <span class='ocrx_word' id='word_1_563' title='bbox 2995 2425 3059 2478; x_wconf 90' lang='lat' dir='ltr'><strong>de</strong></span> <span class='ocrx_word' id='word_1_564' title='bbox 3103 2421 3259 2487; x_wconf 80' lang='lat' dir='ltr'><strong>Filio,</strong></span> <span class='ocrx_word' id='word_1_565' title='bbox 3296 2426 3553 2492; x_wconf 80' lang='lat' dir='ltr'><strong>genitoris</strong></span> <span class='ocrx_word' id='word_1_566' title='bbox 3580 2425 3793 2491; x_wconf 88' lang='lat' dir='ltr'><strong>quidem</strong></span> <span class='ocrx_word' id='word_1_567' title='bbox 3828 2438 4044 2487; x_wconf 86' lang='lat' dir='ltr'><strong>nomen,</strong></span> 
     </span>
    </p>
   </div>
   <div class='ocr_carea' id='block_1_84' title="bbox 2472 2516 4045 2585">
    <p class='ocr_par' dir='ltr' id='par_1_84' title="bbox 2472 2516 4045 2585">
     <span class='ocr_line' id='line_1_84' title="bbox 2472 2516 4045 2585; baseline -0.001 -13"><span class='ocrx_word' id='word_1_568' title='bbox 2472 2517 2906 2572; x_wconf 80' lang='lat' dir='ltr'><strong>utsubstantiale</strong></span> <span class='ocrx_word' id='word_1_569' title='bbox 2942 2516 3093 2569; x_wconf 82' lang='lat' dir='ltr'><strong>Patri</strong></span> <span class='ocrx_word' id='word_1_570' title='bbox 3127 2518 3417 2583; x_wconf 85' lang='lat' dir='ltr'><strong>separavit.</strong></span> <span class='ocrx_word' id='word_1_571' title='bbox 3480 2518 3713 2585; x_wconf 64' lang='lat' dir='ltr'><strong>IEquale</strong></span> <span class='ocrx_word' id='word_1_572' title='bbox 3773 2518 3916 2569; x_wconf 90' lang='lat' dir='ltr'><strong>enim</strong></span> <span class='ocrx_word' id='word_1_573' title='bbox 3961 2527 4045 2569; x_wconf 86' lang='lat' dir='ltr'><strong>est</strong></span> 
     </span>
    </p>
   </div>
   <div class='ocr_carea' id='block_1_85' title="bbox 2472 2606 4041 2676">
    <p class='ocr_par' dir='ltr' id='par_1_85' title="bbox 2472 2606 4041 2676">
     <span class='ocr_line' id='line_1_85' title="bbox 2472 2606 4041 2676; baseline -0.005 -13"><span class='ocrx_word' id='word_1_574' title='bbox 2472 2610 2683 2663; x_wconf 83' lang='lat' dir='ltr'><strong>Patrem</strong></span> <span class='ocrx_word' id='word_1_575' title='bbox 2720 2624 2781 2662; x_wconf 86' lang='lat' dir='ltr'><strong>ac</strong></span> <span class='ocrx_word' id='word_1_576' title='bbox 2813 2609 3121 2676; x_wconf 83' lang='lat' dir='ltr'><strong>genitorem</strong></span> <span class='ocrx_word' id='word_1_577' title='bbox 3159 2608 3375 2666; x_wconf 89' lang='lat' dir='ltr'><strong>dicere:</strong></span> <span class='ocrx_word' id='word_1_578' title='bbox 3410 2609 3609 2675; x_wconf 87' lang='lat' dir='ltr'><strong>quippe</strong></span> <span class='ocrx_word' id='word_1_579' title='bbox 3639 2617 3690 2659; x_wconf 92' lang='lat' dir='ltr'><strong>et</strong></span> <span class='ocrx_word' id='word_1_580' title='bbox 3726 2606 4041 2674; x_wconf 83' lang='lat' dir='ltr'><strong>paternitas,</strong></span> 
     </span>
    </p>
   </div>
   <div class='ocr_carea' id='block_1_86' title="bbox 2472 2696 4043 2754">
    <p class='ocr_par' dir='ltr' id='par_1_86' title="bbox 2472 2696 4043 2754">
     <span class='ocr_line' id='line_1_86' title="bbox 2472 2696 4043 2754; baseline -0.005 0"><span class='ocrx_word' id='word_1_581' title='bbox 2472 2711 2526 2754; x_wconf 90' lang='lat' dir='ltr'><strong>et</strong></span> <span class='ocrx_word' id='word_1_582' title='bbox 2585 2701 2836 2753; x_wconf 86' lang='lat' dir='ltr'><strong>nativitas</strong></span> <span class='ocrx_word' id='word_1_583' title='bbox 2869 2698 3207 2751; x_wconf 89' lang='lat' dir='ltr'><strong>tantumdem</strong></span> <span class='ocrx_word' id='word_1_584' title='bbox 3272 2698 3436 2751; x_wconf 87' lang='lat' dir='ltr'><strong>valet.</strong></span> <span class='ocrx_word' id='word_1_585' title='bbox 3514 2696 3865 2750; x_wconf 85' lang='lat' dir='ltr'><strong>Productoris</strong></span> <span class='ocrx_word' id='word_1_586' title='bbox 3917 2710 4043 2749; x_wconf 83' lang='lat' dir='ltr'><strong>vero</strong></span> 
     </span>
    </p>
   </div>
   <div class='ocr_carea' id='block_1_87' title="bbox 2476 2788 4039 2858">
    <p class='ocr_par' dir='ltr' id='par_1_87' title="bbox 2476 2788 4039 2858">
     <span class='ocr_line' id='line_1_87' title="bbox 2476 2788 4039 2858; baseline -0.004 -13"><span class='ocrx_word' id='word_1_587' title='bbox 2476 2808 2692 2854; x_wconf 87' lang='lat' dir='ltr'><strong>nomen,</strong></span> <span class='ocrx_word' id='word_1_588' title='bbox 2732 2801 2789 2843; x_wconf 92' lang='lat' dir='ltr'><strong>ut</strong></span> <span class='ocrx_word' id='word_1_589' title='bbox 2838 2804 3071 2857; x_wconf 89' lang='lat' dir='ltr'><strong>sequens</strong></span> <span class='ocrx_word' id='word_1_590' title='bbox 3127 2800 3407 2858; x_wconf 87' lang='lat' dir='ltr'><strong>paternam</strong></span> <span class='ocrx_word' id='word_1_591' title='bbox 3474 2789 3584 2853; x_wconf 89' lang='lat' dir='ltr'><strong>jam</strong></span> <span class='ocrx_word' id='word_1_592' title='bbox 3654 2788 4039 2841; x_wconf 82' lang='lat' dir='ltr'><strong>subsistentem</strong></span> 
     </span>
    </p>
   </div>
   <div class='ocr_carea' id='block_1_88' title="bbox 2474 2878 4041 2947">
    <p class='ocr_par' dir='ltr' id='par_1_88' title="bbox 2474 2878 4041 2947">
     <span class='ocr_line' id='line_1_88' title="bbox 2474 2878 4041 2947; baseline -0.004 -13"><span class='ocrx_word' id='word_1_593' title='bbox 2474 2881 2851 2941; x_wconf 84' lang='lat' dir='ltr'><strong>substantiam,</strong></span> <span class='ocrx_word' id='word_1_594' title='bbox 2912 2879 3257 2933; x_wconf 89' lang='lat' dir='ltr'><strong>substantiali</strong></span> <span class='ocrx_word' id='word_1_595' title='bbox 3308 2878 3656 2947; x_wconf 87' lang='lat' dir='ltr'><strong>pateruitatis</strong></span> <span class='ocrx_word' id='word_1_596' title='bbox 3681 2878 3898 2946; x_wconf 90' lang='lat' dir='ltr'><strong>proprio</strong></span> <span class='ocrx_word' id='word_1_597' title='bbox 3946 2878 4041 2929; x_wconf 85' lang='lat' dir='ltr'><strong>ad-</strong></span> 
     </span>
    </p>
   </div>
   <div class='ocr_carea' id='block_1_89' title="bbox 2468 2972 2621 3043">
    <p class='ocr_par' dir='ltr' id='par_1_89' title="bbox 2468 2972 2621 3043">
     <span class='ocr_line' id='line_1_89' title="bbox 2468 2972 2621 3043; baseline 0.013 -20"><span class='ocrx_word' id='word_1_598' title='bbox 2468 2972 2621 3043; x_wconf 83' lang='lat' dir='ltr'><strong>jecit.</strong></span> 
     </span>
    </p>
   </div>
   <div class='ocr_carea' id='block_1_90' title="bbox 2545 3058 4040 3130">
    <p class='ocr_par' dir='ltr' id='par_1_90' title="bbox 2545 3058 4040 3130">
     <span class='ocr_line' id='line_1_90' title="bbox 2545 3058 4040 3130; baseline -0.003 -16"><span class='ocrx_word' id='word_1_599' title='bbox 2545 3065 2620 3114; x_wconf 83' lang='lat' dir='ltr'><strong>Ac</strong></span> <span class='ocrx_word' id='word_1_600' title='bbox 2656 3076 2863 3124; x_wconf 84' lang='lat' dir='ltr'><strong>rursus,</strong></span> <span class='ocrx_word' id='word_1_601' title='bbox 2896 3061 2939 3115; x_wconf 89' lang='lat' dir='ltr'><strong>si</strong></span> <span class='ocrx_word' id='word_1_602' title='bbox 2972 3061 3094 3130; x_wconf 91' lang='lat' dir='ltr'><strong>quis</strong></span> <span class='ocrx_word' id='word_1_603' title='bbox 3156 3060 3478 3129; x_wconf 89' lang='lat' dir='ltr'><strong>principium</strong></span> <span class='ocrx_word' id='word_1_604' title='bbox 3531 3061 3743 3113; x_wconf 87' lang='lat' dir='ltr'><strong>Patrem</strong></span> <span class='ocrx_word' id='word_1_605' title='bbox 3804 3058 4040 3126; x_wconf 82' lang='lat' dir='ltr'><strong>appella-</strong></span> 
     </span>
    </p>
   </div>
   <div class='ocr_carea' id='block_1_91' title="bbox 2475 3150 4038 3219">
    <p class='ocr_par' dir='ltr' id='par_1_91' title="bbox 2475 3150 4038 3219">
     <span class='ocr_line' id='line_1_91' title="bbox 2475 3150 4038 3219; baseline -0.003 -13"><span class='ocrx_word' id='word_1_606' title='bbox 2475 3155 2570 3217; x_wconf 78' lang='lat' dir='ltr'><strong>vit,</strong></span> <span class='ocrx_word' id='word_1_607' title='bbox 2605 3169 2710 3205; x_wconf 90' lang='lat' dir='ltr'><strong>non</strong></span> <span class='ocrx_word' id='word_1_608' title='bbox 2747 3167 2875 3207; x_wconf 88' lang='lat' dir='ltr'><strong>sane</strong></span> <span class='ocrx_word' id='word_1_609' title='bbox 2899 3154 3060 3206; x_wconf 87' lang='lat' dir='ltr'><strong>etiam</strong></span> <span class='ocrx_word' id='word_1_610' title='bbox 3086 3152 3441 3208; x_wconf 85' lang='lat' dir='ltr'><strong>substantiale</strong></span> <span class='ocrx_word' id='word_1_611' title='bbox 3475 3153 3591 3219; x_wconf 85' lang='lat' dir='ltr'><strong>ejus</strong></span> <span class='ocrx_word' id='word_1_612' title='bbox 3633 3150 3911 3219; x_wconf 89' lang='lat' dir='ltr'><strong>proprium</strong></span> <span class='ocrx_word' id='word_1_613' title='bbox 3962 3152 4038 3202; x_wconf 82' lang='lat' dir='ltr'><strong>si-</strong></span> 
     </span>
    </p>
   </div>
   <div class='ocr_carea' id='block_1_92' title="bbox 2471 3240 4023 3310">
    <p class='ocr_par' dir='ltr' id='par_1_92' title="bbox 2471 3240 4023 3310">
     <span class='ocr_line' id='line_1_92' title="bbox 2471 3240 4023 3310; baseline -0.002 -14"><span class='ocrx_word' id='word_1_614' title='bbox 2471 3244 2767 3310; x_wconf 73' lang='lat' dir='ltr'><strong>gniﬁcavit,</strong></span> <span class='ocrx_word' id='word_1_615' title='bbox 2839 3245 2930 3296; x_wconf 76' lang='lat' dir='ltr'><strong>sed</strong></span> <span class='ocrx_word' id='word_1_616' title='bbox 2960 3243 3319 3295; x_wconf 86' lang='lat' dir='ltr'><strong>substantiam</strong></span> <span class='ocrx_word' id='word_1_617' title='bbox 3357 3242 3500 3293; x_wconf 91' lang='lat' dir='ltr'><strong>illius</strong></span> <span class='ocrx_word' id='word_1_618' title='bbox 3534 3240 3774 3293; x_wconf 70' lang='lat' dir='ltr'><strong>iudicare</strong></span> <span class='ocrx_word' id='word_1_619' title='bbox 3832 3240 4023 3293; x_wconf 83' lang='lat' dir='ltr'><strong>voluit.</strong></span> 
     </span>
    </p>
   </div>
   <div class='ocr_carea' id='block_1_93' title="bbox 2481 3332 4038 3403">
    <p class='ocr_par' dir='ltr' id='par_1_93' title="bbox 2481 3332 4038 3403">
     <span class='ocr_line' id='line_1_93' title="bbox 2481 3332 4038 3403; baseline -0.003 -15"><span class='ocrx_word' id='word_1_620' title='bbox 2481 3336 2601 3403; x_wconf 88' lang='lat' dir='ltr'><strong>Ipse</strong></span> <span class='ocrx_word' id='word_1_621' title='bbox 2634 3336 2774 3389; x_wconf 90' lang='lat' dir='ltr'><strong>enim</strong></span> <span class='ocrx_word' id='word_1_622' title='bbox 2804 3350 2868 3389; x_wconf 81' lang='lat' dir='ltr'><strong>ex</strong></span> <span class='ocrx_word' id='word_1_623' title='bbox 2898 3333 3082 3400; x_wconf 90' lang='lat' dir='ltr'><strong>nullo;</strong></span> <span class='ocrx_word' id='word_1_624' title='bbox 3121 3333 3290 3387; x_wconf 89' lang='lat' dir='ltr'><strong>Filius</strong></span> <span class='ocrx_word' id='word_1_625' title='bbox 3335 3343 3535 3392; x_wconf 90' lang='lat' dir='ltr'><strong>autem,</strong></span> <span class='ocrx_word' id='word_1_626' title='bbox 3570 3343 3622 3385; x_wconf 90' lang='lat' dir='ltr'><strong>et</strong></span> <span class='ocrx_word' id='word_1_627' title='bbox 3655 3332 3889 3397; x_wconf 83' lang='lat' dir='ltr'><strong>Spiritus</strong></span> <span class='ocrx_word' id='word_1_628' title='bbox 3914 3346 4038 3383; x_wconf 89' lang='lat' dir='ltr'><strong>san-</strong></span> 
     </span>
    </p>
   </div>
   <div class='ocr_carea' id='block_1_94' title="bbox 2470 3421 4039 3489">
    <p class='ocr_par' dir='ltr' id='par_1_94' title="bbox 2470 3421 4039 3489">
     <span class='ocr_line' id='line_1_94' title="bbox 2470 3421 4039 3489; baseline -0.003 -12"><span class='ocrx_word' id='word_1_629' title='bbox 2470 3436 2608 3486; x_wconf 86' lang='lat' dir='ltr'><strong>ctus,</strong></span> <span class='ocrx_word' id='word_1_630' title='bbox 2639 3434 2692 3477; x_wconf 89' lang='lat' dir='ltr'><strong>et</strong></span> <span class='ocrx_word' id='word_1_631' title='bbox 2732 3426 2910 3477; x_wconf 89' lang='lat' dir='ltr'><strong>omnia</strong></span> <span class='ocrx_word' id='word_1_632' title='bbox 2937 3423 3081 3489; x_wconf 88' lang='lat' dir='ltr'><strong>Filii,</strong></span> <span class='ocrx_word' id='word_1_633' title='bbox 3112 3434 3168 3478; x_wconf 90' lang='lat' dir='ltr'><strong>et</strong></span> <span class='ocrx_word' id='word_1_634' title='bbox 3195 3423 3368 3476; x_wconf 89' lang='lat' dir='ltr'><strong>sancti</strong></span> <span class='ocrx_word' id='word_1_635' title='bbox 3403 3421 3639 3488; x_wconf 87' lang='lat' dir='ltr'><strong>Spiritus</strong></span> <span class='ocrx_word' id='word_1_636' title='bbox 3667 3424 3735 3474; x_wconf 89' lang='lat' dir='ltr'><strong>ad</strong></span> <span class='ocrx_word' id='word_1_637' title='bbox 3786 3438 3906 3474; x_wconf 89' lang='lat' dir='ltr'><strong>eum</strong></span> <span class='ocrx_word' id='word_1_638' title='bbox 3953 3437 4039 3474; x_wconf 89' lang='lat' dir='ltr'><strong>re-</strong></span> 
     </span>
    </p>
   </div>
   <div class='ocr_carea' id='block_1_95' title="bbox 2469 3512 4041 3584">
    <p class='ocr_par' dir='ltr' id='par_1_95' title="bbox 2469 3512 4041 3584">
     <span class='ocr_line' id='line_1_95' title="bbox 2469 3512 4041 3584; baseline -0.002 -15"><span class='ocrx_word' id='word_1_639' title='bbox 2469 3516 2734 3570; x_wconf 82' lang='lat' dir='ltr'><strong>feruntur.</strong></span> <span class='ocrx_word' id='word_1_640' title='bbox 2767 3516 2923 3580; x_wconf 88' lang='lat' dir='ltr'><strong>Nam,</strong></span> <span class='ocrx_word' id='word_1_641' title='bbox 2951 3523 3006 3568; x_wconf 90' lang='lat' dir='ltr'><strong>et</strong></span> <span class='ocrx_word' id='word_1_642' title='bbox 3053 3516 3144 3584; x_wconf 91' lang='lat' dir='ltr'><strong>qui</strong></span> <span class='ocrx_word' id='word_1_643' title='bbox 3179 3514 3436 3583; x_wconf 88' lang='lat' dir='ltr'><strong>majorem</strong></span> <span class='ocrx_word' id='word_1_644' title='bbox 3463 3514 3598 3566; x_wconf 85' lang='lat' dir='ltr'><strong>Filio</strong></span> <span class='ocrx_word' id='word_1_645' title='bbox 3619 3512 3833 3567; x_wconf 87' lang='lat' dir='ltr'><strong>Patrem</strong></span> <span class='ocrx_word' id='word_1_646' title='bbox 3862 3528 4041 3566; x_wconf 66' lang='lat' dir='ltr'><strong>causae</strong></span> 
     </span>
    </p>
   </div>
   <div class='ocr_carea' id='block_1_96' title="bbox 2470 3606 4036 3672">
    <p class='ocr_par' dir='ltr' id='par_1_96' title="bbox 2470 3606 4036 3672">
     <span class='ocr_line' id='line_1_96' title="bbox 2470 3606 4036 3672; baseline -0.002 -12"><span class='ocrx_word' id='word_1_647' title='bbox 2470 3608 2676 3660; x_wconf 88' lang='lat' dir='ltr'><strong>ratione</strong></span> <span class='ocrx_word' id='word_1_648' title='bbox 2702 3610 2972 3671; x_wconf 80' lang='lat' dir='ltr'><strong>dixerunt,</strong></span> <span class='ocrx_word' id='word_1_649' title='bbox 3007 3622 3111 3659; x_wconf 90' lang='lat' dir='ltr'><strong>non</strong></span> <span class='ocrx_word' id='word_1_650' title='bbox 3147 3616 3202 3658; x_wconf 91' lang='lat' dir='ltr'><strong>ut</strong></span> <span class='ocrx_word' id='word_1_651' title='bbox 3226 3606 3586 3659; x_wconf 85' lang='lat' dir='ltr'><strong>substantiale</strong></span> <span class='ocrx_word' id='word_1_652' title='bbox 3654 3606 3833 3672; x_wconf 88' lang='lat' dir='ltr'><strong>majus</strong></span> <span class='ocrx_word' id='word_1_653' title='bbox 3887 3606 4036 3667; x_wconf 92' lang='lat' dir='ltr'><strong>illud,</strong></span> 
     </span>
    </p>
   </div>
   <div class='ocr_carea' id='block_1_97' title="bbox 2468 3695 4036 3751">
    <p class='ocr_par' dir='ltr' id='par_1_97' title="bbox 2468 3695 4036 3751">
     <span class='ocr_line' id='line_1_97' title="bbox 2468 3695 4036 3751; baseline -0.002 -1"><span class='ocrx_word' id='word_1_654' title='bbox 2468 3699 2560 3750; x_wconf 88' lang='lat' dir='ltr'><strong>sed</strong></span> <span class='ocrx_word' id='word_1_655' title='bbox 2602 3708 2657 3751; x_wconf 90' lang='lat' dir='ltr'><strong>ut</strong></span> <span class='ocrx_word' id='word_1_656' title='bbox 2686 3700 2958 3750; x_wconf 90' lang='lat' dir='ltr'><strong>notionem</strong></span> <span class='ocrx_word' id='word_1_657' title='bbox 2997 3696 3171 3750; x_wconf 84' lang='lat' dir='ltr'><strong>Patris</strong></span> <span class='ocrx_word' id='word_1_658' title='bbox 3226 3699 3289 3748; x_wconf 90' lang='lat' dir='ltr'><strong>ad</strong></span> <span class='ocrx_word' id='word_1_659' title='bbox 3337 3695 3532 3748; x_wconf 88' lang='lat' dir='ltr'><strong>Filitnn</strong></span> <span class='ocrx_word' id='word_1_660' title='bbox 3590 3705 3796 3747; x_wconf 90' lang='lat' dir='ltr'><strong>tantum</strong></span> <span class='ocrx_word' id='word_1_661' title='bbox 3857 3696 4036 3747; x_wconf 92' lang='lat' dir='ltr'><strong>reddi-</strong></span> 
     </span>
    </p>
   </div>
   <div class='ocr_carea' id='block_1_98' title="bbox 2467 3786 4040 3855">
    <p class='ocr_par' dir='ltr' id='par_1_98' title="bbox 2467 3786 4040 3855">
     <span class='ocr_line' id='line_1_98' title="bbox 2467 3786 4040 3855; baseline 0 -16"><span class='ocrx_word' id='word_1_662' title='bbox 2467 3790 2698 3851; x_wconf 88' lang='lat' dir='ltr'><strong>derunt;</strong></span> <span class='ocrx_word' id='word_1_663' title='bbox 2731 3789 2979 3841; x_wconf 86' lang='lat' dir='ltr'><strong>similiter</strong></span> <span class='ocrx_word' id='word_1_664' title='bbox 2999 3796 3052 3841; x_wconf 92' lang='lat' dir='ltr'><strong>et</strong></span> <span class='ocrx_word' id='word_1_665' title='bbox 3080 3789 3143 3840; x_wconf 90' lang='lat' dir='ltr'><strong>de</strong></span> <span class='ocrx_word' id='word_1_666' title='bbox 3166 3802 3251 3849; x_wconf 91' lang='lat' dir='ltr'><strong>eo,</strong></span> <span class='ocrx_word' id='word_1_667' title='bbox 3285 3788 3426 3855; x_wconf 90' lang='lat' dir='ltr'><strong>quod</strong></span> <span class='ocrx_word' id='word_1_668' title='bbox 3483 3786 3599 3839; x_wconf 84' lang='lat' dir='ltr'><strong>sine</strong></span> <span class='ocrx_word' id='word_1_669' title='bbox 3620 3786 3883 3855; x_wconf 90' lang='lat' dir='ltr'><strong>principio</strong></span> <span class='ocrx_word' id='word_1_670' title='bbox 3907 3786 4040 3839; x_wconf 78' lang='lat' dir='ltr'><strong>diri-</strong></span> 
     </span>
    </p>
   </div>
   <div class='ocr_carea' id='block_1_99' title="bbox 2472 3880 3132 3947">
    <p class='ocr_par' dir='ltr' id='par_1_99' title="bbox 2472 3880 3132 3947">
     <span class='ocr_line' id='line_1_99' title="bbox 2472 3880 3132 3947; baseline 0.002 -15"><span class='ocrx_word' id='word_1_671' title='bbox 2472 3890 2579 3942; x_wconf 89' lang='lat' dir='ltr'><strong>tttr,</strong></span> <span class='ocrx_word' id='word_1_672' title='bbox 2610 3880 3132 3947; x_wconf 68' lang='lat' dir='ltr'><strong>pbilosolibantlum.</strong></span> 
     </span>
    </p>
   </div>
   <div class='ocr_carea' id='block_1_100' title="bbox 2541 3971 4035 4042">
    <p class='ocr_par' dir='ltr' id='par_1_100' title="bbox 2541 3971 4035 4042">
     <span class='ocr_line' id='line_1_100' title="bbox 2541 3971 4035 4042; baseline 0.001 -21"><span class='ocrx_word' id='word_1_673' title='bbox 2541 3971 2694 4035; x_wconf 84' lang='lat' dir='ltr'><strong>Quod</strong></span> <span class='ocrx_word' id='word_1_674' title='bbox 2726 3973 2890 4042; x_wconf 88' lang='lat' dir='ltr'><strong>igitur</strong></span> <span class='ocrx_word' id='word_1_675' title='bbox 2938 3973 3241 4026; x_wconf 86' lang='lat' dir='ltr'><strong>divinarum</strong></span> <span class='ocrx_word' id='word_1_676' title='bbox 3284 3986 3653 4035; x_wconf 80' lang='lat' dir='ltr'><strong>personarum</strong></span> <span class='ocrx_word' id='word_1_677' title='bbox 3687 3973 3752 4023; x_wconf 86' lang='lat' dir='ltr'><strong>ad</strong></span> <span class='ocrx_word' id='word_1_678' title='bbox 3812 3972 4035 4025; x_wconf 85' lang='lat' dir='ltr'><strong>invicem</strong></span> 
     </span>
    </p>
   </div>
   <div class='ocr_carea' id='block_1_101' title="bbox 2465 4060 4037 4124">
    <p class='ocr_par' dir='ltr' id='par_1_101' title="bbox 2465 4060 4037 4124">
     <span class='ocr_line' id='line_1_101' title="bbox 2465 4060 4037 4124; baseline 0.001 -9"><span class='ocrx_word' id='word_1_679' title='bbox 2465 4061 2683 4115; x_wconf 86' lang='lat' dir='ltr'><strong>habitus</strong></span> <span class='ocrx_word' id='word_1_680' title='bbox 2759 4076 2881 4114; x_wconf 89' lang='lat' dir='ltr'><strong>cum</strong></span> <span class='ocrx_word' id='word_1_681' title='bbox 2938 4076 3121 4115; x_wconf 89' lang='lat' dir='ltr'><strong>eorum</strong></span> <span class='ocrx_word' id='word_1_682' title='bbox 3191 4061 3507 4114; x_wconf 72' lang='lat' dir='ltr'><strong>substantiae</strong></span> <span class='ocrx_word' id='word_1_683' title='bbox 3572 4060 3896 4124; x_wconf 67' lang='lat' dir='ltr'><strong>dill‘erentia,</strong></span> <span class='ocrx_word' id='word_1_684' title='bbox 3948 4077 4037 4116; x_wconf 85' lang='lat' dir='ltr'><strong>se-</strong></span> 
     </span>
    </p>
   </div>
   <div class='ocr_carea' id='block_1_102' title="bbox 2464 4152 4038 4220">
    <p class='ocr_par' dir='ltr' id='par_1_102' title="bbox 2464 4152 4038 4220">
     <span class='ocr_line' id='line_1_102' title="bbox 2464 4152 4038 4220; baseline 0 -13"><span class='ocrx_word' id='word_1_685' title='bbox 2464 4154 2698 4207; x_wconf 86' lang='lat' dir='ltr'><strong>cundum</strong></span> <span class='ocrx_word' id='word_1_686' title='bbox 2752 4152 2964 4206; x_wconf 87' lang='lat' dir='ltr'><strong>divinos</strong></span> <span class='ocrx_word' id='word_1_687' title='bbox 3021 4167 3352 4220; x_wconf 86' lang='lat' dir='ltr'><strong>arcanosque</strong></span> <span class='ocrx_word' id='word_1_688' title='bbox 3410 4167 3695 4219; x_wconf 87' lang='lat' dir='ltr'><strong>processus</strong></span> <span class='ocrx_word' id='word_1_689' title='bbox 3761 4164 4038 4220; x_wconf 87' lang='lat' dir='ltr'><strong>appareat.</strong></span> 
     </span>
    </p>
   </div>
   <div class='ocr_carea' id='block_1_103' title="bbox 2463 4230 4040 4312">
    <p class='ocr_par' dir='ltr' id='par_1_103' title="bbox 2463 4230 4040 4312">
     <span class='ocr_line' id='line_1_103' title="bbox 2463 4230 4040 4312; baseline 0 -15"><span class='ocrx_word' id='word_1_690' title='bbox 2463 4244 2731 4311; x_wconf 87' lang='lat' dir='ltr'><strong>simulque</strong></span> <span class='ocrx_word' id='word_1_691' title='bbox 2755 4258 2876 4297; x_wconf 91' lang='lat' dir='ltr'><strong>cum</strong></span> <span class='ocrx_word' id='word_1_692' title='bbox 2931 4242 3047 4312; x_wconf 83' lang='lat' dir='ltr'><strong>ipso</strong></span> <span class='ocrx_word' id='word_1_693' title='bbox 3114 4230 3401 4297; x_wconf 67' lang='lat' dir='ltr'><strong>relationis</strong></span> <span class='ocrx_word' id='word_1_694' title='bbox 3466 4244 3677 4306; x_wconf 84' lang='lat' dir='ltr'><strong>habitu,</strong></span> <span class='ocrx_word' id='word_1_695' title='bbox 3738 4260 3919 4308; x_wconf 86' lang='lat' dir='ltr'><strong>causa,</strong></span> <span class='ocrx_word' id='word_1_696' title='bbox 3986 4255 4040 4297; x_wconf 89' lang='lat' dir='ltr'><strong>et</strong></span> 
     </span>
    </p>
   </div>
   <div class='ocr_carea' id='block_1_104' title="bbox 2464 4334 4035 4402">
    <p class='ocr_par' dir='ltr' id='par_1_104' title="bbox 2464 4334 4035 4402">
     <span class='ocr_line' id='line_1_104' title="bbox 2464 4334 4035 4402; baseline 0 -13"><span class='ocrx_word' id='word_1_697' title='bbox 2464 4336 2681 4389; x_wconf 88' lang='lat' dir='ltr'><strong>causale</strong></span> <span class='ocrx_word' id='word_1_698' title='bbox 2708 4334 2866 4388; x_wconf 88' lang='lat' dir='ltr'><strong>simul</strong></span> <span class='ocrx_word' id='word_1_699' title='bbox 2898 4335 3289 4397; x_wconf 88' lang='lat' dir='ltr'><strong>iutroducatur,</strong></span> <span class='ocrx_word' id='word_1_700' title='bbox 3336 4344 3492 4386; x_wconf 88' lang='lat' dir='ltr'><strong>antea</strong></span> <span class='ocrx_word' id='word_1_701' title='bbox 3564 4334 3812 4402; x_wconf 90' lang='lat' dir='ltr'><strong>plurimis</strong></span> <span class='ocrx_word' id='word_1_702' title='bbox 3874 4338 4035 4389; x_wconf 81' lang='lat' dir='ltr'><strong>ratio-</strong></span> 
     </span>
    </p>
   </div>
   <div class='ocr_carea' id='block_1_105' title="bbox 2466 4426 4038 4497">
    <p class='ocr_par' dir='ltr' id='par_1_105' title="bbox 2466 4426 4038 4497">
     <span class='ocr_line' id='line_1_105' title="bbox 2466 4426 4038 4497; baseline 0.001 -16"><span class='ocrx_word' id='word_1_703' title='bbox 2466 4432 2624 4483; x_wconf 90' lang='lat' dir='ltr'><strong>nibus</strong></span> <span class='ocrx_word' id='word_1_704' title='bbox 2655 4431 2918 4483; x_wconf 89' lang='lat' dir='ltr'><strong>constitit.</strong></span> <span class='ocrx_word' id='word_1_705' title='bbox 2954 4426 3110 4482; x_wconf 81' lang='lat' dir='ltr'><strong>Nunc</strong></span> <span class='ocrx_word' id='word_1_706' title='bbox 3156 4437 3331 4481; x_wconf 89' lang='lat' dir='ltr'><strong>autem</strong></span> <span class='ocrx_word' id='word_1_707' title='bbox 3373 4428 3684 4490; x_wconf 89' lang='lat' dir='ltr'><strong>dicendum,</strong></span> <span class='ocrx_word' id='word_1_708' title='bbox 3767 4431 4038 4497; x_wconf 90' lang='lat' dir='ltr'><strong>quomodo</strong></span> 
     </span>
    </p>
   </div>
   <div class='ocr_carea' id='block_1_106' title="bbox 1033 4518 4036 4608">
    <p class='ocr_par' dir='ltr' id='par_1_106' title="bbox 1033 4518 4036 4608">
     <span class='ocr_line' id='line_1_106' title="bbox 1033 4518 4036 4608; baseline -0.007 -17"><span class='ocrx_word' id='word_1_709' title='bbox 1033 4540 1456 4608; x_wconf 79' lang='lat' dir='ltr'><strong>processionem.</strong></span> <span class='ocrx_word' id='word_1_710' title='bbox 1505 4530 1690 4585; x_wconf 86' lang='lat' dir='ltr'><strong>Sancti</strong></span> <span class='ocrx_word' id='word_1_711' title='bbox 1748 4540 1925 4581; x_wconf 89' lang='lat' dir='ltr'><strong>autem</strong></span> <span class='ocrx_word' id='word_1_712' title='bbox 1961 4526 2197 4594; x_wconf 91' lang='lat' dir='ltr'><strong>Spiritus</strong></span> <span class='ocrx_word' id='word_1_713' title='bbox 2234 4540 2358 4593; x_wconf 83' lang='lat' dir='ltr'><strong>pro-</strong></span> <span class='ocrx_word' id='word_1_714' title='bbox 2386 4525 2438 4583; x_wconf 84' lang='grc' dir='ltr'>Ι)</span> <span class='ocrx_word' id='word_1_715' title='bbox 2467 4520 2760 4572; x_wconf 79' lang='lat' dir='ltr'><strong>secundum</strong></span> <span class='ocrx_word' id='word_1_716' title='bbox 2796 4534 3040 4583; x_wconf 89' lang='lat' dir='ltr'><strong>causam,</strong></span> <span class='ocrx_word' id='word_1_717' title='bbox 3068 4531 3122 4571; x_wconf 89' lang='lat' dir='ltr'><strong>et</strong></span> <span class='ocrx_word' id='word_1_718' title='bbox 3156 4519 3373 4571; x_wconf 82' lang='lat' dir='ltr'><strong>causale</strong></span> <span class='ocrx_word' id='word_1_719' title='bbox 3418 4518 3612 4581; x_wconf 83' lang='lat' dir='ltr'><strong>solum,</strong></span> <span class='ocrx_word' id='word_1_720' title='bbox 3658 4527 3713 4571; x_wconf 89' lang='lat' dir='ltr'><strong>et</strong></span> <span class='ocrx_word' id='word_1_721' title='bbox 3742 4518 4036 4572; x_wconf 84' lang='lat' dir='ltr'><strong>secundum</strong></span> 
     </span>
    </p>
   </div>
   <div class='ocr_carea' id='block_1_107' title="bbox 2464 4602 4040 4676">
    <p class='ocr_par' dir='ltr' id='par_1_107' title="bbox 2464 4602 4040 4676">
     <span class='ocr_line' id='line_1_107' title="bbox 2464 4602 4040 4676; baseline 0.001 -17"><span class='ocrx_word' id='word_1_722' title='bbox 2464 4606 2579 4675; x_wconf 87' lang='lat' dir='ltr'><strong>ipsa</strong></span> <span class='ocrx_word' id='word_1_723' title='bbox 2640 4602 2792 4676; x_wconf 79' lang='lat' dir='ltr'><strong>prius</strong></span> <span class='ocrx_word' id='word_1_724' title='bbox 2857 4608 3052 4661; x_wconf 72' lang='lat' dir='ltr'><strong>divina:</strong></span> <span class='ocrx_word' id='word_1_725' title='bbox 3102 4622 3347 4675; x_wconf 85' lang='lat' dir='ltr'><strong>personae</strong></span> <span class='ocrx_word' id='word_1_726' title='bbox 3407 4607 3816 4673; x_wconf 77' lang='lat' dir='ltr'><strong>discernuntur,</strong></span> <span class='ocrx_word' id='word_1_727' title='bbox 3878 4619 4040 4675; x_wconf 83' lang='lat' dir='ltr'><strong>atque</strong></span> 
     </span>
    </p>
   </div>
   <div class='ocr_carea' id='block_1_108' title="bbox 2462 4697 4041 4767">
    <p class='ocr_par' dir='ltr' id='par_1_108' title="bbox 2462 4697 4041 4767">
     <span class='ocr_line' id='line_1_108' title="bbox 2462 4697 4041 4767; baseline -0.001 -14"><span class='ocrx_word' id='word_1_728' title='bbox 2462 4699 2580 4767; x_wconf 87' lang='lat' dir='ltr'><strong>ipsa</strong></span> <span class='ocrx_word' id='word_1_729' title='bbox 2612 4697 2953 4754; x_wconf 77' lang='lat' dir='ltr'><strong>discretionis</strong></span> <span class='ocrx_word' id='word_1_730' title='bbox 2993 4715 3155 4753; x_wconf 90' lang='lat' dir='ltr'><strong>causa</strong></span> <span class='ocrx_word' id='word_1_731' title='bbox 3186 4708 3351 4760; x_wconf 84' lang='lat' dir='ltr'><strong>suut,;</strong></span> <span class='ocrx_word' id='word_1_732' title='bbox 3406 4713 3523 4765; x_wconf 71' lang='lat' dir='ltr'><strong>qua:</strong></span> <span class='ocrx_word' id='word_1_733' title='bbox 3573 4712 3761 4760; x_wconf 88' lang='lat' dir='ltr'><strong>causa,</strong></span> <span class='ocrx_word' id='word_1_734' title='bbox 3797 4706 3851 4751; x_wconf 88' lang='lat' dir='ltr'><strong>et</strong></span> <span class='ocrx_word' id='word_1_735' title='bbox 3909 4714 4041 4752; x_wconf 90' lang='lat' dir='ltr'><strong>cau-</strong></span> 
     </span>
    </p>
   </div>
   <div class='ocr_carea' id='block_1_109' title="bbox 2461 4791 4039 4859">
    <p class='ocr_par' dir='ltr' id='par_1_109' title="bbox 2461 4791 4039 4859">
     <span class='ocr_line' id='line_1_109' title="bbox 2461 4791 4039 4859; baseline -0.001 -12"><span class='ocrx_word' id='word_1_736' title='bbox 2461 4797 2595 4856; x_wconf 77' lang='lat' dir='ltr'><strong>sale,</strong></span> <span class='ocrx_word' id='word_1_737' title='bbox 2629 4794 3011 4846; x_wconf 88' lang='lat' dir='ltr'><strong>substantiales</strong></span> <span class='ocrx_word' id='word_1_738' title='bbox 3043 4791 3399 4859; x_wconf 85' lang='lat' dir='ltr'><strong>proprietates</strong></span> <span class='ocrx_word' id='word_1_739' title='bbox 3428 4828 3441 4853; x_wconf 87' lang='lat'><strong>,</strong></span> <span class='ocrx_word' id='word_1_740' title='bbox 3513 4792 3681 4856; x_wconf 85' lang='lat' dir='ltr'><strong>ipsum</strong></span> <span class='ocrx_word' id='word_1_741' title='bbox 3709 4793 3883 4845; x_wconf 84' lang='lat' dir='ltr'><strong>Patris</strong></span> <span class='ocrx_word' id='word_1_742' title='bbox 3948 4808 4039 4845; x_wconf 91' lang='lat' dir='ltr'><strong>su-</strong></span> 
     </span>
    </p>
   </div>
   <div class='ocr_carea' id='block_1_110' title="bbox 2461 4878 4039 4952">
    <p class='ocr_par' dir='ltr' id='par_1_110' title="bbox 2461 4878 4039 4952">
     <span class='ocr_line' id='line_1_110' title="bbox 2461 4878 4039 4952; baseline -0.001 -15"><span class='ocrx_word' id='word_1_743' title='bbox 2461 4884 2919 4952; x_wconf 86' lang='lat' dir='ltr'><strong>persubstantiale</strong></span> <span class='ocrx_word' id='word_1_744' title='bbox 2946 4896 3164 4947; x_wconf 90' lang='lat' dir='ltr'><strong>nomen,</strong></span> <span class='ocrx_word' id='word_1_745' title='bbox 3212 4890 3264 4934; x_wconf 91' lang='lat' dir='ltr'><strong>et</strong></span> <span class='ocrx_word' id='word_1_746' title='bbox 3300 4894 3411 4932; x_wconf 85' lang='lat' dir='ltr'><strong>rent</strong></span> <span class='ocrx_word' id='word_1_747' title='bbox 3441 4878 3583 4940; x_wconf 86' lang='lat' dir='ltr'><strong>Filii.</strong></span> <span class='ocrx_word' id='word_1_748' title='bbox 3614 4893 3669 4934; x_wconf 93' lang='lat' dir='ltr'><strong>et</strong></span> <span class='ocrx_word' id='word_1_749' title='bbox 3691 4882 3865 4935; x_wconf 88' lang='lat' dir='ltr'><strong>sancti</strong></span> <span class='ocrx_word' id='word_1_750' title='bbox 3916 4882 4039 4951; x_wconf 85' lang='lat' dir='ltr'><strong>Spi-</strong></span> 
     </span>
    </p>
   </div>
   <div class='ocr_carea' id='block_1_111' title="bbox 2464 4974 3038 5028">
    <p class='ocr_par' dir='ltr' id='par_1_111' title="bbox 2464 4974 3038 5028">
     <span class='ocr_line' id='line_1_111' title="bbox 2464 4974 3038 5028; baseline 0 -1"><span class='ocrx_word' id='word_1_751' title='bbox 2464 4975 2595 5028; x_wconf 89' lang='lat' dir='ltr'><strong>ritns</strong></span> <span class='ocrx_word' id='word_1_752' title='bbox 2636 4974 3038 5028; x_wconf 87' lang='lat' dir='ltr'><strong>commendant.</strong></span> 
     </span>
    </p>
   </div>
   <div class='ocr_carea' id='block_1_112' title="bbox 2532 5064 4039 5134">
    <p class='ocr_par' dir='ltr' id='par_1_112' title="bbox 2532 5064 4039 5134">
     <span class='ocr_line' id='line_1_112' title="bbox 2532 5064 4039 5134; baseline 0 -15"><span class='ocrx_word' id='word_1_753' title='bbox 2532 5065 2930 5133; x_wconf 68' lang='lat' dir='ltr'><strong>Przesupposito</strong></span> <span class='ocrx_word' id='word_1_754' title='bbox 2984 5066 3146 5134; x_wconf 87' lang='lat' dir='ltr'><strong>igitur</strong></span> <span class='ocrx_word' id='word_1_755' title='bbox 3208 5067 3467 5120; x_wconf 89' lang='lat' dir='ltr'><strong>unitatem</strong></span> <span class='ocrx_word' id='word_1_756' title='bbox 3530 5066 3584 5119; x_wconf 92' lang='lat' dir='ltr'><strong>in</strong></span> <span class='ocrx_word' id='word_1_757' title='bbox 3647 5064 3933 5129; x_wconf 89' lang='lat' dir='ltr'><strong>Trinitate,</strong></span> <span class='ocrx_word' id='word_1_758' title='bbox 3984 5074 4039 5119; x_wconf 88' lang='lat' dir='ltr'><strong>et</strong></span> 
     </span>
    </p>
   </div>
   <div class='ocr_carea' id='block_1_113' title="bbox 2460 5154 4031 5217">
    <p class='ocr_par' dir='ltr' id='par_1_113' title="bbox 2460 5154 4031 5217">
     <span class='ocr_line' id='line_1_113' title="bbox 2460 5154 4031 5217; baseline 0.001 -9"><span class='ocrx_word' id='word_1_759' title='bbox 2460 5155 2776 5208; x_wconf 87' lang='lat' dir='ltr'><strong>Trinitatem</strong></span> <span class='ocrx_word' id='word_1_760' title='bbox 2811 5155 2865 5206; x_wconf 89' lang='lat' dir='ltr'><strong>in</strong></span> <span class='ocrx_word' id='word_1_761' title='bbox 2918 5156 3125 5208; x_wconf 88' lang='lat' dir='ltr'><strong>unitate</strong></span> <span class='ocrx_word' id='word_1_762' title='bbox 3154 5169 3278 5209; x_wconf 90' lang='lat' dir='ltr'><strong>esse</strong></span> <span class='ocrx_word' id='word_1_763' title='bbox 3363 5154 3667 5217; x_wconf 90' lang='lat' dir='ltr'><strong>colendam,</strong></span> <span class='ocrx_word' id='word_1_764' title='bbox 3732 5159 4031 5209; x_wconf 87' lang='lat' dir='ltr'><strong>secundum</strong></span> 
     </span>
    </p>
   </div>
   <div class='ocr_carea' id='block_1_114' title="bbox 2462 5246 4031 5315">
    <p class='ocr_par' dir='ltr' id='par_1_114' title="bbox 2462 5246 4031 5315">
     <span class='ocr_line' id='line_1_114' title="bbox 2462 5246 4031 5315; baseline 0.001 -15"><span class='ocrx_word' id='word_1_765' title='bbox 2462 5248 2578 5300; x_wconf 84' lang='lat' dir='ltr'><strong>ﬁdei</strong></span> <span class='ocrx_word' id='word_1_766' title='bbox 2603 5247 2949 5314; x_wconf 82' lang='lat' dir='ltr'><strong>positionem,</strong></span> <span class='ocrx_word' id='word_1_767' title='bbox 2986 5256 3037 5299; x_wconf 87' lang='lat' dir='ltr'><strong>et</strong></span> <span class='ocrx_word' id='word_1_768' title='bbox 3080 5247 3147 5299; x_wconf 89' lang='lat' dir='ltr'><strong>ab</strong></span> <span class='ocrx_word' id='word_1_769' title='bbox 3178 5246 3260 5300; x_wconf 86' lang='lat' dir='ltr'><strong>bis</strong></span> <span class='ocrx_word' id='word_1_770' title='bbox 3283 5262 3401 5315; x_wconf 60' lang='lat' dir='ltr'><strong>quat</strong></span> <span class='ocrx_word' id='word_1_771' title='bbox 3428 5263 3455 5299; x_wconf 90' lang='lat' dir='ltr'><strong>a</strong></span> <span class='ocrx_word' id='word_1_772' title='bbox 3489 5246 3693 5301; x_wconf 87' lang='lat' dir='ltr'><strong>sanctis</strong></span> <span class='ocrx_word' id='word_1_773' title='bbox 3721 5248 3861 5301; x_wconf 85' lang='lat' dir='ltr'><strong>dicta</strong></span> <span class='ocrx_word' id='word_1_774' title='bbox 3884 5258 4031 5310; x_wconf 86' lang='lat' dir='ltr'><strong>sunt.</strong></span> 
     </span>
    </p>
   </div>
   <div class='ocr_carea' id='block_1_115' title="bbox 2460 5336 4033 5405">
    <p class='ocr_par' dir='ltr' id='par_1_115' title="bbox 2460 5336 4033 5405">
     <span class='ocr_line' id='line_1_115' title="bbox 2460 5336 4033 5405; baseline 0 -14"><span class='ocrx_word' id='word_1_775' title='bbox 2460 5354 2566 5393; x_wconf 92' lang='lat' dir='ltr'><strong>nou</strong></span> <span class='ocrx_word' id='word_1_776' title='bbox 2629 5339 2990 5402; x_wconf 88' lang='lat' dir='ltr'><strong>discedentes,</strong></span> <span class='ocrx_word' id='word_1_777' title='bbox 3043 5336 3383 5393; x_wconf 88' lang='lat' dir='ltr'><strong>Damasceno</strong></span> <span class='ocrx_word' id='word_1_778' title='bbox 3430 5337 3672 5405; x_wconf 88' lang='lat' dir='ltr'><strong>quidem,</strong></span> <span class='ocrx_word' id='word_1_779' title='bbox 3736 5337 4033 5391; x_wconf 88' lang='lat' dir='ltr'><strong>secundum</strong></span> 
     </span>
    </p>
   </div>
   <div class='ocr_carea' id='block_1_116' title="bbox 2462 5424 4035 5494">
    <p class='ocr_par' dir='ltr' id='par_1_116' title="bbox 2462 5424 4035 5494">
     <span class='ocr_line' id='line_1_116' title="bbox 2462 5424 4035 5494; baseline -0.004 -10"><span class='ocrx_word' id='word_1_780' title='bbox 2462 5444 2679 5484; x_wconf 89' lang='lat' dir='ltr'><strong>causam</strong></span> <span class='ocrx_word' id='word_1_781' title='bbox 2732 5436 2786 5481; x_wconf 89' lang='lat' dir='ltr'><strong>et</strong></span> <span class='ocrx_word' id='word_1_782' title='bbox 2813 5428 3029 5481; x_wconf 86' lang='lat' dir='ltr'><strong>causale</strong></span> <span class='ocrx_word' id='word_1_783' title='bbox 3055 5426 3414 5480; x_wconf 74' lang='lat' dir='ltr'><strong>dill‘erentiam</strong></span> <span class='ocrx_word' id='word_1_784' title='bbox 3465 5427 3515 5479; x_wconf 92' lang='lat' dir='ltr'><strong>in</strong></span> <span class='ocrx_word' id='word_1_785' title='bbox 3544 5426 3741 5478; x_wconf 84' lang='lat' dir='ltr'><strong>divinis</strong></span> <span class='ocrx_word' id='word_1_786' title='bbox 3787 5424 4035 5494; x_wconf 89' lang='lat' dir='ltr'><strong>personis</strong></span> 
     </span>
    </p>
   </div>
   <div class='ocr_carea' id='block_1_117' title="bbox 2459 5515 4027 5589">
    <p class='ocr_par' dir='ltr' id='par_1_117' title="bbox 2459 5515 4027 5589">
     <span class='ocr_line' id='line_1_117' title="bbox 2459 5515 4027 5589; baseline -0.004 -15"><span class='ocrx_word' id='word_1_787' title='bbox 2459 5521 2824 5589; x_wconf 86' lang='lat' dir='ltr'><strong>intelligente;</strong></span> <span class='ocrx_word' id='word_1_788' title='bbox 2878 5518 3119 5587; x_wconf 80' lang='lat' dir='ltr'><strong>Nysseuo</strong></span> <span class='ocrx_word' id='word_1_789' title='bbox 3180 5528 3358 5571; x_wconf 89' lang='lat' dir='ltr'><strong>autem</strong></span> <span class='ocrx_word' id='word_1_790' title='bbox 3419 5516 3681 5585; x_wconf 86' lang='lat' dir='ltr'><strong>Gregorio</strong></span> <span class='ocrx_word' id='word_1_791' title='bbox 3750 5515 3965 5569; x_wconf 80' lang='lat' dir='ltr'><strong>dieente</strong></span> <span class='ocrx_word' id='word_1_792' title='bbox 4013 5531 4027 5568; x_wconf 89' lang='lat'><strong>:</strong></span> 
     </span>
    </p>
   </div>
   <div class='ocr_carea' id='block_1_118' title="bbox 2468 5609 4033 5678">
    <p class='ocr_par' dir='ltr' id='par_1_118' title="bbox 2468 5609 4033 5678">
     <span class='ocr_line' id='line_1_118' title="bbox 2468 5609 4033 5678; baseline -0.004 -13"><span class='ocrx_word' id='word_1_793' title='bbox 2468 5610 2907 5665; x_wconf 82' lang='lat' dir='ltr'><strong>Incommutubile</strong></span> <span class='ocrx_word' id='word_1_794' title='bbox 2940 5624 3146 5664; x_wconf 81' lang='lat' dir='ltr'><strong>natura:</strong></span> <span class='ocrx_word' id='word_1_795' title='bbox 3198 5612 3360 5678; x_wconf 78' lang='lat' dir='ltr'><strong>ipsius</strong></span> <span class='ocrx_word' id='word_1_796' title='bbox 3417 5611 3823 5670; x_wconf 78' lang='lat' dir='ltr'><strong>considerantes,</strong></span> <span class='ocrx_word' id='word_1_797' title='bbox 3883 5609 4033 5675; x_wconf 77' lang='lat' dir='ltr'><strong>di/Ie-</strong></span> 
     </span>
    </p>
   </div>
   <div class='ocr_carea' id='block_1_119' title="bbox 3351 5721 4038 5791">
    <p class='ocr_par' dir='ltr' id='par_1_119' title="bbox 3351 5721 4038 5791">
     <span class='ocr_line' id='line_1_119' title="bbox 3351 5721 4038 5791; baseline -0.007 -13"><span class='ocrx_word' id='word_1_798' title='bbox 3351 5722 3481 5778; x_wconf 80' lang='lat' dir='ltr'><strong>ibid.</strong></span> <span class='ocrx_word' id='word_1_799' title='bbox 3564 5721 3887 5791; x_wconf 84' lang='lat' dir='ltr'><strong>Gregorium</strong></span> <span class='ocrx_word' id='word_1_800' title='bbox 3972 5722 4038 5774; x_wconf 91' lang='lat' dir='ltr'><strong>de</strong></span> 
     </span>
    </p>
   </div>
  </div>
