4462 6440
710 418 809 480 139

1966 417 2359 476 MANHELIS
2401 420 2703 478 CALECE

3829 392 3926 479 itii

693 543 853 597 quant
888 525 1089 594 prodit,
1115 534 1167 578 et
1200 522 1432 577 maxime
1462 539 1582 576 eum
1623 540 1909 591 procisssis
1944 526 2254 593 a-quiweus
2287 531 2328 586 Α
2435 525 2707 596 Nyssenus
2738 525 2932 594 quippe
2965 526 3258 592 Gregorius
3281 527 3596 579 discernens
3620 526 3729 579 ait:
3769 527 3926 579 Aliml

692 621 877 678 fuerit,
915 618 1032 671 Filii
1090 631 1217 669 vero
1253 618 1323 670 sit
1378 617 1685 669 immediata
1720 620 1995 680 nativitas,
2023 616 2253 683 Spiritus

690 720 867 759 autem
935 707 1166 759 mcdiata
1229 709 1505 776 processio
1560 722 1656 776 per
1710 705 1904 758 Filium
1965 706 2080 770 ejus
2138 714 2251 769 est,

688 799 958 866 simulque
1024 799 1243 850 causale
1300 797 1547 864 utrisque
1607 798 1872 859 reddidit,
1930 808 1981 847 et
2038 794 2254 848 causale

690 892 979 942 insinuans
1050 889 1284 942 Verbum
1349 905 1414 943 ex
1474 905 1634 942 causa
1702 905 1845 950 esse,
1906 888 2256 940 subdividens

689 988 849 1036 etiam
886 986 951 1035 ad
991 982 1245 1044 invicem,
1296 982 1595 1034 secundum
1649 994 1862 1032 causam
1915 988 1968 1032 et
2017 978 2253 1041 cans-ale,

689 1074 946 1128 discrevit
1009 1074 1212 1140 aliquid
1266 1072 1484 1141 quidem
1534 1072 1879 1125 continenter
1914 1085 1975 1121 ex
2027 1072 2200 1137 primo
2241 1089 2251 1122 :

693 1166 835 1217 aliud
864 1180 989 1215 vero
1022 1180 1115 1231 per
1154 1162 1204 1215 id
1235 1162 1378 1231 quod
1411 1171 1554 1214 esset
1580 1161 1921 1212 continenter
1946 1174 2007 1212 ex
2043 1160 2255 1224 primo;

699 1260 747 1309 in
779 1259 889 1309 sola
939 1270 1170 1322 namque
1204 1268 1364 1305 causa
1412 1264 1463 1305 et
1500 1251 1697 1303 causali
1749 1251 1960 1303 divinas
2001 1263 2260 1316 personas

695 1346 929 1398 discerni
965 1343 1442 1413 deprehendimus.
1481 1339 1541 1390 Et
1576 1339 1830 1405 quoniam
1856 1337 2017 1390 Pater
2042 1339 2257 1403 quidem

695 1441 838 1505 quod
895 1436 1119 1496 dicitur,
1190 1436 1496 1501 gignentem
1562 1430 1790 1494 indicat,
1852 1428 2019 1482 lt‘ilius
2079 1439 2261 1482 autem

695 1539 1045 1588 niscenteni,
1102 1534 1325 1577 sanctus
1375 1537 1503 1574 vero
1559 1522 1797 1588 Spiritus
1854 1521 2260 1588 procedentem,

691 1636 786 1671 seu
838 1620 1180 1684 inspiratum,
1214 1629 1392 1667 cansre
1424 1628 1551 1677 ergo
1585 1602 1928 1677 et'cansalis,
1965 1612 2079 1663 sive
2113 1612 2264 1679 prin-

696 1713 847 1778 cipii,
874 1721 925 1761 et
957 1724 1145 1762 eorum
1180 1723 1297 1774 qua!
1334 1714 1458 1758 sunt
1488 1721 1548 1756 ει
1586 1703 1851 1770 principio
1888 1703 2103 1754 nomina
2140 1711 2264 1754 sunt

691 1812 891 1854 sanctae
953 1810 1007 1852 et
1070 1795 1608 1865 supersubstantialis
1665 1792 1950 1846 Trinitatis
2017 1794 2259 1852 nomina.

2364 618 2497 667 enim
2529 628 2601 668 est
2662 619 2983 669 continenter
3012 633 3074 669 ex
3127 618 3324 682 primo;
3364 618 3513 669 aliud
3551 634 3641 685 per
3673 619 3749 681 id,
3794 622 3930 685 quod

2361 716 2431 756 est
2483 707 2814 758 continenter
2854 723 2917 759 ea:
2948 708 3155 774 primo;
3212 708 3353 774 quod
3408 709 3554 761 enim
3594 716 3721 761 ante
3768 709 3929 762 etiam

2363 795 2619 857 diximus,
2652 810 2872 849 causam
2922 798 3222 851 etcausale
3271 810 3563 864 processus
3611 798 3917 867 hujusmodi

2366 888 2749 939 commendant
2776 904 2789 951 ;
2821 888 2922 940 nisi
2956 889 3099 940 enim
3134 903 3424 953 processus
3449 888 3501 942 in
3532 888 3731 948 divinis
3762 899 3927 948 esset.

2362 977 2602 1042 profecto
2657 992 2833 1046 neque
2872 979 3152 1042 discretio,
3207 994 3382 1049 neque
3434 995 3693 1033 numerus
3745 996 3929 1049 perso~

2365 1083 2551 1120 uarum
2592 1078 2771 1132 esset,
2806 1084 3159 1136 personarum
3192 1085 3321 1124 vero
3342 1086 3604 1125 numerus
3626 1072 3924 1124 secundum

2361 1174 2604 1222 causam,
2641 1169 2693 1211 et
2733 1160 2950 1215 causale
2991 1162 3183 1214 divina:
3224 1176 3468 1228 personae
3508 1160 3878 1228 distinguitur.

2433 1251 2606 1301 Simul
2654 1263 2833 1305 autem
2865 1261 3106 1315 constat,
3130 1253 3295 1306 etiam
3329 1252 3623 1307 secundum
3651 1253 3925 1305 contraria

2366 1341 2628 1405 possibile
2664 1356 2768 1393 non
2807 1357 2928 1393 esse
2957 1342 3169 1396 divinas
3202 1344 3436 1397 discerni
3467 1357 3762 1411 personas;
3800 1357 3930 1395 con-

2367 1430 2534 1482 traria
2593 1432 2734 1482 enim
2796 1431 3105 1485 differentes
3151 1433 3361 1499 Species
3418 1434 3818 1494 commendant,
3875 1444 3931 1483 ut

2367 1522 2549 1574 album
2592 1532 2646 1574 et
2681 1523 2921 1591 nigrum,
2962 1535 3015 1577 et
3053 1526 3317 1579 rationale
3364 1536 3415 1578 et
3447 1524 3782 1585 irrationale,
3813 1539 3928 1575 cor-

2366 1628 2573 1680 pusque
2603 1622 2654 1666 et
2684 1613 3043 1681 incorporale.
3078 1614 3218 1669 Dens
3248 1626 3424 1667 autem
3458 1630 3560 1668 una
3591 1614 3799 1682 species
3824 1624 3929 1673 est,

2363 1717 2701 1771 quaecunque
2734 1710 2947 1757 tandem
2980 1705 3071 1770 sit,
3098 1706 3140 1758 si
3173 1706 3277 1758 dici
3324 1705 3505 1768 liceat,
3534 1716 3588 1759 et
3619 1720 3723 1758 una
3770 1705 3928 1756 trium

2364 1794 2602 1846 essentia
2638 1803 2693 1847 et
2720 1796 2901 1849 unitas
2934 1805 3035 1849 est.

694 1891 871 1944 Patris
904 1890 1131 1947 scilicet,
1164 1898 1213 1939 et
1273 1885 1416 1945 li‘ilii,
1466 1893 1520 1937 ct
1552 1883 1726 1937 sancti
1758 1883 2018 1950 Spiritus.
2053 1882 2116 1935 Et
2145 1882 2268 1950 quia
2304 1892 2343 1945 Β
2442 1880 2627 1949 Neque
2647 1887 2945 1937 secundum
2971 1885 3325 1953 privationem
3354 1888 3568 1954 quidem
3592 1900 3645 1943 et
3665 1889 3943 1951 habitum,‘

697 1983 1018 2053 paternitas,
1065 1989 1118 2031 et
1153 1978 1431 2030 nativitas.
1465 1985 1626 2043 atque
1663 1974 1939 2043 processio
1984 1972 2111 2025 solae
2141 1980 2266 2025 sunt

709 2071 1093 2127 substantiales
1151 2070 1511 2139 proprietates
1560 2079 1967 2132 personarum:
2025 2062 2266 2131 proprie-

710 2178 850 2219 tates
881 2180 1007 2216 vero
1052 2164 1190 2215 idem
1241 2176 1380 2221 esse,
1409 2158 1550 2229 quod
1603 2158 1957 2219 substantias,
1987 2166 2264 2210 ostensum

700 2271 784 2312 est
832 2257 1125 2309 secundum
1177 2253 1485 2319 theologum
1533 2248 1854 2313 f‘regorium
1902 2265 1914 2299 :
1953 2247 2261 2300 substantia

701 2364 851 2410 vero,
896 2348 1009 2400 sive
1039 2324 1263 2412 persona
1300 2341 1540 2401 Patrem,
1578 2347 1631 2390 et
1664 2336 1889 2400 ,Filium,
1916 2347 1970 2390 et
2000 2335 2263 2406 Spiritum

701 2450 949 2496 sanctum
1015 2428 1210 2505 signat.
1269 2433 1347 2486 Ita
1392 2431 1536 2486 enim
1594 2429 1959 2483 Damascenus
2017 2429 2265 2481 definivit

700 2536 884 2587 dicens
914 2550 925 2583 :
961 2529 1141 2582 Deitas
1187 2536 1431 2578 naturam
1462 2524 1696 2583 indicat;
1730 2524 1891 2577 Pater
1925 2532 2099 2573 autem
2128 2521 2264 2588 quod

700 2629 915 2683 dicitur.
965 2621 1357 2680 substantiam;
1410 2618 1535 2685 quia
1585 2618 1742 2668 etiam
1794 2615 2089 2667 substantia
2124 2630 2265 2666 como

699 2734 851 2770 mune
890 2732 1005 2768 cum
1044 2714 1257 2783 pi-Oprio
1289 2720 1387 2763 est.
1437 2707 1663 2763 Constat
1705 2709 1821 2760 haec.
1853 2707 2070 2760 nomina
2109 2704 2264 2756 indu.

698 2824 826 2861 cere
882 2806 1263 2859 discretionem
1302 2801 1665 2870 personatam,
1720 2812 1784 2851 ac
1835 2796 2140 2851 necessario
2180 2795 2258 2847 di-

699 2905 878 2951 screta
915 2895 1147 2962 signare.

768 2987 1034 3052 Quocirca
1102 2992 1159 3034 et
1226 2981 1338 3033 haec
1396 2978 1508 3031 sola
1563 2976 1779 3043 proprie
1842 2976 2149 3044 personalia
2210 2986 2258 3027 et

697 3075 1073 3134 substantialia
1111 3080 1259 3135 suttt,
1286 3086 1404 3139 qua:
1427 3084 1626 3133 causae,
1657 3068 1995 3136 causalisque
2020 3069 2262 3120 habitum

700 3175 939 3239 signant,
999 3164 1319 3231 singulaque
1374 3162 1600 3229 singulis
1657 3162 1875 3230 proprie
1940 3160 2260 3219 redduntur,

700 3263 841 3315 nulla
885 3256 1290 3310 communitatis
1330 3255 1541 3307 ratione
1588 3252 1928 3311 introducta;
1963 3251 2266 3306 sufﬁciant-

706 3368 812 3420 que
864 3364 961 3418 per
1012 3363 1069 3401 se
1103 3349 1217 3414 ipsa
1269 3345 1617 3399 discretionis
1663 3344 2045 3396 commendare
2096 3344 2262 3395 ratio-

702 3460 844 3497 nein.
888 3442 1063 3494 Patris
1094 3447 1236 3493 entnt
1272 3452 1432 3504 super
1463 3436 1818 3489 substantiale
1858 3449 2052 3488 nomen
2100 3444 2153 3486 et
2183 3450 2267 3487 res

698 3549 917 3585 causam
981 3532 1183 3585 indicat
1238 3529 1386 3591 Filii,
1444 3539 1496 3581 et
1555 3526 1677 3580 Filii
1729 3527 1916 3591 etiam,
1974 3534 2028 3577 et
2090 3523 2265 3577 sancti

701 3628 937 3694 Spiritus
978 3622 1253 3678 similiter.
1298 3621 1551 3685 Quorutn’
1569 3618 1739 3671 Filius
1774 3619 1990 3685 quidem
2021 3616 2263 3669 habitum

701 3719 765 3769 ad
829 3718 1045 3768 l’atrem
1107 3715 1307 3780 signat,
1373 3721 1595 3763 sanctus
1664 3720 1842 3761 autem
1900 3708 2136 3776 Spiritus
2201 3707 2265 3757 ad

704 3810 1103 3877 productorem,
1137 3807 1248 3858 sive
1282 3805 1578 3869 spirantem
1606 3801 1842 3854 causalis
1866 3801 2069 3853 habere
2102 3799 2265 3851 ratio-

705 3917 824 3954 nem
865 3899 1117 3960 traditur,
1170 3895 1407 3949 maxime
1457 3908 1577 3946 cum
1624 3894 1800 3946 dictus
1840 3893 1907 3946 sit
1937 3890 2264 3959 spiraculum

703 3990 1123 4061 omnipotentis;
1180 3988 1410 4054 Filiique
1462 3985 1793 4055 spiraculum
1847 3998 1970 4039 esse
2027 3983 2266 4051 Spiritus

702 4094 944 4144 sanctus,
983 4076 1313 4146 spiraculum
1350 4090 1477 4128 vero
1510 4076 1691 4142 spiran
1726 4075 1769 4127 is
1790 4081 1871 4127 est
1894 4116 1906 4139 ,
1944 4084 1997 4127 et
2032 4073 2268 4140 Spiritus

703 4196 729 4227 a
764 4177 1017 4242 spirando
1061 4171 1441 4224 denominatus
1487 4176 1591 4219 est.
1644 4166 1708 4220 Et
1745 4168 1886 4219 sicut
1916 4166 1991 4218 ait
2043 4180 2269 4233 magnus

702 4267 1049 4328 Athanasius,
1085 4262 1321 4331 Spiritus
1364 4259 1661 4327 processio,
1691 4258 1963 4325 spiraeulo
1996 4258 2098 4309 assi
2126 4258 2230 4308 n.la
2250 4286 2265 4298 ο

704 4371 812 4412 tur.
847 4356 1080 4425 Spiritus
1111 4363 1287 4406 autem
1322 4352 1592 4419 processio
1618 4363 1904 4416 proressus
1968 4364 1993 4402 s
2086 4350 2096 4359 ’
2130 4364 2268 4416 aque

708 4462 760 4503 et
808 4446 1113 4515 inSpiratio.
1169 4443 1305 4495 Nam
1364 4454 1415 4495 ει
1464 4440 1698 4510 Spiritus
1732 4443 2029 4508 procedens
2069 4443 2269 4496 dicitur

2369 1987 2488 2038 quae
2551 1972 2697 2026 enim
2761 1975 3080 2043 imperfecte
3140 1977 3381 2041 habent,
3435 1980 3731 2033 secundum
3796 1980 3933 2031 hanc

2369 2065 2771 2131 oppositionem
2832 2066 3263 2132 discernuntur,
3336 2070 3498 2121 velut?
3554 2072 3620 2123 ab
3687 2082 3930 2138 aspectu,

2368 2162 2588 2210 czccitas
2623 2166 2677 2210 et
2726 2171 2755 2209 a
2804 2172 2948 2212 careo
2993 2160 3197 2213 videns.
3243 2159 3392 2215 Nulla
3430 2177 3557 2215 vero
3603 2163 3832 2231 privatio
3880 2162 3932 2216 in

2370 2244 2481 2300 Deo
2533 2248 2731 2300 summi
2770 2249 2895 2302 boni
2928 2260 3041 2314 est;
3097 2252 3296 2319 quippe
3350 2254 3777 2321 pert'eCtissimus
3813 2265 3930 2315 eSt;

2367 2344 2419 2388 et
2473 2336 2904 2391 sabstantiarum
2956 2339 3210 2407 quaelibet
3262 2341 3496 2408 perfecta
3530 2354 3642 2407 est;
3685 2343 3931 2411 Deusque

2368 2437 2517 2483 totus
2555 2445 2620 2483 ex
2674 2439 2786 2483 teto
2834 2447 3015 2495 verus,
3054 2448 3119 2486 ac
3175 2435 3448 2501 perfectus
3501 2451 3558 2489 es
3642 2437 3928 2490 secundm:

2368 2520 2491 2575 ﬁdei
2525 2522 2848 2589 positiones,
2885 2522 2978 2577 sed
3012 2538 3186 2592 neque
3207 2533 3263 2577 ut
3292 2526 3584 2579 affirmatio
3611 2536 3664 2580 et
3696 2527 3928 2595 negatio.

2370 2612 2525 2677 Nam,
2561 2613 2861 2668 secundum
2908 2614 3049 2668 hanc
3097 2617 3490 2684 Oppositionem
3522 2632 3643 2686 qua:
3695 2628 3818 2669 sunt
3865 2618 3933 2671 ab

2368 2707 2456 2760 his
2484 2722 2606 2776 qua:
2640 2723 2745 2761 non
2779 2716 2929 2772 sunt,
2962 2707 3367 2769 discernuntur,
3400 2716 3457 2760 ut
3496 2722 3524 2759 a
3559 2707 3691 2760 falso
3720 2723 3930 2761 verum.
3974 2759 3979 2765 ,

2376 2797 2543 2852 Porro
2575 2801 2626 2852 in
2678 2799 2788 2853 Deo
2834 2798 3013 2853 nullus
3045 2814 3151 2852 non
3187 2800 3405 2852 essendi
3455 2800 3604 2852 locus
3653 2809 3756 2851 est.
3794 2799 3932 2851 Deus

2347 2892 2510 2944 enim
2580 2891 2813 2945 essentia
2876 2888 3414 2959 supersubstantialis
3477 2902 3582 2953 est,
3647 2889 3934 2957 virtusque

2366 2983 2515 3035 omni
2547 2984 2749 3036 virtute
2776 2983 3027 3050 superior
3051 2992 3105 3035 et
3137 2981 3510 3044 excalientior,
3537 2991 3697 3049 atque
3726 2983 3932 3034 incom-

2367 3074 2643 3128 mutabilis
2671 3074 2897 3127 veritas.
2953 3071 3091 3125 Deus
3125 3073 3261 3124 enim
3304 3087 3359 3125 se
3410 3072 3579 3138 ipsum
3612 3088 3800 3139 negare
3832 3088 3934 3122 non

2366 3173 2555 3230 potest,
2590 3172 2644 3217 ut
2685 3165 2760 3216 ait
2784 3164 2983 3219 Paulus
3008 3165 3048 3217 ².

2444 3254 2711 3307 Praeterea
2750 3269 2856 3307 non
2892 3263 2973 3307 est
3010 3253 3245 3322 negatio,
3288 3254 3428 3319 quod
3466 3252 3762 3305 afﬁrmatio
3803 3251 3928 3303 sim-

2374 3347 2608 3411 pliciter.
2658 3345 2893 3398 Persona
2940 3354 3125 3397 autem
3173 3358 3277 3397 una
3309 3353 3391 3396 est
3419 3342 3757 3410 simpliciter,
3793 3348 3934 3410 quod

2372 3439 2575 3499 altera;
2612 3438 2906 3491 secundum
2936 3438 3226 3490 relationes
3259 3435 3474 3502 quidem
3509 3432 3647 3495 dum,
3677 3434 3937 3500 simplici-

2373 3541 2455 3583 ter
2484 3540 2663 3584 autcm
2698 3546 2825 3582 una.
2854 3529 2987 3581 Nam
3029 3528 3324 3583 secundum
3374 3527 3690 3589 essentiam,
3719 3537 3771 3579 et
3817 3541 3936 3578 esse

2374 3623 2556 3676 unitas
2584 3624 2662 3676 eis
2692 3634 2773 3676 est
2814 3642 2827 3677 :
2881 3622 2993 3691 Ego
3047 3622 3186 3674 enim
3234 3632 3281 3673 et
3330 3620 3511 3682 Pater,
3546 3619 3739 3687 inquit,
3776 3635 3933 3669 unum

2372 3730 2551 3767 sumus
2580 3714 2599 3744 ³
2631 3734 2643 3744 ·
2675 3724 2727 3767 ει
2776 3717 2987 3782 negatio
3013 3715 3230 3781 quidem
3282 3713 3525 3779 sequitur
3576 3726 3637 3763 ea
3674 3724 3790 3776 qua:
3844 3724 3925 3773 pet

2376 3806 2480 3859 aiia
2514 3809 2803 3861 indiscreta
2838 3817 3002 3872 sunt;
3032 3807 3242 3874 signum
3274 3805 3415 3857 enim
3441 3803 3806 3863 discretionis,
3831 3818 3933 3853 non

2374 3910 2552 3953 autem
2613 3901 2997 3953 discretionem
3058 3900 3205 3953 iacit.
3261 3898 3431 3951 llomo
3485 3897 3627 3950 enini
3684 3907 3734 3951 et
3792 3897 3935 3948 aliud

2375 3991 2650 4059 quodlibet
2712 3990 2909 4043 animal
2967 3990 3175 4043 ratione
3232 3999 3284 4041 et
3351 3988 3651 4057 privatione
3714 3986 3937 4039 rationis

2374 4084 2798 4145 discernuntur;
2843 4097 2967 4135 cum
3002 4082 3339 4141 irrationale,
3374 4090 3433 4134 ut
3466 4080 3675 4147 species
3713 4080 3766 4131 in
3800 4079 3935 4132 divi-

2375 4172 2622 4225 sionibus
2654 4186 2749 4225 acc
2775 4171 2975 4237 piatur.
3013 4170 3280 4223 Cancrum
3339 4184 3443 4222 non
3482 4183 3545 4222 eo
3593 4171 3736 4237 quod
3779 4170 3938 4221 homo

2372 4273 2479 4325 est,
2514 4271 2569 4316 et
2616 4263 2778 4315 homo
2822 4276 2924 4315 non
2967 4271 3068 4315 est.
3114 4260 3226 4313 Non
3278 4262 3419 4313 enim
3457 4261 3559 4314 hoc
3594 4269 3696 4324 est,
3741 4275 3936 4328 equum

2374 4371 2516 4419 esse,
2566 4355 2707 4423 quod
2747 4355 3018 4408 hominem
3077 4369 3184 4408 non
3232 4368 3374 4409 esse.
3405 4354 3669 4419 Quoniam
3716 4368 3845 4406 vero
3886 4354 3935 4405 in

2376 4449 2461 4502 lns
2496 4462 2615 4517 qua:
2654 4446 2720 4499 ad
2774 4448 2881 4514 abq
2926 4446 2999 4510 'd,
3365 4463 3373 4471 ·
3478 4447 3486 4456 “
3580 4445 3936 4513 inspiciuntur

706 4552 926 4610 propter
978 4553 1291 4607 processum
1344 4536 1575 4599 scilicet,
1625 4535 1924 4587 secundum
1985 4550 2145 4603 quem
2200 4550 2265 4588 ex
2302 4540 2670 4613 Dseeundum
2723 4539 2934 4592 scilicet
2991 4552 3212 4591 causam
3268 4547 3321 4590 et
3370 4536 3606 4594 causale.
3666 4548 3923 4603 reperitui

705 4635 866 4687 Patre
897 4648 989 4697 per
1021 4631 1213 4683 Filium
1250 4626 1515 4694 procedit.

772 4728 999 4779 Constat
1036 4724 1218 4788 itaque
1250 4718 1637 4774 substantiales
1679 4717 2058 4785 proprietates,
2091 4728 2269 4784 pater-

706 4818 931 4870 nitatent
962 4823 1015 4868 et
1048 4812 1408 4872 nativitatem,
1437 4820 1488 4863 et
1517 4809 1941 4875 processionom,
1975 4810 2267 4862 secundum

708 4920 953 4964 causam,
988 4902 1228 4961 C‘IDSIIIB,
1266 4900 1477 4952 divinas
1523 4901 1740 4966 signare
1769 4913 2064 4965 personas;
2115 4910 2275 4965 atque

709 4988 830 5049 ideo
885 4990 1271 5047 substantiales
1320 4999 1373 5040 et
1431 4990 1681 5056 pr0prias
1739 4989 2034 5042 secundum
2089 5003 2167 5049 se,
2214 5002 2274 5039 ac

715 5088 928 5157 proprie
971 5084 1097 5146 dici,
1131 5082 1371 5147 solisque
1401 5080 1483 5130 bis
1515 5079 1937 5145 proprietatibus
1969 5077 2270 5130 divinarum

712 5196 1069 5255 personarum
1128 5174 1487 5231 differentiam
1546 5174 1787 5241 intelligi.
1851 5172 1912 5225 Et
1970 5171 2097 5224 illud
2152 5172 2275 5223 item

712 5283 950 5336 constat,
994 5270 1351 5338 pmprietates
1386 5267 1601 5333 quidem
1633 5262 1929 5319 secundum
1956 5277 2197 5323 causam,
2228 5273 2279 5315 et

710 5367 927 5421 causale
961 5361 1322 5416 subsistentes
1353 5356 1662 5424 cogitationi
1702 5368 1993 5423 processus
2017 5356 2270 5421 ingerere,

710 5468 1029 5522 rursumque
1058 5463 1346 5517 processus
1383 5461 1624 5507 causam,
1658 5456 1712 5497 et
1745 5447 1980 5503 cattsale,
2007 5443 2272 5507 simulque

712 5547 1093 5603 discretionem
1132 5539 1459 5593 subinferre.
1506 5536 1607 5589 Ista
1634 5536 1775 5589 enim
1829 5551 1920 5603 per
1958 5536 2273 5589 alterutrum

713 5641 1060 5708 colliguntur.

786 5826 804 5854 ²
838 5821 1017 5876 l'l‘iin.
1055 5837 1114 5879 ιι,
1146 5819 1225 5871 15.
1308 5814 1503 5871 ’Joan.
1542 5832 1589 5877 λ,
1624 5814 1709 5869 ΞΟ.

2376 4631 2578 4711 aliquid
2630 4630 2804 4684 simile
2858 4630 2957 4683 sibi
3005 4629 3329 4697 produCens,
3385 4630 3435 4681 in
3492 4630 3678 4682 eadem
3734 4630 3932 4697 specie.

2376 4721 2673 4775 secundum
2711 4721 2995 4773 nnivocam
3050 4734 3301 4784 causam;
3344 4720 3483 4773 Deus
3541 4729 3715 4773 autem
3775 4736 3933 4772 unum

2373 4820 2458 4863 est
2511 4811 2778 4871 essentia;
2832 4812 2953 4870 tria,
3008 4810 3458 4863 substantialibus
3516 4810 3935 4876 proprietatibus

2377 4905 2671 4957 secundum
2704 4918 2925 4954 causam
2962 4912 3013 4954 et
3052 4901 3298 4956 causale'
3333 4902 3601 4967 opposilio
3647 4902 3937 4953 secundum

2375 5008 2594 5047 causam
2628 5004 2681 5047 et
2714 4991 2931 5048 causale
2962 4994 3013 5044 in
3046 4994 3146 5052 his.
3171 5006 3289 5060 qua:
3327 4996 3391 5044 ad
3425 4993 3628 5060 aliquid
3660 4994 3934 5047 dicuntur.

2375 5086 2550 5138 locum
2586 5085 2749 5137 habet
2780 5085 2832 5137 in
2858 5093 3042 5137 sancta
3078 5082 3363 5136 Trinitate.
3401 5083 3522 5136 Ideo
3556 5095 3606 5137 et
3636 5084 3932 5137 secundum

2376 5176 2540 5228 solatii
2577 5188 2795 5227 causam
2845 5185 2898 5225 et
2934 5176 3168 5235 causale,
3216 5185 3267 5225 et
3314 5191 3341 5227 a
3396 5173 3671 5242 Scriptura
3726 5188 3935 5232 sanct.-..

2376 5277 2428 5321 et
2470 5283 2497 5319 a
2551 5268 2756 5319 sanctis
2807 5265 3078 5328 Patribus,
3120 5263 3336 5320 divinas
3368 5281 3629 5334 personas
3684 5268 3939 5327 discerni,
4012 5330 4015 5331 ν

2380 5358 2635 5411 traditum
2670 5365 2771 5410 est.
2807 5356 2982 5409 Patris
3013 5357 3153 5410 enim
3189 5358 3254 5411 ad
3284 5356 3477 5410 Filium
3515 5358 3707 5411 tradita
3742 5359 3939 5411 discre-

2385 5453 2475 5509 tio,
2503 5464 2677 5501 causae
2710 5459 2764 5500 et
2811 5448 3044 5501 eausalis
3080 5458 3192 5513 est;
3226 5448 3407 5503 itidem
3444 5450 3685 5516 producti
3732 5460 3783 5502 et
3820 5466 3944 5513 pro-

2384 5541 2649 5595 ducentis.

2456 5630 2678 5683 Cunstat
2711 5642 2887 5685 autem
2922 5646 2982 5686 ex
3020 5632 3331 5700 pra-missis,
3370 5631 3493 5699 quia
3530 5632 3774 5701 ingettiti,
3801 5634 3947 5702 geni.-
