4462 6440
515 446 597 508 Hi
1595 440 1994 499 ADVERSUS
2036 441 2348 497 GRAECOS
2393 442 2531 497 ΜΒ.
2586 440 2693 495 lii.

3642 434 3744 494 142

513 563 651 625 tique
685 557 892 608 ratione
916 553 1074 607 Pater
1108 565 1136 605 a
1167 550 1305 605 Filio
1328 565 1433 605 non
1465 553 1683 620 proprie
1729 551 2074 604 discernitur.
2113 555 2153 610 Α
2254 551 2516 613 Quoniam
2581 551 2740 616 igitur
2807 550 3074 608 aet-idem,
3134 550 3571 616 ρ(›.;δοι’1ἰιιιη‹ιιιιι
3640 570 3741 601 mm

508 650 693 710 Νι-ιμιο
731 660 795 697 t-o
842 643 981 710 quod
1018 651 1098 695 est
1147 640 1297 693 nasci
1329 648 1380 693 et
1412 654 1517 692 non
1558 639 1727 692 nasci.
1765 639 1886 691 llmc
1931 639 2072 691 enim

507 739 660 801 quasi
728 733 1088 788 contradictio
1156 730 1259 784 sibi
1325 731 1555 783 invicem
1615 729 1859 798 opposita
1929 738 2072 781 sunt.

513 829 719 878 liicltlm
774 834 854 876 est
905 833 1084 876 autem
1140 820 1552 874 aﬂirmationem
1608 829 1662 872 et
1711 821 2072 886 negationem,

511 919 654 968 nulla
709 930 870 982 pose
905 914 1113 966 ratione
1144 911 1481 974 discernere,
1532 910 1624 964 sed
1678 911 1830 978 sequi
1867 924 1928 961 ea
1961 924 2080 976 quae

511 1013 618 1075 jam
665 1023 759 1075 per
808 1008 909 1058 alia
969 1004 1203 1057 discreta
1254 1010 1400 1065 sunt,
1436 1015 1557 1053 cum
1614 1001 1684 1053 sit
1736 1001 2081 1052 discretionis

512 1103 723 1166 signum
760 1115 773 1151 :
808 1097 968 1150 sicuti
1007 1093 1306 1162 ingenitum
1333 1091 1476 1160 quod
1521 1090 1736 1154 dicitur,
1760 1092 1870 1158 jam
1903 1092 2080 1142 subsi-

513 1201 741 1243 stentem
805 1188 1018 1240 l'atrem
1079 1182 1420 1247 at'ﬁrmativa,
1479 1181 1531 1234 id
1583 1190 1667 1235 est
1737 1180 2080 1235 substantiali

515 1281 867 1346 rrnpl‘ielale,
925 1275 1251 1343 paternitate
1288 1273 1524 1337 scilicet,
1577 1274 1844 1339 sequitur.
1902 1273 2084 1341 Itaque

515 1371 805 1436 mgmitum
856 1375 910 1420 et
957 1365 1193 1435 genitum
1228 1361 1428 1428 Patris,
1477 1371 1530 1415 et
1566 1361 1686 1415 Filii
1735 1363 1800 1415 ad
1853 1363 2083 1417 invicem

516 1460 894 1512 discretionem
964 1471 1071 1510 non
1136 1455 1293 1520 facit,
1353 1456 1450 1509 sed
1518 1455 1883 1510 subsistentes
1949 1457 2083 1524 jam,

514 1565 674 1617 atque
741 1549 1011 1603 discretos
1070 1546 1522 1603 substantialibus
1587 1560 1775 1600 eorum
1845 1548 2087 1615 proprie.-

515 1643 712 1693 t.uibus
768 1640 1066 1692 secundum
1118 1651 1338 1692 causam
1377 1647 1430 1690 et
1469 1637 1706 1699 causalc,
1762 1638 2088 1704 paternitate

516 1750 576 1785 :te
611 1734 891 1785 nativitate
924 1731 1165 1785 discerni
1200 1728 1494 1798 significat.
1533 1727 1795 1783 Similiter
1834 1736 1887 1782 et
1931 1728 1995 1781 de
2025 1744 2087 1782 eo

515 1825 655 1891 quod
695 1831 774 1875 est
809 1821 956 1876 nasci
987 1829 1041 1875 et
1075 1835 1183 1874 non
1216 1822 1388 1884 nasci,
1423 1818 1735 1873 dicendum.

585 1913 811 1967 Constat
843 1921 1020 1965 autem
1059 1925 1124 1964 ex
1160 1910 1269 1974 his,
1295 1918 1348 1964 et
1386 1923 1480 1963 eos
1505 1909 1595 1977 qui
1623 1908 1810 1963 dicunt
1837 1918 2088 1979 oportere

517 2007 751 2072 ptimum
783 2017 904 2056 esse
947 2001 1163 2056 Patrem
1200 2009 1252 2056 et
1281 1999 1504 2065 Filium,
1546 1999 1741 2054 deinde
1777 1998 1942 2054 alium
1972 2001 2091 2068 qni-

517 2100 636 2147 deni
692 2096 933 2163 gignere,
969 2094 1126 2161 longe
1168 2108 1196 2170 a
1249 2092 1458 2146 decenti
1514 2093 1854 2146 confessione
1891 2106 2092 2147 sanctae

519 2185 812 2238 Trinitatis
845 2184 1123 2256 aberrare.
1154 2182 1309 2238 Nulla
1340 2185 1484 2238 enim
1511 2183 1620 2239 illic
1646 2193 1730 2238 est
1754 2184 1857 2237 alia
1890 2185 2091 2239 discre-

518 2275 682 2327 tinnis
723 2273 1048 2337 differentia,
1083 2281 1280 2342 preter
1318 2287 1434 2328 eam
1468 2286 1585 2341 quae
1623 2273 1923 2327 secundum
1971 2287 2094 2326 cau-

518 2382 634 2417 sant
669 2377 720 2419 et
754 2364 974 2418 causale
1003 2379 1067 2419 ex
1104 2364 1453 2434 processibus
1491 2371 1737 2434 apparet.
1777 2361 1890 2417 Hoc
1917 2363 2091 2432 ipsum

519 2457 687 2518 enim,
718 2458 860 2524 quod
892 2456 1030 2510 alius
1064 2455 1137 2510 sit
1169 2469 1354 2522 causa,
1390 2455 1529 2511 alius
1579 2455 1827 2521 causale;
1882 2456 1983 2509 hoc
2011 2465 2094 2508 est

523 2550 662 2600 alius
711 2548 929 2611 quidem
967 2547 1036 2599 sit
1082 2545 1268 2611 Pater,
1297 2545 1436 2600 alius
1467 2544 1658 2611 Filius,
1711 2560 1972 2614 personas
2022 2549 2096 2602 si-

528 2642 636 2692 mul
668 2651 716 2692 et
745 2637 1126 2691 discretionem
1161 2636 1362 2706 signat.
1395 2634 1601 2706 Itaque,
1641 2639 1685 2690 si
1717 2638 1934 2706 quidem
1979 2654 2100 2707 pro—.

526 2747 715 2784 «esstts
766 2745 872 2784 non
928 2738 1096 2793 esset,
1143 2737 1201 2782 ut
1247 2728 1450 2782 dictum
1487 2736 1568 2782 est
1613 2728 1879 2797 profecto,
1925 2745 2098 2798 neque

525 2837 783 2875 numerus
821 2833 1179 2888 personarum
1208 2829 1375 2885 esset,
1409 2830 1810 2890 consequenter
1846 2837 1974 2876 vero
2000 2838 2098 2879 nec

525 2915 785 2968 'l'rinitas.

598 3010 698 3060 Alii
735 3009 897 3060 etiam
949 3006 1064 3059 sine
1095 3005 1461 3074 processibus,
1505 3005 1596 3073 qui
1629 3016 1753 3060 sunt
1803 3010 2096 3061 secundum

530 3115 746 3152 causam
781 3110 833 3151 et
861 3098 1094 3162 caus-ale,
1127 3098 1226 3150 tria
1269 3105 1478 3165 ponunt
1511 3111 1632 3154 esse
1678 3095 1846 3151 Deum
1881 3115 1893 3149 :
1940 3110 1993 3152 et
2028 3100 2099 3152 ita

532 3193 663 3243 nihil
703 3191 1010 3258 prohibebit
1040 3204 1155 3252 eos,
1209 3189 1312 3243 tria
1348 3205 1470 3243 cum
1506 3191 1637 3253 sint,
1687 3192 1738 3243 in
1778 3191 1886 3246 Deo
1934 3191 2172 3265 conft-c

529 3284 654 3347 teri,
700 3284 997 3336 secundum
1053 3296 1112 3336 se
1168 3280 1288 3336 sine
1343 3281 1608 3335 relatione
1656 3282 1721 3334 ad
1759 3280 2097 3345 alterutrum,

529 3377 670 3440 quod
727 3391 849 3426 cunt
907 3371 1160 3428 cssentiae
1216 3372 1477 3427 unitatem
1543 3372 1722 3439 tollat,
1774 3372 2098 3427 Arianorum

532 3466 828 3532 propositio
857 3475 960 3517 est.

604 3555 716 3609 Non
745 3557 918 3608 solum
946 3569 1076 3626 ergo
1095 3570 1200 3610 non
1225 3564 1443 3625 oportet
1467 3554 1701 3624 primum
1725 3569 1844 3609 esse
1865 3553 2100 3619 Patrem,

531 3648 723 3701 deinde
761 3647 1083 3715 genitorem,
1123 3661 1333 3711 verum,
1378 3661 1446 3700 ne
1499 3647 1728 3715 cogitari
1785 3646 1835 3700 id
1888 3648 2104 3715 quidem

531 3742 802 3795 convenit.
842 3740 975 3793 Nam
1025 3738 1071 3794 si
1117 3741 1292 3809 ipsum
1323 3739 1544 3809 gignere
1591 3737 1767 3793 Patris
1819 3755 2102 3807 personam

533 3837 729 3902 Signat,
768 3831 1040 3899 quomodo
1075 3831 1293 3885 sublato
1323 3845 1390 3887 eo
1439 3831 1558 3901 ipso
1590 3833 1831 3902 gignere,
1857 3832 1967 3901 jam
2005 3833 2107 3887 erit

533 3922 734 3976 Pater?
765 3925 871 3975 Aut
916 3923 1064 3975 enim
1101 3936 1277 3991 neque
1329 3919 1492 3977 Pater
1533 3925 1662 3982 erit.
1713 3924 1756 3977 si
1791 3924 1974 3978 dicere
2026 3923 2107 3978 fas

533 4023 637 4076 est,
691 4027 778 4066 aut
820 4027 968 4068 certe
1017 4013 1290 4078 confusio,
1343 4023 1435 4068 aut
1485 4015 1707 4069 tertium
1760 4017 1863 4070 erit
1904 4017 2108 4086 aliquid

534 4108 827 4159 secundum
881 4120 939 4162 se
990 4115 1046 4160 et
1095 4107 1426 4172 absolutum,
1483 4109 1713 4161 divisum
1766 4109 1831 4163 ab
1874 4111 2106 4164 essentia

538 4199 656 4252 Filii
708 4210 760 4252 et
814 4197 1071 4268 Spiritus.
1121 4199 1176 4252 ld
1234 4202 1408 4268 ipsum
1461 4209 1642 4253 autem
1697 4209 1754 4254 et
1804 4202 1870 4256 de
1923 4211 2111 4256 sancto

536 4293 743 4359 Spiritu
771 4293 1080 4346 dicendum.
1106 4291 1212 4347 Sed
1239 4292 1342 4346 ista
1365 4308 1496 4348 sane
1518 4293 1805 4363 phantasia
1829 4294 2107 4348 hominum

535 4400 722 4435 ειπυιιι
758 4393 863 4446 est,
895 4383 985 4450 qui
1018 4393 1262 4436 sanctam
1314 4382 1636 4436 Trinitatem
1666 4383 1822 4452 quasi
1866 4393 1976 4436 tres
2013 4385 2111 4435 ho-

539 4487 711 4522 mines
756 4476 818 4521 ad
872 4470 1105 4538 seipsam
1161 4470 1362 4524 habere
1417 4480 1645 4537 ponunt,
1696 4471 1854 4539 eique
1897 4471 2113 4540 indigne

2182 638 2462 690 admittere
2509 639 2641 691 dixit
2680 653 2738 689 ea
2793 653 2884 705 per
2917 654 3033 705 qute
3087 639 3342 704 cujusque
3392 655 3743 704 personarum

2182 728 2482 793 proprietas
2515 729 2949 789 commendatur,
2991 739 3043 780 et
3091 744 3183 795 per
3219 743 3336 794 quae
3371 729 3594 795 singulm
3634 731 3747 781 ἰείη-

2188 832 2304 868 rutn
2338 817 2572 871 discrcte
2597 819 2952 884 accipiuntur,
2997 819 3062 871 de
3089 820 3322 886 prepriis
3346 822 3636 872 secundum
3670 836 3746 883 sc,

2186 907 2746 976 substantialihusqtte
2779 909 3090 961 notionihus
3123 912 3337 977 proprie
3368 913 3606 964 disserit.
3643 914 3748 965 lta-

2184 1010 2288 1063 qnc
2327 997 2581 1062 possibile
2631 1013 2733 1049 non
2768 1007 2868 1062 est,
2919 999 2968 1049 in
3016 999 3203 1051 eadem
3243 1013 3495 1066 persona,
3533 1002 3752 1056 alterius

2185 1085 2345 1138 etiam
2413 1086 2798 1153 proprietatem
2865 1087 3076 1154 inspici.
3148 1088 3300 1141 Nulla
3352 1090 3496 1142 enim
3556 1092 3608 1143 in
3669 1093 3753 1145 his

2187 1177 2570 1240 communitas,
2608 1186 2700 1229 aut
2739 1179 3020 1232 conversio
3077 1180 3369 1232 inducitur.
3424 1180 3534 1233 Iloc
3587 1185 3749 1234 etiam

2189 1266 2484 1318 secundum
2533 1267 2817 1332 quamdam
2873 1270 3265 1336 Oppositionem
3316 1273 3606 1341 contingit,
3661 1291 3755 1341 per

2189 1369 2348 1422 quam
2387 1372 2488 1410 non
2518 1367 2601 1412 est
2631 1374 2818 1425 unum,
2849 1361 2990 1428 quod
3032 1371 3113 1415 est
3150 1363 3401 1424 alterum,
3455 1368 3751 1417 secundum

2191 1446 2402 1498 scilicet
2465 1449 2824 1515 appositionis
2894 1450 3175 1512 rationem,
3245 1453 3541 1504 secundum
3593 1469 3752 1521 quam

2193 1548 2364 1598 neque
2396 1539 2460 1587 ad
2492 1537 2722 1590 invicem
2753 1548 3104 1592 convertunt.

2261 1623 2524 1688 Quoniam
2569 1627 2733 1694 igitur
2781 1628 2833 1680 in
2870 1630 2979 1682 sola
3013 1644 3174 1682 causa
3211 1643 3264 1682 et
3305 1633 3507 1684 causali
3559 1633 3753 1685 divina:

2193 1727 2434 1778 personae
2501 1717 2908 1777 discernuntur,
2966 1719 3214 1786 istudque
3279 1722 3656 1774 universuliter
3703 1735 3757 1774 et

2194 1803 2416 1858 tlifiinite
2441 1807 2642 1860 dictum
2668 1818 2769 1873 est,
2790 1817 2841 1860 et
2867 1810 2977 1877 ipsa
3003 1823 3257 1877 praeterea
3286 1823 3472 1864 natura
3497 1815 3755 1876 dictante;

2125 1873 2163 1924 Β
2197 1908 2371 1961 neque
2396 1897 2543 1949 enim
2575 1912 2696 1951 esse
2728 1908 2909 1967 posset
2936 1902 3051 1954 sine
3079 1902 3267 1955 ordine
3300 1902 3555 1962 Trinitas.
3586 1905 3753 1956 maxi-

2197 1997 2281 2038 me
2328 2000 2447 2039 cum
2505 1987 2670 2040 etiam
2732 1990 2922 2044 tertius
2967 2005 3030 2044 ex
3083 1995 3256 2060 primo
3293 1995 3612 2048 naturaliter
3667 2011 3761 2062 per

2196 2077 2436 2132 medium
2494 2082 2786 2146 procedere
2843 2097 2940 2149 pro
2996 2084 3248 2137 confesso
3311 2084 3603 2149 habeatur;
3658 2089 3758 2140 tria

2198 2176 2374 2218 tamen
2399 2181 2518 2222 esse
2568 2171 2684 2224 sine
2712 2186 2974 2238 processu
3011 2182 3062 2225 et
3108 2174 3318 2235 ordine,
3355 2177 3614 2240 possibile
3645 2188 3760 2242 est;

2199 2273 2433 2327 eumque
2462 2269 2517 2312 ct
2561 2261 2692 2315 fides
2724 2277 3079 2331 persanarttm
3117 2266 3318 2320 indicet
3353 2270 3764 2334 discretionem,

2200 2361 2410 2404 constat
2451 2353 2714 2418 profecto,
2772 2357 2815 2408 si
2864 2357 3204 2412 discernendi
3263 2361 3370 2412 sint
3425 2364 3488 2414 ad
3531 2364 3759 2417 invicem

2203 2439 2367 2496 Filius
2398 2454 2447 2496 et
2476 2442 2730 2510 Spiritus,
2758 2462 2862 2499 non
2895 2448 2997 2500 alia
3028 2450 3354 2504 discretione
3381 2466 3538 2520 quam
3565 2469 3764 2507 secun-

2199 2531 2324 2586 dum
2373 2549 2594 2589 causam
2647 2546 2700 2591 et
2737 2539 2956 2592 causale
3010 2542 3320 2595 necessario
3373 2543 3763 2599 discernendos

2203 2638 2342 2688 esse,
2389 2626 2601 2695 qualem
2647 2629 2698 2681 in
2741 2631 2925 2684 eodem
2963 2647 3184 2699 genere,
3219 2638 3382 2689 etiam
3423 2637 3472 2690 in
3510 2638 3667 2692 l‘atre
3700 2643 3766 2692 ad

2204 2716 2399 2772 Filium
2432 2728 2486 2773 et
2515 2719 2777 2789 Spiritum
2810 2723 3056 2778 sanctum
3088 2729 3538 2793 deprehendimus
3577 2749 3587 2782 :
3624 2731 3768 2783 illam

2205 2795 2416 2877 quidem
2451 2812 2840 2879 generationis,
2883 2815 3022 2870 hanc
3050 2831 3173 2870 vero
3212 2822 3577 2886 processionis
3611 2827 3772 2875 ratio.

2207 2915 2292 2965 ne,
2345 2903 2635 2957 secundum
2678 2919 2860 2972 quam,
2916 2922 3089 2977 neque
3149 2908 3314 2963 Filius
3364 2912 3601 2981 Spiritus
3659 2928 3767 2979 est.

2208 3009 2382 3063 neque
2412 2995 2648 3065 Spiritus
2673 2997 2844 3052 Filius
2873 3018 2886 3052 :
2914 3003 3384 3067 quemadmodum,
3416 3021 3589 3073 neque
3617 3008 3773 3060 l’a.cr

2206 3085 2378 3139 Filius
2412 3097 2516 3154 est,
2550 3102 2723 3157 neque
2767 3089 2937 3145 Filius
2971 3091 3150 3156 Pater,
3189 3108 3362 3161 neque
3409 3097 3566 3150 Puin
3603 3101 3775 3166 Spiri-

2207 3188 2292 3231 tus
2339 3189 2558 3234 sanctus
2605 3197 2618 3233 :
2668 3197 2840 3248 neque
2893 3182 3129 3251 Spiritus
3187 3187 3348 3240 Pater
3402 3202 3505 3252 est,
3558 3204 3780 3261 propter

2208 3271 2591 3326 necessariam
2634 3274 2846 3329 scilicet
2879 3292 3054 3330 causa:
3099 3282 3439 3351 causalisque
3484 3288 3782 3349 oppositio.

2209 3378 2351 3429 nem,
2389 3365 2534 3418 nulla
2587 3367 2640 3420 in
2688 3363 2776 3421 his
2801 3370 3180 3437 conversione,
3215 3375 3327 3428 sive
3352 3377 3496 3429 omni
3529 3394 3778 3431 commu-

2211 3455 2370 3508 nione
2420 3457 2766 3525 subrepente.
2801 3459 2934 3513 Nam
2997 3462 3042 3514 si
3096 3465 3294 3518 nullam
3329 3469 3779 3522 communitatem

2209 3548 2507 3600 secundum
2572 3547 2958 3605 discreti’Onetn
3025 3559 3397 3610 convertemlo
3468 3559 3777 3626 intelligere.

2209 3636 2481 3698 convenit,
2518 3651 2743 3692 necesse
2783 3649 2866 3693 est
2898 3641 3029 3693 duas
3062 3645 3397 3698 substantias
3443 3650 3507 3698 ad
3547 3651 3775 3703 invicem

2211 3727 2377 3780 verbo
2421 3727 2580 3782 simul
2621 3729 2819 3798 accipi,
2871 3732 3359 3800 conversionisqne
3410 3751 3632 3792 servire
3692 3741 3776 3789 di-

2213 3817 2504 3886 gnitatem;
2535 3821 2777 3874 converti
2817 3823 2958 3875 enim
3011 3824 3060 3875 itt
3104 3823 3317 3879 duobus
3344 3826 3575 3892 dicitur;
3611 3845 3785 3899 neque

2215 3911 2355 3964 enim
2392 3908 2609 3965 Patrem
2659 3914 2874 3980 quidem
2924 3925 2976 3968 et
3009 3914 3225 3977 Filium,
3271 3919 3558 3984 quomodo-
3587 3920 3786 3972 habent

2214 4001 2278 4055 ad
2334 4001 2588 4067 invicem,
2627 4003 2897 4070 inspicere
2927 4013 3161 4073 oportet,
3190 4006 3383 4060 Filium
3411 4024 3538 4059 vero
3569 4021 3620 4060 et
3658 3987 3783 4075 Spi-

2217 4094 2380 4147 ritutn
2420 4109 2522 4147 non
2573 4104 2809 4162 oportet.
2843 4094 2918 4149 Ita
2956 4098 3102 4149 enim
3135 4099 3508 4155 conversionis
3551 4105 3789 4170 dignitas

2219 4189 2467 4254 personis
2496 4189 2858 4243 communiter
2888 4204 2991 4241 non
3027 4193 3360 4244 redderetur.

2288 4280 2553 4346 Quoniam
2589 4296 2718 4337 vero
2753 4284 3120 4340 communiter
3155 4286 3379 4339 reddere
3432 4301 3651 4342 necesse
3685 4299 3790 4352 est,

2218 4375 2312 4427 sed
2350 4383 2406 4428 et
2433 4375 2691 4428 discretio
2722 4376 3030 4429 necessaria
3074 4385 3177 4439 est,
3210 4378 3312 4431 nisi
3353 4379 3493 4432 dicat
3521 4381 3788 4448 quispiam

2219 4465 2514 4518 secundum
2576 4480 2798 4519 causam
2858 4475 2913 4520 et
2968 4469 3185 4522 causule
3244 4483 3273 4521 a
3333 4469 3468 4524 Filio
3526 4470 3790 4539 Spiritum

537 4559 828 4626 applicant,
857 4573 976 4626 quae
1006 4559 1056 4611 in
1089 4559 1317 4612 materia
1349 4560 1694 4626 contingunt,
1717 4573 1947 4628 eamque
1975 4559 2108 4612 nihil
2144 4563 2189 4622 D
2220 4561 2478 4624 discerni,
2513 4574 2688 4627 neque
2727 4559 3158 4618 conversionem.
3195 4575 3372 4630 neque
3407 4563 3792 4616 diSCf‘tfliOIlt'llt

537 4649 945 4704 insensibilibus
978 4659 1238 4718 [irmstare
1267 4651 1557 4705 sentiunt.‘
1583 4648 1755 4705 Porro
1784 4650 1898 4704 hate
1927 4649 2112 4718 opinio

537 4747 602 4794 de
632 4744 741 4796 Deo
771 4751 958 4794 nostro
999 4740 1398 4812 indignissime,
1432 4757 1494 4797 ac
1526 4743 1935 4800 dementissime
1982 4758 2116 4812 pra:-

535 4833 787 4885 Sutnilur'.

613 4925 834 4992 Magnus
876 4936 1140 4992 praeterea
1180 4923 1467 4994 Dionysius
1491 4926 1725 4981 discreta
1762 4927 1898 4979 dixit
1940 4927 2116 4980 Panis

537 5015 1068 5084 supersubstantiale
1111 5031 1305 5070 nomen
1341 5028 1396 5070 et
1442 5033 1577 5084 rem,
1620 5031 1674 5072 et
1700 5017 1819 5071 Filii
1856 5030 1908 5073 et
1941 5023 2114 5072 sancti

538 5107 799 5172 Spiritus,
828 5123 950 5162 cum
998 5107 1140 5161 nulla
1187 5109 1240 5162 in
1284 5109 1367 5163 his
1401 5111 1710 5175 conversio,
1750 5111 1863 5165 sive
1893 5110 2116 5163 omnino

535 5208 899 5261 communitas
931 5205 1336 5261 introducatur.
1373 5205 1606 5259 Basilius
1631 5208 1780 5270 item,
1810 5205 1863 5258 iti
1893 5207 2116 5274 cpistola

537 5302 602 5352 ad
657 5298 981 5368 Gregorium
1043 5297 1288 5362 fratrem,
1357 5299 1421 5352 de
1476 5297 1778 5352 differentia
1840 5299 2113 5362 essentia;

537 5401 700 5455 atque
729 5391 1047 5446 substantia:
1078 5391 1150 5445 ait
1189 5410 1201 5444 :
1241 5392 1506 5457 Quocirca
1534 5393 1586 5443 in
1616 5393 1857 5444 essentid:
1883 5408 2117 5443 commu-

541 5487 732 5546 nitate,
768 5487 1006 5537 notiones
1039 5499 1156 5552 σπη’
1186 5487 1239 5536 in
1283 5496 1462 5536 sancta
1500 5484 1761 5538 Trinilute
1785 5486 2118 5550 conspiciun-

540 5586 649 5638 lnr,
682 5577 888 5629 nullum
920 5580 1185 5642 accidens,
1223 5577 1530 5646 nullumque
1571 5588 1889 5633 consorhttm
1921 5582 2117 5629 admit-

539 5680 647 5722 tere
705 5670 949 5736 dicimus,
1017 5686 1108 5737 per
1165 5687 1296 5740 quas
1362 5674 1654 5738 praprictas
1713 5677 2115 5725 commendatur

536 5781 908 5838 personarum,
954 5780 1070 5834 quae
1101 5766 1155 5817 in
1214 5765 1315 5832 ﬁde
1369 5768 1678 5828 traduntur,
1727 5785 1840 5820 cum
1895 5771 2115 5839 singular

539 5858 769 5926 prop‘iis
801 5857 1099 5911 no.iombus
1125 5855 1364 5910 ‘discrt-le
1406 5858 1791 5928 intelliguntur.

2221 4653 2300 4706 eis
2352 4653 2562 4715 reddet,
2623 4654 2929 4720 peribitque
2983 4652 3054 4704 illi
3094 4653 3212 4708 Filii
3265 4658 3797 4722 supersuhstantiale

2222 4758 2418 4796 nomen
2453 4755 2506 4797 et
2539 4757 2646 4809 res,
2693 4745 2927 4797 discreto
2974 4760 3002 4796 a
3051 4745 3187 4799 Filio
3217 4756 3271 4799 et
3323 4759 3512 4802 sancto
3549 4748 3787 4817 Sp‘ritu;

2224 4835 2365 4888 nulla
2407 4835 2626 4902 quidem
2665 4838 3046 4899 convcrsimne,
3095 4839 3207 4890 sola
3252 4853 3380 4892 vero
3412 4845 3800 4895 C(ttttltttlniluli:

2223 4928 2605 4992 subintrante;
2640 4937 2800 4995 atque
2848 4928 2916 4981 ita
2951 4945 3055 4982 una
3100 4945 3336 4997 persona
3377 4937 3482 4984 erit
3533 4933 3700 4988 Filius
3747 4947 3797 4988 et

2228 5025 2486 5093 Spiritus,
2533 5041 2638 5079 non
2686 5028 2752 5079 ad
2785 5027 3309 5094 invieetn.disereti,
3347 5031 3440 5084 sed
3477 5032 3576 5086 hoc
3610 5035 3802 5086 absur-

2225 5121 2352 5168 dum
2383 5129 2484 5169 est.
2539 5117 2722 5182 Neque
2752 5118 2894 5170 enim
2943 5131 3092 5172 esset
3119 5117 3362 5174 Trinitas
3401 5123 3566 5186 Deus.
3610 5127 3804 5179 conluo

2226 5223 2414 5274 Stoque
2455 5222 2810 5272 petsonarunt
2858 5218 3217 5274 sequeretur;
3269 5218 3320 5264 et
3351 5213 3393 5264 si
3424 5213 3552 5281 quid
3590 5226 3674 5270 est
3710 5219 3807 5270 lin-

2219 5300 2482 5361 jnsmodi.
2520 5298 2686 5350 Filius
2719 5299 2898 5366 itaque
2940 5316 2966 5352 a
3005 5301 3209 5367 Spiritu
3239 5318 3417 5356 causa:
3455 5311 3805 5376 causalisque

2230 5391 2437 5443 ratione
2467 5391 2814 5444 discernitur.
2857 5392 2984 5454 Sed,
3018 5394 3061 5447 si
3094 5393 3198 5448 hoc
3235 5406 3339 5460 est,
3375 5401 3535 5452 etiam
3575 5417 3640 5456 ex
3669 5403 3803 5460 Eilm

2227 5496 2330 5538 est.
2365 5482 2558 5536 Filium
2595 5483 2739 5535 enim
2767 5485 2831 5537 de
2867 5484 3068 5551 Spiritu
3105 5503 3248 5549 esse,
3281 5489 3329 5541 id
3364 5493 3628 5560 prohibet,
3659 5499 3822 5563 quod'

2230 5581 2340 5648 ipse
2375 5595 2469 5648 per
2500 5579 2693 5634 Filium
2733 5592 2838 5635 est.
2869 5580 3064 5635 Verum
3098 5582 3334 5653 Spiritus
3363 5588 3606 5655 profecto
3631 5590 3805 5658 Spiri-

2230 5688 2313 5730 tus
2341 5691 2448 5729 non
2483 5684 2646 5736 esset,
2681 5675 3011 5743 proprietate
3043 5677 3205 5742 illius,
3241 5696 3360 5748 qua:
3390 5693 3473 5735 ρει
3505 5686 3800 5738 secundum

2229 5784 2514 5837 processus
2567 5767 2857 5829 rationein,
2900 5778 3040 5822 mola
3093 5784 3107 5822 :
3155 5774 3432 5839 quomodo
3466 5775 3608 5827 enim
3661 5789 3808 5832 esset

2229 5862 2551 5928 substantia,
2602 5863 2949 5916 suhstantiali
3010 5864 3182 5932 ipsius
3242 5869 3577 5938 preptieiate
3626 5874 3806 5925 meta?
