4462 6440
479 447 579 507 HS

1555 436 1945 495 ADVERSUS
1989 436 2298 494 GR‘ECOS
2343 436 2480 495 LIB.
2523 436 2632 493 lli.

3598 416 3693 476 146

469 555 624 605 Pater
652 548 773 610 erit,
798 561 929 615 quas
964 546 1163 597 scilicet
1198 544 1415 613 gignere
1440 553 1489 595 et
1523 545 1817 608 producere
1852 543 2021 604 signa-
2060 546 2101 600 Λ
2134 554 2354 596 sanctus
2387 559 2398 594 :
2430 543 2705 609 quoniam.
2739 549 2792 592 ut
2824 540 3077 599 diximus,
3110 538 3250 590 nulla
3289 537 3565 602 relationis
3595 542 3690 587 oh-

471 645 569 700 hic,
602 651 656 692 ut
707 641 769 690 ad
830 641 932 690 duo
976 639 1160 698 etiam,
1211 646 1260 688 et
1308 635 1446 699 quod
1491 635 1749 702 nascitur,
1797 644 1847 684 et
1885 635 2026 698 quod

474 733 787 796 producitur
815 730 1029 796 proprie
1049 727 1232 780 referri
1261 727 1448 792 possit,
1475 736 1563 778 aut
1590 725 1731 792 quod
1772 726 2027 791 gignitur,

473 834 530 872 et
568 822 706 888 quod
758 819 1091 888 producitur,
1133 836 1233 871 una
1268 833 1496 885 persona
1541 818 1678 882 erit;
1731 817 1943 883 quippe.
1977 825 2029 867 ct

481 912 634 961 l'ater
671 911 917 978 gignens,
949 924 1008 961 ac
1040 910 1358 976 producens,
1383 923 1484 959 una
1511 921 1732 977 persona
1755 916 1854 963 est.
1884 908 2034 959 Sicut

475 1006 616 1054 enim
677 1018 847 1070 neque
897 1003 1055 1056 Pater
1106 1003 1170 1055 ad
1218 1017 1274 1055 se
1309 1003 1502 1070 ipsum,
1546 1008 1836 1056 secundum
1888 1004 2028 1070 quod

477 1095 695 1160 gignere
751 1101 804 1144 ct
863 1093 1154 1158 producere
1215 1092 1434 1155 dicitur,
1482 1092 1806 1146 discernitur
1859 1111 1870 1145 :
1920 1097 2031 1154 ita,

484 1195 654 1245 neque
687 1180 829 1245 quod
875 1181 1130 1249 gignitur,
1160 1189 1320 1246 atque
1371 1180 1704 1246 producitur,
1738 1184 1802 1233 ad
1835 1195 1895 1234 ea
1928 1182 2034 1234 dis-

479 1280 750 1332 cernctur,
795 1271 859 1320 ad
914 1284 1031 1336 qum
1076 1271 1294 1339 gignere
1343 1285 1404 1322 ac
1435 1272 1731 1338 producere
1778 1271 2036 1323 redditur.

483 1357 620 1410 Nihil
652 1360 831 1426 itaque
855 1359 1099 1425 prohibet
1132 1359 1407 1414 relationis
1452 1359 1734 1428 oppositio,
1772 1360 1937 1412 Deum
1973 1372 2038 1413 ex

484 1447 591 1497 Deo
623 1463 742 1500 esse
769 1450 892 1512 dici,
919 1451 982 1501 ad
1022 1449 1246 1502 invicem
1288 1448 1478 1502 Filium
1519 1460 1570 1502 et
1603 1447 1884 1516 Spiritum.
1928 1447 2038 1500 Nisi

482 1551 656 1589 autem
715 1539 827 1593 haec
878 1542 992 1604 sit,
1044 1541 1345 1594 communis
1404 1541 1639 1592 essentia
1695 1539 2038 1604 relinquitur,

481 1629 773 1680 secundum
830 1644 993 1696 quam
1054 1629 1195 1681 nulla
1247 1629 1500 1681 discretio
1543 1628 1684 1690 Filii,
1720 1636 1774 1681 et
1810 1628 2045 1695 Spiritus

483 1721 782 1785 in~picitur.
818 1719 941 1773 ideo
971 1721 1134 1774 etiam
1171 1721 1477 1774 necessario
1520 1720 1788 1786 sequitur,
1824 1719 2040 1780 Filium,

482 1819 537 1861 et
583 1809 841 1876 Spiritum
900 1826 1057 1864 unam
1112 1827 1393 1882 personam
1437 1825 1578 1877 esse,
1613 1811 1759 1864 nulla
1821 1811 2044 1865 relativa

483 1901 820 1965 oppositione
861 1902 1204 1960 obsistente:
1253 1903 1543 1970 neutrique
1594 1903 1808 1966 horum,
1870 1913 1926 1954 ttt
1982 1904 2047 1954 ad

488 1990 713 2043 invicem
752 1990 893 2044 Deus
922 2007 984 2045 ex
1023 1993 1129 2046 Deo
1157 1994 1364 2046 dicatur
1390 2008 1542 2055 esse,
1578 1995 1924 2048 concedetur.

557 2080 688 2132 Nam
736 2082 780 2134 si
827 2083 948 2150 quis
997 2083 1098 2136 hoc
1134 2093 1318 2154 neget,
1357 2099 1576 2138 necesse
1629 2084 1733 2138 erit
1781 2094 1838 2137 ut
1894 2085 2052 2139 simul

486 2180 645 2237 neget
699 2173 782 2225 vel
844 2171 1008 2226 Deum
1063 2188 1127 2227 ex
1170 2173 1280 2228 Deo
1329 2191 1447 2229 esse
1491 2175 1710 2241 Filium,
1751 2175 1832 2229 vel
1885 2177 2051 2229 Deum

485 2273 647 2329 atque
698 2278 760 2316 ex
816 2263 923 2318 Deo
963 2279 1086 2318 esse
1140 2263 1399 2334 Spiritum
1449 2276 1692 2320 sanctum
1755 2274 1847 2319 aut
1890 2266 2052 2320 alium

489 2352 655 2407 Deum
700 2369 818 2409 esse
875 2355 1093 2421 Filium,
1144 2358 1308 2410 alium
1374 2356 1633 2423 Spiritum
1691 2366 1960 2411 sanctum.
1997 2357 2055 2410 Si

485 2444 632 2497 enim
658 2457 944 2515 utrumque
971 2448 1164 2501 Filium
1188 2458 1239 2503 et
1270 2448 1533 2519 Spiritum
1568 2458 1814 2503 sanctum
1848 2449 2058 2503 scilicet

488 2537 554 2588 ad
594 2535 806 2590 Patrem
842 2540 1079 2608 quidem,
1138 2540 1300 2593 Deum
1332 2555 1395 2595 ex
1446 2541 1551 2594 Deo
1606 2541 1712 2595 dici
1771 2541 2056 2604 concedet,

492 2642 596 2680 non
629 2639 807 2683 autem
838 2631 1000 2683 etiam
1025 2633 1089 2682 ad
1121 2631 1368 2692 invicem.
1389 2646 1452 2685 ex
1495 2631 1718 2684 dimidio
1753 2631 1856 2684 illis
1891 2631 2057 2684 Deum

491 2731 559 2770 ex
616 2718 722 2772 Deo
773 2733 914 2785 esse,
967 2722 1168 2774 reddet.
1211 2720 1386 2775 Veluti
1448 2723 1512 2774 ad
1567 2721 1783 2774 Patrem
1844 2721 2058 2788 quidem

495 2809 685 2873 lilium,
730 2818 786 2864 et
837 2813 1100 2878 Spiritum
1150 2820 1399 2887 sanctum
1458 2812 1702 2866 ordinem
1753 2812 1952 2866 habere
1997 2826 2060 2866 ac

495 2899 728 2953 discerni
755 2902 1076 2964 concedens,
1107 2916 1213 2955 non
1239 2902 1402 2956 etiam
1431 2902 1498 2955 ad
1535 2902 1768 2956 invicem
1812 2902 2063 2956 ordinem

499 2990 718 3055 habere,
751 3001 909 3060 atque
947 2994 1179 3046 discerni
1219 2993 1569 3058 concederet,
1603 3007 1775 3062 neque
1820 2996 1888 3047 ad
1920 2993 2064 3047 invi-

496 3095 613 3133 cem
662 3081 933 3147 perfectas
971 3097 1093 3137 esse
1143 3083 1478 3138 substantias
1537 3082 1911 3138 conﬁteretur.
1958 3085 2064 3138 Sed

2135 643 2240 686 stat
2290 634 2578 700 Oppositio,
2606 641 2695 682 aut
2743 631 2935 682 Filium
2971 640 3136 681 totntn
3173 644 3231 679 ex
3263 627 3397 680 Filio
3434 637 3544 678 toto
3572 628 3695 677 th-

2135 724 2362 782 sisterc;
2397 724 2483 787 qui
2508 720 2648 772 enim
2682 721 2778 772 hoc
2807 730 2987 782 negat,
3013 728 3103 770 aut
3136 730 3297 771 totam
3330 731 3486 767 unam
3515 733 3695 782 νοτερ-

2139 829 2283 872 nam,
2321 813 2508 864 Filium
2552 825 2598 866 et
2634 815 2890 878 Spiritum
2925 825 3165 868 sanctum
3204 819 3565 875 confitebitur.
3604 824 3695 865 aut

2140 918 2244 954 non
2275 913 2442 954 totum
2471 918 2532 952 ex
2560 912 2671 954 toto
2699 919 2816 955 esse
2851 903 3063 968 Filium,
3088 921 3258 969 neque
3295 918 3459 956 totum
3493 924 3553 956 ev
3588 917 3698 954 toto

2141 1005 2259 1044 esse
2311 989 2569 1056 Spiritum
2630 1003 2895 1053 sanctum,
2932 1003 3040 1057 aut,
3072 1009 3243 1060 neque
3307 996 3498 1047 Filium
3535 995 3698 1047 Deum

2146 1091 2314 1133 totum
2345 1096 2482 1140 esse.
2520 1096 2691 1146 neque
2731 1084 2985 1150 Spiritum
3016 1086 3180 1135 Deum
3214 1095 3405 1147 totum,
3443 1096 3530 1136 aut
3563 1086 3703 1135 aliud

2148 1183 2315 1224 totum
2349 1186 2465 1224 esse
2509 1171 2730 1235 Filium,
2763 1184 2816 1226 et
2853 1175 2993 1226 aliud
3049 1185 3215 1227 totum
3262 1175 3520 1242 Spiritum
3580 1190 3706 1224 san-

2148 1275 2316 1326 ctum,
2349 1264 2441 1316 sed
2505 1265 2603 1316 ista
2664 1264 2904 1331 profecto
2959 1268 3135 1332 inepta
3181 1276 3232 1318 et
3268 1268 3500 1321 absurda
3565 1277 3706 1318 sunt.

2149 1354 2332 1423 Neque
2375 1355 2517 1407 enim
2572 1353 2830 1417 Trinitas.
2886 1373 3060 1425 neque
3121 1359 3367 1410 essentia:
3416 1358 3593 1409 unitas
3639 1357 3708 1406 ita

2154 1459 2480 1501 servaretur.
2696 1447 2698 1450 ’

2223 1538 2509 1594 Enimvero
2554 1542 2804 1608 quoniam
2840 1549 3057 1608 propter
3090 1540 3173 1590 illa
3218 1555 3336 1607 qua:
3377 1540 3517 1592 dicta
3568 1551 3710 1599 sunt,

2154 1623 2319 1680 Filius
2365 1637 2526 1682 'totus
2581 1645 2642 1680 ex
2700 1638 2813 1681 toto
2863 1629 2929 1680 sit
2973 1627 3128 1681 Filio.
3185 1631 3251 1679 At
3285 1628 3405 1680 Filii
3441 1638 3631 1689 totum,
3664 1639 3715 1678 ct

2155 1719 2331 1772 Patris
2367 1727 2560 1780 totum,
2606 1736 2768 1772 unum
2814 1728 2982 1771 totum
3027 1734 3146 1771 esse
3191 1725 3483 1771 secundum
3524 1733 3716 1772 essen-

2153 1809 2304 1866 tiam.
2351 1818 2561 1861 servata
2609 1809 2817 1862 scilicet
2855 1809 3190 1876 oppositione
3241 1810 3516 1878 gignendi,
3555 1821 3716 1881 atque

2153 1898 2430 1951 nascendi.
2470 1898 2652 1966 Itaque
2687 1909 2832 1951 totus
2866 1913 2928 1952 ex
2956 1899 3113 1952 Patre
3139 1911 3266 1963 toto,
3305 1912 3355 1953 et
3391 1901 3714 1966 Filin,qttnsi

2150 2003 2214 2040 ex
2255 2001 2360 2040 uno
2387 1997 2497 2040 toto
2528 1988 2759 2055 Spiritus
2783 1999 2886 2052 est,
2914 1990 3075 2042 veluti
3097 2005 3157 2042 ex
3194 1990 3374 2052 Patre,
3409 2000 3460 2042 et
3492 1989 3718 2048 Filio,ut

2153 2091 2216 2130 ex
2276 2091 2381 2129 uno
2422 2075 2530 2129 Deo
2578 2095 2590 2130 :
2633 2077 2931 2130 secundum
2992 2079 3206 2144 quidem
3267 2079 3717 2146 signiﬁcationem

2153 2175 2291 2239 ejus,
2324 2180 2466 2240 quod
2511 2185 2590 2229 est
2621 2185 2764 2228 totus
2802 2183 2855 2228 et
2888 2173 3030 2226 Deus
3066 2191 3075 2223 :
3121 2181 3192 2232 et,
3220 2170 3262 2222 si
3293 2170 3419 2235 quid
3466 2168 3606 2219 aliud
3646 2168 3721 2218 eis

2157 2268 2221 2320 ad
2251 2266 2482 2321 invicem
2518 2281 2803 2320 commune
2841 2274 2946 2328 est,
2977 2263 3236 2317 relatione
3269 2275 3370 2312 non
3405 2261 3720 2315 obsistente.

2157 2373 2276 2410 cum
2329 2373 2491 2410 unum
2544 2358 2674 2422 sint,
2707 2357 3002 2411 secundum
3053 2369 3201 2416 rem;
3245 2351 3542 2405 secundum
3599 2365 3724 2404 vero

2157 2449 2557 2517 paternitatem.
2594 2457 2646 2503 et
2703 2448 3067 2507 nativitatem.
3102 2445 3414 2499 substantiis
3441 2442 3720 2512 [byposta-

2160 2539 2347 2611 tibus],
2375 2551 2432 2594 ut
2462 2541 2664 2594 dictum
2695 2539 3189 2603 est,diseernantnr
3217 2553 3231 2588 :
3265 2537 3521 2603 quoniam
3553 2536 3602 2586 in
3634 2534 3721 2585 his

2159 2632 2378 2700 quidem
2401 2632 2665 2701 Oppositio
2695 2633 2976 2698 inspicitur
3013 2649 3026 2684 :
3068 2631 3120 2681 in
3154 2629 3238 2683 his
3270 2638 3447 2681 autem
3486 2626 3725 2680 nomini-

2161 2725 2285 2785 bus.
2317 2723 2459 2787 Deus
2515 2735 2567 2776 et
2613 2734 2778 2787 l0ltl3,
2836 2723 3042 2776 scilicet
3076 2724 3271 2775 unitas.
3301 2724 3468 2789 Igitur
3517 2735 3543 2770 a
3596 2719 3730 2771 Filio

2162 2817 2457 2870 secundum
2500 2831 2678 2870 causa:
2715 2816 3051 2881 causalisqne
3095 2815 3356 2866 rationem
3405 2813 3735 2866 discernitur

2165 2903 2402 2972 Spiritus
2431 2914 2674 2959 sanctus.
2702 2904 2920 2969 Quodsi
2948 2913 3091 2956 totus
3115 2917 3175 2954 ev
3207 2901 3493 2956 totoPatre
3515 2901 3732 2961 dicitur,

2165 2996 2256 3050 sed
2278 3010 2340 3049 ex
2367 2995 2525 3050 Patre
2574 3012 2667 3064 per
2703 2995 2896 3048 Filium
2934 3011 3052 3050 esse
3096 3011 3122 3048 a
3157 2995 3426 3060 theologis
3459 3008 3737 3048 assevera-

2167 3094 2273 3148 tur,
2312 3085 2390 3139 sic
2411 3085 2557 3138 enim
2595 3083 2849 3138 Ecclesize
2882 3083 3121 3150 magistri
3161 3083 3493 3149 complexum
3519 3098 3741 3151 proces-

496 3173 639 3224 enim
677 3170 842 3225 Filius
881 3172 1019 3228 Deus
1044 3188 1167 3227 cum
1193 3174 1261 3228 sit
1285 3188 1347 3227 ex
1374 3174 1502 3238 Deo,
1533 3175 1599 3228 de
1636 3181 1826 3228 sancto
1859 3174 2061 3244 Spiritu
2091 3176 2134 3233 C
2168 3177 2335 3231 sionis
2378 3178 2551 3229 sancti
2598 3175 2835 3244 Spiritus
2874 3175 3240 3228 definitionem
3289 3175 3430 3227 illius
3477 3175 3736 3227 substan-

501 3277 604 3315 non
644 3271 746 3326 est,
781 3272 1001 3332 prepter
1035 3264 1124 3320 illa
1161 3279 1278 3333 qua)
1306 3276 1608 3329 sequuntur
1637 3267 1898 3319 absurda.

575 3354 667 3407 Est
723 3356 883 3423 igitur
934 3357 1075 3411 Dens
1124 3372 1190 3412 ex
1245 3358 1351 3410 Deo
1383 3357 1525 3411 Filio
1564 3357 1800 3427 Spiritus
1827 3367 2068 3421 sanctus,

501 3446 939 3513 quandoquidem
997 3449 1158 3501 etiam
1209 3462 1306 3515 per
1361 3448 1534 3516 ipsum
1579 3449 1873 3517 procedere
1920 3463 2070 3503 asse-

503 3539 690 3590 ritur:
731 3539 952 3606 solaque
1009 3555 1168 3594 causa
1226 3550 1278 3594 et
1314 3541 1516 3596 causali
1574 3541 1785 3596 divinas
1839 3541 2070 3596 discerni

504 3643 782 3694 personas,
811 3645 909 3695 pro
940 3631 1187 3685 confesso
1214 3631 1465 3685 habetur.
1491 3631 1555 3685 Et
1584 3633 1838 3700 quoniam
1875 3647 2076 3687 secun-

505 3720 631 3772 dum
669 3721 739 3782 id,
766 3724 908 3788 quod
965 3725 1102 3777 Deus
1147 3735 1248 3786 est,
1305 3740 1409 3778 non
1477 3725 1807 3780 discernitur
1854 3740 1882 3778 a
1938 3725 2078 3780 Filio

508 3811 702 3876 Pater;
749 3828 869 3865 nam
925 3815 970 3866 si
1014 3822 1242 3882 uterque
1290 3816 1454 3880 Deus,
1479 3831 1584 3870 non
1619 3825 1798 3871 tamen
1828 3817 1931 3871 duo
1963 3818 2074 3884 dii,

509 3919 644 3956 unus
697 3905 839 3957 enim
897 3905 1037 3959 Dens
1097 3919 1178 3960 est
1212 3926 1224 3960 :
1257 3918 1471 3963 constat
1509 3923 1574 3964 ex
1618 3908 1778 3966 Patre
1817 3921 1871 3966 et
1917 3910 2075 3976 Filio,

511 3996 676 4048 veluti
729 4011 790 4049 ex
853 4013 960 4051 uno
1015 4000 1144 4064 Deo,
1175 4015 1292 4054 esse
1343 3999 1604 4070 Spiritum
1642 4012 1894 4057 sanctum
1927 4019 2078 4059 :non

511 4087 807 4140 secundum
837 4089 978 4156 quod
1009 4093 1133 4154 duo,
1153 4093 1244 4143 sed
1273 4091 1566 4145 secundum
1589 4094 1732 4161 quod
1752 4107 1914 4146 unum
1933 4104 2080 4157 sunt,

513 4180 840 4243 producendi
891 4183 1101 4234 ratione
1143 4182 1352 4236 scilicet
1383 4183 1612 4237 servatis
1659 4185 2081 4252 pr0prietatibus

511 4270 788 4334 gignendi,
821 4283 885 4323 ac
917 4271 1169 4324 nascendi
1217 4288 1230 4323 :

511 4370 736 4416 sanctus
767 4362 1079 4429 productus,
1111 4365 1226 4418 sive
1265 4364 1566 4432 procedens
1601 4367 1897 4420 secmtdnm
1925 4383 2081 4421 suam

513 4453 924 4508 substantialem
979 4456 1389 4524 proprietatem.
1439 4455 1560 4509 Non
1606 4465 1782 4511 autem
1825 4459 2081 4526 possibile

1289 4270 1427 4326 Deus
1479 4286 1606 4327 vero
1639 4280 1722 4326 est
1754 4283 1808 4328 et
1847 4273 2086 4342 Spiritus
2139 4277 2145 4283 ’

2171 3270 2259 3324 tite
2289 3269 2686 3338 explicuerunt,
2726 3276 2778 3320 et
2827 3267 3120 3321 secundmn
3149 3267 3267 3320 illos
3303 3283 3426 3319 cum
3463 3283 3525 3319 ex
3560 3265 3738 3326 Patre,

2172 3360 2402 3422 dicatur,
2453 3368 2546 3411 aut
2577 3373 2642 3412 ex
2693 3355 2849 3411 Patre
2883 3367 2992 3410 toto
3042 3358 3345 3426 intelligere
3389 3357 3662 3413 convenit,
3693 3355 3738 3405 si

2173 3466 2315 3504 cura:
2357 3449 2512 3503 nobis
2541 3457 2624 3503 est
2660 3449 2811 3517 juxta
2856 3449 3065 3502 illorum
3095 3449 3466 3510 traditionem,
3503 3457 3556 3499 et
3584 3449 3741 3499 simul

2175 3542 2323 3597 initia
2358 3543 2480 3596 lidei
2531 3545 2827 3606 servando,
2863 3542 3156 3597 secundum
3202 3542 3445 3596 ordinem
3497 3539 3746 3594 differen-

2179 3634 2308 3688 tium
2340 3649 2719 3702 processuum,
2749 3645 2910 3704 atque
2960 3635 3286 3688 coorientem
3339 3635 3405 3685 ah
3449 3633 3533 3686 his
3570 3646 3745 3685 causre

2176 3726 2486 3792 causalique
2526 3727 2944 3790 discretionem,
2983 3726 3193 3778 divinas
3250 3724 3580 3790 distinguere
3622 3739 3747 3788 per-

2177 3833 2358 3883 sonas,
2390 3821 2624 3872 maxime
2670 3835 2790 3873 cum
2859 3818 3035 3873 Patris
3086 3828 3255 3872 totum
3315 3833 3417 3869 non
3475 3817 3616 3868 aliud
3677 3818 3749 3866 sit

2177 3927 2337 3981 quam
2388 3921 2554 3966 totum
2598 3911 2751 3980 Filiiz;
2801 3929 2967 3964 ntmm
2999 3913 3140 3965 enim
3176 3921 3251 3964 est
3289 3920 3456 3962 totum
3481 3953 3493 3972 ,
3529 3910 3666 3961 sicut
3695 3919 3747 3982 et

2179 4003 2391 4056 illorum
2437 4016 2541 4054 una
2582 4002 2815 4054 essentia
2850 4010 2932 4054 est
2967 4020 2978 4054 :
3016 4001 3103 4052 ubi
3150 4000 3354 4052 scilicet
3409 4015 3513 4051 non
3574 3999 3750 4049 obstat

2179 4092 2455 4146 relationis
2507 4093 2794 4160 oppositio.
2838 4092 3074 4159 Spiritus
3126 4101 3302 4143 antem
3352 4101 3494 4144 totus
3532 4091 3747 4158 quidem

2180 4189 2282 4245 est,
2317 4179 2666 4249 ejusdemque
2704 4182 2950 4235 essentia:
2980 4195 3097 4232 cum
3138 4181 3292 4231 Patre
3326 4190 3377 4230 et
3414 4179 3570 4240 Filio,
3606 4189 3749 4231 “illis

2181 4289 2310 4327 vero
2335 4275 2652 4341 productus,
2685 4275 2799 4326 sive
2824 4274 3121 4340 procedens
3143 4282 3242 4335 est,
3276 4273 3571 4324 secundum
3599 4287 3750 4320 suam

2183 4364 2591 4416 substantialem
2620 4365 3026 4432 proprietatem.
3055 4362 3166 4415 Non
3198 4373 3371 4428 potest
3401 4374 3578 4416 autem
3613 4363 3750 4412 idem

2183 4469 2304 4508 esse
2361 4455 2501 4521 quod
2563 4454 2829 4520 producit,
2863 4462 2915 4508 et
2958 4455 3098 4522 quod
3139 4454 3483 4522 producitur;
3515 4452 3646 4506 nihil
3677 4462 3756 4504 est

512 4552 616 4608 est,
649 4544 788 4597 idem
827 4518 1140 4614 essm-quod
1168 4545 1434 4614 producit.
1465 4557 1520 4602 et
1561 4548 1704 4619 quod
1739 4518 2077 4618 producitur.
2108 4518 2157 4575 Β
2185 4546 2326 4598 enim
2365 4518 2508 4614 quod
2552 4518 2630 4597 sui
2671 4546 2840 4614 ipsius
2876 4518 3040 4600 causa
3070 4518 3187 4599 sit:
3234 4553 3285 4599 et
3314 4546 3473 4600 simul
3507 4546 3756 4597 immobi-

515 4645 736 4704 propter
773 4638 1099 4692 immobilem
1137 4644 1553 4708 proprietatem.

591 4727 880 4792 Praeterea,
911 4729 1209 4782 secundum
1247 4732 1489 4785 eamdem
1519 4735 1806 4797 rationem,
1829 4735 2084 4802 quoniam

520 4819 659 4871 Deus
694 4828 856 4883 totus,
887 4835 950 4872 ex
1005 4830 1118 4874 toto
1156 4820 1208 4874 in
1242 4822 1439 4876 divinis
1473 4825 1720 4891 personis
1746 4840 1772 4877 a
1813 4825 2084 4892 theologis

517 4911 796 4972 asseritur,
854 4910 993 4965 Deus
1041 4913 1185 4966 enim
1225 4925 1434 4978 partem
1493 4930 1596 4967 non
1656 4916 1816 4969 habet
1853 4934 1866 4970 :
1897 4927 1949 4970 et
1981 4933 2083 4970 non

518 5002 689 5070 magis
724 5017 1062 5072 quaecunque
1093 5004 1397 5057 substantia
1428 5004 1606 5058 minus
1642 5015 1723 5060 est
1756 5005 1895 5058 Dens
1923 5017 2083 5068 lotus,

517 5104 681 5160 atque
728 5093 1024 5160 perfectus,
1059 5109 1218 5162 quam
1269 5105 1378 5148 tota
1414 5095 1575 5149 simul
1607 5108 1791 5149 sancta
1827 5096 2087 5163 Trinitas,

519 5185 814 5237 secundum
870 5185 991 5240 lidei
1041 5185 1401 5255 positionem;
1433 5187 1590 5240 aliter
1615 5187 1760 5240 enim
1793 5204 1859 5242 ex
1893 5189 2090 5256 imper-

520 5276 678 5330 fectis
699 5285 839 5330 esset
869 5277 1025 5339 Deus,
1055 5287 1216 5343 atque
1239 5292 1303 5329 ex
1337 5279 1583 5345 partibus
1611 5289 1922 5334 constaret:
1947 5281 2089 5347 quod

522 5379 702 5421 autem
739 5368 934 5424 dicitur
968 5379 1112 5423 totus
1145 5383 1210 5423 ex
1243 5379 1375 5433 toto,
1399 5370 1426 5422 ὲ
1449 5385 1607 5424 causa
1643 5384 1764 5425 esse
1796 5372 2088 5438 signiﬁcat.

523 5463 862 5529 Quapropter
907 5461 1064 5514 Pater
1097 5461 1313 5529 quidem
1361 5471 1505 5516 totus
1532 5471 1633 5526 est,
1660 5478 1724 5516 ex
1760 5473 1870 5516 tcto
1911 5473 2088 5517 autem

524 5570 628 5607 non
665 5563 764 5616 est,
796 5570 825 5608 a
855 5554 1001 5608 nullo
1048 5555 1188 5607 enim
1224 5564 1327 5608 est.
1375 5554 1541 5609 Filius
1583 5566 1766 5609 autem
1817 5567 1981 5614 totus.
2026 5574 2091 5610 cx

525 5645 687 5700 Patre
714 5657 824 5700 toto
846 5656 947 5713 est,
975 5655 1029 5701 et
1055 5644 1290 5714 Spiritus
1310 5656 1470 5710 totus,
1499 5663 1561 5701 ex
1589 5655 1698 5702 toto
1718 5648 1875 5703 Patre
1899 5649 2090 5703 simili-

527 5738 631 5794 ter'.
658 5741 890 5794 Necesse
912 5751 1158 5808 estergo,
1184 5727 1409 5793 si‘initia
1431 5740 1550 5792 lidei
1580 5755 1802 5794 servare
1821 5743 2090 5803 volumus,

527 5843 675 5888 totus
703 5848 821 5889 cum
853 5834 922 5889 sit
948 5831 1113 5888 Filius
1145 5831 1282 5888 Deus
1317 5841 1568 5903 totusque
1592 5833 1655 5887 sit
1693 5832 1829 5888 Deus
1862 5834 2094 5903 Spiritus

2193 4636 2293 4688 lem
2339 4636 2720 4704 proprietatem
2770 4639 2973 4688 servari
3008 4650 3230 4690 necesse
3268 4643 3348 4688 est
3395 4644 3611 4702 promer
3659 4636 3758 4684 im-

2194 4723 2443 4776 mobilem
2489 4724 2812 4778 beatissimre
2846 4725 3130 4778 Trinitatis
3165 4725 3434 4777 ordinem.

2265 4814 2552 4876 Prtelerea.
2591 4816 2830 4869 omnium
2863 4818 3138 4868 nominum
3173 4832 3290 4881 qum
3318 4817 3422 4869 Deo
3476 4819 3760 4884 assignan-

2197 4914 2303 4967 tur,
2349 4920 2409 4958 ca
2447 4906 2660 4972 quidem
2715 4921 2834 4973 quae
2885 4907 3288 4973 quomodolibet
3329 4908 3554 4959 relative
3603 4910 3654 4958 in
3699 4925 3762 4962 eo

2196 4996 2298 5048 dici
2354 5008 2611 5063 possunt,
2667 5011 2929 5064 personas
2985 4998 3239 5063 signant;
3291 4998 3534 5063 quaadam
3603 5013 3762 5058 vero,

2199 5103 2364 5139 ttnum
2398 5088 2558 5139 Deum
2594 5087 3320 5149 indiscrete,continendam.
3355 5090 3582 5140 Prorsus
3620 5104 3768 5144 vero.

2199 5181 2286 5234 ubi
2324 5196 2426 5234 non
2463 5180 2682 5234 obsistit
2714 5179 2990 5233 relationis
3037 5178 3344 5247 Oppositio.
3398 5195 3500 5231 non
3545 5181 3768 5233 reddere

2199 5272 2568 5341 qualecunque
2639 5284 2830 5326 nomen
2897 5271 2945 5321 in
3006 5268 3112 5322 Deo
3190 5270 3414 5332 dicitur,
3477 5285 3764 5336 personam

2200 5366 2496 5419 secundum
2554 5367 2841 5418 essentiam
2915 5365 3233 5416 imminuere
3300 5375 3420 5425 est,
3478 5365 3561 5417 cui
3638 5364 3766 5416 illud

2203 5473 2397 5511 nomen
2426 5457 2704 5526 aptissime
2730 5472 3050 5524 congruum,
3080 5458 3376 5509 secundum
3432 5458 3508 5508 rei
3559 5457 3767 5524 signiti-

2201 5550 2468 5603 cationem
2496 5565 2601 5603 non
2634 5549 2893 5602 redditur.
2921 5550 3073 5611 Puta,
3106 5548 3264 5600 Patcr
3293 5549 3510 5616 quidem
3553 5563 3746 5602 notnen

2203 5654 2254 5698 et
2277 5641 2443 5697 Filius
2470 5653 2524 5696 et
2544 5643 2776 5710 Spiritus
2798 5651 3040 5702 sanctus,
3059 5642 3486 5709 paternitasque,
3508 5650 3558 5694 et
3581 5643 3775 5694 nativi-

2203 5750 2304 5801 tas,
2340 5748 2391 5790 et
2449 5736 2746 5805 processio,
2774 5750 3065 5800 causaque,
3091 5746 3140 5787 et
3173 5737 3406 5796 causale,
3445 5746 3492 5786 et
3533 5737 3772 5804 gignere,

2205 5829 2456 5900 etgigtii,
2513 5827 2660 5883 relati
2717 5829 2780 5880 ad
2840 5827 3065 5880 invicem
3115 5827 3215 5881 dici
3261 5843 3380 5880 cum
3425 5828 3665 5894 possint,
3723 5828 3772 5878 in
