4462 6440
752 399 848 460 M7
1996 402 2379 460 .‘.i.-\.\'Ui§LlS
2416 403 2714 462 (ἴλης.ιή
2867 471 2869 474 ⁴
3867 401 3965 466 148

745 516 1017 569 Trinitate
1079 529 1337 583 personas
1403 516 1724 579 indicantia,
1792 522 2036 586 personis
2086 518 2297 586 proprie
2330 523 2371 577 Α
2472 521 3054 588 Cictcruin,simttqute
3080 519 3379 571 communia
3411 525 3531 570 sunt
3570 515 3735 579 Patri,
3766 528 3815 568 et
3853 516 3928 569 Fit
3955 525 3989 562 ο

750 607 1062 657 redduntur.
1121 605 1226 656 Aut
1258 605 1400 656 enim
1458 621 1813 673 personarum
1870 610 2312 671 substantia,aut

746 697 979 758 ipsarum
1053 694 1406 761 signiﬁcativa
1469 706 1635 749 sunt.
1694 697 1922 765 Sapiens
2004 706 2201 758 autem,
2258 707 2314 749 et

745 787 936 849 bonus,
961 798 1008 838 et
1036 789 1228 854 justus,
1285 796 1335 839 et
1370 801 1603 851 creator,
1648 799 1699 842 et
1729 804 1956 856 qureque
1980 788 2105 842 talia
2149 803 2311 841 unum

744 876 947 941 aliquid
985 876 1272 934 indiscrete
1325 883 1487 933 Deum
1523 884 1760 948 signant.
1791 879 1862 933 Ex
1892 880 1975 933 bis
2014 880 2158 934 enim
2189 879 2311 931 titil-

748 966 850 1017 lam
883 968 1131 1035 cegimor
1179 972 1560 1026 discretionem
1621 972 1924 1040 intelligere
1973 971 2025 1023 in
2082 970 2191 1023 Deo
2245 969 2313 1022 ad

743 1055 977 1121 seipsum
1016 1062 1370 1124 personalem,
1393 1063 1490 1116 nisi
1509 1062 1799 1115 secundum
1827 1060 2067 1129 quaedam
2096 1061 2313 1112 nomina

745 1147 808 1197 ad
833 1158 1132 1203 creaturam
1150 1151 1447 1204 solumsive
1476 1150 1649 1218 potius
1704 1162 1968 1204 creatum
1998 1151 2063 1203 ad
2125 1150 2311 1213 Deum;

740 1235 913 1302 justus
981 1240 1123 1291 enim
1192 1240 1258 1291 ad
1310 1251 1613 1295 creaturam
1676 1250 1730 1294 et
1788 1250 2021 1305 creator,
2064 1251 2118 1294 et
2143 1242 2315 1295 omni-

746 1337 935 1391 potens
954 1329 1171 1381 dicitur.

812 1418 1257 1470 Substantialium
1288 1434 1432 1483 vero,
1464 1420 1997 1486 substantiarumque
2043 1418 2315 1487 significa—

745 1507 968 1559 tivorum
1004 1510 1299 1567 nominum:
1339 1511 1440 1562 alia
1473 1510 1686 1578 quidem
1722 1524 2071 1575 personarum
2114 1510 2302 1578 singu-

742 1595 805 1647 lis
836 1611 997 1647 unum
1033 1598 1120 1649 nni
1159 1598 1372 1666 proprie
1410 1599 1685 1662 redditur;
1759 1612 1986 1666 quicque
2060 1598 2315 1652 substan-

742 1685 890 1737 tialia
950 1687 1189 1752 ipsarum
1222 1697 1367 1751 sunt,
1394 1689 1552 1742 sicuti
1606 1689 1924 1762 patcruitas,
1957 1698 2012 1741 et
2065 1688 2317 1743 nativitas

736 1784 895 1844 atque
936 1779 1232 1843 processio,
1270 1778 1427 1830 Pater
1458 1788 1508 1832 et
1538 1777 1724 1843 Filius,
1759 1778 2145 1846 etprocedens.
2195 1780 2312 1833 Alia

737 1882 863 1920 vero
894 1868 1128 1931 tlucbtts,
1163 1881 1220 1922 tit
1251 1871 1487 1932 causale,
1516 1880 1569 1924 et
1599 1871 1761 1933 mitti,
1814 1881 1868 1923 et
1903 1869 2068 1923 Deum
2100 1885 2166 1925 ex
2206 1870 2313 1925 Deo

734 1971 870 2019 esse,
900 1956 1266 2027 Spiritumque
1330 1960 1583 2014 etPatris
1642 1969 1694 2012 et
1727 1959 1843 2013 Filii
1899 1959 2159 2029 Spiritum
2182 1960 2305 2014 dici.

734 2049 944 2104 Mittere
968 2065 1182 2119 quoque
1206 2060 1260 2103 et
1289 2064 1566 2108 emanare.
1587 2059 1639 2103 et
1693 2049 2021 2117 profundere
2073 2048 2307 2109 Patrem,

732 2149 784 2193 et
810 2137 999 2194 Filium
1044 2141 1323 2211 Spiritum.
1385 2141 1499 2193 Alia
1518 2155 1644 2195 vero
1669 2140 1840 2194 tribus
1894 2137 2309 2192 incommutabi-

731 2232 853 2285 liter
871 2232 1190 2296 redduntur;
1223 2243 1277 2286 et
1306 2248 1466 2284 unum
1514 2231 1675 2285 Deum
1694 2230 1808 2284 sine
1837 2230 1943 2283 ulla
1987 2227 2306 2289 iliﬂ‘erentia,

733 2328 790 2373 ut
830 2321 1031 2375 dictum
1066 2332 1166 2387 est,
1201 2323 1434 2391 signant.
1470 2319 1668 2373 Veram
1750 2322 2045 2389 producere
2088 2320 2304 2388 quidem

730 2412 902 2464 sancti
926 2410 1156 2478 Spiritus
1178 2427 1282 2465 non
1315 2422 1395 2466 est
1424 2428 1437 2475 ;
1497 2412 1597 2465 hoc
1625 2411 1766 2465 enim
1820 2412 2101 2465 relationis
2162 2420 2307 2465 vetat

731 2505 1017 2571 oppositio,
1057 2504 1356 2571 quodenim
1419 2502 1781 2572 producit,ad
1835 2503 1886 2555 id
1918 2506 2058 2571 quod
2104 2504 2305 2570 produ-

733 2596 895 2661 citur,
924 2596 1229 2665 oppositum
1285 2607 1397 2661 θεῖς
1433 2596 1576 2664 quod
1609 2607 1786 2649 autem
1814 2594 2154 2663 producitur,
2182 2593 2307 2665 Spi-

733 2688 868 2742 ritus
937 2696 1161 2743 sanctus
1218 2696 1347 2745 cst;
1408 2685 1725 2753 dictumque
1776 2693 2002 2739 estesse
2052 2685 2302 2752 impossi-

732 2780 856 2841 bile,
885 2781 1025 2834 idem
1060 2796 1178 2834 esse
1202 2780 1344 2848 quod
1382 2777 1655 2847 producit,
1707 2778 1923 2845 etquod
1949 2776 2304 2846 producitur;

732 2872 860 2928 nihil
901 2873 1044 2926 enim
1097 2882 1179 2925 est
1214 2876 1354 2940 quod
1409 2873 1580 2938 ipsum
1621 2873 1705 2927 sui
1737 2885 1896 2924 causa
1932 2869 2029 2933 sit;
2083 2879 2136 2923 et
2164 2870 2304 2921 nulla

730 2976 956 3024 persona
1021 2962 1252 3028 seips-im
1301 2964 1570 3031 producit,
1604 2964 1746 3018 sicut
1791 2973 1842 3016 ct
1880 2962 1931 3012 in
1997 2958 2305 3013 hominibus

727 3054 955 3120 exempli
1007 3068 1188 3117 causa,
1224 3056 1333 3107 tieri
1355 3056 1650 3117 cernimus,
1674 3068 1909 3122 namque
1964 3061 2019 3106 et
2048 3051 2186 3119 apud
2212 3066 2306 3104 nos

727 3144 1023 3211 cuiuspiam
1079 3146 1236 3208 ﬁlius,
1274 3162 1376 3198 una
1437 3156 1519 3201 est
1592 3148 1704 3214 ipse
1786 3147 1985 3211 seipso,
2020 3158 2192 3212 neque
2226 3142 2304 3195 Siti
2342 3181 2376 3231 ἱ.

728 3236 896 3305 ipsius
921 3238 1138 3299 dicitur,
1162 3238 1253 3290 sed
1286 3238 1486 3304 patris:
1512 3248 1565 3292 et
1596 3253 1766 3304 neque
1787 3237 1927 3289 filius
1959 3248 2114 3304 pater
2134 3234 2307 3304 patris

728 3327 812 3383 sui
838 3338 941 3395 est,
974 3341 1314 3397 nequcpater
1355 3329 1496 3384 ﬁlius
1558 3330 1774 3391 ﬁliisni,
1833 3339 2051 3398 propter
2094 3327 2308 3395 Opposi-

731 3420 888 3474 tionis
916 3421 1196 3485 rationem,
1220 3421 1513 3475 secundum
1564 3436 1801 3484 causam,
1838 3432 1885 3471 et
1914 3418 2147 3481 eausnle,
2192 3434 2309 3485 qua:

728 3526 833 3565 non
859 3511 1149 3565 convertit.

798 3603 860 3655 Et
886 3612 1031 3656 certe
1050 3601 1307 3670 possibile
1326 3611 1408 3654 est
1435 3600 1681 3653 eumdem
1706 3608 1757 3651 et
1810 3607 2018 3664 patrem
2078 3611 2221 3660 esse,
2248 3606 2303 3648 rt

724 3692 1019 3757 lilium,sed
1056 3708 1156 3743 non
1192 3691 1490 3744 secundum
1521 3692 1681 3750 idem,
1725 3689 1838 3741 sive
1892 3688 1959 3739 ad
2028 3687 2166 3739 idem
2203 3686 2304 3737 .Ad

724 3785 867 3837 aliud
904 3799 1054 3847 vero,
1099 3784 1722 3853 atquealiinl,uvaque.
1776 3778 1881 3832 Sed
1935 3780 2035 3830 lioe
2095 3778 2145 3830 iu
2202 3776 2308 3829 Deo

724 3876 897 3927 locum
931 3891 1035 3925 nun
1072 3873 1407 3927 haben'l‘res
1444 3873 1586 3925 enim
1638 3884 1898 3938 personas
1949 3864 2099 3922 solas
2135 3867 2303 3921 Deum

720 3982 859 4031 esse,
899 3966 1029 4019 ﬁdes
1066 3965 1227 4017 tradit
1258 3984 1268 4017 :
1300 3965 1501 4033 quibus
1536 3965 1899 4032 proprietates
1964 3975 2077 4014 suae
2107 3960 2303 4012 immo-

721 4061 852 4113 biles
880 4099 892 4121 ,
928 4068 1129 4112 ctratze
1174 4069 1413 4111 manent.
1459 4057 1575 4110 Non
1602 4073 1731 4126 ergo
1798 4058 2123 4127 producere,
2186 4068 2308 4123 pra-

720 4152 864 4203 ducti
900 4150 1132 4218 Spiritus
1185 4160 1288 4212 est,
1319 4150 1413 4202 sed
1474 4148 1633 4202 Pater
1684 4150 1983 4215 producere
2042 4145 2304 4214 Spiritum

716 4260 805 4297 ass
828 4245 995 4294 iritar.
1024 4243 1335 4295 Secundum
1368 4243 1469 4295 hoc
1496 4243 1640 4296 enim
1691 4256 1721 4295 a
1759 4240 1987 4309 Spiritu.
2039 4248 2099 4293 ut
2132 4253 2299 4292 causa

718 4355 745 4386 :i
780 4338 985 4389 causali
1022 4336 1373 4389 discernitur.

786 4430 1056 4493 erritur
1088 4439 1313 4490 autem),
1345 4445 1412 4481 an
1465 4439 1517 4482 et
1542 4427 1676 4481 Filio
1705 4428 2001 4495 producere
2023 4436 2307 4478 commune

2418 621 2567 678 puta,
2633 613 2813 671 bonus,
2845 612 3069 674 sapiens,
3124 620 3345 672 creaIOr,
3379 619 3485 660 etc.
3517 623 3639 662 cum
3709 624 3810 660 non
3838 625 3987 673 :equa

2417 704 2520 756 iter
2544 712 2600 756 et
2630 695 3041 754 lmmhtabiliter
3068 699 3202 753 Filio
3235 698 3530 761 reddimus,
3566 699 3829 751 minorem
3864 698 3964 748 l‘a—

2431 794 2531 846 tris
2554 792 2790 845 essentia
2819 789 2941 843 Filii
2973 790 3258 842 essentiam
3298 852 3299 855 η
3326 788 3555 841 facimus
3616 807 3628 840 :
3658 788 3729 840 ita
3788 790 3984 856 quippe

2424 896 2529 935 nou
2575 881 2681 935 erit
2710 881 2947 947 sapiens,
2979 888 3037 932 et
3068 887 3283 931 creator
3318 893 3458 931 unus
3488 878 3667 948 Pater,
3698 887 3752 931 et
3798 876 3963 929 Filius

2420 974 2619 1027 Eodem
2656 974 2836 1034 modo,
2868 971 2959 1041 qui
2996 970 3295 1037 producere
3329 968 3466 1023 Filio
3500 969 3803 1030 abstulerit,
3841 970 3984 1021 nulla

2416 1063 2770 1131 appositionis
2809 1062 3131 1130 necessitate
3160 1062 3263 1115 boe
3326 1062 3427 1129 ipsi
3486 1062 3711 1115 reddere
3751 1060 3983 1121 valente,

2417 1154 2535 1208 Filii
2565 1154 2797 1209 essentia
2833 1150 3309 1205 Patrisessentiam
3328 1151 3586 1206 minorem
3619 1160 3839 1219 cogetur
3856 1164 3988 1204 con-

2420 1244 2588 1297 literi.

2490 1335 2681 1398 Porro,
2710 1337 2753 1389 si
2777 1335 2898 1402 quis
2916 1331 3228 1401 Dionysium
3261 1330 3523 1397 allegans,
3563 1329 3636 1382 ita
3668 1329 3813 1382 illum
3835 1327 3979 1395 loqui

2418 1434 2643 1489 asserat,
2674 1426 3004 1485 couimunia,
3038 1433 3091 1476 et
3125 1425 3271 1476 unita
3318 1421 3465 1478 Patri
3522 1431 3574 1477 et
3606 1420 3765 1480 Filio,
3801 1427 3987 1472 sancto

2415 1516 2577 1569 etiam
2640 1515 2863 1582 Spiritui
2898 1516 3230 1579 communia,
3275 1518 3456 1571 divina
3490 1516 3627 1568 ratio
3682 1513 3922 1575 assignat
3959 1524 3973 1560 :

2418 1605 2517 1659 hoc
2543 1605 2690 1658 illum
2723 1606 2789 1659 de
2816 1605 2897 1659 his
2929 1621 3048 1673 qua:
3073 1608 3246 1661 tribus
3296 1606 3663 1661 inditl‘erenter
3738 1601 3977 1654 reddun-

2418 1707 2525 1755 tur,
2558 1695 2758 1749 dixisse
2786 1698 3017 1762 noverit,
3055 1712 3117 1752 ac
3139 1698 3207 1753 de
3234 1698 3315 1752 bis
3342 1712 3459 1766 qua:
3508 1696 3765 1749 dicuntur
3814 1699 3977 1742 natu-

2417 1785 2572 1846 ralia,
2610 1786 2658 1837 in
2688 1785 2883 1853 quibus
2912 1802 3083 1856 neque
3126 1788 3385 1843 discretio
3413 1788 3539 1849 nlla,
3575 1799 3748 1854 neque
3782 1784 3974 1835 relatio

2422 1867 2721 1941 inspicitur.
2760 1874 2963 1931 Idcirco
2984 1877 3147 1930 etiam
3178 1878 3476 1930 communia
3542 1884 3590 1929 et
3622 1874 3770 1927 unita
3802 1873 3968 1932 dixit;

2423 1965 2723 2034 producere
2754 1976 2934 2021 autem
2964 1970 3029 2021 ad
3063 1968 3112 2020 id
3165 1967 3307 2036 quod
3359 1965 3698 2031 producitur,
3759 1961 3979 2015 relative

2417 2052 2721 2118 opponitur.
2758 2050 2941 2117 Etest,
2978 2054 3120 2121 quod
3194 2053 3528 2120 producitur,
3561 2050 3792 2119 Spiritus
3825 2063 3980 2103 sanc-

2418 2146 2523 2192 tus.
2548 2137 2807 2194 Possibile
2842 2154 2968 2194 vero
2997 2154 3101 2193 non
3137 2139 3386 2204 est,idem
3434 2155 3573 2202 esse,
3594 2137 3737 2207 quod
3772 2138 3975 2202 produ-

2416 2231 2508 2284 r-it.
2542 2227 2723 2299 Neque
2754 2233 2988 2300 seipsum
3034 2232 3281 2299 producit
3342 2230 3595 2298 Spiritus;
3654 2228 3786 2281 nihil
3838 2228 3978 2282 enim

2417 2322 2498 2372 sui
2527 2324 2695 2389 ipsius
2726 2336 2890 2375 causa
2926 2336 3047 2376 esse
3067 2332 3239 2391 potest
3277 2339 3290 2378 :
3328 2336 3501 2393 neque
3530 2321 3781 2383 alterum,
3813 2333 3979 2387 prop-

2417 2421 2497 2465 ter
2529 2413 2778 2467 traditam
2810 2413 3321 2469 nobis'l‘rinitatem.

2483 2502 2795 2571 Commune,
2823 2506 2983 2575 igitur
3019 2516 3101 2561 est
3130 2506 3296 2571 Patri,
3331 2517 3381 2560 et
3410 2508 3546 2561 Filio
3589 2507 3903 2576 producere;
3930 2512 3983 2557 et

2414 2602 2496 2647 est
2545 2593 2722 2662 Pater,
2768 2606 2820 2651 et
2850 2596 3014 2654 Filius
3056 2613 3192 2653 unus
3219 2601 3388 2653 sancti
3424 2598 3651 2668 Spiritus
3671 2598 3978 2667 productur.

2416 2686 2552 2735 sicut
2589 2694 2813 2748 ctzunus
2836 2697 3067 2751 totus,et
3104 2704 3240 2741 unus
3267 2690 3503 2750 mittens,
3524 2696 3729 2741 servata
3779 2685 3982 2740 scilicet

2416 2777 2784 2835 generationis
2827 2778 3227 2847 nativitatisquc
3278 2778 3615 2831 discretione.
3684 2778 3856 2843 Atque
3911 2775 3981 2826 ita

2422 2873 2586 2927 Fdius
2623 2887 2652 2925 a
2687 2880 2879 2925 sancto
2917 2868 3120 2938 Spiritu
3183 2883 3393 2932 causai,
3424 2867 3768 2934 causalisque
3824 2866 3984 2919 ratio-

2416 2982 2481 3017 ne
2545 2963 3112 3029 discernitur;quia,
3178 2970 3231 3014 et
3306 2975 3398 3028 per
3431 2958 3625 3012 Filium
3691 2954 3982 3023 procedere

2414 3054 2663 3117 dicitur;
2706 3053 2972 3119 Paterqne
3034 3050 3320 3118 productor
3375 3063 3468 3115 per
3560 3044 3807 3099 Verbum
3856 3058 3983 3097 esse

2415 3154 2552 3198 etex
2588 3142 2723 3196 Filio
2747 3157 2866 3196 esse
2895 3143 3112 3205 habere,
3165 3155 3285 3193 cum
3318 3138 3385 3193 ab
3416 3139 3531 3207 ipso
3554 3134 3783 3203 accipiat
3806 3132 3977 3202 Spiri-

2418 3248 2524 3297 tus,
2544 3250 2571 3287 a
2589 3233 2881 3302 Theologis
2900 3233 3180 3285 asseritur.

2490 3326 2561 3378 Ex
2594 3326 2785 3390 quibus
2825 3326 3029 3378 etillud
3079 3332 3316 3386 constat,
3366 3321 3664 3388 producere
3699 3316 3840 3387 quod
3890 3314 3973 3366 di-

2414 3415 2577 3477 iitur,
2611 3413 2782 3467 Patris
2818 3411 3173 3467 substantiale
3200 3426 3303 3465 noa
3332 3424 3489 3475 esse;
3549 3411 3651 3463 hoc
3704 3415 3883 3460 autem
3925 3416 3979 3458 et

2413 3522 2573 3573 supra
2606 3512 2963 3557 monstratum
2994 3510 3100 3556 est.
3127 3502 3578 3568 Attestanturque
3608 3500 3691 3552 liis
3720 3514 3749 3551 a
3780 3497 3983 3551 sanctis

2416 3597 2661 3650 Patribus
2693 3596 2850 3647 dicta:
2908 3594 3212 3655 sententiae.
3257 3594 3455 3661 quibus
3489 3599 3740 3645 asserunt
3788 3587 3980 3641 Filium

2412 3689 2649 3742 omnium
2677 3695 3024 3755 paternorum
3051 3686 3310 3739 bonorum
3344 3683 3613 3737 liaeredem
3649 3697 3792 3746 esse,
3824 3692 3982 3748 atque

2411 3782 2591 3835 omnia
2625 3781 2802 3835 Patris
2842 3779 3040 3833 habere
3101 3778 3261 3841 bona,
3302 3777 3535 3845 propria,
3587 3784 3745 3844 atque
3797 3776 3984 3841 prrcei-

2412 3887 2535 3937 pna,
2571 3872 2858 3937 omniaque
2919 3871 3137 3935 habere,
3174 3882 3291 3936 qu
3333 3868 3510 3921 Patris
3570 3875 3718 3929 sunt,
3768 3865 3870 3917 nisi
3926 3865 3974 3913 id

2411 3966 2606 4028 solum,
2643 3964 2786 4031 quod
2820 3962 2977 4016 Pater
3012 3976 3116 4014 non
3166 3969 3291 4026 eSt;
3363 3956 3806 4028 generatOrisque
3864 3953 3983 4020 Spi-

2414 4058 2576 4112 ritum
2606 4058 2807 4111 habere
2859 4053 3052 4109 Filium
3103 4052 3334 4121 prOpriae
3377 4058 3581 4103 natura)
3635 4049 3855 4109 bonum,
3905 4049 3984 4097 vi-

2415 4162 2672 4215 vensque,
2709 4156 2761 4199 et
2791 4142 3220 4200 substantialiter
3245 4142 3464 4195 insitum
3495 4157 3509 4202 ;
3552 4139 3692 4191 sicut
3720 4147 3773 4190 (-t
3804 4135 3980 4189 Pater.

2418 4242 2572 4293 Libet
2596 4251 2773 4292 tamen
2807 4247 2861 4290 et
2890 4236 2991 4289 ista
3022 4234 3238 4287 addere.

2488 4332 2722 4385 Sanctus
2765 4329 2927 4399 igitur
2958 4328 3191 4396 Cyrilins
3245 4326 3296 4379 in
3340 4323 3623 4378 Thesauris
3658 4324 3769 4377 ait:
3836 4320 3984 4376 Sicut

2417 4426 2575 4479 arbor
2606 4422 2881 4490 prodeunti
2908 4435 2972 4473 ex
2993 4436 3045 4473 se
3076 4417 3297 4486 fructui,
3327 4416 3640 4484 qualitatem
3691 4430 3839 4467 suam
3889 4432 3983 4465 ua-

714 4534 832 4573 Cum
865 4520 1026 4573 Patre
1056 4521 1148 4572 sit.
1176 4518 1237 4572 Et
1267 4519 1519 4588 quoniam
1551 4518 1729 4571 Patris
1750 4518 1814 4571 ad
1860 4514 2053 4569 Filium
2120 4528 2315 4567 secun-
2346 4520 2391 4577 υ
2420 4520 2641 4572 (malem
2669 4517 2804 4585 ferre
2841 4515 2934 4567 dat
2958 4530 2975 4575 ;
3002 4513 3075 4565 ita
3114 4520 3161 4564 et
3194 4508 3390 4572 Filius,
3426 4525 3459 4561 a
3517 4507 3679 4561 Patre
3727 4507 3986 4573 accepisse

712 4614 835 4665 dum
866 4614 1238 4680 paternitatem
1259 4621 1313 4664 et
1335 4612 1692 4669 nativitatem,
1723 4625 1927 4670 CuUSJP.
1964 4606 2314 4675 causalisquc

712 4704 976 4770 opposizio
1023 4720 1128 4755 non
1187 4704 1436 4772 prohibt-t
1467 4703 1585 4767 hoc,
1627 4716 1800 4769 neque
1860 4700 1963 4752 ulla
2012 4700 2138 4752 hinc
2183 4709 2315 4751 Cott'

712 4798 849 4850 t'usio
884 4798 1127 4865 sequitur
1154 4813 1167 4859 ;
1194 4796 1340 4849 nasci
1383 4797 1524 4847 enim
1559 4794 1623 4846 ad
1653 4793 1873 4860 gignere
1897 4790 2039 4857 quod
2089 4788 2307 4843 dicitur.

713 4906 816 4941 non
857 4890 919 4941 ad
956 4889 1256 4956 producere
1286 4888 1513 4941 relative
1541 4885 1854 4952 opponitur,
1900 4891 1953 4934 et
2021 4879 2189 4933 Filius
2241 4880 2308 4931 ad

710 4979 946 5040 l‘a'rem,
1006 4978 1099 5030 sed
1171 4993 1273 5029 non
1344 4979 1410 5029 ad
1469 4979 1871 5042 productoretn,
1936 4973 1986 5025 in
2049 4982 2305 5040 quantum

708 5072 894 5134 Filius,
925 5071 1177 5133 refertur;
1206 5071 1426 5149 idcirco,
1458 5071 1588 5121 nihil
1638 5071 1805 5131 coxit,
1849 5068 2147 5134 producere
2164 5066 2308 5133 quod

704 5168 927 5225 dicitur,
956 5183 981 5215 a
1017 5162 1155 5215 Filio
1183 5162 1419 5222 auferre,
1486 5162 1630 5215 sient
1690 5163 1934 5227 cogimur
1961 5176 1989 5212 a
2054 5158 2190 5211 Filio
2221 5155 2303 5225 gi-

703 5274 867 5319 gnere
906 5258 1126 5309 omniin
1183 5254 1370 5307 tollere
1398 5271 1414 5317 ;
1446 5269 1552 5304 non
1614 5253 1665 5305 id
1704 5252 2048 5319 permittente
2114 5249 2287 5317 ipsius

702 5351 765 5405 ad
802 5350 1012 5403 Patrem
1036 5347 1397 5415 oppositione,
1436 5345 1780 5413 paternitatis
1835 5344 2062 5406 scilicet,
2093 5350 2146 5395 et
2168 5342 2306 5394 uati-

708 5444 933 5505 Vitatis;
971 5443 1144 5503 llt‘,\‘tl
1178 5456 1279 5493 una
1310 5456 1546 5509 persona
1581 5440 1841 5499 Patenac
1889 5436 2055 5491 Filius
2086 5435 2160 5491 sit
2218 5431 2300 5488 vel

707 5537 848 5589 idem
881 5536 1061 5595 simul,
1130 5534 1371 5588 Pateret
1416 5533 1601 5593 Filius,
1654 5545 1707 5587 et
1761 5540 2006 5585 neutrum
2066 5530 2300 5598 proprie.

700 5631 972 5695 Quoniam
1010 5631 1079 5681 ita
1106 5645 1195 5695 pte
1222 5628 1506 5681 relationis
1529 5625 1647 5679 Filii
1680 5627 1742 5676 ad
1796 5623 2009 5676 Patrem
2034 5621 2301 5690 oppositio

701 5736 806 5772 non
842 5721 1033 5789 cogita
1066 5719 1221 5781 Fiiia,
1254 5719 1555 5785 producere
1587 5717 1729 5783 quud
1769 5716 1987 5779 dicitur,
2049 5714 2295 5771 auferre,

699 5830 988 5869 commune
1019 5814 1229 5882 penitus
1264 5824 1343 5867 est
1375 5812 1541 5875 i'dll‘l,
1577 5828 1637 5864 at:
1707 5811 1861 5872 r'izzo,
1896 5808 2211 5877 producere.

2425 4610 2752 4678 intelligitur,
2774 4621 2907 4675 qua:
2940 4603 3040 4657 sibi
3076 4611 3197 4657 sunt
3234 4603 3431 4664 omnia,
3477 4617 3597 4654 cum
3630 4600 3696 4653 sit
3734 4601 3840 4667 ipse
3872 4615 3985 4652 om-

2423 4706 2509 4758 uia
2545 4718 2662 4772 qua:
2688 4699 2851 4753 Pater
2879 4707 2953 4751 est
2988 4706 3175 4757 pra'tar
3201 4696 3367 4748 solum
3388 4695 3599 4746 Patrem
3637 4708 3766 4745 esse.

2492 4796 2559 4847 Et
2597 4808 2784 4846 rursus
2824 4792 2877 4844 in
2911 4789 3118 4845 eisdem
3172 4802 3187 4839 :
3232 4786 3355 4839 Non
3388 4796 3441 4839 ut
3488 4787 3725 4854 indigetis
3757 4803 3785 4836 a
3826 4784 3984 4837 Patre

2420 4887 2679 4952 accepisse
2730 4881 2905 4935 Filius
2944 4881 3181 4941 dicitur;
3217 4878 3371 4929 habet
3421 4878 3607 4943 quippe
3639 4876 3982 4933 naturaliter,

2416 4977 2682 5045 proprium
2720 4989 2837 5025 cum
2872 4974 2939 5024 sit
2976 4972 3139 5038 ipsius
3174 4968 3400 5021 Verbum
3443 4977 3490 5018 et
3525 4968 3789 5031 splendor,
3810 4969 3984 5017 omnia

2412 5082 2527 5136 qua:
2562 5066 2673 5133 ejus
2710 5072 2852 5128 sunt,
2886 5068 3077 5126 prwter
3128 5059 3301 5112 solum
3346 5073 3455 5109 esse
3506 5069 3551 5108 et
3593 5057 3697 5107 dici
3750 5052 3979 5106 Patrum.

2418 5160 2550 5211 Dicit
2580 5167 2752 5210 autem
2801 5172 2853 5207 se
2890 5170 2920 5205 a
2968 5151 3131 5205 Patre
3171 5151 3449 5215 accepisse,
3486 5148 3845 5200 Iiwreticorum
3874 5145 3986 5211 opi-

2413 5253 2615 5311 niones,
2667 5262 2720 5301 ut
2762 5247 2899 5302 Deus
2947 5248 3285 5314 pra'veniens.
3333 5259 3394 5294 ac
3433 5241 3711 5309 jugulans.
3756 5238 3835 5290 Ne
3866 5237 3980 5303 quis

2410 5346 2546 5397 enim
2585 5341 2781 5395 Filium
2834 5339 3112 5403 inspiciens
3149 5335 3330 5389 Patris
3368 5335 3543 5388 omnia
3576 5330 3872 5387 habentem.
3918 5344 3981 5380 ex

2412 5433 2575 5483 inulta
2606 5430 2751 5483 valde
2780 5429 3145 5487 sunilittuliue,
3188 5435 3236 5477 et
3299 5421 3671 5474 indcmutabili
3709 5421 3983 5471 identitate

2408 5532 2615 5589 putaret
2655 5520 2891 5573 eumdem
2922 5535 3033 5571 esse
3062 5518 3273 5569 l’atrcm
3298 5527 3343 5567 et
3376 5513 3595 5575 Fiiium,
3618 5522 3662 5564 et
3683 5512 3734 5564 iu
3763 5509 3979 5564 Sabellii

2406 5635 2635 5671 errorem
2668 5616 2963 5677 laberetur,-
3019 5613 3314 5665 necessario
3345 5628 3394 5662 se
3447 5626 3476 5660 a
3509 5607 3667 5660 Putre
3722 5604 3980 5671 accepisse

2407 5713 2502 5772 ait,
2571 5720 2626 5762 ut
2690 5724 2859 5761 sermo
2928 5706 3183 5772 inferens,
3249 5719 3409 5755 unum
3473 5702 3677 5768 quidem
3747 5700 3976 5752 dantem.

2407 5805 2686 5855 accum'um
2739 5818 2853 5854 rrro
2905 5799 3260 5858 accipientem,
3296 5794 3605 5846 dualitatcm
3658 5792 3713 5841 in
3750 5787 3977 5852 propriis
