4462 6440
545 366 648 434 149

1626 380 2027 438 .tovszttsus
2058 342 2565 440 οιιιεωδίιιι.
2607 382 2725 440 ιιι.

3686 380 3783 438 153

538 485 843 539 substantiis
899 488 1189 542 ostenderet
1227 504 1331 542 non
1380 491 1508 544 solis
1562 492 1857 544 nominibus
1911 493 2100 544 distinv
2131 494 2173 548 Δ
2206 507 2379 560 neque
2431 494 2591 546 Pater
2637 505 2717 547 est
2765 494 3106 561 paternitatis
3161 494 3365 546 ratione
3404 493 3518 545 sine
3576 496 3770 545 medio,

538 585 699 628 ctam.

616 664 762 717 Idem
819 666 869 718 in
925 682 963 720 ιι
1013 669 1078 720 ad
1132 667 1404 722 llermiam
1461 689 1474 723 :
1528 672 2008 726 Consubstantiulis
2059 684 2107 726 et

540 766 829 809 roa'turuus
860 757 1010 809 Patri
1035 756 1228 823 Filius,
1252 762 1427 814 omnia
1454 765 1658 827 penitus
1680 780 1829 831 requa
1867 781 2109 818 mensura

541 844 718 908 liabet,
746 855 941 911 prtrtcr
969 848 1138 899 solum
1191 850 1418 918 gignere.
1456 854 1568 905 Hoc
1598 855 1736 905 enim
1770 854 1935 906 solum
1984 870 2108 920 pro-

540 938 652 1000 prie
704 936 810 990 Deo
860 947 910 990 et
958 924 1114 991 Patri
1160 943 1417 995 convenit.
1469 942 1610 995 Idem
1666 945 1720 997 in
1765 942 2108 998 Thesauris:

544 1026 728 1092 Itaque
757 1029 1102 1097 quodcunque
1131 1035 1193 1083 de
1246 1030 1403 1085 Putre
1450 1034 1671 1097 dixeris,
1723 1035 1817 1086 hac
1858 1037 2015 1089 etiam
2049 1036 2111 1086 de

542 1113 697 1176 Filio,
722 1127 913 1179 prarter
940 1118 996 1169 itl
1023 1120 1196 1173 solum
1223 1124 1362 1188 quod
1398 1120 1557 1175 Pater
1594 1125 1700 1189 ipse
1727 1132 1838 1187 est;
1868 1134 1915 1178 et
1942 1128 2108 1193 quod-

542 1222 742 1274 cunque
779 1208 923 1263 Filio
967 1211 1191 1273 dederis,
1225 1212 1320 1264 hoc
1362 1224 1410 1265 et
1440 1214 1492 1266 in
1546 1214 1705 1269 Patre
1731 1226 1807 1269 est
1838 1229 2031 1284 prccter
2059 1220 2111 1269 id

540 1298 735 1360 solum,
765 1299 890 1364 quia
930 1296 1102 1351 Filius
1133 1301 1243 1367 ipse
1268 1313 1366 1355 est.

613 1385 1033 1453 Chrysostomus
1069 1392 1120 1442 in
1160 1406 1322 1445 nam
1358 1392 1577 1449 homilia
1608 1410 1769 1464 super
1798 1397 2062 1452 Joannem
2096 1417 2108 1452 :

545 1494 563 1521 ε
611 1474 784 1541 Dedit,
848 1490 1020 1533 autem
1068 1480 1262 1537 idcirco
1319 1486 1512 1539 dictum
1562 1498 1663 1551 est,
1724 1505 1784 1541 ne
1829 1490 2114 1559 ingenitum

543 1566 713 1624 ipsum
768 1570 1071 1635 suspiceris,
1132 1589 1292 1642 neque
1348 1578 1480 1629 duos
1536 1576 1721 1631 Patres
1781 1594 1889 1632 esse
1941 1591 2112 1647 putes.

2218 582 2295 634 Ita
2325 584 2465 635 enim
2508 582 2672 637 Filius
2696 594 2840 637 esset
2869 584 3101 650 Spiritus
3136 594 3377 645 sanctus,
3409 597 3578 655 neque
3607 596 3775 647 oppo-

2220 673 2365 725 nitur
2400 674 2701 727 nativitatis
2738 674 2969 737 rationi;
3001 675 3129 728 huic
3161 675 3302 726 enim
3335 674 3445 728 sola
3480 672 3777 738 patetnita-

2221 764 2286 816 lis
2316 764 2455 815 ratio
2487 766 2798 830 opponitur.
2840 764 3024 832 Itaque
3055 763 3351 818 secundum
3386 765 3436 816 id
3469 762 3612 831 quod
3660 775 3779 813 esse

2218 853 2416 906 dicitur
2444 855 2764 922 principium
2799 854 3033 922 Spiritus
3060 854 3251 916 sancti,
3284 869 3387 906 non
3415 863 3497 905 est
3526 852 3781 902 discretio

2220 942 2396 997 Patris
2429 959 2490 998 ac
2526 944 2682 1009 Filii,
2716 955 2770 998 et
2821 957 3216 1013 consequenter
3268 945 3542 1013 pt'oln'ium
3605 940 3782 993 Patris

2220 1030 2286 1083 ad
2338 1030 2553 1094 Filium,
2590 1031 2832 1097 utrisque
2881 1032 3026 1083 enim
3087 1032 3303 1083 innatus
3347 1038 3431 1081 est
3475 1041 3782 1094 congruus;

2220 1120 2360 1187 quod
2417 1120 2462 1173 si
2518 1120 2734 1173 innatus
2780 1130 2860 1174 est
2913 1123 3101 1183 etiam,
3159 1119 3299 1172 nulla
3356 1118 3499 1171 enim
3552 1116 3659 1167 illic
3707 1114 3787 1164 iu-

2222 1211 2332 1263 nati
2391 1211 2619 1279 privatio
2670 1223 2789 1275 ost,
2846 1215 3152 1264 communis
3199 1219 3281 1264 est
3329 1210 3492 1279 igitur
3538 1206 3681 1259 Patri
3734 1215 3786 1256 et

2220 1297 2378 1353 Filio.

2292 1388 2557 1454 Quoniam
2621 1382 2783 1459 igitur
2840 1392 3138 1459 producere
3195 1385 3788 1446 Patris.3ubstantiulc

2222 1492 2327 1530 non
2393 1488 2496 1542 est,
2563 1494 2849 1532 commune
2906 1489 3083 1532 autem
3141 1488 3223 1531 est
3292 1477 3439 1530 Patri
3512 1485 3565 1529 et
3629 1474 3784 1531 Filio,

2223 1580 2617 1636 consequenter
2640 1579 2692 1624 et
2718 1568 2889 1623 Filius
2932 1585 2957 1622 a
3005 1579 3192 1622 sancto
3240 1569 3444 1636 Spiritu
3493 1564 3787 1618 secundum

546 1656 737 1710 (λιμναία
775 1660 913 1712 enim
959 1678 1076 1728 qua:
1108 1662 1270 1717 Pater
1302 1678 1399 1730 est,
1434 1668 1546 1720 lucc
1579 1678 1626 1721 et
1672 1668 1847 1722 Filius
1894 1682 1993 1724 est.
2052 1671 2117 1725 Et,
2224 1678 2443 1718 causam
2483 1674 2537 1717 et
2581 1665 2799 1716 causale
2829 1664 3203 1731 distinguitur.
3247 1662 3301 1715 In
3334 1662 3446 1714 Sola
3480 1662 3621 1713 enim
3657 1674 3786 1710 cau-

544 1759 665 1812 post
696 1766 867 1817 pauca
901 1768 915 1806 :
956 1751 1107 1806 Vides
1136 1757 1584 1822 incommutabile,
1626 1770 1673 1811 ct
1706 1762 1842 1828 quod
1870 1778 1973 1813 uno
2003 1762 2114 1814 solo
2226 1772 2283 1808 sa
2326 1763 2379 1808 et
2420 1754 2644 1818 causali,
2696 1755 2904 1807 divinas
2956 1768 3215 1821 personas
3264 1752 3524 1813 discerni,
3560 1762 3609 1800 et
3658 1752 3790 1826 tides

541 1839 897 1905 diﬂ‘erentiam
959 1846 1209 1911 insinuet,
1245 1848 1383 1912 quod
1433 1851 1528 1903 iste
1579 1852 1778 1906 scilicet
1813 1856 1878 1906 sit
1934 1852 2117 1917 Pater,
2153 1832 2196 1888 Β
2230 1854 2303 1897 ῐτίῖ

2029 1863 2117 1917 τεν,
2153 1832 2196 1888 Β
2230 1842 2414 1907 tradit,
2459 1852 2511 1895 et
2564 1843 2735 1896 sancti
2787 1845 3137 1905 conﬁtentur,
3196 1853 3254 1896 ut
3302 1859 3367 1896 ex
3422 1839 3791 1909 superioribus

543 1929 633 1982 ille
695 1930 884 1987 Filius.
940 1951 960 1986 ι
1015 1935 1189 1998 Dedit,
1243 1957 1261 1988 ι
1317 1939 1454 1991 enim
1512 1943 1652 2007 quod
1705 1943 1920 2009 dicitur,
1983 1943 2118 1997 hanc
2224 1935 2409 2003 ιίίιυει-

543 2018 929 2072 tlistinctionem
997 2024 1168 2075 solam
1245 2028 1540 2080 necessario
1612 2028 1860 2094 inducit;
1930 2042 2120 2085 caetera
2297 2026 2492 2081 Verum
2533 2030 2750 2098 quidam
2785 2026 3168 2082 discretionem
3217 2025 3337 2077 Filii
3371 2035 3424 2077 et
3456 2023 3627 2078 sancti
3673 2024 3794 2089 5νὲ-

547 2113 723 2162 omnia
773 2113 1135 2181 «qualitatem
1186 2128 1345 2186 atque
1377 2119 1498 2173 inde
1524 2120 1935 2174 mutabilitatem
1985 2123 2121 2177 indi-
2225 2117 2711 2181 ritus,-sccundum
2745 2133 2963 2172 causam
3003 2127 3055 2171 et
3084 2116 3300 2170 causale
3339 2131 3444 2168 non
3497 2116 3797 2181 suscipien-

547 2212 687 2255 cnnt.
2227 2216 2328 2275 tes,
2350 2223 2473 2262 cum
2501 2218 2679 2261 tamen
2710 2210 2817 2263 illis
2848 2208 3229 2262 discretionem
3262 2209 3485 2261 reddere
3512 2220 3794 2274 cogantur,

622 2293 847 2362 Magnus
892 2297 1219 2355 Athanasius
1252 2302 1307 2355 in
1358 2318 1415 2356 ιιι
1456 2300 1656 2357 Contra
1707 2304 1955 2367 Arianos,
2000 2304 2118 2358 ait:
2226 2299 2377 2353 aiunt
2419 2300 2651 2353 discerni
2689 2314 2782 2355 eos
2817 2298 3194 2353 diﬂ'erentibus
3223 2313 3287 2352 ex
3328 2298 3487 2351 Patre
3532 2314 3798 2365 process:-

551 2376 640 2438 lta
683 2388 846 2455 igitur
899 2390 1002 2458 ipsi
1052 2409 1170 2445 cum
1219 2410 1382 2446 unum
1430 2396 1537 2448 sint
1586 2395 1768 2459 Pater,
1820 2398 2019 2451 scilicet
2073 2408 2122 2452 et
2226 2391 2349 2456 bus,
2382 2392 2769 2460 adducuutque
2824 2402 3013 2445 testem
3066 2388 3362 2454 .lustinum,
3417 2391 3794 2457 philosophum

552 2478 742 2543 Filius,
815 2498 1026 2552 unaque
1081 2486 1149 2538 sit
1217 2485 1418 2548 Deitas,
1482 2490 1664 2542 eadem
1730 2492 1795 2543 de
1847 2489 1990 2545 Filio
2042 2494 2124 2543 di-
2226 2490 2280 2537 et
2336 2492 2649 2554 martyrem,
2687 2485 2955 2538 dicentem
3005 2486 3177 2549 :quia
3210 2483 3344 2536 sicut
3386 2481 3559 2535 Filius
3591 2499 3653 2534 ex
3698 2481 3800 2533 Pn-

547 2586 758 2633 cuutur.
790 2588 908 2642 qua:
961 2578 1026 2629 de
1073 2575 1256 2643 Patre,
1299 2580 1397 2633 nisi
1443 2581 1582 2650 quod
1624 2582 1792 2636 solum
1827 2580 1986 2636 Pater
2022 2599 2125 2639 ηοη
2229 2582 2327 2637 tre,
2352 2575 2426 2627 ita
2447 2584 2495 2626 et
2532 2573 2761 2641 Spiritus
2785 2590 2849 2627 ex
2876 2572 3037 2627 Patre
3059 2583 3155 2635 est,
3183 2582 3534 2640 pra‘lcrqttunt
3561 2575 3798 2626 substan-

549 2665 765 2719 dicitur.
2228 2667 2316 2721 tice
2340 2666 2513 2720 modo.
2554 2665 2874 2732 Gregorium
2925 2666 3051 2719 item
3087 2666 3393 2732 theologum
3432 2665 3722 2727 dicentem,
3752 2676 3803 2716 et

2228 2759 2405 2827 ipsum
2455 2759 2509 2812 in
2556 2772 2807 2811 sermone
2837 2760 2902 2812 de
2955 2757 3239 2811 nativitate
3275 2758 3476 2810 Christi
3514 2776 3528 2810 :
3572 2757 3803 2823 Spiritus

2226 2860 2442 2903 sanctus
2498 2851 2782 2917 procedens
2848 2851 3054 2919 quidem
3107 2865 3172 2903 ea:
3226 2849 3416 2913 Patre,
3478 2867 3579 2902 non
3632 2863 3803 2902 autem

2228 2942 2402 2994 instar
2463 2940 2637 3004 Filii;
2707 2958 2869 3011 neque
2934 2944 3070 2995 enim
3138 2942 3461 3006 nativitatis,
3524 2943 3614 2996 sed
3685 2961 3803 3010 pro-

2229 3038 2480 3092 cessionis
2529 3039 2757 3092 ratione.
2792 3037 2854 3092 Et
2899 3051 3090 3092 contra
3140 3038 3407 3093 Heronem
3443 3057 3455 3091 :

624 2756 766 2812 idem
803 2761 853 2813 in
880 2774 1156 2825 sermone,
1191 2760 1242 2814 in
1276 2776 1385 2832 quo
1415 2765 1636 2832 exponit
1667 2766 2020 2835 compositam
2058 2766 2127 2821 ab

552 2849 768 2903 Arianis
825 2850 1005 2914 ﬁdem,
1043 2850 1095 2905 in
1132 2852 1298 2907 variis
1341 2844 1554 2908 illorum
1616 2857 1858 2925 synodis,
1914 2857 1964 2909 in
2023 2858 2126 2910 line

552 2942 851 3006 longissimi
879 2943 1145 2996 sermonis
1184 2947 1298 2997 ait:
1330 2944 1541 2999 Idcirco
1580 2949 1717 2999 enim
1768 2949 2125 3016 thualitatem

553 3034 707 3084 liabet
787 3032 856 3085 ad
919 3032 1137 3087 Patrem
1208 3034 1427 3101 Filius,
1513 3039 1863 3107 uniformibns
1928 3042 2126 3094 scilicet
2229 3038 2480 3092 cessionis
2529 3039 2757 3092 ratione.
2792 3037 2854 3092 Et
2899 3051 3090 3092 contra
3140 3038 3455 3093 Heronem:
3509 3038 3637 3093 Filii
3688 3042 3809 3107 qui-

552 3128 791 3189 roribus,
850 3135 900 3178 et
953 3142 1070 3194 qua:
1135 3128 1187 3180 in
1242 3126 1408 3182 Patre
1456 3132 1723 3194 dicuntur,
1790 3134 1902 3186 lucc
1962 3143 2013 3185 et
2072 3133 2196 3221 inc
2230 3132 2348 3183 dem
2396 3132 2691 3199 proprium,
2742 3132 2987 3201 nativitas

557 3212 697 3269 Filio
728 3217 1024 3287 Scriptura
1064 3220 1266 3287 dicunt,
1315 3233 1506 3289 prwter
1544 3224 1717 3278 solum
1756 3211 1975 3279 Patrem
2008 3243 2125 3280 eum

550 3310 678 3362 dici.

602 3402 849 3473 'Magnus
900 3403 1135 3458 Basilius
1183 3404 1235 3458 in
1268 3406 1409 3460 libro
1442 3421 1542 3461 suo
1580 3408 1652 3461 De
1683 3408 1786 3476 [ide
1822 3426 1839 3463 :
1883 3413 2130 3479 Accipere

551 3495 690 3546 enim
740 3496 880 3564 quod
909 3497 1108 3549 dicitur
1152 3513 1447 3563 commune,
1494 3510 1541 3551 et
1589 3501 1657 3551 ad
1690 3511 1984 3554 creaturam
2014 3513 2131 3565 est;

553 3584 743 3637 habere
791 3594 967 3641 autem
1012 3601 1078 3639 ea:
1132 3598 1346 3655 natura,
1385 3590 1660 3655 praprium
1710 3602 1785 3643 est
1840 3592 2023 3659 geniti.
2062 3591 2131 3646 Ut

552 3695 676 3747 ergo
729 3678 900 3733 Filius
956 3681 1277 3734 naturaliter
1323 3681 1576 3750 possidet,
1619 3699 1737 3750 qua:
1770 3681 1953 3737 Patris
1986 3698 2133 3749 sunt,

558 3780 608 3821 ut
644 3782 815 3823 autem
848 3773 1169 3841 unigenitus,
1203 3774 1380 3826 omnia
1412 3771 1567 3826 liabet
1613 3775 1668 3828 in
1699 3778 1866 3843 seipso
1895 3794 2129 3843 compre-

554 3864 738 3916 hensa.
791 3861 854 3918 Et
904 3879 1097 3919 rursus
1152 3866 1206 3918 in
1244 3868 1481 3920 eodem:
1530 3865 1747 3920 Patrem
1799 3868 1909 3920 dixi
1950 3878 1996 3922 et
2039 3865 2135 3921 Fi-

558 3958 684 4010 lium
712 3973 749 4019 ,'.
778 3957 872 4011 Itas
922 3959 1051 4010 uti/ti
1092 3960 1437 4027 praprietates
1480 3975 1651 4013 serva.
1707 3958 1928 4014 Manens
1975 3962 2169 4031 igitur,

559 4050 730 4104 Filius
785 4052 841 4105 in
897 4067 976 4114 eo,
1034 4052 1172 4120 quod
1234 4049 1412 4104 Filius
1474 4062 1577 4116 est,
1643 4055 1822 4105 omnia
1881 4066 1956 4107 est
2019 4072 2137 4124 qua:

556 4142 733 4205 Pater,
785 4144 1074 4197 secundum
1129 4144 1295 4209 ipsius
1353 4160 1527 4197 uocem
1584 4144 1796 4201 Domini
1856 4148 2081 4201 dicentis
2118 4161 2137 4200 :

561 4255 579 4284 ι
621 4233 812 4287 Omnia
869 4250 987 4303 qua:
1056 4235 1207 4288 habet
1280 4234 1475 4299 Pater,
1529 4252 1644 4291 mea
1700 4251 1821 4290 sunt
1852 4238 1894 4293 ³.
1951 4257 1969 4290 ι
2032 4237 2138 4293 Re-

556 4343 674 4380 rera
699 4328 837 4380 enim
868 4327 1116 4395 imaginis
1141 4336 1262 4382 sunt
1288 4329 1468 4382 omnia
1492 4344 1609 4398 qua:
1636 4329 1923 4396 primitiua:
1950 4330 2140 4397 {eruite

553 4428 698 4473 sunt.

3036 3146 3055 3184 :
3104 3131 3276 3183 sancti
3329 3140 3503 3185 autem
3552 3131 3807 3200 Spiritus,

2234 3225 2516 3291 processio.
2769 3286 2775 3291 _

2304 3311 2497 3379 Porro,
2529 3317 2620 3383 qui
2655 3308 2998 3380 ista'dictmt,
3032 3324 3085 3371 et
3120 3333 3302 3382 suam,
3335 3328 3388 3372 et
3424 3320 3805 3387 magistrorum

2235 3419 2419 3459 vocem
2447 3406 2658 3474 penitus
2692 3404 2963 3476 ignorant.
3003 3408 3134 3462 Nam
3163 3410 3472 3478 quicunque
3498 3421 3805 3465 sanctorum

2235 3498 2611 3555 dill'erentibus
2657 3499 3002 3568 processibus
3030 3500 3267 3555 discerni
3305 3502 3561 3557 dixerunt
3602 3503 3797 3557 Filium

2236 3598 2292 3644 et
2330 3590 2596 3658 Spiritum
2637 3602 2911 3654 sanctum,
2939 3591 3225 3644 nativitate
3270 3592 3479 3647 scilicet
3511 3604 3563 3647 ct
3594 3610 3816 3660 proces-

2237 3685 2392 3738 sione
2453 3684 2569 3738 sive
2635 3682 3016 3752 personalibus
3082 3685 3503 3752 pr0prietatihus
3561 3688 3809 3741 ordinem

2238 3776 2528 3829 reddentes
2573 3784 2627 3829 ct
2664 3774 3037 3843 processibus,
3086 3786 3141 3829 et
3184 3776 3558 3840 relationibus,
3604 3788 3658 3832 et
3696 3794 3817 3846 pro-

2240 3867 2589 3934 prietatibus,
2634 3866 2777 3920 istud
2829 3867 3104 3930 dixerunt,
3159 3867 3311 3932 quasi
3350 3869 3509 3921 aliter
3562 3870 3818 3935 possibile

2240 3973 2349 4013 non
2404 3958 2475 4013 sit
2533 3972 2887 4026 personarum
2934 3957 3257 4015 discretivas
3308 3975 3448 4026 esse,
3510 3962 3610 4015 nisi
3652 3963 3813 4015 etialtt

2242 4052 2468 4117 relative
2502 4052 2763 4121 oppositae
2798 4051 3174 4121 intelligantur
3203 4053 3269 4106 ad
3317 4054 3568 4108 invicem.
3616 4054 3822 4108 Ninivi-

2244 4156 2325 4200 tas
2362 4145 2547 4213 itaque
2598 4143 2948 4199 immediatus
2996 4154 3083 4199 est
3109 4161 3174 4200 ex
3225 4144 3386 4197 Patre
3418 4160 3734 4214 processus,
3768 4159 3823 4202 et

2244 4239 2344 4291 hoc
2381 4245 2465 4290 est
2506 4236 2677 4305 ipsius
2713 4235 2994 4299 definitio;
3033 4235 3314 4305 processio
3341 4248 3519 4288 autem
3551 4251 3645 4302 per
3684 4238 3825 4289 nati-

2244 4327 2460 4381 vitatem
2518 4327 2887 4395 intelligitur:
2945 4325 3066 4379 ideo
3115 4337 3169 4379 et
3221 4325 3391 4380 Filius
3427 4328 3646 4395 quidem
3706 4328 3823 4379 sine

2247 4417 2423 4471 medio
2469 4431 2536 4471 ex
2591 4416 2773 4481 Patre,
2813 4414 3051 4483 Spiritus
3102 4426 3282 4468 autem
3333 4431 3427 4484 per
3474 4415 3669 4468 Filium
3717 4429 3822 4471 est.

628 4511 682 4565 Si
714 4510 881 4579 igitur
912 4512 1096 4567 omnia
1133 4526 1253 4582 qua:
1289 4512 1454 4567 Pater
1483 4521 1587 4577 est,
1623 4511 1738 4567 hinc
1766 4513 1930 4565 etiam
1969 4512 2137 4567 Filius
2169 4495 2217 4554 ι)
2250 4512 2451 4565 Praeter
2511 4508 2657 4563 illam
2713 4519 2893 4561 autem
2949 4508 3296 4571 relationem,
3357 4525 3476 4576 qua:
3523 4510 3823 4563 secundum

556 4613 639 4657 est
669 4606 885 4673 genitus
919 4613 976 4660 et
1024 4619 1256 4660 manens
1289 4604 1478 4671 Filius,
1510 4616 1565 4660 et
1594 4608 1774 4659 omnia
1807 4622 1926 4672 qua:
1974 4607 2141 4660 habet

558 4699 737 4759 l’aler,
798 4701 909 4756 haec
959 4707 1013 4754 et
1067 4698 1235 4753 Filius
1271 4700 1667 4768 comprehensa
1736 4701 1896 4754 habet
1942 4708 2141 4769 printer

560 4795 940 4857 paternitatem
983 4791 1179 4856 solum,
1211 4800 1517 4860 praeterque
1560 4791 1610 4845 id
1642 4791 1835 4856 solum,
1873 4796 2014 4860 quod
2050 4793 2137 4847 hic

562 4885 719 4938 Pater
748 4896 855 4950 est,
894 4882 984 4939 ille
1027 4883 1218 4949 Filius,
1248 4883 1434 4939 omnia
1481 4885 1787 4937 communia
1843 4893 1990 4939 sunt.
2024 4884 2140 4941 Uua

560 4982 705 5032 enim
737 4979 794 5033 in
830 4993 889 5034 re
920 4987 1129 5032 tantum
1161 4977 1442 5033 differunt.
1468 4977 1677 5033 Caetera
1708 4979 1887 5033 omnia
1923 4982 2146 5050 aequali-

562 5084 761 5137 tatem,
819 5070 1483 5140 indemutabilitatemque
1539 5071 1803 5126 indicant.
1866 5072 2147 5138 Quomodo

564 5181 669 5220 non
698 5164 999 5234 paternitas
1019 5162 1263 5234 quidem,
1283 5174 1447 5232 atque
1476 5163 1734 5217 nativitas
1758 5166 2150 5220 substantiales

565 5263 690 5308 sunt
722 5253 853 5308 sola:
888 5253 1068 5307 Patris
1095 5267 1158 5307 ac
1199 5250 1320 5306 Filii
1355 5252 1719 5325 proprietates
1758 5253 1861 5309 sibi
1909 5255 2143 5310 invicem

565 5344 789 5398 minime
814 5358 1133 5399 communes
1156 5360 1172 5410 ;
1200 5346 1502 5414 producere
1523 5356 1730 5411 autem,
1753 5344 1915 5400 Patri.
1932 5356 1986 5402 et
2008 5345 2145 5402 Filio

567 5449 859 5489 connnunc
893 5445 996 5499 est,
1050 5437 1176 5509 quia
1208 5448 1261 5492 et
1298 5436 1536 5507 Spiritus
1566 5448 1813 5501 sanctus,
1836 5437 2146 5492 cunimunis

560 5539 667 5592 est,
719 5539 774 5583 et
835 5529 1122 5583 amborum
1173 5530 1372 5586 dicitur
1433 5530 1690 5601 Spiritus,
1752 5533 2146 5600 amborumquc

564 5620 941 5688 spiraculum?
975 5620 1113 5677 Nam
1165 5621 1403 5693 Spiritus
1444 5627 1618 5681 sancti
1652 5640 1775 5681 esse
1817 5625 2143 5694 principium

574 5857 587 5866 ,
628 5799 647 5830 ³
680 5802 835 5860 Joan.
872 5820 982 5870 xu,
1019 5804 1100 5859 15.

2247 4618 2469 4658 causam
2506 4612 2611 4668 est,
2650 4601 2850 4655 nullam
2900 4600 2951 4654 in
3002 4599 3206 4653 divinis
3244 4602 3491 4666 personis
3526 4602 3823 4656 discretio-

2248 4712 2369 4751 nem
2405 4695 2709 4765 intelligere
2740 4694 2822 4746 l'as
2854 4701 2958 4747 est.
2990 4691 3124 4744 Nam
3159 4695 3213 4745 in
3254 4692 3366 4743 sola
3400 4706 3564 4745 causa
3614 4702 3666 4745 et
3697 4709 3827 4746 cau-

2247 4788 2345 4841 sali
2379 4787 2590 4842 diviuas
2628 4799 2893 4853 personas
2942 4782 3184 4838 diSCerni
3222 4784 3428 4837 (lietum
3480 4793 3563 4836 est
3597 4801 3611 4847 ;
3672 4784 3829 4837 aliter

2244 4881 2389 4936 enim
2429 4877 2578 4932 omni
2618 4875 2961 4945 oppositione
3005 4884 3059 4927 et
3112 4874 3303 4928 ordine
3358 4889 3711 4943 processuum
3762 4878 3827 4928 ad

2245 4973 2476 5029 invicem
2514 4969 2745 5031 sublato,
2786 4967 2919 5021 nihil
2964 4967 3310 5035 prohibebit,
3354 4982 3546 5020 earum
3590 4968 3833 5034 prtqnic-

2248 5076 2385 5120 tates
2427 5063 2480 5117 iu
2539 5061 2683 5115 idem
2736 5074 3065 5113 concurrere
3107 5060 3431 5123 subjectum.
3491 5058 3676 5126 Itaque
3708 5075 3829 5111 cum

2248 5153 2444 5209 Filium
2491 5170 2518 5208 a
2560 5152 2766 5222 Spiritu
2800 5152 3082 5205 nativitate
3124 5148 3465 5212 discernunt,
3510 5150 3645 5202 nihil
3690 5151 3833 5202 aliud

2253 5251 2462 5313 dicunt,
2497 5260 2661 5315 quam
2710 5243 2975 5311 Spiritum
3010 5257 3132 5296 esse
3162 5257 3257 5310 per
3292 5241 3488 5295 Filium
3523 5260 3534 5294 :
3578 5256 3672 5307 per
3698 5242 3839 5292 nati-

2254 5345 2473 5397 vitatem
2499 5340 2643 5393 enim
2675 5336 2998 5408 procedere,
3022 5337 3165 5403 quod
3193 5334 3412 5399 dicitur,
3444 5344 3547 5389 est.
3573 5335 3837 5389 Similiter

2254 5452 2373 5491 Cum
2438 5433 2702 5504 Spiritum
2762 5449 2790 5484 a
2854 5430 2991 5484 Filio
3057 5431 3411 5499 processioue
3469 5430 3835 5497 distinguunt,

2258 5542 2515 5598 pl'UtCSsu
2571 5525 2662 5579 illo
2716 5542 2745 5578 a
2787 5523 2927 5578 Filio
2977 5524 3215 5578 discerni
3276 5524 3630 5586 conﬁtentur.
3679 5524 3839 5593 cujus

2257 5633 2336 5677 est
2373 5620 2636 5685 deﬁnitio,
2674 5634 2768 5689 per
2805 5618 3135 5672 natixitatem
3169 5633 3309 5674 esse.
