4462 6440
796 378 886 440 tat
2042 396 2432 457 MANUELIS
2461 404 2761 463 CALEC/E
3908 381 4004 467 1‘52

860 496 1122 559 Quaniam
1161 497 1323 566 igitur
1373 505 1664 557 secundum
1704 510 2091 564 substantiales
2130 527 2347 579 proces-
2381 520 2421 573 Α
2454 529 2654 572 nuntur
2681 537 2880 585 eausa-,
2920 536 2981 574 ea
3029 535 3148 576 esse
3184 523 3398 590 quidem
3431 532 3482 575 et
3528 523 3579 574 ln
3616 536 3796 583 causa,
3832 520 4001 590 ipsam

790 600 883 637 sus
914 600 1266 651 personarum
1302 593 1618 647 substantia:
1657 596 2047 663 signifiiantur,
2078 603 2348 669 simulque

786 690 908 726 cum
959 678 1148 731 ordine
1204 694 1363 733 causa
1419 692 1473 735 et
1522 688 1739 738 causalc
1792 687 2043 752 infertur,
2090 700 2145 744 et
2180 691 2348 746 Filius

786 766 999 830 quidem
1057 772 1354 824 secundum
1412 789 1731 839 processum
1780 794 1958 841 suum,
2017 782 2133 834 sine
2174 784 2348 835 medio

786 871 847 905 ex
891 855 1046 909 Patre
1068 859 1341 928 gignitur;
1381 864 1614 932 Spiritus
1645 878 1824 920 autem
1850 870 2001 935 juxta
2036 886 2345 937 processum

786 963 940 998 suum
982 965 1043 1001 ex
1109 950 1266 1005 Patre
1319 956 1564 1021 procedit
1618 975 1630 1009 :
1683 959 1822 1022 idco,
1873 960 1962 1013 ille
1998 961 2215 1028 quidem
2254 977 2348 1031 per

786 1039 1123 1093 nativitatem
1185 1059 1327 1106 csse,
1381 1046 1469 1097 hic
1526 1057 1709 1100 autem
1779 1063 1874 1114 per
1940 1054 2344 1116 processioncm

785 1129 983 1181 habere
1035 1147 1158 1186 esse
1204 1147 1569 1199 asscveratur,
1610 1139 1801 1192 merito
1829 1140 2017 1195 ambos
2066 1156 2130 1194 cx
2187 1144 2346 1196 Patre

782 1220 1001 1284 quidem
1070 1223 1220 1275 aiunt
1282 1239 1421 1287 esse,
1482 1241 1668 1280 verum
1747 1229 2064 1285 substantia:
2128 1232 2347 1287 diﬂ‘erre

783 1311 962 1363 tundit.

852 1446 1021 1500 Porro
1081 1463 1204 1501 cum
1265 1449 1687 1504 substantiarum
1750 1455 1923 1509 modis
1973 1458 2231 1512 discretio
2294 1471 2346 1512 et

781 1553 967 1601 causa,
996 1550 1157 1607 atque
1191 1541 1408 1593 causale
1440 1541 1597 1594 simul
1653 1544 1900 1607 infertur,
1938 1546 1987 1598 id
2019 1549 2216 1616 quippe
2263 1559 2345 1604 est

781 1630 985 1690 dicere,
1032 1632 1174 1682 aliud
1222 1633 1437 1696 quidem
1489 1649 1609 1687 esse
1665 1635 2006 1690 continenter
2046 1654 2108 1692 ex
2148 1641 2343 1708 primo,

781 1722 924 1772 aliud
966 1736 1089 1775 vero
1137 1736 1229 1788 per
1280 1723 1329 1773 id
1376 1725 1516 1791 quod
1551 1726 1622 1777 sit
1665 1730 2007 1781 continenter
2036 1744 2098 1781 ex
2150 1731 2340 1796 primo.

782 1812 887 1866 Sed
934 1822 985 1863 et
1035 1814 1237 1877 dicere,
1274 1816 1551 1882 pr0prium
1587 1818 1804 1883 quidem
1840 1819 1961 1873 Filii
2011 1823 2343 1878 nativitatem
2372 1843 2418 1901 Β

779 1919 925 1967 esse,
963 1905 1198 1968 Spiritus
1234 1916 1409 1959 autem
1437 1911 1864 1976 processionem,
1897 1912 2029 1966 nihil
2058 1915 2200 1967 aliud
2240 1916 2340 1968 sibi

778 1996 911 2060 vult,
944 1998 1045 2050 nisi
1080 2000 1221 2064 quod
1252 1997 1419 2052 Filius
1453 2001 1668 2068 quidem
1703 2016 1764 2053 ex
1805 2002 1961 2057 Patre
1992 2007 2111 2059 sine
2146 2009 2342 2069 medio,

779 2088 1018 2155 Spiritus
1074 2098 1255 2141 autem
1318 2105 1411 2156 per
1473 2089 1667 2143 Filium
1723 2092 2022 2159 procedit:
2088 2094 2344 2163 illumque

778 2182 1071 2248 procedere
1132 2183 1307 2244 fati-ri,
1358 2198 1462 2234 non
1515 2192 1695 2235 autem
1754 2183 1929 2236 instar
1964 2183 2103 2237 Filii.
2161 2185 2343 2253 Neque

777 2275 922 2326 enim
962 2274 1262 2327 nativitatis
1317 2275 1544 2333 ratione.
1600 2273 1692 2327 sed
1746 2276 2112 2342 processionis
2148 2278 2345 2330 discer-

778 2368 956 2419 neniis
988 2377 1071 2419 cst
1116 2365 1450 2429 immediate,
1488 2367 1629 2435 quod
1661 2367 1860 2420 dicitur
1893 2376 1947 2421 et
1972 2368 2222 2429 mediate,
2250 2368 2342 2422 sed

774 2468 828 2511 et
887 2457 1027 2525 quod
1079 2458 1154 2511 ait
1210 2457 1350 2509 idem
1407 2456 1712 2525 theologus,
1768 2457 1952 2509 omnia
2008 2470 2126 2525 quae
2183 2455 2344 2510 habet

775 2552 969 2613 Filius,
1015 2550 1249 2618 Spiritus
1304 2560 1447 2609 sunt,
1500 2559 1696 2618 prteter
1743 2548 2067 2613 nativitatis,
2116 2548 2343 2617 Filiique

775 2645 1037 2695 rationem
1068 2680 1083 2704 ,
1120 2641 1259 2694 idem
1294 2641 1492 2709 signat,
1526 2640 1680 2707 quasi
1723 2640 1926 2692 diceret
1955 2648 2149 2707 praeter
2175 2653 2339 2706 quam

774 2750 892 2787 osse
939 2734 1056 2786 sine
1092 2733 1292 2786 medio.
1340 2732 1461 2800 Ipse
1496 2732 1640 2785 enim
1686 2745 1782 2799 per
1828 2730 2024 2784 Filium
2078 2731 2338 2799 procedit.

776 2825 941 2878 Filius
983 2836 1162 2878 autem
1198 2839 1291 2891 per
1327 2824 1539 2877 Patrem
1583 2824 1848 2888 nascitur,
1885 2830 1939 2876 et
1980 2831 2338 2891 praeterquam

773 2920 912 2972 alius
955 2919 1167 2985 quidem
1205 2916 1371 2969 I‘ilius
1405 2924 1507 2978 est,
1554 2913 1691 2969 alius
1723 2922 1903 2966 autem
1936 2912 2179 2981 Spiritus
2217 2928 2342 2966 san-

773 3023 911 3063 i'ltts.
954 3008 1070 3077 Ipse
1097 3009 1240 3061 enim
1270 3016 1351 3061 est
1378 3008 1465 3074 qui
1502 3008 1576 3059 ait
1602 3003 1973 3059 emanationis
2017 3003 2339 3072 habitusque

771 3107 832 3159 ad
871 3104 1102 3157 invicem
1136 3102 1522 3163 differentiam,
1550 3100 1885 3154 dilI'erentem
1919 3112 2132 3166 quoque
2164 3097 2338 3165 appel-

770 3199 1022 3251 lationem
1080 3196 1184 3249 illis
1234 3194 1456 3253 fecisse;
1497 3203 1890 3261 proptereaque
1943 3190 2085 3243 idem
2124 3199 2229 3255 est,
2274 3204 2336 3243 ac

767 3289 812 3343 si
869 3287 1095 3342 dixisset
1152 3294 1512 3353 platei'qiiaiu
1566 3282 1703 3338 alius
1754 3280 1973 3350 quidem
2021 3293 2182 3335 causa
2234 3286 2339 3342 est,

768 3381 906 3433 alius
941 3378 1159 3433 causale
1186 3397 1196 3442 ;
1232 3379 1271 3429 si
1301 3388 1475 3430 autem
1506 3377 1778 3447 Nyssenns
1803 3389 2017 3442 quoque
2050 3373 2337 3435 discrevit,

766 3473 893 3525 dum
931 3471 1075 3525 aliud
1111 3471 1246 3523 dixit
1282 3489 1293 3523 :
1347 3469 1709 3532 Continenter,
1764 3468 1935 3528 aliud,
1991 3482 2083 3535 per
2113 3467 2166 3519 id
2200 3468 2337 3534 quod

767 3566 1134 3626 continenter;
1175 3573 1224 3615 et
1262 3564 1304 3615 si
1342 3562 1463 3626 quis
1512 3569 1690 3613 autem
1732 3559 2137 3628 processionent
2172 3556 2335 3610 alium

767 3654 1089 3709 substantia:
1125 3656 1342 3706 modum
1390 3666 1511 3706 esse
1559 3652 1720 3716 dixit,
1766 3661 1963 3719 praeter
1993 3650 2333 3704 nativitatem

765 3747 1072 3801 inunediate
1103 3760 1164 3797 ex
1200 3745 1397 3812 primo,
1424 3754 1474 3796 et
1507 3757 1601 3811 per
1632 3742 1865 3797 medium
1895 3757 1957 3795 ex
1990 3742 2166 3811 primo
2199 3740 2334 3795 iusi-

764 3854 934 3893 nuare
964 3838 1099 3891 vult.

834 3972 913 4023 Ad
966 3985 1085 4025 eam
1145 3985 1272 4025 vero
1326 3967 1539 4024 confert
1594 3970 2031 4038 intelligentiam,
2084 3980 2138 4023 et
2191 3970 2332 4035 quod

761 4064 960 4117 dicitur
988 4062 1234 4117 sufficere
1276 4061 1339 4115 ad
1383 4062 1784 4126 discretionem,
1820 4064 2058 4131 genitum
2093 4075 2155 4114 ac
2207 4075 2335 4129 pro-

759 4154 962 4207 cedens
1013 4154 1228 4217 dicere;
1282 4152 1625 4220 procedentis
1671 4154 1814 4205 euim
1869 4153 2007 4205 ratio
2045 4161 2161 4214 est,
2214 4165 2336 4205 esse

759 4262 855 4315 per
894 4246 1158 4314 genitum.
1208 4245 1393 4316 Itaque
1444 4261 1628 4299 verum
1681 4246 1731 4299 id
1768 4245 1986 4312 quidem
2039 4253 2141 4307 est,
2191 4244 2332 4309 quod

759 4353 1046 4405 processus
1084 4338 1297 4392 divinas
1342 4338 1656 4391 discernunt
1690 4351 1970 4404 personas,
2004 4350 2192 4388 verum
2226 4348 2330 4386 non

756 4431 875 4482 sine
926 4429 1120 4483 ordine
1170 4438 1219 4481 et
1269 4428 1388 4480 sine
1444 4427 1725 4479 intellectu
1762 4426 1826 4477 ad
1878 4426 2132 4489 invicem,
2169 4433 2332 4491 atque

2455 624 2577 661 vero
2608 611 2917 664 nullatenus
2946 612 3271 665 discernere.

2521 698 2707 766 Itaque
2729 699 3007 767 aequaliter
3031 713 3083 753 et
3118 701 3171 753 in
3198 702 3523 769 producente
3548 712 3600 755 et
3625 702 3677 755 in
3703 706 4001 770 productis.

2452 791 2531 842 vel
2571 790 2907 855 discerneut,
2935 791 3017 845 vel
3046 808 3150 847 nou
3181 794 3525 856 discernent;
3570 794 3613 847 si
3652 796 3819 860 enim,
3854 800 4001 848 verbi

2450 880 2647 947 gratia,
2681 882 2820 935 idem
2859 882 3020 935 homo
3057 894 3275 951 generet
3311 884 3501 943 filium,
3540 892 3821 952 artemque
3851 901 4001 937 suam

2450 970 2725 1038 pingendi,
2756 980 2811 1023 ut
2845 970 2917 1023 ita
2951 972 3211 1033 dicamus,
3258 972 3408 1025 illum
3450 975 3660 1039 doceat,
3691 986 3880 1027 natura
3912 991 4004 1043 pe.-

2450 1059 2615 1123 nitus,
2643 1071 2696 1113 et
2731 1075 2820 1113 ars
2860 1061 2971 1113 lilio
3012 1076 3074 1115 ac
3104 1062 3366 1130 discipulo
3402 1078 3523 1117 cum
3559 1065 3748 1126 insint,
3779 1064 3921 1117 sicut
3950 1074 4001 1117 ct

2451 1149 2503 1203 in
2540 1159 2709 1218 patre,
2761 1161 2816 1214 et
2863 1153 3139 1220 magistro,
3190 1168 3295 1206 non
3346 1154 3514 1222 magis
3552 1154 3804 1219 alterum,
3838 1169 4000 1221 quam

2449 1242 2673 1295 alterum
2711 1244 2761 1295 in
2801 1244 2951 1310 plura
2986 1243 3208 1305 dividet,
3252 1257 3315 1297 eo
3363 1245 3502 1310 quod
3560 1245 3613 1296 in
3662 1253 3890 1309 utroque
3932 1246 4003 1299 sit

2447 1331 2633 1385 eadem
2660 1333 3006 1387 discretionis
3032 1348 3195 1387 causa
3230 1350 3243 1385 :
3278 1348 3619 1401 rursumque.
3643 1333 3686 1388 si
3715 1335 3834 1402 quis
3867 1334 4002 1386 idem

2448 1422 2520 1476 sit
2575 1433 2747 1491 pater.
2805 1434 2859 1478 et
2895 1424 3221 1479 lectulorutn
3256 1426 3427 1489 faber,
3457 1436 3507 1478 et
3552 1437 3740 1478 natura
3786 1426 4001 1493 quidem

2449 1512 2613 1567 lilium
2643 1514 2849 1583 gignat,
2884 1524 3000 1568 arte
3040 1528 3166 1569 vero
3209 1514 3460 1569 lectulum
3497 1513 3680 1576 faciat,
3713 1514 3763 1566 in
3811 1514 4003 1567 lectulo

2447 1606 2663 1672 quidem
2715 1620 2778 1659 ac
2836 1606 2964 1670 lilio,
3015 1606 3139 1671 quia
3192 1615 3276 1661 est
3325 1615 3639 1658 naturarum
3696 1606 4001 1668 diversitas,

2448 1710 2566 1762 quae
2592 1695 2820 1764 subjecti
2849 1698 3057 1749 ratione
3084 1696 3198 1764 ipsa
3224 1696 3579 1758 discernitur;
3608 1697 3835 1748 alterum
3859 1698 4002 1749 enim

2450 1786 2610 1838 homo
2652 1794 2754 1848 est,
2794 1786 3023 1839 alterum
3071 1785 3271 1849 lignum
3309 1802 3322 1837 :
3360 1786 3499 1853 quod
3535 1785 3747 1851 quidem
3780 1784 3999 1852 lignum,

2449 1875 2491 1928 si
2534 1876 2750 1943 Quidem
2808 1876 2943 1942 patri
2977 1883 3029 1927 et
3065 1875 3242 1943 opilici
3290 1875 3511 1938 inesset,
3550 1875 4001 1942 quemadmodum

2447 1972 2501 2018 et
2531 1964 2712 2027 homo,
2744 1974 2796 2017 et
2826 1963 2972 2017 illum
3014 1961 3327 2016 necessario
3354 1961 3689 2015 discerneret
3734 1960 3785 2013 in
3819 1960 4003 2028 plures

2447 2069 2733 2109 causarum
2802 2052 3157 2108 substantias.
3218 2050 3313 2105 Vel
3366 2051 3631 2118 siquidem
3691 2053 4000 2119 pI'OdUClI'iX

2447 2147 2574 2216 ligni
2628 2155 2820 2200 natura
2869 2144 3139 2198 fabricare
3168 2142 3351 2207 sciret,
3382 2150 3531 2196 esset
3575 2150 3626 2195 et
3671 2150 3799 2195 tunc
3838 2142 4001 2194 veluti

2446 2250 2635 2300 causa,
2670 2236 2875 2303 lignum
2907 2242 2960 2288 et
2992 2232 3164 2296 faber,
3198 2233 3337 2287 idem
3380 2233 3673 2287 secundum
3701 2231 4002 2297 subjectum
4056 2266 4066 2272 -

2444 2328 2705 2390 existens,
2738 2327 2810 2379 ita
2849 2335 2902 2380 et
2930 2324 3160 2379 lectulus
3190 2338 3435 2394 germen,
3470 2323 3608 2375 idem
3658 2336 3746 2374 ars
3790 2331 3843 2376 et
3892 2322 4001 2374 lee-

2449 2420 2611 2482 tulus,
2653 2432 2826 2487 neque
2871 2418 3063 2486 magis,
3113 2417 3254 2486 quod
3303 2414 3568 2484 producit.
3649 2430 3809 2483 quam
3860 2416 4003 2482 quod

2447 2508 2787 2577 producitur,
2840 2508 3203 2562 discernetur.
3243 2505 3430 2575 Itaque
3480 2520 3602 2560 cum
3664 2505 4006 2559 discretionis

2445 2614 2622 2653 causa:
2657 2598 2708 2651 in
2745 2598 2992 2667 utrisque
3023 2597 3307 2665 aequaliter
3345 2597 3571 2661 luerint,
3602 2611 3762 2651 causa
3796 2596 4003 2651 scilicet

2444 2695 2607 2752 strue
2655 2685 2882 2751 causali,
2937 2686 3223 2754 aequaliter
3259 2688 3373 2754 ipsa
3430 2686 3721 2740 discernet.
3776 2685 4006 2755 Gignere

2445 2786 2624 2831 autem
2668 2787 2834 2847 atque
2877 2777 3199 2846 producere,
3252 2778 3302 2831 in
3337 2793 3441 2831 una
3485 2780 3783 2847 eademque
3814 2785 4002 2831 natura

2444 2880 2549 2930 est,
2586 2870 2638 2922 in
2664 2884 2794 2938 qua,
2817 2880 2868 2923 et
2901 2869 3049 2937 gigni
3077 2879 3131 2921 et
3160 2870 3477 2937 procedere.

2511 2960 2740 3015 Constat
2790 2961 2953 3014 etiam
2986 2960 3206 3029 gignere
3248 2960 3385 3014 idem
3430 2974 3570 3025 esse,
3600 2960 3744 3029 quod
3776 2968 3862 3014 est
3914 2974 4005 3028 pa-

2446 3060 2596 3105 terna
2645 3052 2947 3121 proprietas
2996 3070 3009 3105 :
3061 3051 3423 3119 proprietates
3469 3065 3618 3114 vero,
3669 3052 3810 3105 idem
3861 3065 4003 3112 esse,

2363 3167 2405 3223 ρ
2444 3146 2584 3211 quod
2616 3144 2948 3198 substantias
2997 3143 3293 3198 secundum
3333 3158 3469 3208 rem,
3500 3143 3612 3211 jam
3650 3157 3810 3210 supra
3854 3157 4008 3195 mon-

2446 3244 2675 3290 stratum
2728 3242 2833 3291 est.
2884 3233 3019 3290 Tres
3053 3244 3231 3289 autem
3283 3234 3596 3290 substantia:
3637 3232 4005 3306 [bypostases]

2448 3328 2606 3383 Pater
2638 3336 2719 3382 est
2761 3336 2817 3381 et
2854 3326 3024 3381 Filius
3064 3335 3118 3380 et
3151 3325 3387 3395 Spiritus
3422 3334 3678 3390 sanctus;
3719 3323 3873 3378 Pater
3909 3341 4004 3377 au-

2447 3428 2555 3473 tem
2590 3428 2645 3474 et
2672 3418 2843 3474 Filius
2887 3429 2942 3472 et
2976 3418 3213 3485 Spiritus
3245 3428 3467 3472 sanctus
3513 3432 3674 3471 verus
3716 3415 3859 3471 Deus
3901 3428 4005 3481 εει,

2446 3512 2687 3566 Trinitas
2718 3526 2843 3574 una,
2884 3521 2940 3565 et
2967 3509 3510 3578 supersubstantialis
3535 3510 3795 3563 essentia.

2518 3603 2782 3657 Similiter
2808 3613 2855 3657 et
2894 3604 2960 3656 de
2991 3617 3057 3656 eo
3086 3602 3226 3671 quod
3262 3610 3339 3654 est
3390 3603 3560 3663 nasci,
3594 3610 3647 3653 et
3673 3602 3740 3654 de
3768 3615 3836 3654 eo
3861 3601 4004 3667 quod

2444 3707 2528 3750 est
2562 3696 2878 3763 procedere,
2923 3692 3237 3750 dicendum.
3272 3692 3378 3747 Ista
3422 3694 3586 3762 igitur
3637 3694 3917 3761 aequaliter
3947 3693 3998 3744 in

2444 3788 2774 3858 producente
2812 3794 2867 3839 et
2916 3786 3214 3855 productis,
3271 3784 3353 3840 vel
3399 3785 3731 3847 discernenl,
3775 3784 3854 3835 vel
3905 3801 4007 3835 non

2444 3881 2797 3935 discernent:
2839 3877 2882 3931 si
2921 3877 3140 3946 quidem
3174 3877 3338 3945 igitur
3363 3878 3695 3939 discerpent,
3736 3878 3849 3929 diue
3883 3880 4008 3927 sub-

2443 3971 2657 4026 stantise
2688 3965 3054 4041 [bypostases]
3081 3966 3185 4021 erit
3214 3965 3396 4031 Pater,
3434 3965 3686 4034 gignendi
3717 3965 3922 4019 scilicet
3946 3979 4008 4017 ac

2442 4057 2775 4127 producendi
2819 4056 3027 4110 ratione
3059 4072 3073 4111 :
3108 4056 3189 4109 sin
3228 4070 3353 4108 vero
3379 4055 3492 4108 lucc
3534 4055 3586 4107 in
3617 4052 3772 4107 Patre
3812 4055 4012 4107 discre—

2444 4150 2608 4204 tionis
2656 4163 2823 4203 causa
2879 4162 2984 4202 non
3038 4147 3168 4212 sint,
3221 4160 3395 4212 neque
3448 4145 3619 4199 Filius
3667 4154 3722 4198 et
3774 4146 4008 4213 Spiritus

2444 4239 2734 4303 nascendi,
2791 4238 3224 4307 procedendique
3264 4238 3473 4292 ratione
3525 4247 3747 4306 propter
3793 4238 4007 4293 easdem

2441 4346 2635 4386 causas
2683 4329 3062 4384 discernentur
3109 4330 3176 4383 ab
3226 4328 3456 4382 invicem
3506 4327 3631 4382 :sic
3678 4339 3855 4381 autem
3908 4330 4010 4382 erit

2442 4440 2543 4477 una
2590 4436 2823 4491 persona
2868 4421 3035 4476 Filius
3073 4432 3124 4475 et
3174 4420 3406 4489 Spiritus
3449 4431 3686 4474 sanctus.
3717 4418 3830 4473 Non
3866 4422 4006 4473 enim

756 4522 1178 4589 oppositionem,
1208 4519 1548 4572 nativitatem
1576 4506 1699 4570 ante
1735 4531 2049 4584 processum
2079 4516 2331 4584 cogitari.
2368 4520 2409 4572 ἶ)
2440 4517 2620 4570 dicere
2669 4529 2984 4584 possumus,
3018 4528 3138 4568 esse
3175 4514 3377 4581 aliquid
3423 4513 3475 4564 iu
3503 4512 3784 4580 productis
3818 4513 3916 4564 boc
3958 4511 4007 4561 iu

758 4614 1276 4681 processionemque
1337 4625 1433 4676 per
1494 4608 1830 4661 nativitatem
1889 4622 2032 4670 esse,
2090 4609 2215 4675 quia
2280 4618 2334 4659 et

758 4706 997 4772 Spiritus
1050 4720 1142 4769 per
1175 4702 1371 4754 Filium
1423 4711 1524 4762 est,
1570 4715 1633 4753 ac
1690 4710 1973 4768 propterea
2024 4700 2335 4753 necessario

753 4814 977 4854 causam
1026 4807 1077 4849 et
1107 4794 1321 4850 causale
1352 4794 1654 4861 subiugeri,
1690 4794 1785 4848 sed
1826 4795 1970 4845 enim
2001 4793 2334 4861 impossibile

754 4903 860 4953 est,
893 4898 948 4941 ut
970 4889 1123 4955 juxta
1161 4886 1375 4938 illorum
1403 4884 1710 4951 opinionem
1746 4883 1916 4944 nasci,
1956 4898 2017 4936 ac
2044 4885 2333 4950 procedere

754 4985 1119 5037 discernatur.
1179 4979 1339 5037 Nam.
1393 4980 1437 5031 si
1491 4977 1689 5029 nullam
1739 4976 2136 5045 oppositionem
2173 4977 2221 5029 in
2273 4993 2331 5031 διε

754 5076 888 5142 ipsis
920 5075 1269 5129 continentes
1304 5073 1621 5125 discernere
1657 5068 1984 5129 sufﬁcerent,
2039 5077 2097 5119 ut
2150 5069 2332 5119 dicunt

754 5169 979 5235 ιιι-οἱπερ
1021 5180 1290 5235 ΡΟΓΒΟΠἏΞ,
1341 5164 1530 5216 eadem
1570 5161 1783 5214 ratione
1822 5158 2114 5221 suﬂiceret,
2148 5169 2201 5212 et
2246 5144 2325 5225 gi.-

752 5275 940 5329 gnere,
962 5267 1014 5308 et
1041 5256 1343 5324 producere
1370 5269 1489 5323 qua:
1521 5252 1666 5306 Patri
1701 5252 1905 5314 insunt,
1931 5252 1984 5305 in
2016 5251 2330 5306 dilferentes

751 5355 927 5417 ipsum
986 5362 1249 5417 personas
1302 5346 1575 5400 scindere.
1628 5342 1973 5413 lmpossibile
2026 5353 2109 5396 est
2159 5342 2329 5405 enim,

753 5452 1107 5511 apertamque
1165 5439 1331 5492 habet
1381 5436 1851 5498 contrarietatem,
1894 5435 2162 5504 principia
2205 5449 2330 5503 pro-

752 5536 864 5601 pria
899 5549 961 5585 ac
996 5534 1309 5587 discernere
1341 5531 1554 5591 idonea,
1581 5542 1703 5581 esse
1748 5527 1979 5594 uspiam,
2022 5535 2184 5594 atque
2222 5527 2330 5580 illic

751 5627 1134 5681 discretiOncm
1166 5639 1269 5677 non
1299 5637 1439 5676 esse.
1464 5621 1662 5685 Veluti,
1689 5620 1731 5672 si
1760 5619 1881 5688 quis
1909 5620 2048 5671 dicat
2080 5619 2326 5687 peritiam

752 5719 970 5785 quidem
1025 5717 1077 5769 in
1133 5716 1315 5783 aliquo
1356 5729 1497 5775 csse,
1556 5716 1729 5779 ipsum
1766 5726 1895 5763 vero
1941 5711 2173 5779 peritum
2220 5728 2326 5763 nou

751 5828 885 5867 esse.
929 5811 1070 5867 Idem
1112 5825 1242 5879 ergo
1276 5820 1358 5864 cst
1390 5818 1553 5863 etiam
1604 5807 1803 5872 dicere,
1849 5821 1941 5875 per
1970 5820 2088 5875 qua:
2122 5805 2324 5861 discer-

2447 4607 2563 4662 loco
2603 4604 2951 4661 discretionis
2981 4620 3225 4667 causam,
3278 4606 3420 4658 sicut
3468 4605 3519 4657 in
3574 4604 3766 4657 lectulo
3796 4613 3847 4656 et
3900 4603 4009 4656 filio

2442 4700 2758 4752 discernens
2787 4707 2977 4751 natura
3008 4696 3282 4759 dilIerens,
3319 4697 3461 4764 quod
3497 4696 3550 4750 in
3584 4707 3735 4763 patre
3773 4712 3875 4747 non
3907 4705 4006 4747 est.

2444 4792 2557 4845 Una
2589 4790 2732 4845 enim
2764 4791 2926 4844 trium
2958 4789 3216 4853 essentia,
3244 4803 3309 4843 ac
3344 4799 3537 4841 natura
3568 4797 3671 4853 est,
3720 4803 3781 4841 ac
3817 4799 4010 4855 pra-ter

2441 4883 2826 4945 dill‘erentiam,
2852 4896 2972 4951 qum
2994 4882 3288 4936 secundum
3329 4895 3545 4938 causam
3578 4890 3632 4935 et
3664 4881 3879 4935 causale
3905 4892 4007 4941 est,

2442 4975 2612 5029 sancti
2640 4974 2838 5027 nullam
2864 4973 3021 5026 aliam
3047 4972 3371 5041 intelligunt.

2511 5066 2778 5133 Quoniam
2834 5065 2996 5134 igitur
3029 5065 3272 5133 gignere,
3310 5079 3373 5118 ac
3412 5066 3705 5131 producere
3739 5066 3788 5116 in
3836 5064 4010 5117 Patris

2443 5170 2632 5213 natura
2679 5173 2801 5212 cum
2850 5157 2983 5222 sint,
3037 5155 3252 5210 Patrem
3310 5158 3360 5209 in
3403 5158 3537 5209 duas
3587 5172 3850 5223 personas
3905 5172 4008 5208 uuu

2439 5254 2757 5307 discernunt
2800 5268 2812 5302 :
2856 5250 3085 5313 idcirco,
3119 5263 3291 5317 neque
3323 5248 3377 5302 in
3412 5246 3555 5310 Filii,
3590 5262 3650 5299 ac
3682 5248 3853 5301 saneti
3887 5248 4009 5314 Spi-

2441 5345 2577 5397 ritus
2617 5351 2811 5395 natura
2865 5342 3040 5402 nasci,
3088 5323 3497 5406 ac.procedere
3548 5353 3670 5391 cum
3717 5340 3809 5399 sit,
3868 5339 4011 5405 ipsas

2440 5438 2733 5495 discernet,
2766 5436 2867 5487 nisi
2899 5434 3045 5488 aliud
3079 5433 3402 5502 adjiciatur;
3437 5432 3539 5484 hoc
3568 5439 3673 5493 οδε,
3703 5429 3802 5483 nisi
3843 5444 4008 5496 opp0«

2440 5528 2691 5581 sitionem
2728 5528 2963 5585 habeant
2992 5525 3057 5578 ad
3092 5524 3343 5579 invicem.
3382 5522 3537 5577 Unde
3569 5522 3658 5589 qui
3710 5535 3804 5573 eos
3849 5519 4013 5575 variis

2441 5621 2807 5689 processibus,
2833 5618 3089 5675 nascendi
3115 5618 3326 5671 scilicet
3345 5630 3403 5669 ac
3426 5614 3752 5681 procedendi
3779 5613 4011 5664 discerni

2440 5715 2716 5772 dixeruut,
2754 5710 2835 5763 vel
2885 5710 3263 5775 personalibus
3311 5707 3734 5775 proprietatibus
3788 5703 4010 5755 relative

2441 5806 2543 5861 sibi
2568 5804 2797 5859 ittt‘icettt
2836 5804 3031 5872 opponi
3068 5801 3387 5869 intelligunt,
3422 5809 3475 5853 ul
3510 5800 3708 5852 dictum
3739 5809 3835 5849 cst.
3872 5794 4011 5847 Sub-
