4462 6440
456 416 557 481 15⁸7
1528 422 1918 479 ΑῘᾺἘΗΞΓζέ
1956 425 2052 477 (ὶῖὶ

2094 423 2266 479 ΞἙΠΞ
2311 426 2379 482 LI
2393 428 2446 485 Β.
2504 423 2610 483 Ili.

3578 422 3671 481 158

452 543 600 594 sunt,
652 547 753 583 non
809 542 981 585 autem
1033 531 1293 591 dicentur,
1350 532 1589 597 hocque,
1618 549 1737 583 cum
1790 549 1849 586 ex
1891 535 2008 584 aliis
2058 543 2078 587 \
2114 538 2354 586 stantius.
2406 535 2523 588 Non
2562 538 2718 591 enim.
2760 544 2811 583 ut
2844 536 3069 585 alienum
3106 543 3314 581 natum-
3356 535 3671 594 intrarint-,4,

452 630 682 677 conStat,
746 630 854 671 tum
906 636 966 671 ex
1005 620 1135 684 ip~is
1188 618 1435 670 Ecclesia:
1465 618 1825 683 dogmatibus.
1885 617 2014 666 limi

456 713 597 761 enim
651 710 838 763 Filium
899 711 1039 763 Patri
1073 709 1607 768 consubstantialem,
1660 709 1850 772 Deique
1918 708 2012 760 Ce-

455 798 692 850 nitrircm
736 815 937 864 semper
1005 797 1265 864 Virginem
1328 798 1601 863 praedicari
1638 800 1687 848 in
1754 796 2011 857 Ecclesia,

456 899 620 954 atque
655 890 901 939 humaiue
952 895 1157 939 natum
1190 885 1377 938 Filium
1417 888 1503 938 Dz-i
1561 887 1854 938 secundum
1892 889 2016 937 sub-

456 978 707 1028 stantlam
762 978 968 1028 nnituut
1025 992 1183 1039 esse,
1239 992 1363 1027 vera
1422 977 1632 1042 quidem
1693 987 1859 1039 sunt;
1918 976 2016 1027 fuit

459 1076 661 1127 tamen,
700 1065 916 1133 quando
965 1080 1066 1118 non
1117 1066 1434 1118 dicebantur
1466 1083 1478 1129 ;
1514 1081 1615 1117 non
1663 1074 1841 1116 tamen
1902 1067 2016 1118 ideo

459 1157 593 1209 falsa
642 1156 872 1208 fuerunt.
905 1155 1033 1209 Nam
1063 1165 1249 1223 postea
1286 1156 1609 1209 necessitate
1641 1165 1857 1224 urgente
1892 1171 2014 1219 pro-

461 1258 579 1314 ptrr
646 1248 913 1300 contraria
989 1248 1248 1307 dicentes,
1312 1246 1472 1298 etiam
1542 1255 1599 1297 ut
1661 1248 1711 1297 in
1774 1245 2011 1297 Ecclesia

458 1340 667 1405 publice
727 1339 1033 1391 dicerentur
1084 1340 1404 1401 institutum,
1443 1348 1495 1390 et
1545 1338 1829 1390 formatum
1879 1349 2008 1401 est;

458 1429 582 1494 quid
630 1443 756 1491 ergo
811 1428 1026 1490 mirum,
1077 1429 1116 1480 si
1167 1438 1221 1481 et
1268 1437 1486 1480 sanctus
1538 1429 1639 1479 iste
1702 1431 1844 1494 quod
1906 1442 2011 1479 non

460 1517 930 1585 pronuntiabatur,
987 1530 1043 1570 ut
1080 1520 1239 1570 multa
1293 1519 1415 1580 alia,
1461 1528 1513 1571 et
1564 1528 1709 1581 tunc,
1744 1527 1798 1571 et
1843 1518 2013 1583 prius,

460 1624 565 1658 non
599 1609 699 1660 dici
738 1610 808 1661 ait
842 1609 863 1660 *ἒ
892 1606 1004 1660 Non
1043 1610 1185 1661 enim
1219 1608 1457 1676 profecto
1502 1625 1595 1677 per
1623 1610 1721 1661 hoc
1758 1611 2018 1674 osteintit,

458 1698 584 1764 quia
616 1714 715 1750 non
748 1709 831 1751 est
858 1713 873 1750 :
911 1701 1002 1752 sed
1037 1702 1136 1752 hoc
1168 1700 1363 1761 solum,
1392 1700 1513 1766 quia
1553 1701 1603 1751 in
1634 1701 2020 1753 consuetudine

458 1789 604 1840 dicto
663 1803 766 1841 non
806 1788 1155 1854 proferretur.

532 1878 635 1931 Sed
683 1879 824 1931 enim
874 1894 996 1932 eum
1052 1880 1151 1932 sibi
1204 1894 1306 1932 non
1343 1894 1461 1933 esse
1501 1879 1857 1942 contrarium,
1898 1881 2020 1934 hinc

462 1970 701 2038 profecto
747 1982 982 2026 consul.
1040 1971 1327 2026 O-tensum
1385 1971 1527 2024 enim
1580 1972 1727 2038 prius
1759 1982 1838 2024 est
1871 1974 2019 2039 quia,

459 2061 656 2127 ubique
699 2077 791 2129 per
848 2061 1170 2129 praepositio,
1205 2061 1256 2113 in
1288 2061 1480 2127 quibus
1526 2063 1842 2121 assumitur,
1882 2077 2023 2126 prte-

458 2150 666 2201 ccdenti
709 2166 884 2204 causa
919 2159 1256 2218 conparatur,
1290 2161 1449 2218 atque
1502 2152 1566 2203 ad
1610 2166 1726 2205 eam
1778 2151 2019 2206 efﬁcien-

460 2240 611 2304 tiam,
661 2255 821 2309 quam
884 2240 996 2307 ipsa
1051 2241 1304 2308 inspicit,
1356 2240 1471 2294 sive
1532 2242 1583 2294 in
1641 2243 1974 2296 natttralibus
2009 2283 2022 2306 ,

460 2329 676 2382 sive-in
736 2329 1033 2383 artiﬁcibus
1088 2330 1353 2396 quispiam
1404 2344 1709 2384 sermonem
1767 2346 2026 2385 exercere

459 2421 609 2474 velit.
648 2421 850 2474 [tamus
896 2420 1038 2475 enim
1073 2435 1166 2489 per
1196 2436 1353 2488 quem
1392 2419 1599 2473 fructus
1637 2420 1828 2485 oritur,
1869 2436 2021 2475 cam-

457 2515 605 2578 dem,
664 2528 820 2580 quam
873 2513 1021 2565 radix
1074 2522 1278 2565 natura:
1322 2512 1678 2566 intentionem
1738 2513 1912 2566 habet.
1966 2512 2029 2566 Et

458 2620 627 2665 serra,
662 2603 809 2660 vorbi
855 2604 1047 2672 gratia,
1094 2617 1188 2670 per
1217 2617 1373 2670 quam
1407 2602 1553 2657 faber
1606 2604 1826 2673 gradum
1864 2603 2025 2669 facit,

459 2694 527 2745 ad
574 2692 743 2753 illum,
800 2707 904 2745 non
958 2691 1021 2743 ad
1080 2692 1301 2745 alterius
1349 2692 1560 2759 generis
1604 2692 1850 2745 cﬂ'ectuu:
1905 2695 2030 2744 arti-

471 2784 557 2837 ﬁci
634 2792 995 2851 cooperator.
1052 2780 1165 2834 Non
1218 2783 1360 2835 enim
1414 2784 1479 2835 ad
1554 2782 1981 2836 calefaciendum
2014 2826 2026 2847 ,

460 2889 557 2927 seu
608 2871 961 2926 dealbandttm
1009 2872 1084 2943 illi
1118 2874 1518 2938 COOIlCl'ditillll'.
1566 2872 1897 2940 Pt‘orSUsquc
1935 2887 2026 2936 ea,

461 2980 562 3032 per
618 2979 731 3030 qua:
789 2964 984 3031 aliquid
1038 2963 1127 3026 lit,
1192 2975 1549 3031 cooperantur
1607 2965 1687 3017 his
1743 2966 1832 3032 qui
1885 2965 2032 3032 prius

464 3056 556 3109 illa
590 3064 825 3118 movtnt,
870 3054 935 3107 ad
981 3055 1191 3108 illorum
1226 3066 1414 3107 nutum
1450 3070 1551 3107 una
1579 3070 1696 3107 cum
1731 3055 1833 3107 illis
1866 3070 2028 3107 causa

2116 626 2202 672 sel
2246 636 2295 672 ut
2362 625 2691 688 inronfusmit
2753 622 2949 678 Patris,
2985 630 3031 671 et
3107 620 3227 670 Filii
3282 620 3672 680 ἰιιιρΗὶςει·ιιιὶι.-ιη

2116 714 2456 772 (moment/et,
2511 712 2582 761 ita
2631 696 2985 771 pronuntiiirit
3028 708 3325 765 ςινωςιοΙυς.
3393 704 3450 755 Et
3512 707 3671 757 ιιιεοι,

2116 802 2404 865 (Iregm'ius
2447 801 2562 851 ait:
2605 816 2666 849 ea:
2714 817 2835 865 quo,
2882 810 2925 849 ct
2965 815 3053 859 per
3084 814 3229 861 quc.”
3280 797 3415 859 quod
3457 796 3670 853 dicitur,

2117 903 2214 936 n-‘rt
2277 896 2493 936 naturus
2567 887 2938 943 scim/enimut,
2994 889 3081 935 sui
3131 886 3282 934 unius
3360 885 3672 947 incon/ii»?-

2121 992 2213 1037 qttc
2270 987 2474 1025 ηιιιηιηυ
2533 978 2874 1040 proprietates
2941 976 3365 1036 erprimrutium.

2199 1068 2421 1130 1¹ιηιιιοΓ
2462 1067 2561 1117 hoc
2605 1066 2762 1131 igitur
2819 1082 2907 1130 per
2949 1064 3207 1127 particula
3266 1074 3538 1129 assumpta
3576 1076 3677 1121 est,

2125 1168 2178 1210 ul
2246 1155 2860 1208 consubstantialitatem
2904 1155 3058 1205 simul
3103 1163 3155 1205 ct
3197 1168 3544 1219 personarum
3588 1169 3677 1202 or-

2119 1248 2296 1298 dinem
2339 1259 2399 1295 ar.
2440 1244 2818 1297 discretionem
2863 1245 3038 1310 signet
3072 1260 3134 1294 ex
3173 1244 3515 1309 processibus
3558 1244 3683 1307 Ipsis

2120 1346 2487 1403 apparentem.
2546 1335 2598 1387 In
2642 1351 2745 1401 quo
2810 1350 2939 1388 sane
2985 1335 3173 1387 ordine
3224 1349 3285 1387 ac
3330 1336 3672 1389 discretione,

2120 1428 2237 1479 Filii
2280 1442 2507 1493 persona
2544 1428 2776 1479 medium
2823 1427 3027 1477 obtinet
3067 1426 3259 1485 locum,
3292 1441 3446 1489 quam
3477 1438 3685 1487 semper

2118 1520 2278 1570 etiam
2330 1520 2379 1568 in
2433 1519 2705 1568 communi
2760 1517 3146 1569 consuetudine
3209 1516 3510 1581 significat,
3570 1529 3683 1578 per.

2120 1617 2172 1659 et
2198 1623 2262 1659 ne
2291 1606 2369 1660 vel
2405 1622 2504 1659 una
2543 1620 2789 1672 persona,
2831 1606 3010 1665 Pater,
3044 1614 3096 1657 et
3136 1604 3299 1655 Filius
3343 1604 3685 1655 existimetur

2122 1705 2343 1763 propter
2408 1696 2843 1763 praepositionum
2893 1695 3324 1753 similitudinem,
3391 1694 3470 1744 vel
3534 1694 3638 1742 duo
3675 1730 3689 1752 ,

2122 1796 2171 1838 ct
2211 1797 2397 1838 contra
2462 1800 2518 1839 se
2552 1786 2723 1839 divisa
2756 1785 2910 1836 ambo
2942 1826 2955 1847 ,
2993 1786 3222 1849 Spiritus
3249 1784 3505 1849 principia
3549 1784 3692 1833 ride-

2124 1886 2304 1938 antur,
2362 1876 2549 1928 talisre
2577 1890 2701 1928 esse
2754 1874 2871 1927 Filii
2924 1890 3173 1940 persona,
3224 1875 3396 1941 qualis
3427 1884 3479 1925 ct
3526 1873 3695 1927 Patris

2124 1976 2223 2029 est,
2265 1967 2398 2019 nihil
2436 1976 2559 2019 ante
2617 1981 2674 2019 se
2713 1968 3004 2033 COgitatuni
3061 1965 3284 2027 habens,
3342 1966 3692 2031 quemadmo-

2126 2061 2249 2109 dum
2294 2068 2344 2111 et
2382 2057 2559 2111 Pater.
2603 2057 2681 2109 Ex
2727 2062 2870 2110 enim
2920 2059 3064 2111 sistit
3108 2067 3361 2120 mentem,
3395 2068 3445 2108 et
3476 2058 3696 2108 ulterius

2127 2152 2202 2203 ire
2262 2165 2365 2202 non
2415 2150 2575 2217 cogit,
2627 2150 3088 2217 principalemque
3159 2163 3376 2201 causam
3433 2164 3695 2215 quu‘rcrt‘,

2126 2240 2210 2293 cui
2272 2255 2335 2291 e1:
2394 2239 2765 2306 principaliter
2809 2239 3094 2291 distributa
3131 2250 3254 2300 est;
3297 2256 3386 2304 per
3414 2249 3589 2289 autem
3619 2240 3698 2290 al-

2130 2341 2298 2382 teram
2354 2344 2566 2399 quoque
2624 2346 2907 2395 personam
2951 2341 3145 2399 preter
3192 2348 3278 2393 At,
3330 2331 3553 2383 includit
3592 2345 3609 2389 ;
3646 2340 3698 2378 et

2130 2420 2194 2472 ad
2231 2420 2374 2473 illaut
2430 2422 2679 2486 provehit
2733 2435 2989 2485 mentem,
3040 2422 3497 2489 principalemquu
3556 2421 3697 2471 illam

2132 2510 2378 2577 designat
2426 2524 2669 2574 causam,
2723 2512 2774 2564 iu
2836 2527 2943 2578 qua
3002 2512 3113 2564 lucc
3166 2513 3406 2579 ponitur,
3462 2512 3693 2561 medium

2130 2611 2184 2652 ct
2235 2600 2411 2667 primi,
2453 2612 2505 2654 ct
2549 2603 2684 2669 ejus,
2726 2603 2791 2654 ad
2823 2619 2979 2670 quem
3017 2618 3327 2670 processus,
3366 2604 3477 2654 sive
3508 2619 3699 2668 operm

2145 2690 2237 2742 tiu.
2270 2690 2445 2758 Atque
2476 2691 2550 2743 ita
2579 2690 2894 2744 Trinitatem
2937 2694 3140 2755 iitlt'grc
3173 2694 3323 2744 nobis
3367 2694 3705 2743 (‘mumo'tidal

2131 2796 2242 2846 per,
2303 2764 2572 2848 simulque
2606 2798 2892 2848 processus
2952 2798 3304 2850 personarum
3358 2785 3421 2834 ad
3475 2784 3702 2833 int-imm

2135 2870 2379 2922 ordinem
2411 2870 2632 2923 indicat.
2694 2870 2795 2923 Sed
2826 2881 2875 2923 ct
2914 2873 3163 2923 CSSCIIliiC
3198 2886 3408 2937 quoque
3451 2872 3704 2922 unitatem

2136 2974 2228 3026 per
2252 2974 2311 3013 se
2342 2962 2499 3014 tertio
2529 2962 2822 3023 connectit,
2855 2963 3341 3029 juxtaUrcgorium
3382 2961 3705 3029 Nyssrnum,

2141 3050 2260 3105 Filii
2314 3054 2663 3116 mediatioue,
2701 3063 2752 3106 et
2799 3054 2898 3105 sibi
2954 3053 3221 3121 Unigenui
3285 3056 3540 3106 honorem
3595 3070 3706 3103 scr-

461 3148 676 3207 etiecta,
718 3146 801 3200 vel
852 3145 1002 3215 quasi
1061 3147 1442 3207 instrumenta,
1488 3145 1569 3197 vel
1630 3122 2100 3211 quomodolihetC
2140 3151 2318 3204 vante,
2375 3150 2431 3194 et
2492 3141 2751 3209 Spiritum
2817 3142 3043 3194 naturali
3100 3140 3310 3194 Patrem
3366 3142 3545 3193 habitu
3599 3160 3701 3192 una

463 3239 622 3291 aliter
651 3237 769 3290 illos
813 3235 1145 3304 ailjuvantia.

538 3328 593 3382 Si
644 3328 856 3396 quidem
908 3327 1071 3396 igitur
1122 3340 1226 3379 non
1277 3334 1420 3381 esset
1472 3328 1551 3381 eis
1607 3320 1863 3382 dillereus
1929 3344 2025 3380 ua-

463 3429 585 3472 tura
640 3420 708 3471 ad
764 3433 856 3471 eos
909 3418 998 3485 qui
1061 3418 1163 3471 illis
1233 3427 1495 3481 utuntur,
1557 3429 1735 3472 essent
1804 3427 1857 3473 et
1918 3420 2027 3486 ipsa

469 3510 711 3580 profecto
766 3512 1085 3577 simpliciter
1118 3525 1300 3573 causa,
1352 3512 1491 3564 sicut
1532 3513 1701 3578 prima
1750 3512 1842 3564 illa
1881 3530 1896 3575 ;
1935 3514 2027 3565 sed

468 3606 520 3657 in
571 3601 731 3655 Patre
774 3603 937 3655 etiam
990 3602 1089 3654 hoc
1146 3601 1332 3667 magis.
1386 3601 1664 3669 Siquidem
1726 3612 1779 3656 ct
1844 3602 2028 3656 eadem

464 3703 610 3749 esset
663 3696 728 3746 ad
781 3702 991 3747 utentes
1042 3696 1307 3761 operatio.
1381 3691 1575 3745 Verum
1632 3694 1683 3746 in
1743 3691 1921 3755 Patre,
1981 3702 2031 3745 et

469 3786 627 3850 Filio,
680 3785 934 3854 quoniam
989 3798 1093 3838 una
1157 3793 1346 3836 natura
1409 3799 1635 3837 numero
1697 3783 1981 3849 inSpicitur
2016 3820 2031 3844 ,

469 3888 523 3933 et
572 3892 674 3930 una
708 3878 788 3931 eis
827 3877 987 3932 etiam
1039 3877 1200 3940 actio,
1263 3877 1376 3931 sive
1428 3876 1699 3944 processio
1754 3884 1857 3936 est,
1890 3890 2028 3927 unus

466 3983 631 4039 atque
686 3972 823 4023 idem
868 3968 1033 4034 Deus,
1068 3970 1263 4022 merito
1315 3966 1435 4021 Filii
1494 3985 1607 4035 per,
1645 3977 1699 4021 et
1744 3966 1918 4019 Patris
1947 3981 2031 4029 ex,

467 4064 857 4134 signiﬁcatione
916 4075 1018 4133 nop
1080 4060 1312 4124 dilferet,
1366 4061 1457 4114 sed
1524 4060 1636 4128 ipsa
1700 4059 1913 4126 quidem
1970 4059 2035 4110 ad

468 4157 551 4216 de,
611 4154 692 4206 vel
742 4168 828 4218 ex,
882 4154 1180 4207 transibit:
1224 4153 1311 4206 illa
1364 4167 1489 4206 Vero
1535 4166 1721 4206 rursus
1772 4152 1838 4205 ad
1897 4166 1989 4217 per
2020 4189 2035 4213 ,

468 4242 848 4307 transferetur,
907 4256 1300 4311 communeque
1348 4250 1400 4295 et
1451 4256 1617 4294 unum
1666 4252 1829 4307 atque
1894 4239 2035 4293 idem

467 4349 591 4387 cum
658 4332 820 4386 Patre
882 4332 1203 4401 principium
1282 4342 1504 4387 sanctus
1579 4331 1815 4401 Spiritus
1886 4334 2036 4393 erit,

469 4433 689 4493 propter
736 4439 945 4492 mquam
993 4422 1112 4478 Filii
1162 4424 1225 4477 ad
1279 4423 1492 4479 Patrem
1540 4425 1821 4486 Deitatem,
1876 4432 2040 4491 atque

469 4514 763 4569 essentiam
795 4515 1061 4580 eamdem,
1103 4515 1370 4582 aliamque
1409 4530 1623 4569 omnem
1667 4514 2029 4573 identitateai,

468 4616 525 4660 ct
573 4606 1166 4660 indemutabilitatem:
1235 4619 1498 4660 concesso
1559 4606 1726 4675 seinel
1784 4622 1812 4657 ,ι
1867 4604 2033 4657 Patre

471 4714 568 4765 per
612 4694 804 4751 Filium
857 4708 1103 4753 sanctum
1168 4697 1432 4767 Spiritum
1472 4700 1807 4764 procedere:
1848 4695 2037 4748 docto-

474 4792 726 4858 ribusque
778 4791 1029 4844 omnibus
1096 4789 1478 4853 clamantibus,
1536 4805 1643 4842 non
1705 4802 1828 4842 esse
1907 4788 1989 4840 fas
2025 4778 2068 4851 ,-

470 4881 829 4935 dill'erentiam
886 4882 1120 4950 aliquam
1163 4882 1565 4950 quomodolibet
1600 4882 1651 4934 in
1709 4880 1858 4935 hisce
1911 4895 2045 4948 prie-

474 4972 836 5038 pasitionibus
868 4971 1171 5042 intelligere
1204 4972 1305 5025 ltoc
1356 4972 1768 5025 indeteruiiuatc
1820 4985 2045 5022 monen-

472 5063 635 5127 tibus,
688 5061 1135 5130 docentibusque,
1186 5062 1237 5115 in
1293 5062 1473 5127 Patre,
1527 5072 1583 5114 et.
1632 5058 1791 5125 Filio,
1848 5060 1933 5124 de,
1970 5061 2048 5113 vel

470 5170 553 5217 ex,
597 5174 650 5218 a,
683 5170 794 5221 per,
826 5154 959 5209 nihil
991 5154 1227 5218 differre,
1267 5154 1365 5207 nisi
1419 5153 1472 5206 in
1503 5161 1768 5220 quantum
1797 5154 2051 5206 subsmu-

472 5252 578 5301 tias
629 5248 980 5302 discernunt.
1035 5248 1126 5300 Ait
1191 5247 1335 5300 enim
1396 5259 1623 5313 magnus
1695 5243 1925 5297 Basilius
1978 5242 2043 5296 ad

475 5337 915 5406 Amphilochium
976 5337 1243 5401 scribens,
1293 5351 1410 5405 cap.
1447 5336 1523 5391 5:
1564 5333 1744 5388 (Unus
1801 5333 1938 5387 Deus
1999 5346 2045 5386 et

474 5433 663 5493 Pater,
715 5446 779 5483 ea:
839 5448 939 5498 qua
990 5434 1169 5485 omnia
1204 5448 1222 5484 :
1275 5440 1322 5485 et
1387 5428 1522 5483 unus
1582 5431 1834 5483 Dominus
1887 5432 2044 5483 Jesus

468 5525 732 5588 Christus,
794 5540 884 5592 per
942 5541 1095 5594 quem
1150 5524 1327 5579 omnia
1362 5526 1403 5578 ⁸.
1433 5543 1451 5574 ι
1482 5522 1609 5577 Ista:
1652 5538 1753 5576 non
1811 5534 1929 5575 sunt
1970 5522 2042 5572 lc-

470 5632 583 5686 gem
630 5618 868 5683 pauentis
917 5634 1082 5682 voces,
1122 5620 1228 5671 -εειι
1290 5602 1657 5686 dsliugucutis
1718 5615 1888 5683 potius
1932 5615 2047 5666 sub-

551 5802 567 5830 *
598 5801 793 5867 Ειιιιιοδ.
831 5813 903 5861 tv,
930 5801 982 5850 ti.

2138 3230 2499 3285 cxcludente:
2555 3230 2643 3284 Sic
2695 3233 2854 3292 enim,
2893 3242 2946 3283 ut
3011 3231 3084 3282 ait
3146 3245 3372 3295 magnus
3432 3231 3658 3283 Basilius
3692 3272 3707 3291 ,

2139 3332 2186 3375 et
2219 3324 2549 3388 substantiw,
2584 3323 2938 3376 conceduntur
2974 3334 3018 3376 ct
3046 3323 3189 3389 pium
3225 3323 3361 3374 unici
3386 3325 3711 3390 pl'iut‘tp:t"t$

2140 3418 2330 3481 «legum
2376 3430 2476 3466 non
2528 3414 2740 3467 decidit.
2781 3457 2786 3463 .

2207 3507 2474 3570 Quoniam
2527 3506 2688 3574 igitur
2727 3521 2850 3557 cum
2884 3504 3087 3558 unitate
3119 3519 3471 3571 personarum
3502 3520 3715 3572 quoque

2140 3597 2518 3649 diserctiouein
2602 3596 2870 3659 conﬁteri,
2938 3595 3237 3647 secundum
3313 3595 3467 3645 tidem

2142 3687 2421 3750 traditum,
2468 3686 2746 3749 debemus,
2794 3687 2903 3737 huic
2951 3694 3122 3736 autem
3157 3696 3204 3735 ct
3253 3684 3430 3744 atttbo,
3488 3686 3714 3733 alterum

2144 3780 2361 3847 quidem
2418 3793 2483 3831 ex
2522 3777 2700 3839 Patre,
2760 3790 2856 3845 per
2910 3775 3097 3828 Filium
3154 3775 3412 3837 Spiritum
3471 3784 3714 3824 samumn

2142 3873 2431 3941 procedere
2464 3871 2569 3923 dici
2599 3870 2965 3931 commendat,
3005 3870 3230 3919 alterum
3262 3876 3443 3918 autem
3483 3883 3543 3917 ex
3580 3865 3718 3915 ‘r‘ilio

2141 3963 2244 4015 dici
2284 3976 2386 4015 non
2422 3962 2515 4024 ita,
2549 3960 2666 4013 ideo
2711 3957 3080 4010 Damascenus
3132 3972 3222 4021 per
3256 3955 3447 4008 Filium
3499 3956 3714 4021 quidem

2144 4053 2434 4123 procedere
2488 4052 2706 4104 fatetur.
2764 4048 2846 4101 Ea:
2920 4046 3061 4100 Filio
3092 4060 3265 4099 autem
3319 4063 3420 4097 non
3466 4047 3715 4109 dicimus,

2145 4148 2365 4215 adjecit,
2413 4155 2607 4214 putans
2663 4145 2734 4197 illi
2783 4160 2868 4207 ea',
2921 4157 3164 4212 persona!
3209 4157 3314 4194 non
3375 4156 3674 4209 congruere
3706 4181 3720 4205 ,

2146 4253 2435 4306 antequam
2472 4239 2559 4291 illa
2602 4250 2831 4305 persooa
2878 4236 3169 4303 cogitatur,
3208 4233 3299 4286 sed
3334 4232 3383 4286 ei
3428 4244 3719 4299 antequam

2148 4331 2307 4395 nulla,
2338 4329 2509 4398 qualis
2542 4339 2625 4382 est
2656 4343 2879 4397 persona
2917 4326 3110 4379 Patris.
3139 4325 3360 4378 Plurimi
3394 4340 3530 4378 vero
3575 4339 3727 4377 sanc-

2149 4434 2322 4477 torum
2386 4421 2625 4480 Patrum,
2658 4428 2817 4487 atque
2845 4418 3003 4472 iidem
3034 4418 3251 4486 saepius,
3278 4418 3493 4470 easdem
3528 4416 3726 4468 dictio-

2147 4535 2240 4572 nes
2270 4519 2320 4569 in
2356 4516 2622 4584 theologia
2658 4517 2948 4568 secundum
2985 4512 3301 4567 diﬂerentes
3332 4510 3724 4579 intelligentias

2145 4622 2198 4664 et
2232 4609 2610 4675 suscipiunt,et
2655 4622 2761 4661 non
2809 4606 3135 4673 suscipiunt,
3190 4614 3244 4658 et
3273 4604 3562 4673 aliquando
3612 4603 3715 4665 sie,

2148 4702 2399 4770 aliqando
2430 4700 2609 4761 aliter,
2646 4709 2703 4751 ut
2734 4713 2958 4766 magnus
2991 4696 3219 4750 Basilius
3250 4696 3300 4748 in
3331 4694 3726 4763 quiestionibus

2150 4793 2217 4846 ad
2273 4791 2625 4853 Ennomium,
2678 4805 2886 4857 germen
2929 4787 3124 4840 Filium
3170 4786 3439 4840 dicentem
3470 4799 3575 4837 non
3610 4800 3730 4836 sus-

2147 4884 2297 4951 cipit,
2340 4882 2627 4936 dictioncm
2679 4881 2817 4933 hanc
2863 4878 3373 4947 imperfectionibus
3425 4892 3729 4943 congruere

2150 4976 2471 5030 existimans
2507 4990 2521 5039 ;
2552 4973 2805 5040 quocirca
2850 4986 2969 5025 eam
3003 4971 3234 5023 maxime
3271 4970 3502 5035 ponebat
3539 4968 3721 5019 Ειιιιυ-

2154 5068 2312 5121 mins.
2354 5064 2551 5119 Verum
2587 5063 2865 5132 theologus
2904 5062 3220 5129 Gregorius,
3254 5062 3308 5113 iu
3362 5060 3537 5127 primo
3590 5059 3731 5109 libro

2159 5158 2259 5211 De-
2293 5156 2457 5221 Filio,
2507 5155 2575 5208 de
2621 5170 2686 5209 eo
2740 5164 2794 5207 et
2843 5156 3042 5222 Spiritu
3097 5163 3287 5209 sancto
3344 5154 3568 5219 loquens
3597 5152 3666 5201 ait
3712 5167 3726 5202 :

3558 3602 3713 3643 ιιιὶῖιιη

2105 5248 2360 5301 'llorum
2424 5260 2601 5300 autem
2653 5246 2879 5298 alterum
2940 5248 3149 5311 quidem
3200 5261 3443 5313 germen,
3505 5242 3733 5294 alterum

2146 5353 2260 5390 vero
2322 5337 2632 5404 productum
2687 5345 2783 5388 est.
2834 5335 2900 5387 Et
2932 5350 3151 5389 causam
3206 5334 3447 5403 quidem,
3500 5344 3555 5383 ct
3603 5345 3734 5382 cau-

2146 5428 2259 5480 sale
2292 5428 2341 5478 in
2375 5427 2573 5480 divinis
2611 5427 2859 5493 personis
2904 5429 3026 5488 dici,
3064 5437 3209 5480 vetat
3263 5425 3494 5494 Cyrillns
3529 5423 3727 5474 beatis-

2148 5524 2320 5571 smus
2352 5519 2571 5570 dicens:
2606 5517 2831 5569 (qusmu
2881 5534 2996 5570 vero
3030 5528 3075 5569 et
3119 5516 3329 5569 causale
3359 5531 3420 5567 ne
3460 5515 3729 5565 nominari.

2149 5613 2358 5681 quidem
2410 5610 2489 5677 fus
2544 5623 2641 5673 est,
2690 5629 2729 5662 si
2774 5611 2888 5672 quis
2942 5609 3072 5662 illud
3130 5610 3322 5662 scilicet
3371 5608 3528 5676 juxta
3581 5623 3727 5658 creas
