4462 6440
807 410 906 468 159

2060 390 2459 474 nituistis
2501 418 2800 477 cunae

3935 417 4030 485 160

803 532 1043 565 tttt'ttt‘um
1093 532 1284 566 murem
1334 519 1573 583 arripiat.
1627 520 1940 574 Communis
1980 534 2162 574 autem
2211 525 2367 588 fides,
2399 528 2441 580 A
2473 526 2604 578 nihil
2629 545 2642 586 ς
2667 527 2892 594 ipseque
2918 543 2982 581 ex
3013 529 3167 582 Patre
3193 545 3313 586 csse
3340 532 3554 590 dicitur.
3582 542 3739 599 atque
3764 536 3828 584 ad
3853 536 4021 601 ipsum

797 621 1090 672 omnesque
1139 608 1389 674 theologi,
1453 627 1501 660 In
1554 611 1664 661 Sola
1709 628 1868 662 causa
1921 623 1974 664 et
2023 616 2226 666 causali
2283 617 2366 666 di-

797 697 950 746 vinas
1001 713 1259 763 personas
1312 698 1572 762 distingui
1625 701 1834 762 dicunt,
1896 702 2172 768 majusque
2223 704 2363 769 quod

796 786 1029 847 dicitur,
1089 785 1251 845 Patri,
1311 804 1484 841 causa‘
1533 793 1743 844 ratione
1801 794 2015 857 plurimi
2082 795 2363 846 doctorum

797 877 1157 941 assignarunt.
1217 878 1374 930 Juxta
1437 882 1749 947 opinionem
1806 893 1984 936 autem
2044 884 2362 937 ArianOrum

795 966 862 1016 ah
914 966 1165 1020 Ecclesiae
1205 971 1407 1022 ambitu
1467 973 1761 1035 repellitur.

869 1054 1011 1106 Nihil
1079 1073 1205 1120 ergo
1274 1060 1490 1120 mirum,
1561 1062 1603 1112 si
1675 1065 1840 1115 etiam
1928 1065 2207 1119 doctorum
2275 1067 2363 1119 alii

796 1145 1013 1207 quidem
1069 1163 1131 1196 ex
1177 1150 1458 1214 principali
1509 1165 1705 1214 causa,
1755 1162 1808 1205 et
1855 1165 1979 1208 ante
2027 1170 2187 1222 quam
2231 1157 2363 1210 nihil

797 1236 1093 1299 t'ngititttt‘,
1148 1238 1268 1288 hinc
1321 1240 1420 1289 soli
1471 1254 1772 1304 congruere
1817 1258 1935 1296 eam
1987 1245 2316 1300 arbitrantes
2347 1288 2360 1308 ,

793 1339 856 1372 cx
908 1325 1060 1375 Patre
1105 1342 1198 1393 per
1231 1327 1422 1379 Filium
1458 1331 1750 1395 procedere
1793 1331 2051 1400 Spiritum
2094 1345 2362 1396 sanctum,

794 1419 1287 1482 pitliitll'lﬂl'Clllque
1329 1421 1540 1473 Patrem
1611 1438 1704 1488 per
1749 1423 1982 1477 Verbum
2030 1434 2362 1487 asseverant,

793 1507 919 1567 quia
957 1505 1073 1555 Filii
1102 1508 1282 1558 omnia
1309 1508 1371 1558 ad
1416 1507 1624 1560 Patrem
1660 1512 1985 1577 referuntur,
2012 1531 2115 1569 nou
2185 1526 2362 1565 tamen

790 1609 850 1643 es
918 1593 1047 1643 Filio
1105 1595 1310 1647 dicunt.
1359 1597 1461 1649 Alii
1524 1613 1649 1649 vero
1695 1603 1841 1653 etei
1905 1603 1993 1669 qui
2055 1619 2121 1656 ex
2196 1621 2360 1657 causa

789 1695 889 1742 est,
931 1697 984 1733 ιιι
1043 1685 1179 1737 Filio
1209 1701 1504 1753 congruere
1532 1702 1811 1754 ponentes.
1845 1693 2000 1758 cujus
2029 1692 2185 1746 Pater
2219 1697 2361 1762 prin-

790 1773 978 1833 cipalis
1028 1775 1409 1841 praecogitatur
1463 1792 1649 1836 causa.
1691 1792 1755 1830 eo
1810 1777 1950 1846 quod
2006 1797 2169 1834 unum
2215 1784 2360 1848 prin-

788 1863 1008 1927 cipiunt,
1057 1876 1107 1916 et
1161 1881 1260 1916 una
1313 1881 1471 1920 causa
1525 1870 1594 1920 sit
1657 1869 1834 1932 Pater,
1902 1880 1952 1922 et
1998 1869 2184 1928 Filius.
2223 1873 2362 1925 sicut

787 1962 837 2001 et
899 1967 1001 2002 una
1051 1955 1339 2007 essentia:
1389 1971 1530 2008 nunc
1578 1957 1793 2024 quidem
1854 1972 1952 2026 per
2006 1958 2199 2012 Filiutn
2242 1975 2363 2015 esse

789 2057 850 2092 ai-
913 2045 1208 2108 procedere
1259 2045 1464 2108 dicunt,
1494 2063 1635 2099 nunc
1683 2055 1863 2102 autem
1915 2063 1977 2102 ex
2037 2049 2172 2103 Filio
2202 2065 2363 2116 esse,

786 2145 839 2184 ct
895 2138 1133 2200 prodire,
1192 2147 1245 2190 et
1295 2138 1606 2204 procedere,
1658 2141 1956 2193 secundum
2021 2151 2361 2207 sanctorum,

799 2231 856 2273 ut
910 2225 1111 2276 dictum
1183 2234 1284 2288 est,
1357 2225 1570 2278 divinas
1645 2229 1879 2282 rationes
1947 2231 2207 2294 tradunt,
2270 2245 2365 2298 per

785 2327 1019 2382 unaque
1054 2316 1122 2367 illi
1151 2317 1288 2369 idem
1341 2319 1602 2380 volentes,
1651 2321 1752 2372 etsi
1779 2320 1998 2387 syllabis
2032 2321 2301 2376 differant.

863 2406 1068 2458 Placuit
1119 2422 1247 2474 ergo
1293 2406 1626 2460 Daniasccno
1684 2411 1735 2461 in
1790 2410 2099 2478 huiusmodi
2163 2414 2362 2468 theolo-

782 2499 864 2565 gia
928 2499 1105 2561 potius
1157 2498 1231 2550 uti
1292 2515 1403 2565 per,
1464 2515 1489 2550 a
1524 2516 1627 2567 qua
1665 2509 1718 2553 et
1777 2504 2358 2566 consubstantialitas.

782 2603 835 2639 «ιι
893 2591 1090 2648 unitas,
1155 2605 1636 2659 processuuntque,
1674 2607 1736 2645 ac
1790 2609 2145 2661 personarum
2202 2600 2356 2661 ordo,

782 2692 836 2732 ct
890 2682 1144 2732 discretio
1197 2691 1472 2747 apparent,
1528 2698 1687 2748 quam
1745 2688 2074 2740 assuuiendo
2129 2704 2192 2739 ea:
2235 2704 2364 2740 eau-

787 2788 902 2821 sam
969 2775 1342 2826 tantummodo
1410 2775 1766 2840 significare:
1827 2781 2090 2843 maxime,
2163 2798 2230 2836 ne
2285 2783 2363 2835 vel

782 2881 884 2916 una
941 2879 1188 2932 persona,
1225 2865 1382 2916 Pater
1417 2877 1468 2918 et
1506 2866 1671 2921 Fllllls
1703 2870 2166 2932 existimarentur,
2205 2889 2365 2943 prop-

780 2966 861 3007 ter
915 2957 1356 3021 praepositionum
1420 2960 1829 3014 similitudinem
1882 2978 1896 3025 ;
1963 2963 2044 3016 vel
2102 2979 2167 3015 ne
2221 2967 2363 3018 vide-

785 3057 936 3096 retur
987 3045 1156 3099 Filius
1194 3047 1324 3100 nihil
1377 3060 1500 3101 ante
1531 3065 1588 3100 se
1637 3052 1930 3119 cogitatum
1962 3055 2184 3119 habere,
2224 3057 2364 3108 sicut

2397 1866 2432 1890 υ

2472 615 2747 668 refertur:
2787 615 2851 666 Et
2882 633 3048 676 omne,
3083 620 3220 686 quod
3268 638 3378 672 esse
3431 638 3462 672 a
3510 621 3643 674 Filio
3684 625 3903 683 dicitur,
3959 628 4026 674 ad

2469 707 2695 767 primam
2726 722 2943 759 causam
2975 709 3277 762 relationem
3317 712 3485 771 habet,
3519 717 3809 764 secundum
3847 715 4024 766 Basilii

2470 796 2792 847 sententiam
2845 799 2895 850 in
2935 798 3070 850 lihro
3103 801 3488 863 Qttwstiontmt,
3530 805 3823 854 secundum
3865 819 4024 869 quem

2470 885 2687 936 modum
2729 894 2783 938 et
2815 888 2988 949 radix,
3014 900 3064 940 et
3101 889 3244 953 fons,
3277 901 3328 943 et
3358 892 3504 942 solus
3534 906 3694 943 causa
3733 891 3890 944 Pater
3921 894 4023 942 dii-i

2468 980 2665 1039 potest,
2701 985 2756 1025 ut
2793 978 3134 1039 ostendatur,-
3161 995 3223 1030 η
3253 995 3353 1047 quo
3379 981 3514 1044 quod
3561 981 3755 1031 dicitur
3784 993 3829 1031 ct
3867 999 4026 1048 neque

2467 1063 2593 1122 tria,
2647 1079 2806 1132 neque
2835 1068 2940 1116 duo
2975 1069 3235 1134 principia
3287 1070 3503 1120 deorum
3531 1071 3844 1136 pluralitate
3880 1089 4027 1137 sepa-

2468 1161 2587 1204 rata
2621 1156 3004 1221 suscipiantur,
3039 1165 3096 1209 ttt
3147 1159 3221 1209 ait
3273 1158 3564 1228 Gregorius
3619 1161 3919 1227 theologus.
3973 1163 4023 1212 in

2467 1240 2561 1295 lib.
2616 1242 2690 1294 De
2743 1244 2950 1308 Spiritu
3001 1256 3203 1298 sancto.
3242 1245 3366 1299 Ideo
3410 1257 3463 1299 et
3495 1249 3692 1299 dictum
3726 1258 3851 1300 est:
3903 1247 4025 1298 Vivo

2467 1347 2558 1398 ego
2595 1343 2806 1399 propter
2855 1336 3094 1387 Patrem.
3149 1334 3208 1386 Et
3248 1353 3262 1389 :
3303 1335 3375 1389 De
3405 1337 3531 1388 liora
3565 1337 3659 1388 illa
3709 1353 3856 1388 nemo
3905 1339 4024 1396 scit,

2468 1438 2626 1487 neque
2662 1422 2855 1487 Filius,
2890 1424 2991 1475 nisi
3027 1423 3218 1486 Pater;
3249 1435 3299 1479 et
3336 1444 3348 1479 :
3380 1425 3421 1477 Α
3451 1442 3528 1477 me
3555 1427 3665 1490 ipso
3692 1427 3830 1494 facio
3856 1429 4024 1480 nihil:

2465 1519 2517 1562 et
2550 1529 2562 1563 :
2610 1513 2757 1563 Sicut
2791 1516 2950 1565 audio
2972 1513 3194 1580 judico;
3222 1523 3275 1568 et
3310 1532 3322 1567 :
3358 1514 3474 1567 Mea
3523 1517 3787 1577 doctrina,
3817 1533 3916 1567 non
3953 1528 4025 1567 cst

2465 1615 2578 1652 mea
2607 1617 2624 1653 :
2654 1611 2708 1654 et
2737 1619 2751 1654 :
2783 1599 2944 1655 Pater
2973 1619 3114 1654 meus
3151 1604 3323 1668 major
3351 1621 3427 1656 me
3452 1617 3526 1657 est
3561 1620 3578 1658 :
3612 1617 3662 1658 et
3692 1608 3736 1659 si
3770 1609 3894 1674 quid
3927 1609 4026 1659 hu-

2461 1689 2696 1756 jusinodi
2752 1691 2818 1742 ab
2848 1705 2912 1744 eo
2945 1692 3147 1744 dictum
3192 1705 3298 1758 est,
3334 1695 3426 1761 qui
3479 1696 3657 1748 omnia
3696 1697 3761 1748 ad
3815 1696 4024 1749 Patrem

2469 1777 2654 1837 refert,
2688 1778 2825 1831 sicut
2860 1789 2913 1832 et
2949 1780 3012 1833 de
3044 1779 3269 1848 Spiritu,
3302 1781 3427 1833 alihi
3463 1783 3676 1848 quidem
3713 1785 3787 1836 ait
3828 1801 3845 1839 ε
3887 1785 4025 1849 Quia

2465 1869 2669 1919 mittam
2739 1870 2881 1922 vobis
2954 1868 3332 1936 I’araclelum;
3390 1873 3514 1925 alibi
3577 1883 3756 1927 autem
3806 1891 3820 1927 :
3862 1875 4025 1938 Quem

2462 1955 2633 2008 mittet
2667 1954 2828 2010 Pater
2854 1958 2905 2011 in
2933 1961 3136 2013 nomine
3176 1976 3312 2025 meo,
3353 1961 3455 2015 hoc
3485 1973 3565 2016 est
3592 1978 3686 2032 per
3712 1980 3816 2018 me.
3843 1965 4031 2032 Neque

2463 2046 2606 2099 enim
2638 2062 2926 2114 personam
2965 2048 3203 2117 Spiritus
3237 2053 3411 2105 sancti
3442 2053 3682 2106 futurum
3707 2055 3900 2107 Filium
3935 2071 4029 2123 per

2465 2135 2568 2188 hoc
2621 2136 2912 2203 significat.
2957 2139 3092 2192 Illud
3125 2139 3365 2209 quidem,
3396 2152 3452 2194 ut
3484 2157 3634 2194 suam
3661 2147 3911 2198 ostendat
3947 2147 4030 2198 di—

2463 2227 2748 2292 gnitatem.
2781 2227 3051 2295 Dignitate
3084 2230 3220 2282 enim
3251 2240 3299 2283 et
3330 2235 3511 2286 ordine
3542 2236 3799 2286 secundus
3825 2253 3854 2287 a
3887 2234 4028 2288 Filio

2464 2328 2562 2381 est,
2591 2316 2743 2384 juxta
2796 2335 3048 2386 magnum
3087 2319 3369 2385 Basilium,
3427 2323 3783 2394 majoremque
3833 2326 4030 2389 Spiritu

2465 2420 2647 2462 sancto
2698 2405 2926 2472 Filium,
2973 2423 3198 2478 magnus
3256 2411 3332 2462 ait
3379 2410 3723 2467 Athanasius.
3780 2412 4032 2479 Hoc.au-

2467 2511 2572 2556 tem
2643 2502 2969 2569 principium
3032 2502 3153 2556 sine
3206 2511 3446 2569 tempore
3502 2504 3799 2568 houorans,
3854 2518 3903 2561 et
3968 2526 4029 2561 ne

2466 2596 2724 2649 videretur
2779 2593 2885 2648 Deo
2934 2593 3230 2658 adversari,
3268 2604 3325 2648 ut
3372 2595 3447 2647 ait
3498 2594 3780 2666 theologus
3824 2599 4029 2670 Grego-

2465 2687 2600 2739 rius.

2537 2775 2824 2830 Enimvero
2872 2788 3150 2832 ostensum
3203 2790 3285 2835 est
3316 2781 3475 2835 etiam
3525 2781 3892 2834 conversionis
3942 2796 4030 2833 ra-

2468 2869 2632 2930 tione,
2663 2871 2786 2938 quia
2830 2870 3045 2925 Patrem
3088 2874 3151 2924 ad
3195 2873 3368 2926 solum
3397 2873 3591 2926 Filium
3637 2874 3920 2926 conferens
3949 2873 4033 2925 vir

2467 2971 2684 3014 sanctus
2717 2963 2816 3015 hoc
2842 2964 2948 3026 ait;
2984 2978 3104 3015 cum
3137 2963 3367 3017 dixisset
3403 2963 3547 3016 enim
3576 2980 3588 3015 :
3624 2961 4036 3030 Supersubstanv

2470 3051 2613 3103 tialis
2654 3053 2791 3104 enim
2824 3053 3017 3106 divina:
3061 3054 3414 3122 generationis
3452 3069 3529 3106 res
3577 3070 3678 3106 non
3730 3063 4034 3107 convertunt

781 3148 835 3186 et
893 3137 1094 3200 I'atcr;
1138 3138 1207 3190 ita
1269 3139 1412 3192 enim
1455 3140 1502 3192 ci
1562 3140 1734 3194 visum
1797 3153 1898 3206 est,
1951 3154 2006 3198 et
2054 3146 2181 3209 alia,
2241 3163 2360 3213 qure
2391 3159 2432 3218 ς
2468 3146 2535 3193 ad
2583 3143 2840 3205 invicem;
2914 3144 3060 3196 solus
3117 3154 3291 3195 autem
3342 3143 3458 3211 fons
3512 3145 4033 3210 supersubstantialis

785 3232 1037 3296 praedicta
1095 3242 1241 3284 sunt.

855 3325 958 3374 Sed
1018 3325 1116 3376 ista
1174 3325 1394 3392 quidem
1457 3323 1758 3388 Sufliciunt,
1808 3326 1971 3378 etiam
2018 3327 2059 3378 si
2103 3329 2362 3395 magister

781 3415 1023 3472 dixisset.
1089 3431 1149 3468 et
1187 3415 1320 3468 Filio
1367 3433 1468 3469 non
1507 3433 1626 3468 esse
1682 3418 1964 3485 Spiritum.
2020 3418 2167 3472 Nunc.
2214 3437 2361 3483 vcro,

780 3523 887 3557 nun
943 3508 1010 3558 ita
1055 3507 1209 3566 dixit,
1257 3507 1428 3559 solum
1473 3525 1485 3560 :
1525 3507 1601 3558 EI-
1657 3506 1798 3560 Filio
1839 3521 2012 3562 autem
2073 3527 2176 3563 non
2229 3512 2365 3565 dici-

779 3614 914 3656 mus;
982 3600 1080 3649 hoc
1117 3606 1296 3651 autem
1335 3600 1477 3650 nulla
1521 3608 1729 3651 ratione
1778 3602 2110 3653 contrarium
2167 3615 2250 3654 est
2289 3603 2363 3665 ei,

776 3688 923 3754 quod
977 3704 1097 3740 esse
1151 3703 1215 3740 ex
1269 3690 1403 3742 Filio
1454 3691 1671 3745 dicitur.
1746 3691 2100 3747 Communem
2158 3695 2357 3764 quippe

781 3791 987 3831 tantum
1034 3796 1189 3833 usuin
1230 3797 1323 3848 per
1364 3783 1462 3836 hoc
1519 3783 1702 3836 tradit.
1750 3783 1806 3836 Si
1859 3785 2023 3852 igitur
2081 3801 2143 3838 ea
2196 3802 2362 3853 expo-

777 3872 972 3924 sitione
1009 3887 1278 3939 suscepta,
1317 3892 1475 3942 qu-uu
1527 3877 1679 3929 inulti
1724 3877 1927 3939 volunt,
1981 3879 2208 3944 plurima
2245 3895 2364 3945 quae

777 3976 904 4016 sunt
939 3978 1074 4025 rata,
1109 3969 1510 4030 convellantur,
1543 3981 1595 4021 et
1630 3984 1800 4036 neque
1845 3971 1960 4036 ipse
2012 3972 2138 4034 sibi,
2189 3988 2360 4040 neque

776 4059 900 4110 aliis
950 4071 1073 4112 ante
1127 4075 1182 4113 se
1236 4043 1548 4113 tithlOl'ibUS
1591 4061 1909 4124 coocordat,
1953 4073 2134 4115 nostra
2179 4074 2359 4117 autem

776 4153 1161 4216 (-xplinatione
1202 4154 1465 4213 admissa,
1500 4151 1632 4205 nihil
1672 4152 1776 4205 tale
1806 4155 2099 4222 contingit,
2138 4170 2359 4208 corum-

773 4259 875 4308 qne
915 4258 1035 4309 quae
1071 4253 1182 4294 rata
1235 4253 1383 4306 sunt,
1431 4244 1562 4295 nihil
1610 4247 1832 4298 omnino
1867 4244 2069 4299 decidit
2100 4261 2119 4298 :
2152 4258 2362 4301 constat

777 4336 1048 4402 ρωῐυοιυ,
1090 4336 1228 4388 hanc
1275 4351 1396 4389 esse
1449 4351 1630 4389 veram
1680 4337 2100 4403 expositionem,
2139 4337 2358 4392 illorum

778 4439 956 4476 autem
1028 4425 1215 4479 falsam
1268 4437 1321 4478 ct
1379 4427 1754 4493 rejicicndatu.
1817 4427 1892 4481 Ex
1951 4430 2148 4497 quibus
2194 4431 2356 4483 etiam

774 4517 978 4567 (“t'llllr
1031 4518 1174 4569 verhi
1208 4519 1349 4570 illius
1382 4519 1521 4571 beati
1557 4519 1797 4588 Dionysii
1834 4522 2057 4584 solutio,
2090 4536 2198 4589 quo
2230 4523 2308 4574 ait
2340 4538 2352 4574 :

773 4607 928 4660 Solus
972 4609 1088 4674 fons
1141 4610 1663 4674 super-substantialis
1727 4610 1954 4664 Deitatis
2007 4612 2170 4666 Pater
2233 4624 2356 4675 est;

771 4703 985 4765 qualem
1043 4702 1188 4755 enim
1257 4701 1460 4756 fontem
1514 4717 1742 4769 magnus
1789 4703 1891 4756 iste
1954 4713 2106 4770 pater
2151 4703 2261 4756 Deo
2303 4713 2358 4757 et

773 4792 916 4843 l'itri
986 4794 1184 4857 reddit,
1243 4803 1370 4847 ante
1427 4810 1587 4861 quem
1648 4795 1779 4848 nihil
1847 4795 2135 4862 cogitatur,
2196 4797 2353 4849 talem

775 4883 1143 4938 Daiiuascmuts
1201 4889 1250 4938 itt
1315 4886 1450 4938 Filio
1510 4887 1764 4955 denegat.
1827 4890 1965 4941 Ante
2026 4889 2168 4942 hunc
2213 4889 2354 4941 enim

775 4990 929 5042 ιιειιυι·
969 4980 1260 5043 cogitatur.
1306 4979 1372 5031 Et
1429 4994 1622 5032 rursus
1687 4977 1992 5045 huiusmodi
2053 4994 2272 5031 causam
2328 4994 2353 5028 τι

779 5069 910 5120 Filio
965 5069 1201 5122 Joannes
1254 5071 1451 5135 aufert,
1499 5074 1712 5140 qualem
1765 5073 2100 5138 Augustinus
2140 5069 2354 5123 Patrem

772 5164 926 5221 di\it,
979 5163 1330 5230 pvini-ipaleni
1366 5164 1539 5233 ipsum
1576 5177 1792 5217 causam
1834 5163 2113 5231 appellans
2144 5205 2156 5217 .
2196 5162 2358 5217 Prin-

769 5257 1020 5321 ciputitcr
1054 5257 1216 5314 enim,
1264 5257 1358 5317 ait,
1418 5271 1482 5307 ex
1534 5255 1697 5307 l’atre
1761 5256 2033 5320 procedere
2095 5253 2356 5322 Spiritum

770 5359 1038 5413 sanctum;
1098 5362 1150 5404 et
1197 5352 1444 5404 addidit:
1513 5350 1890 5417 Principaliter
1944 5338 2120 5402 autem
2170 5350 2357 5413 dixit,

769 5446 1017 5510 quoniam
1071 5455 1119 5496 et
1182 5459 1244 5497 ex
1283 5441 1424 5496 Filio
1465 5442 1570 5496 Deo
1629 5442 1862 5510 Spiritus
1923 5443 2186 5496 invenitur
2229 5457 2357 5510 pro-

771 5539 972 5587 calere.

846 5631 1068 5683 Foutctu
1100 5645 1232 5699 ergo
1265 5631 1437 5684 sancti
1478 5628 1712 5696 Spiritus
1740 5637 1790 5680 et
1828 5627 2019 5684 Filium
2052 5643 2078 5680 a
2116 5627 2358 5682 doctori-

771 5724 872 5776 bus
904 5723 1005 5775 llll'i
1042 5740 1203 5790 supra
1238 5736 1603 5777 monstratum
1651 5732 1757 5776 cst.
1799 5721 1902 5775 Sed
1943 5722 2196 5789 quoniam
2229 5730 2352 5773 ante

774 5817 970 5871 Filium
1003 5819 1220 5886 quidem
1253 5818 1413 5872 Pater
1443 5820 1737 5886 cogitatur,
1773 5824 1896 5870 ante
1934 5812 2151 5870 Patrem
2179 5822 2355 5866 autem

2468 3233 2680 3302 deitatis
2715 3233 2874 3285 Pater
2903 3244 3003 3295 est,
3034 3234 3236 3286 addidit
3271 3250 3284 3286 :
3338 3233 3470 3286 Cum
3505 3250 3605 3286 non
3648 3235 3714 3286 sit
3744 3232 3906 3286 Pater
3945 3234 4036 3285 Fi-

2469 3325 2593 3384 litts.
2622 3341 2784 3391 neque
2812 3323 2985 3377 Filius
3017 3326 3080 3377 sit
3110 3324 3288 3386 Pater,
3320 3336 3369 3377 et
3399 3325 3585 3377 divina
3617 3340 3736 3378 vero
3761 3327 4026 3392 generatio

2467 3419 2563 3470 hoc
2613 3419 2805 3486 signat,
2861 3426 2915 3469 et
2952 3432 3069 3484 qua:
3117 3417 3218 3468 alia
3271 3416 3525 3484 prmdicta
3582 3426 3729 3472 sunt.
3768 3415 4034 3470 Tenemus

2469 3512 2648 3578 itaque
2685 3510 2925 3562 doctoris
2976 3508 3350 3572 intentionem,
3382 3507 3488 3560 alio
3517 3521 3581 3560 ex
3628 3511 3746 3561 loco
3776 3508 3875 3562 sibi
3911 3509 4033 3575 ipsi,

2467 3616 2529 3654 ac
2565 3602 2882 3654 doctoribus
2931 3599 3144 3653 cmteris
3176 3599 3528 3662 concordem,
3581 3600 3672 3667 qui
3725 3609 3848 3652 sunt
3893 3599 4035 3667 ejus-

2467 3695 2587 3746 dem
2620 3693 2818 3752 meriti,
2845 3692 2976 3745 etin
3010 3700 3322 3746 sanctorum
3355 3699 3498 3744 cmtu
3532 3691 3697 3744 nihilo
3725 3690 4033 3742 inferiores.

2471 3783 2538 3838 Ut
2571 3795 2750 3838 autem
2778 3785 2998 3850 quidam
3049 3783 3256 3842 volunt.
3291 3782 3628 3836 contrarium
3660 3780 3881 3834 omnino
3908 3795 4036 3833 con-

2469 3876 2723 3943 tingeret.
2779 3873 3003 3928 Fontem
3060 3874 3260 3942 quippe
3314 3872 3490 3927 sancti
3549 3871 3782 3938 Spiritus
3840 3870 4034 3922 Filium

2466 3967 2648 4019 dicere
2678 3965 2833 4034 juxta
2866 3965 3135 4018 invectum
3164 3963 3231 4017 ab
3261 3965 3340 4017 eis
3373 3963 3670 4016 secundum
3702 3975 4036 4029 processum.

2465 4063 2523 4109 ut
2557 4071 2754 4109 vanum
2812 4070 2876 4108 ac
2933 4054 3185 4121 plurimis
3237 4053 3667 4108 absurditatibus
3718 4051 4035 4112 obnoxium,

2465 4163 2624 4214 supra
2659 4148 2996 4202 confutatqu
3031 4155 3134 4200 est.

2535 4238 2600 4291 Et
2642 4249 2793 4293 certe
2831 4253 2937 4292 non
2967 4238 3141 4294 solum
3179 4237 3383 4291 fontem
3421 4237 3592 4291 sancti
3625 4236 3884 4304 Spiritus,
3926 4249 4038 4288 ma-

2469 4344 2606 4396 gnus
2638 4330 2966 4383 Athanasius
3014 4330 3208 4383 Filium
3255 4329 3416 4390 dixit,
3469 4332 3561 4383 sed
3610 4338 3663 4381 ct
3709 4329 3882 4380 solum
3913 4341 4035 4380 eum

2467 4421 2605 4473 dixit
2635 4421 2807 4475 sancti
2844 4419 3080 4488 Spiritus
3132 4420 3358 4475 fontem.
3392 4419 3758 4473 Theodoritus
3787 4417 3930 4470 enim
3981 4418 4033 4468 in

2393 4486 2434 4541 θ
2465 4527 2500 4564 ιι
2539 4512 2678 4565 libro
2719 4526 2830 4565 suae
2877 4486 3265 4565 Ecclesiasticte
3296 4513 3556 4574 historice,
3597 4525 3717 4577 cap.
3748 4510 3841 4572 25,
3876 4507 4042 4561 infert

2460 4604 2750 4672 epistolam
2786 4606 2963 4670 magni
2999 4606 3285 4657 Athanasii
3317 4606 3382 4656 ad
3409 4602 3570 4655 Afros
3603 4603 3669 4654 de
3705 4600 4035 4653 Ariminensi

2464 4699 2716 4759 concilio,
2752 4684 2818 4749 in.
2841 4711 2969 4764 qua,
3005 4696 3075 4748 ita
3125 4696 3390 4763 scriptum
3423 4694 3738 4749 invenitur:
3780 4691 3908 4756 Quis
3937 4709 4037 4743 au-

2466 4799 2565 4842 tent
2593 4789 2673 4840 his
2715 4789 2962 4856 congredi
2989 4787 3106 4840 velit
3141 4789 3464 4848 hominibus,
3493 4787 3582 4855 qui
3622 4800 3784 4851 neque
3824 4800 3920 4834 sua
3956 4800 4044 4835 stt-

2464 4882 2730 4949 scipiunt?
2784 4879 2926 4932 Nam
2979 4881 3031 4932 in
3094 4880 3268 4932 decem
3323 4880 3535 4932 illorum
3582 4887 3630 4930 et
3675 4876 3937 4941 pluribus,
3989 4889 4042 4926 nt

2465 4975 2830 5040 pra'diximus,
2887 4973 3123 5041 synodis,
3183 4972 3321 5024 alias
3374 4973 3481 5024 alia
3543 4969 3847 5034 scribentes,
3909 4971 4042 5020 satis

2464 5068 2754 5128 evidenter,
2788 5067 3095 5126 ostendunt,
3118 5080 3171 5117 se
3203 5065 3442 5132 singulas
3471 5063 3691 5114 illarum
3721 5063 4039 5130 improbare.

2467 5155 2763 5210 Patiuntur
2820 5164 2994 5208 autem
3051 5156 3167 5217 hoc,
3220 5153 3358 5221 quod
3410 5160 3459 5205 et
3496 5150 3679 5204 λιιάωὶ
3735 5160 3855 5203 tunc
3901 5154 4043 5216 passi

2465 5259 2606 5301 sunt.
2647 5244 2716 5299 Ut
2766 5245 2904 5298 enim
2957 5244 3038 5296 illi
3069 5242 3235 5296 solum
3286 5242 3483 5309 fontem
3513 5256 3665 5304 aqua
3711 5241 3840 5293 vive
3880 5241 4045 5292 relin-

2461 5351 2698 5410 quentes,
2758 5339 3005 5406 foderunt
3058 5335 3158 5389 sibi
3219 5335 3392 5397 lacus,
3453 5334 3540 5402 qui
3605 5348 3706 5384 non
3762 5342 4042 5397 potuerunt

2465 5453 2658 5508 aquam
2695 5436 3000 5490 continere:
3029 5433 3284 5498 scriptum
3321 5438 3399 5483 est
3430 5441 3605 5480 autem
3647 5427 3789 5494 apud
3821 5428 4045 5495 prophe-

2467 5541 2573 5585 tam
2633 5529 2939 5588 Jeremiam;
3037 5525 3111 5576 ita
3172 5532 3221 5574 ct
3289 5523 3379 5575 isti
3443 5530 3734 5590 pugnantes
3795 5521 4043 5572 adversus

2465 5621 2813 5677 uniuersalem
2842 5618 3122 5687 synodum,
3168 5617 3416 5684 [oderunt
3462 5613 3563 5666 sibi
3601 5613 3827 5682 synodos
3875 5612 4046 5680 pluri-

2469 5736 2604 5770 νηης.

2543 5810 2649 5864 Sed
2699 5815 2752 5864 ct
2802 5808 2854 5862 iu
2907 5807 3046 5862 lihro
3084 5805 3288 5863 Contra
3327 5805 3577 5869 Arianos,
3632 5819 3855 5873 magnus
3905 5802 4044 5856 idem
