  <div class='ocr_page' id='page_1' title='image "/cluster/home/n/w/nwhite01/storage/ocr_20150623/152/nnc1.0046980377/090.png"; bbox 0 0 4462 6440; ppageno 0'>
   <div class='ocr_carea' id='block_1_1' title="bbox 509 375 3736 470">
    <p class='ocr_par' dir='ltr' id='par_1_1' title="bbox 509 375 3736 470">
     <span class='ocr_line' id='line_1_1' title="bbox 509 375 3736 470; baseline 0.005 -36"><span class='ocrx_word' id='word_1_1' title='bbox 509 375 602 434; x_wconf 76' lang='lat' dir='ltr'><strong>ibi</strong></span> <span class='ocrx_word' id='word_1_2' title='bbox 1593 385 1997 445; x_wconf 76' lang='lat' dir='ltr'><strong>ADVERSUS</strong></span> <span class='ocrx_word' id='word_1_3' title='bbox 2038 385 2346 447; x_wconf 67' lang='lat' dir='ltr'><strong>Gli/ECOS</strong></span> <span class='ocrx_word' id='word_1_4' title='bbox 2389 391 2532 449; x_wconf 76' lang='lat' dir='ltr'><strong>LIB.</strong></span> <span class='ocrx_word' id='word_1_5' title='bbox 2573 393 2683 449; x_wconf 64' lang='lat' dir='ltr'><strong>lll,</strong></span> <span class='ocrx_word' id='word_1_6' title='bbox 3650 407 3736 470; x_wconf 60' lang='grc' dir='ltr'><strong>ισς</strong></span> 
     </span>
    </p>
   </div>
   <div class='ocr_carea' id='block_1_2' title="bbox 502 483 3744 579">
    <p class='ocr_par' dir='ltr' id='par_1_2' title="bbox 502 483 3744 579">
     <span class='ocr_line' id='line_1_2' title="bbox 502 483 3744 579; baseline 0.01 -45"><span class='ocrx_word' id='word_1_7' title='bbox 502 485 828 538; x_wconf 70' lang='lat' dir='ltr'><strong>Athanasius</strong></span> <span class='ocrx_word' id='word_1_8' title='bbox 860 483 1198 540; x_wconf 78' lang='lat' dir='ltr'><strong>Salvatorcm</strong></span> <span class='ocrx_word' id='word_1_9' title='bbox 1231 491 1402 544; x_wconf 89' lang='lat' dir='ltr'><strong>solum</strong></span> <span class='ocrx_word' id='word_1_10' title='bbox 1439 492 1674 561; x_wconf 74' lang='lat' dir='ltr'><strong>Spiritus</strong></span> <span class='ocrx_word' id='word_1_11' title='bbox 1708 494 1880 548; x_wconf 88' lang='lat' dir='ltr'><strong>sancti</strong></span> <span class='ocrx_word' id='word_1_12' title='bbox 1909 492 2071 558; x_wconf 77' lang='lat' dir='ltr'><strong>largi-</strong></span> <span class='ocrx_word' id='word_1_13' title='bbox 2099 496 2148 553; x_wconf 76' lang='grc' dir='ltr'><strong>Α</strong></span> <span class='ocrx_word' id='word_1_14' title='bbox 2176 494 2356 548; x_wconf 77' lang='lat' dir='ltr'><strong>tione:</strong></span> <span class='ocrx_word' id='word_1_15' title='bbox 2413 501 2536 565; x_wconf 85' lang='lat' dir='ltr'><strong>quin</strong></span> <span class='ocrx_word' id='word_1_16' title='bbox 2583 503 2818 569; x_wconf 83' lang='lat' dir='ltr'><strong>scripsit,</strong></span> <span class='ocrx_word' id='word_1_17' title='bbox 2865 521 2968 556; x_wconf 88' lang='lat' dir='ltr'><strong>non</strong></span> <span class='ocrx_word' id='word_1_18' title='bbox 3000 506 3114 558; x_wconf 86' lang='lat' dir='ltr'><strong>sine</strong></span> <span class='ocrx_word' id='word_1_19' title='bbox 3143 508 3301 573; x_wconf 82' lang='lat' dir='ltr'><strong>primi</strong></span> <span class='ocrx_word' id='word_1_20' title='bbox 3337 515 3504 572; x_wconf 77' lang='lat' dir='ltr'><strong>patris</strong></span> <span class='ocrx_word' id='word_1_21' title='bbox 3538 533 3744 579; x_wconf 70' lang='lat' dir='ltr'><strong>percuti;</strong></span> 
     </span>
    </p>
   </div>
   <div class='ocr_carea' id='block_1_3' title="bbox 501 577 2072 635">
    <p class='ocr_par' dir='ltr' id='par_1_3' title="bbox 501 577 2072 635">
     <span class='ocr_line' id='line_1_3' title="bbox 501 577 2072 635; baseline 0.006 -11"><span class='ocrx_word' id='word_1_22' title='bbox 501 582 672 624; x_wconf 89' lang='lat' dir='ltr'><strong>torem</strong></span> <span class='ocrx_word' id='word_1_23' title='bbox 707 588 828 627; x_wconf 84' lang='lat' dir='ltr'><strong>esse</strong></span> <span class='ocrx_word' id='word_1_24' title='bbox 861 577 936 626; x_wconf 90' lang='lat' dir='ltr'><strong>ait</strong></span> <span class='ocrx_word' id='word_1_25' title='bbox 966 577 1154 631; x_wconf 85' lang='lat' dir='ltr'><strong>dicens</strong></span> <span class='ocrx_word' id='word_1_26' title='bbox 1195 617 1208 629; x_wconf 91' lang='lat'><strong>.</strong></span> <span class='ocrx_word' id='word_1_27' title='bbox 1257 577 1320 631; x_wconf 86' lang='lat' dir='ltr'><strong>Et</strong></span> <span class='ocrx_word' id='word_1_28' title='bbox 1353 590 1538 632; x_wconf 86' lang='lat' dir='ltr'><strong>contra</strong></span> <span class='ocrx_word' id='word_1_29' title='bbox 1577 580 1827 635; x_wconf 83' lang='lat' dir='ltr'><strong>Salvator</strong></span> <span class='ocrx_word' id='word_1_30' title='bbox 1852 597 1969 634; x_wconf 87' lang='lat' dir='ltr'><strong>cum</strong></span> <span class='ocrx_word' id='word_1_31' title='bbox 2005 584 2072 633; x_wconf 84' lang='lat' dir='ltr'><strong>sit</strong></span> 
     </span>
    </p>
   </div>
   <div class='ocr_carea' id='block_1_4' title="bbox 512 660 2073 737">
    <p class='ocr_par' dir='ltr' id='par_1_4' title="bbox 512 660 2073 737">
     <span class='ocr_line' id='line_1_4' title="bbox 512 660 2073 737; baseline 0.008 -25"><span class='ocrx_word' id='word_1_32' title='bbox 512 660 672 724; x_wconf 72' lang='lat' dir='ltr'><strong>Deus,</strong></span> <span class='ocrx_word' id='word_1_33' title='bbox 695 672 742 714; x_wconf 92' lang='lat' dir='ltr'><strong>et</strong></span> <span class='ocrx_word' id='word_1_34' title='bbox 767 666 908 730; x_wconf 75' lang='lat' dir='ltr'><strong>regni</strong></span> <span class='ocrx_word' id='word_1_35' title='bbox 937 663 1110 719; x_wconf 85' lang='lat' dir='ltr'><strong>Patris</strong></span> <span class='ocrx_word' id='word_1_36' title='bbox 1134 682 1334 731; x_wconf 74' lang='lat' dir='ltr'><strong>semper</strong></span> <span class='ocrx_word' id='word_1_37' title='bbox 1357 670 1622 737; x_wconf 73' lang='lat' dir='ltr'><strong>imperans</strong></span> <span class='ocrx_word' id='word_1_38' title='bbox 1645 670 1880 736; x_wconf 87' lang='lat' dir='ltr'><strong>Spiritus</strong></span> <span class='ocrx_word' id='word_1_39' title='bbox 1905 674 2073 724; x_wconf 77' lang='lat' dir='ltr'><strong>sancti</strong></span> 
     </span>
    </p>
   </div>
   <div class='ocr_carea' id='block_1_5' title="bbox 505 753 2071 827">
    <p class='ocr_par' dir='ltr' id='par_1_5' title="bbox 505 753 2071 827">
     <span class='ocr_line' id='line_1_5' title="bbox 505 753 2071 827; baseline 0.006 -23"><span class='ocrx_word' id='word_1_40' title='bbox 505 753 728 821; x_wconf 86' lang='lat' dir='ltr'><strong>largitor</strong></span> <span class='ocrx_word' id='word_1_41' title='bbox 774 757 918 808; x_wconf 80' lang='lat' dir='ltr'><strong>solus</strong></span> <span class='ocrx_word' id='word_1_42' title='bbox 967 769 1064 809; x_wconf 86' lang='lat' dir='ltr'><strong>est.</strong></span> <span class='ocrx_word' id='word_1_43' title='bbox 1111 757 1235 810; x_wconf 66' lang='lat' dir='ltr'><strong>Haec</strong></span> <span class='ocrx_word' id='word_1_44' title='bbox 1273 760 1439 827; x_wconf 75' lang='lat' dir='ltr'><strong>igitur</strong></span> <span class='ocrx_word' id='word_1_45' title='bbox 1488 775 1552 814; x_wconf 80' lang='lat' dir='ltr'><strong>ex</strong></span> <span class='ocrx_word' id='word_1_46' title='bbox 1587 761 1880 814; x_wconf 88' lang='lat' dir='ltr'><strong>abundanti</strong></span> <span class='ocrx_word' id='word_1_47' title='bbox 1930 761 2071 814; x_wconf 83' lang='lat' dir='ltr'><strong>dicta</strong></span> 
     </span>
    </p>
   </div>
   <div class='ocr_carea' id='block_1_6' title="bbox 501 846 2070 922">
    <p class='ocr_par' dir='ltr' id='par_1_6' title="bbox 501 846 2070 922">
     <span class='ocr_line' id='line_1_6' title="bbox 501 846 2070 922; baseline 0.005 -24"><span class='ocrx_word' id='word_1_48' title='bbox 501 853 644 906; x_wconf 83' lang='lat' dir='ltr'><strong>sunt,</strong></span> <span class='ocrx_word' id='word_1_49' title='bbox 680 846 746 897; x_wconf 91' lang='lat' dir='ltr'><strong>ad</strong></span> <span class='ocrx_word' id='word_1_50' title='bbox 782 848 1176 901; x_wconf 88' lang='lat' dir='ltr'><strong>osterrdendnm</strong></span> <span class='ocrx_word' id='word_1_51' title='bbox 1209 865 1224 906; x_wconf 88' lang='lat'><strong>:</strong></span> <span class='ocrx_word' id='word_1_52' title='bbox 1255 851 1379 918; x_wconf 82' lang='lat' dir='ltr'><strong>quia</strong></span> <span class='ocrx_word' id='word_1_53' title='bbox 1407 861 1460 905; x_wconf 83' lang='lat' dir='ltr'><strong>et</strong></span> <span class='ocrx_word' id='word_1_54' title='bbox 1501 850 1666 906; x_wconf 84' lang='lat' dir='ltr'><strong>Filius</strong></span> <span class='ocrx_word' id='word_1_55' title='bbox 1693 853 1865 906; x_wconf 91' lang='lat' dir='ltr'><strong>sancti</strong></span> <span class='ocrx_word' id='word_1_56' title='bbox 1898 851 2070 922; x_wconf 84' lang='lat' dir='ltr'><strong>Spiri-</strong></span> 
     </span>
    </p>
   </div>
   <div class='ocr_carea' id='block_1_7' title="bbox 499 935 1066 992">
    <p class='ocr_par' dir='ltr' id='par_1_7' title="bbox 499 935 1066 992">
     <span class='ocr_line' id='line_1_7' title="bbox 499 935 1066 992; baseline 0.005 -4"><span class='ocrx_word' id='word_1_57' title='bbox 499 943 586 988; x_wconf 88' lang='lat' dir='ltr'><strong>tus</strong></span> <span class='ocrx_word' id='word_1_58' title='bbox 618 935 738 990; x_wconf 81' lang='lat' dir='ltr'><strong>fons</strong></span> <span class='ocrx_word' id='word_1_59' title='bbox 768 938 1066 992; x_wconf 89' lang='lat' dir='ltr'><strong>dictns&#39;sit.</strong></span> 
     </span>
    </p>
   </div>
   <div class='ocr_carea' id='block_1_8' title="bbox 569 1026 2067 1105">
    <p class='ocr_par' dir='ltr' id='par_1_8' title="bbox 569 1026 2067 1105">
     <span class='ocr_line' id='line_1_8' title="bbox 569 1026 2067 1105; baseline 0.007 -25"><span class='ocrx_word' id='word_1_60' title='bbox 569 1026 625 1081; x_wconf 91' lang='lat' dir='ltr'><strong>Si</strong></span> <span class='ocrx_word' id='word_1_61' title='bbox 659 1031 824 1097; x_wconf 75' lang='lat' dir='ltr'><strong>igitur</strong></span> <span class='ocrx_word' id='word_1_62' title='bbox 854 1034 1102 1087; x_wconf 86' lang='lat' dir='ltr'><strong>doctores</strong></span> <span class='ocrx_word' id='word_1_63' title='bbox 1144 1032 1247 1088; x_wconf 87' lang='lat' dir='ltr'><strong>sibi</strong></span> <span class='ocrx_word' id='word_1_64' title='bbox 1281 1034 1435 1101; x_wconf 90' lang='lat' dir='ltr'><strong>ipsis,</strong></span> <span class='ocrx_word' id='word_1_65' title='bbox 1484 1046 1646 1105; x_wconf 90' lang='lat' dir='ltr'><strong>atque</strong></span> <span class='ocrx_word' id='word_1_66' title='bbox 1679 1037 1905 1092; x_wconf 75' lang='lat' dir='ltr'><strong>invicem</strong></span> <span class='ocrx_word' id='word_1_67' title='bbox 1939 1054 2067 1091; x_wconf 86' lang='lat' dir='ltr'><strong>con-</strong></span> 
     </span>
    </p>
   </div>
   <div class='ocr_carea' id='block_1_9' title="bbox 499 1119 2068 1189">
    <p class='ocr_par' dir='ltr' id='par_1_9' title="bbox 499 1119 2068 1189">
     <span class='ocr_line' id='line_1_9' title="bbox 499 1119 2068 1189; baseline 0.005 -20"><span class='ocrx_word' id='word_1_68' title='bbox 499 1119 692 1174; x_wconf 87' lang='lat' dir='ltr'><strong>cordes</strong></span> <span class='ocrx_word' id='word_1_69' title='bbox 737 1135 860 1176; x_wconf 88' lang='lat' dir='ltr'><strong>esse</strong></span> <span class='ocrx_word' id='word_1_70' title='bbox 907 1123 1217 1176; x_wconf 89' lang='lat' dir='ltr'><strong>necessario</strong></span> <span class='ocrx_word' id='word_1_71' title='bbox 1265 1123 1542 1178; x_wconf 77' lang='lat' dir='ltr'><strong>fatendum</strong></span> <span class='ocrx_word' id='word_1_72' title='bbox 1596 1137 1699 1189; x_wconf 90' lang='lat' dir='ltr'><strong>est,</strong></span> <span class='ocrx_word' id='word_1_73' title='bbox 1751 1127 1851 1180; x_wconf 91' lang='lat' dir='ltr'><strong>hoc</strong></span> <span class='ocrx_word' id='word_1_74' title='bbox 1891 1137 2068 1179; x_wconf 84' lang='lat' dir='ltr'><strong>autem</strong></span> 
     </span>
    </p>
   </div>
   <div class='ocr_carea' id='block_1_10' title="bbox 502 1212 2066 1288">
    <p class='ocr_par' dir='ltr' id='par_1_10' title="bbox 502 1212 2066 1288">
     <span class='ocr_line' id='line_1_10' title="bbox 502 1212 2066 1288; baseline 0.006 -25"><span class='ocrx_word' id='word_1_75' title='bbox 502 1227 642 1265; x_wconf 91' lang='lat' dir='ltr'><strong>nunc</strong></span> <span class='ocrx_word' id='word_1_76' title='bbox 682 1214 914 1267; x_wconf 80' lang='lat' dir='ltr'><strong>maxime</strong></span> <span class='ocrx_word' id='word_1_77' title='bbox 944 1212 1028 1274; x_wconf 81' lang='lat' dir='ltr'><strong>iit,</strong></span> <span class='ocrx_word' id='word_1_78' title='bbox 1058 1214 1301 1284; x_wconf 90' lang='lat' dir='ltr'><strong>nihilque</strong></span> <span class='ocrx_word' id='word_1_79' title='bbox 1329 1231 1715 1272; x_wconf 85' lang='lat' dir='ltr'><strong>concessorurn</strong></span> <span class='ocrx_word' id='word_1_80' title='bbox 1755 1221 2066 1288; x_wconf 78' lang='lat' dir='ltr'><strong>dogmatum</strong></span> 
     </span>
    </p>
   </div>
   <div class='ocr_carea' id='block_1_11' title="bbox 499 1304 2066 1374">
    <p class='ocr_par' dir='ltr' id='par_1_11' title="bbox 499 1304 2066 1374">
     <span class='ocr_line' id='line_1_11' title="bbox 499 1304 2066 1374; baseline 0.005 -21"><span class='ocrx_word' id='word_1_81' title='bbox 499 1311 672 1364; x_wconf 86' lang='lat' dir='ltr'><strong>nutat,</strong></span> <span class='ocrx_word' id='word_1_82' title='bbox 705 1304 788 1356; x_wconf 88' lang='lat' dir='ltr'><strong>his</strong></span> <span class='ocrx_word' id='word_1_83' title='bbox 820 1305 893 1356; x_wconf 90' lang='lat' dir='ltr'><strong>ita</strong></span> <span class='ocrx_word' id='word_1_84' title='bbox 929 1305 1188 1373; x_wconf 79' lang='lat' dir='ltr'><strong>expositis</strong></span> <span class='ocrx_word' id='word_1_85' title='bbox 1258 1317 1314 1360; x_wconf 87' lang='lat' dir='ltr'><strong>ut</strong></span> <span class='ocrx_word' id='word_1_86' title='bbox 1340 1308 1540 1361; x_wconf 90' lang='lat' dir='ltr'><strong>dictum</strong></span> <span class='ocrx_word' id='word_1_87' title='bbox 1579 1320 1660 1363; x_wconf 89' lang='lat' dir='ltr'><strong>est</strong></span> <span class='ocrx_word' id='word_1_88' title='bbox 1687 1326 1700 1374; x_wconf 92' lang='lat'><strong>;</strong></span> <span class='ocrx_word' id='word_1_89' title='bbox 1731 1310 1863 1364; x_wconf 85' lang='lat' dir='ltr'><strong>alias</strong></span> <span class='ocrx_word' id='word_1_90' title='bbox 1890 1324 2066 1366; x_wconf 88' lang='lat' dir='ltr'><strong>autem</strong></span> 
     </span>
    </p>
   </div>
   <div class='ocr_carea' id='block_1_12' title="bbox 498 1393 2065 1466">
    <p class='ocr_par' dir='ltr' id='par_1_12' title="bbox 498 1393 2065 1466">
     <span class='ocr_line' id='line_1_12' title="bbox 498 1393 2065 1466; baseline 0.008 -24"><span class='ocrx_word' id='word_1_91' title='bbox 498 1401 687 1444; x_wconf 89' lang='lat' dir='ltr'><strong>contra</strong></span> <span class='ocrx_word' id='word_1_92' title='bbox 747 1393 964 1459; x_wconf 83' lang='lat' dir='ltr'><strong>penitus</strong></span> <span class='ocrx_word' id='word_1_93' title='bbox 998 1394 1290 1463; x_wconf 78' lang='lat' dir='ltr'><strong>contingit;</strong></span> <span class='ocrx_word' id='word_1_94' title='bbox 1343 1397 1564 1449; x_wconf 79' lang='lat' dir='ltr'><strong>evrdcns</strong></span> <span class='ocrx_word' id='word_1_95' title='bbox 1622 1399 1864 1466; x_wconf 78' lang='lat' dir='ltr'><strong>proiecto</strong></span> <span class='ocrx_word' id='word_1_96' title='bbox 1898 1402 2065 1456; x_wconf 87' lang='lat' dir='ltr'><strong>docu-</strong></span> 
     </span>
    </p>
   </div>
   <div class='ocr_carea' id='block_1_13' title="bbox 500 1483 2067 1552">
    <p class='ocr_par' dir='ltr' id='par_1_13' title="bbox 500 1483 2067 1552">
     <span class='ocr_line' id='line_1_13' title="bbox 500 1483 2067 1552; baseline 0.009 -22"><span class='ocrx_word' id='word_1_97' title='bbox 500 1487 740 1533; x_wconf 91' lang='lat' dir='ltr'><strong>mentum</strong></span> <span class='ocrx_word' id='word_1_98' title='bbox 773 1493 880 1544; x_wconf 89' lang='lat' dir='ltr'><strong>est,</strong></span> <span class='ocrx_word' id='word_1_99' title='bbox 911 1483 1049 1538; x_wconf 83' lang='lat' dir='ltr'><strong>hanc</strong></span> <span class='ocrx_word' id='word_1_100' title='bbox 1075 1486 1292 1552; x_wconf 84' lang='lat' dir='ltr'><strong>quidem</strong></span> <span class='ocrx_word' id='word_1_101' title='bbox 1322 1487 1711 1552; x_wconf 64' lang='lat' dir='ltr'><strong>expositionem</strong></span> <span class='ocrx_word' id='word_1_102' title='bbox 1742 1503 1921 1542; x_wconf 75' lang='lat' dir='ltr'><strong>veram</strong></span> <span class='ocrx_word' id='word_1_103' title='bbox 1948 1505 2067 1544; x_wconf 86' lang='lat' dir='ltr'><strong>esse</strong></span> 
     </span>
    </p>
   </div>
   <div class='ocr_carea' id='block_1_14' title="bbox 497 1572 1831 1643">
    <p class='ocr_par' dir='ltr' id='par_1_14' title="bbox 497 1572 1831 1643">
     <span class='ocr_line' id='line_1_14' title="bbox 497 1572 1831 1643; baseline 0.007 -20"><span class='ocrx_word' id='word_1_104' title='bbox 497 1572 692 1635; x_wconf 89' lang='lat' dir='ltr'><strong>solam,</strong></span> <span class='ocrx_word' id='word_1_105' title='bbox 721 1586 1018 1640; x_wconf 88' lang='lat' dir='ltr'><strong>omnesque</strong></span> <span class='ocrx_word' id='word_1_106' title='bbox 1051 1583 1244 1643; x_wconf 57' lang='lat' dir='ltr'><strong>praeter</strong></span> <span class='ocrx_word' id='word_1_107' title='bbox 1279 1577 1457 1640; x_wconf 86' lang='lat' dir='ltr'><strong>istam,</strong></span> <span class='ocrx_word' id='word_1_108' title='bbox 1492 1578 1655 1631; x_wconf 74' lang='lat' dir='ltr'><strong>falsas</strong></span> <span class='ocrx_word' id='word_1_109' title='bbox 1691 1593 1831 1632; x_wconf 78' lang='lat' dir='ltr'><strong>esse.</strong></span> 
     </span>
    </p>
   </div>
   <div class='ocr_carea' id='block_1_15' title="bbox 569 1659 2062 1735">
    <p class='ocr_par' dir='ltr' id='par_1_15' title="bbox 569 1659 2062 1735">
     <span class='ocr_line' id='line_1_15' title="bbox 569 1659 2062 1735; baseline 0.008 -23"><span class='ocrx_word' id='word_1_110' title='bbox 569 1659 725 1714; x_wconf 86' lang='lat' dir='ltr'><strong>Patet</strong></span> <span class='ocrx_word' id='word_1_111' title='bbox 761 1673 886 1716; x_wconf 89' lang='lat' dir='ltr'><strong>rtem</strong></span> <span class='ocrx_word' id='word_1_112' title='bbox 918 1665 1047 1718; x_wconf 89' lang='lat' dir='ltr'><strong>dicti</strong></span> <span class='ocrx_word' id='word_1_113' title='bbox 1083 1666 1229 1720; x_wconf 82' lang='lat' dir='ltr'><strong>illius</strong></span> <span class='ocrx_word' id='word_1_114' title='bbox 1260 1666 1475 1730; x_wconf 93' lang='lat' dir='ltr'><strong>solutio,</strong></span> <span class='ocrx_word' id='word_1_115' title='bbox 1519 1671 1660 1735; x_wconf 87' lang='lat' dir='ltr'><strong>qrrod</strong></span> <span class='ocrx_word' id='word_1_116' title='bbox 1710 1672 1888 1735; x_wconf 85' lang='lat' dir='ltr'><strong>posuit</strong></span> <span class='ocrx_word' id='word_1_117' title='bbox 1928 1672 2062 1724; x_wconf 88' lang='lat' dir='ltr'><strong>Gre-</strong></span> 
     </span>
    </p>
   </div>
   <div class='ocr_carea' id='block_1_16' title="bbox 496 1753 2062 1827">
    <p class='ocr_par' dir='ltr' id='par_1_16' title="bbox 496 1753 2062 1827">
     <span class='ocr_line' id='line_1_16' title="bbox 496 1753 2062 1827; baseline 0.006 -24"><span class='ocrx_word' id='word_1_118' title='bbox 496 1753 677 1820; x_wconf 75' lang='lat' dir='ltr'><strong>gorius</strong></span> <span class='ocrx_word' id='word_1_119' title='bbox 719 1754 1035 1822; x_wconf 80' lang='lat' dir='ltr'><strong>theologus:</strong></span> <span class='ocrx_word' id='word_1_120' title='bbox 1074 1756 1265 1809; x_wconf 81' lang='lat' dir='ltr'><strong>Omnia</strong></span> <span class='ocrx_word' id='word_1_121' title='bbox 1303 1758 1523 1819; x_wconf 78' lang='lat' dir='ltr'><strong>scilicet,</strong></span> <span class='ocrx_word' id='word_1_122' title='bbox 1549 1775 1665 1827; x_wconf 67' lang='lat' dir='ltr'><strong>qua</strong></span> <span class='ocrx_word' id='word_1_123' title='bbox 1696 1760 1845 1813; x_wconf 81' lang='lat' dir='ltr'><strong>habet</strong></span> <span class='ocrx_word' id='word_1_124' title='bbox 1886 1760 2062 1823; x_wconf 86' lang='lat' dir='ltr'><strong>Pater,</strong></span> 
     </span>
    </p>
   </div>
   <div class='ocr_carea' id='block_1_17' title="bbox 2180 586 3746 671">
    <p class='ocr_par' dir='ltr' id='par_1_17' title="bbox 2180 586 3746 671">
     <span class='ocr_line' id='line_1_17' title="bbox 2180 586 3746 671; baseline 0.015 -36"><span class='ocrx_word' id='word_1_125' title='bbox 2180 599 2293 636; x_wconf 83' lang='lat' dir='ltr'><strong>esse</strong></span> <span class='ocrx_word' id='word_1_126' title='bbox 2351 586 2652 655; x_wconf 81' lang='lat' dir='ltr'><strong>Dominum,</strong></span> <span class='ocrx_word' id='word_1_127' title='bbox 2689 595 2744 643; x_wconf 89' lang='lat' dir='ltr'><strong>in</strong></span> <span class='ocrx_word' id='word_1_128' title='bbox 2797 606 3053 658; x_wconf 84' lang='lat' dir='ltr'><strong>quantum</strong></span> <span class='ocrx_word' id='word_1_129' title='bbox 3104 601 3254 649; x_wconf 84' lang='lat' dir='ltr'><strong>homo</strong></span> <span class='ocrx_word' id='word_1_130' title='bbox 3288 610 3423 652; x_wconf 84' lang='lat' dir='ltr'><strong>erat.</strong></span> <span class='ocrx_word' id='word_1_131' title='bbox 3485 603 3547 653; x_wconf 78' lang='lat' dir='ltr'><strong>Et</strong></span> <span class='ocrx_word' id='word_1_132' title='bbox 3577 611 3746 671; x_wconf 85' lang='lat' dir='ltr'><strong>primo</strong></span> 
     </span>
    </p>
   </div>
   <div class='ocr_carea' id='block_1_18' title="bbox 2176 675 3746 760">
    <p class='ocr_par' dir='ltr' id='par_1_18' title="bbox 2176 675 3746 760">
     <span class='ocr_line' id='line_1_18' title="bbox 2176 675 3746 760; baseline 0.016 -35"><span class='ocrx_word' id='word_1_133' title='bbox 2176 675 2385 742; x_wconf 78' lang='lat' dir='ltr'><strong>quidem</strong></span> <span class='ocrx_word' id='word_1_134' title='bbox 2437 686 2718 732; x_wconf 80' lang='lat' dir='ltr'><strong>concordes</strong></span> <span class='ocrx_word' id='word_1_135' title='bbox 2775 683 3133 737; x_wconf 85' lang='lat' dir='ltr'><strong>Romanorum</strong></span> <span class='ocrx_word' id='word_1_136' title='bbox 3191 690 3421 742; x_wconf 42' lang='lat' dir='ltr'><strong>l’atrum&#39;</strong></span> <span class='ocrx_word' id='word_1_137' title='bbox 3478 699 3746 760; x_wconf 74' lang='lat' dir='ltr'><strong>protulere</strong></span> 
     </span>
    </p>
   </div>
   <div class='ocr_carea' id='block_1_19' title="bbox 2174 770 3747 852">
    <p class='ocr_par' dir='ltr' id='par_1_19' title="bbox 2174 770 3747 852">
     <span class='ocr_line' id='line_1_19' title="bbox 2174 770 3747 852; baseline 0.013 -34"><span class='ocrx_word' id='word_1_138' title='bbox 2174 771 2483 822; x_wconf 85' lang='lat' dir='ltr'><strong>sententias.</strong></span> <span class='ocrx_word' id='word_1_139' title='bbox 2518 770 2709 839; x_wconf 83' lang='lat' dir='ltr'><strong>Cyrilli</strong></span> <span class='ocrx_word' id='word_1_140' title='bbox 2757 790 2959 842; x_wconf 86' lang='lat' dir='ltr'><strong>quoque</strong></span> <span class='ocrx_word' id='word_1_141' title='bbox 3015 777 3365 831; x_wconf 72' lang='lat' dir='ltr'><strong>Alexandrini</strong></span> <span class='ocrx_word' id='word_1_142' title='bbox 3427 785 3478 834; x_wconf 87' lang='lat' dir='ltr'><strong>in</strong></span> <span class='ocrx_word' id='word_1_143' title='bbox 3539 791 3747 852; x_wconf 67' lang='lat' dir='ltr'><strong>(xposi-</strong></span> 
     </span>
    </p>
   </div>
   <div class='ocr_carea' id='block_1_20' title="bbox 2175 859 3745 940">
    <p class='ocr_par' dir='ltr' id='par_1_20' title="bbox 2175 859 3745 940">
     <span class='ocr_line' id='line_1_20' title="bbox 2175 859 3745 940; baseline 0.014 -34"><span class='ocrx_word' id='word_1_144' title='bbox 2175 859 2316 910; x_wconf 82' lang='lat' dir='ltr'><strong>tione</strong></span> <span class='ocrx_word' id='word_1_145' title='bbox 2357 873 2514 923; x_wconf 89' lang='lat' dir='ltr'><strong>super</strong></span> <span class='ocrx_word' id='word_1_146' title='bbox 2558 861 2780 913; x_wconf 84' lang='lat' dir='ltr'><strong>Joannis</strong></span> <span class='ocrx_word' id='word_1_147' title='bbox 2814 861 3178 933; x_wconf 78' lang='lat' dir='ltr'><strong>Evangelium,</strong></span> <span class='ocrx_word' id='word_1_148' title='bbox 3221 882 3283 918; x_wconf 79' lang='lat' dir='ltr'><strong>ex</strong></span> <span class='ocrx_word' id='word_1_149' title='bbox 3310 870 3496 935; x_wconf 80' lang='lat' dir='ltr'><strong>quibus</strong></span> <span class='ocrx_word' id='word_1_150' title='bbox 3549 878 3745 940; x_wconf 66' lang='lat' dir='ltr'><strong>scipscs</strong></span> 
     </span>
    </p>
   </div>
   <div class='ocr_carea' id='block_1_21' title="bbox 2175 948 3741 1024">
    <p class='ocr_par' dir='ltr' id='par_1_21' title="bbox 2175 948 3741 1024">
     <span class='ocr_line' id='line_1_21' title="bbox 2175 948 3741 1024; baseline 0.012 -25"><span class='ocrx_word' id='word_1_151' title='bbox 2175 965 2276 1000; x_wconf 85' lang='lat' dir='ltr'><strong>non</strong></span> <span class='ocrx_word' id='word_1_152' title='bbox 2329 948 2533 1002; x_wconf 83' lang='lat' dir='ltr'><strong>Filium</strong></span> <span class='ocrx_word' id='word_1_153' title='bbox 2589 953 2820 1020; x_wconf 80' lang='lat' dir='ltr'><strong>Spiritus</strong></span> <span class='ocrx_word' id='word_1_154' title='bbox 2875 973 3093 1009; x_wconf 84' lang='lat' dir='ltr'><strong>causam</strong></span> <span class='ocrx_word' id='word_1_155' title='bbox 3148 960 3321 1024; x_wconf 78' lang='lat' dir='ltr'><strong>facere</strong></span> <span class='ocrx_word' id='word_1_156' title='bbox 3382 967 3741 1020; x_wconf 78' lang='lat' dir='ltr'><strong>ostenderunt.</strong></span> 
     </span>
    </p>
   </div>
   <div class='ocr_carea' id='block_1_22' title="bbox 2175 1037 3742 1116">
    <p class='ocr_par' dir='ltr' id='par_1_22' title="bbox 2175 1037 3742 1116">
     <span class='ocr_line' id='line_1_22' title="bbox 2175 1037 3742 1116; baseline 0.011 -26"><span class='ocrx_word' id='word_1_157' title='bbox 2175 1037 2345 1091; x_wconf 84' lang='lat' dir='ltr'><strong>Unam</strong></span> <span class='ocrx_word' id='word_1_158' title='bbox 2372 1041 2509 1093; x_wconf 83' lang='lat' dir='ltr'><strong>enim</strong></span> <span class='ocrx_word' id='word_1_159' title='bbox 2551 1057 2800 1097; x_wconf 77' lang='lat' dir='ltr'><strong>noverunt</strong></span> <span class='ocrx_word' id='word_1_160' title='bbox 2838 1045 2966 1098; x_wconf 80' lang='lat' dir='ltr'><strong>Filii</strong></span> <span class='ocrx_word' id='word_1_161' title='bbox 3009 1058 3053 1099; x_wconf 85' lang='lat' dir='ltr'><strong>et</strong></span> <span class='ocrx_word' id='word_1_162' title='bbox 3086 1048 3315 1116; x_wconf 79' lang='lat' dir='ltr'><strong>Spiritus</strong></span> <span class='ocrx_word' id='word_1_163' title='bbox 3348 1071 3456 1106; x_wconf 77' lang='lat' dir='ltr'><strong>esse</strong></span> <span class='ocrx_word' id='word_1_164' title='bbox 3486 1074 3695 1109; x_wconf 85' lang='lat' dir='ltr'><strong>causam</strong></span> <span class='ocrx_word' id='word_1_165' title='bbox 3728 1077 3742 1108; x_wconf 54' lang='grc' dir='ltr'><strong>,λ</strong></span> 
     </span>
    </p>
   </div>
   <div class='ocr_carea' id='block_1_23' title="bbox 2173 1130 3743 1208">
    <p class='ocr_par' dir='ltr' id='par_1_23' title="bbox 2173 1130 3743 1208">
     <span class='ocr_line' id='line_1_23' title="bbox 2173 1130 3743 1208; baseline 0.013 -27"><span class='ocrx_word' id='word_1_166' title='bbox 2173 1130 2394 1182; x_wconf 77' lang='lat' dir='ltr'><strong>alterius</strong></span> <span class='ocrx_word' id='word_1_167' title='bbox 2448 1135 2659 1200; x_wconf 77' lang='lat' dir='ltr'><strong>quidem</strong></span> <span class='ocrx_word' id='word_1_168' title='bbox 2717 1140 3001 1190; x_wconf 83' lang='lat' dir='ltr'><strong>secundum</strong></span> <span class='ocrx_word' id='word_1_169' title='bbox 3063 1145 3482 1208; x_wconf 84' lang='lat' dir='ltr'><strong>processionem;</strong></span> <span class='ocrx_word' id='word_1_170' title='bbox 3550 1152 3637 1200; x_wconf 80' lang='lat' dir='ltr'><strong>scd</strong></span> <span class='ocrx_word' id='word_1_171' title='bbox 3688 1162 3743 1201; x_wconf 87' lang='lat' dir='ltr'><strong>ut</strong></span> 
     </span>
    </p>
   </div>
   <div class='ocr_carea' id='block_1_24' title="bbox 2171 1223 3738 1306">
    <p class='ocr_par' dir='ltr' id='par_1_24' title="bbox 2171 1223 3738 1306">
     <span class='ocr_line' id='line_1_24' title="bbox 2171 1223 3738 1306; baseline 0.012 -34"><span class='ocrx_word' id='word_1_172' title='bbox 2171 1237 2263 1286; x_wconf 91' lang='lat' dir='ltr'><strong>per</strong></span> <span class='ocrx_word' id='word_1_173' title='bbox 2312 1223 2480 1287; x_wconf 82' lang='lat' dir='ltr'><strong>ipsum</strong></span> <span class='ocrx_word' id='word_1_174' title='bbox 2532 1228 2808 1291; x_wconf 85' lang='lat' dir='ltr'><strong>procedere</strong></span> <span class='ocrx_word' id='word_1_175' title='bbox 2873 1230 3233 1296; x_wconf 85' lang='lat' dir='ltr'><strong>insinuarent;</strong></span> <span class='ocrx_word' id='word_1_176' title='bbox 3294 1238 3472 1304; x_wconf 81' lang='lat' dir='ltr'><strong>sicque</strong></span> <span class='ocrx_word' id='word_1_177' title='bbox 3521 1242 3738 1306; x_wconf 81' lang='lat' dir='ltr'><strong>conjun-</strong></span> 
     </span>
    </p>
   </div>
   <div class='ocr_carea' id='block_1_25' title="bbox 2172 1314 3740 1384">
    <p class='ocr_par' dir='ltr' id='par_1_25' title="bbox 2172 1314 3740 1384">
     <span class='ocr_line' id='line_1_25' title="bbox 2172 1314 3740 1384; baseline 0.012 -19"><span class='ocrx_word' id='word_1_178' title='bbox 2172 1314 2393 1366; x_wconf 87' lang='lat' dir='ltr'><strong>ctionem</strong></span> <span class='ocrx_word' id='word_1_179' title='bbox 2419 1317 2680 1381; x_wconf 74' lang='lat' dir='ltr'><strong>essentiw,</strong></span> <span class='ocrx_word' id='word_1_180' title='bbox 2703 1327 2752 1369; x_wconf 89' lang='lat' dir='ltr'><strong>et</strong></span> <span class='ocrx_word' id='word_1_181' title='bbox 2784 1320 3372 1378; x_wconf 84' lang='lat' dir='ltr'><strong>incommutabilitatem</strong></span> <span class='ocrx_word' id='word_1_182' title='bbox 3411 1336 3740 1384; x_wconf 68' lang='lat' dir='ltr'><strong>commenda-</strong></span> 
     </span>
    </p>
   </div>
   <div class='ocr_carea' id='block_1_26' title="bbox 2171 1416 2304 1457">
    <p class='ocr_par' dir='ltr' id='par_1_26' title="bbox 2171 1416 2304 1457">
     <span class='ocr_line' id='line_1_26' title="bbox 2171 1416 2304 1457; baseline 0.023 -4"><span class='ocrx_word' id='word_1_183' title='bbox 2171 1416 2304 1457; x_wconf 87' lang='lat' dir='ltr'><strong>rent.</strong></span> 
     </span>
    </p>
   </div>
   <div class='ocr_carea' id='block_1_27' title="bbox 2242 1494 3740 1574">
    <p class='ocr_par' dir='ltr' id='par_1_27' title="bbox 2242 1494 3740 1574">
     <span class='ocr_line' id='line_1_27' title="bbox 2242 1494 3740 1574; baseline 0.012 -28"><span class='ocrx_word' id='word_1_184' title='bbox 2242 1494 2426 1562; x_wconf 88' lang='lat' dir='ltr'><strong>Itaque</strong></span> <span class='ocrx_word' id='word_1_185' title='bbox 2459 1499 2600 1563; x_wconf 89' lang='lat' dir='ltr'><strong>quod</strong></span> <span class='ocrx_word' id='word_1_186' title='bbox 2654 1510 2876 1555; x_wconf 88' lang='lat' dir='ltr'><strong>sanctus</strong></span> <span class='ocrx_word' id='word_1_187' title='bbox 2927 1504 3159 1560; x_wconf 72' lang='lat' dir='ltr'><strong>Crrillns</strong></span> <span class='ocrx_word' id='word_1_188' title='bbox 3210 1509 3455 1574; x_wconf 77' lang='lat' dir='ltr'><strong>plurimis</strong></span> <span class='ocrx_word' id='word_1_189' title='bbox 3503 1514 3552 1564; x_wconf 94' lang='lat' dir='ltr'><strong>in</strong></span> <span class='ocrx_word' id='word_1_190' title='bbox 3610 1517 3740 1567; x_wconf 64' lang='lat' dir='ltr'><strong>loci.</strong></span> 
     </span>
    </p>
   </div>
   <div class='ocr_carea' id='block_1_28' title="bbox 2171 1582 3742 1657">
    <p class='ocr_par' dir='ltr' id='par_1_28' title="bbox 2171 1582 3742 1657">
     <span class='ocr_line' id='line_1_28' title="bbox 2171 1582 3742 1657; baseline 0.016 -24"><span class='ocrx_word' id='word_1_191' title='bbox 2171 1582 2432 1650; x_wconf 79' lang='lat' dir='ltr'><strong>Spiritum</strong></span> <span class='ocrx_word' id='word_1_192' title='bbox 2467 1598 2713 1642; x_wconf 87' lang='lat' dir='ltr'><strong>sanctum</strong></span> <span class='ocrx_word' id='word_1_193' title='bbox 2748 1607 2810 1644; x_wconf 88' lang='lat' dir='ltr'><strong>ex</strong></span> <span class='ocrx_word' id='word_1_194' title='bbox 2845 1592 2983 1647; x_wconf 71' lang='lat' dir='ltr'><strong>Fil’o</strong></span> <span class='ocrx_word' id='word_1_195' title='bbox 3015 1597 3157 1650; x_wconf 90' lang='lat' dir='ltr'><strong>sicut</strong></span> <span class='ocrx_word' id='word_1_196' title='bbox 3187 1605 3347 1652; x_wconf 90' lang='lat' dir='ltr'><strong>etiam</strong></span> <span class='ocrx_word' id='word_1_197' title='bbox 3382 1617 3441 1654; x_wconf 85' lang='lat' dir='ltr'><strong>ex</strong></span> <span class='ocrx_word' id='word_1_198' title='bbox 3479 1604 3636 1657; x_wconf 84' lang='lat' dir='ltr'><strong>Patre</strong></span> <span class='ocrx_word' id='word_1_199' title='bbox 3664 1609 3742 1657; x_wconf 91' lang='lat' dir='ltr'><strong>di-</strong></span> 
     </span>
    </p>
   </div>
   <div class='ocr_carea' id='block_1_29' title="bbox 2169 1674 3740 1762">
    <p class='ocr_par' dir='ltr' id='par_1_29' title="bbox 2169 1674 3740 1762">
     <span class='ocr_line' id='line_1_29' title="bbox 2169 1674 3740 1762; baseline 0.013 -39"><span class='ocrx_word' id='word_1_200' title='bbox 2169 1683 2276 1736; x_wconf 89' lang='lat' dir='ltr'><strong>cat,</strong></span> <span class='ocrx_word' id='word_1_201' title='bbox 2306 1689 2536 1742; x_wconf 87' lang='lat' dir='ltr'><strong>cumque</strong></span> <span class='ocrx_word' id='word_1_202' title='bbox 2569 1691 2632 1730; x_wconf 89' lang='lat' dir='ltr'><strong>ex</strong></span> <span class='ocrx_word' id='word_1_203' title='bbox 2662 1679 2797 1732; x_wconf 88' lang='lat' dir='ltr'><strong>Filio</strong></span> <span class='ocrx_word' id='word_1_204' title='bbox 2829 1697 2949 1735; x_wconf 88' lang='lat' dir='ltr'><strong>esse</strong></span> <span class='ocrx_word' id='word_1_205' title='bbox 2984 1695 3037 1736; x_wconf 88' lang='lat' dir='ltr'><strong>et</strong></span> <span class='ocrx_word' id='word_1_206' title='bbox 3069 1701 3164 1753; x_wconf 88' lang='lat' dir='ltr'><strong>per</strong></span> <span class='ocrx_word' id='word_1_207' title='bbox 3199 1689 3398 1754; x_wconf 89' lang='lat' dir='ltr'><strong>ipsum,</strong></span> <span class='ocrx_word' id='word_1_208' title='bbox 3426 1703 3476 1745; x_wconf 91' lang='lat' dir='ltr'><strong>et</strong></span> <span class='ocrx_word' id='word_1_209' title='bbox 3504 1674 3584 1744; x_wconf 65' lang='lat' dir='ltr'><strong>ex</strong></span> <span class='ocrx_word' id='word_1_210' title='bbox 3625 1712 3740 1762; x_wconf 85' lang='lat' dir='ltr'><strong>rp5u</strong></span> 
     </span>
    </p>
   </div>
   <div class='ocr_carea' id='block_1_30' title="bbox 2170 1765 3737 1849">
    <p class='ocr_par' dir='ltr' id='par_1_30' title="bbox 2170 1765 3737 1849">
     <span class='ocr_line' id='line_1_30' title="bbox 2170 1765 3737 1849; baseline 0.014 -35"><span class='ocrx_word' id='word_1_211' title='bbox 2170 1765 2490 1817; x_wconf 80' lang='lat' dir='ltr'><strong>naturaliter</strong></span> <span class='ocrx_word' id='word_1_212' title='bbox 2521 1769 2838 1834; x_wconf 86' lang='lat' dir='ltr'><strong>procedere,</strong></span> <span class='ocrx_word' id='word_1_213' title='bbox 2871 1783 2924 1826; x_wconf 88' lang='lat' dir='ltr'><strong>et</strong></span> <span class='ocrx_word' id='word_1_214' title='bbox 2958 1789 3080 1840; x_wconf 83' lang='lat' dir='ltr'><strong>quia</strong></span> <span class='ocrx_word' id='word_1_215' title='bbox 3132 1793 3226 1843; x_wconf 88' lang='lat' dir='ltr'><strong>per</strong></span> <span class='ocrx_word' id='word_1_216' title='bbox 3278 1780 3434 1846; x_wconf 77' lang='lat' dir='ltr'><strong>ipsu&#39;r</strong></span> <span class='ocrx_word' id='word_1_217' title='bbox 3487 1786 3737 1849; x_wconf 80' lang='lat' dir='ltr'><strong>profusus</strong></span> 
     </span>
    </p>
   </div>
   <div class='ocr_carea' id='block_1_31' title="bbox 493 1842 3737 1942">
    <p class='ocr_par' dir='ltr' id='par_1_31' title="bbox 493 1842 3737 1942">
     <span class='ocr_line' id='line_1_31' title="bbox 493 1842 3737 1942; baseline 0.011 -49"><span class='ocrx_word' id='word_1_218' title='bbox 493 1860 601 1895; x_wconf 87' lang='lat' dir='ltr'><strong>esse</strong></span> <span class='ocrx_word' id='word_1_219' title='bbox 635 1842 788 1906; x_wconf 74' lang='lat' dir='ltr'><strong>Filii,</strong></span> <span class='ocrx_word' id='word_1_220' title='bbox 827 1857 1020 1910; x_wconf 88' lang='lat' dir='ltr'><strong>pra:ter</strong></span> <span class='ocrx_word' id='word_1_221' title='bbox 1049 1863 1286 1899; x_wconf 84' lang='lat' dir='ltr'><strong>causam.</strong></span> <span class='ocrx_word' id='word_1_222' title='bbox 1321 1847 1471 1902; x_wconf 85' lang='lat' dir='ltr'><strong>Sicut</strong></span> <span class='ocrx_word' id='word_1_223' title='bbox 1508 1851 1651 1902; x_wconf 89' lang='lat' dir='ltr'><strong>enim</strong></span> <span class='ocrx_word' id='word_1_224' title='bbox 1687 1852 1840 1905; x_wconf 75' lang='lat' dir='ltr'><strong>divus</strong></span> <span class='ocrx_word' id='word_1_225' title='bbox 1872 1852 2064 1922; x_wconf 87' lang='lat' dir='ltr'><strong>Diony-</strong></span> <span class='ocrx_word' id='word_1_226' title='bbox 2101 1877 2140 1930; x_wconf 75' lang='grc' dir='ltr'><strong><em>Β</em></strong></span> <span class='ocrx_word' id='word_1_227' title='bbox 2173 1857 2494 1910; x_wconf 85' lang='lat' dir='ltr'><strong>naturaliter</strong></span> <span class='ocrx_word' id='word_1_228' title='bbox 2543 1861 2816 1927; x_wconf 83' lang='lat' dir='ltr'><strong>propriam</strong></span> <span class='ocrx_word' id='word_1_229' title='bbox 2854 1866 3008 1918; x_wconf 91' lang='lat' dir='ltr'><strong>nobis</strong></span> <span class='ocrx_word' id='word_1_230' title='bbox 3060 1870 3391 1924; x_wconf 84' lang='lat' dir='ltr'><strong>subtantiarn</strong></span> <span class='ocrx_word' id='word_1_231' title='bbox 3431 1875 3631 1942; x_wconf 75' lang='lat' dir='ltr'><strong>signat.</strong></span> <span class='ocrx_word' id='word_1_232' title='bbox 3684 1889 3737 1930; x_wconf 80' lang='lat' dir='ltr'><strong>ct</strong></span> 
     </span>
    </p>
   </div>
   <div class='ocr_carea' id='block_1_32' title="bbox 496 1933 2062 2012">
    <p class='ocr_par' dir='ltr' id='par_1_32' title="bbox 496 1933 2062 2012">
     <span class='ocr_line' id='line_1_32' title="bbox 496 1933 2062 2012; baseline 0.009 -26"><span class='ocrx_word' id='word_1_233' title='bbox 496 1935 604 1986; x_wconf 90' lang='lat' dir='ltr'><strong>sius</strong></span> <span class='ocrx_word' id='word_1_234' title='bbox 635 1933 848 1989; x_wconf 79' lang='lat' dir='ltr'><strong>Patrem</strong></span> <span class='ocrx_word' id='word_1_235' title='bbox 886 1940 951 1991; x_wconf 89' lang='lat' dir='ltr'><strong>ad</strong></span> <span class='ocrx_word' id='word_1_236' title='bbox 985 1939 1162 1993; x_wconf 87' lang='lat' dir='ltr'><strong>solum</strong></span> <span class='ocrx_word' id='word_1_237' title='bbox 1199 1939 1391 1993; x_wconf 79' lang='lat' dir='ltr'><strong>Filium</strong></span> <span class='ocrx_word' id='word_1_238' title='bbox 1426 1942 1711 1997; x_wconf 82' lang='lat' dir='ltr'><strong>conferens</strong></span> <span class='ocrx_word' id='word_1_239' title='bbox 1746 1943 1900 2012; x_wconf 78' lang='lat' dir='ltr'><strong>juxta</strong></span> <span class='ocrx_word' id='word_1_240' title='bbox 1931 1959 2062 1999; x_wconf 82' lang='lat' dir='ltr'><strong>eon-</strong></span> 
     </span>
    </p>
   </div>
   <div class='ocr_carea' id='block_1_33' title="bbox 496 2027 2066 2095">
    <p class='ocr_par' dir='ltr' id='par_1_33' title="bbox 496 2027 2066 2095">
     <span class='ocr_line' id='line_1_33' title="bbox 496 2027 2066 2095; baseline 0.01 -19"><span class='ocrx_word' id='word_1_241' title='bbox 496 2027 764 2081; x_wconf 89' lang='lat' dir='ltr'><strong>versionis</strong></span> <span class='ocrx_word' id='word_1_242' title='bbox 826 2030 1115 2095; x_wconf 88' lang='lat' dir='ltr'><strong>rationem,</strong></span> <span class='ocrx_word' id='word_1_243' title='bbox 1169 2031 1378 2086; x_wconf 79' lang='lat' dir='ltr'><strong>Patrem</strong></span> <span class='ocrx_word' id='word_1_244' title='bbox 1444 2035 1616 2086; x_wconf 79' lang='lat' dir='ltr'><strong>soturn</strong></span> <span class='ocrx_word' id='word_1_245' title='bbox 1677 2035 1874 2088; x_wconf 82' lang='lat' dir='ltr'><strong>fontem</strong></span> <span class='ocrx_word' id='word_1_246' title='bbox 1931 2037 2066 2091; x_wconf 80' lang='lat' dir='ltr'><strong>dixit</strong></span> 
     </span>
    </p>
   </div>
   <div class='ocr_carea' id='block_1_34' title="bbox 495 2118 2059 2198">
    <p class='ocr_par' dir='ltr' id='par_1_34' title="bbox 495 2118 2059 2198">
     <span class='ocr_line' id='line_1_34' title="bbox 495 2118 2059 2198; baseline 0.008 -27"><span class='ocrx_word' id='word_1_247' title='bbox 495 2118 624 2186; x_wconf 92' lang='lat' dir='ltr'><strong>(non</strong></span> <span class='ocrx_word' id='word_1_248' title='bbox 685 2122 826 2174; x_wconf 75' lang='lat' dir='ltr'><strong>enim</strong></span> <span class='ocrx_word' id='word_1_249' title='bbox 881 2133 963 2176; x_wconf 89' lang='lat' dir='ltr'><strong>est</strong></span> <span class='ocrx_word' id='word_1_250' title='bbox 1023 2123 1192 2178; x_wconf 86' lang='lat' dir='ltr'><strong>Filius</strong></span> <span class='ocrx_word' id='word_1_251' title='bbox 1249 2125 1371 2178; x_wconf 81' lang='lat' dir='ltr'><strong>fons</strong></span> <span class='ocrx_word' id='word_1_252' title='bbox 1432 2126 1653 2196; x_wconf 77' lang='lat' dir='ltr'><strong>Patris),</strong></span> <span class='ocrx_word' id='word_1_253' title='bbox 1695 2145 1871 2198; x_wconf 89' lang='lat' dir='ltr'><strong>neque</strong></span> <span class='ocrx_word' id='word_1_254' title='bbox 1916 2132 2059 2184; x_wconf 90' lang='lat' dir='ltr'><strong>enim</strong></span> 
     </span>
    </p>
   </div>
   <div class='ocr_carea' id='block_1_35' title="bbox 493 2216 2060 2288">
    <p class='ocr_par' dir='ltr' id='par_1_35' title="bbox 493 2216 2060 2288">
     <span class='ocr_line' id='line_1_35' title="bbox 493 2216 2060 2288; baseline 0.008 -24"><span class='ocrx_word' id='word_1_255' title='bbox 493 2216 830 2266; x_wconf 77' lang='lat' dir='ltr'><strong>convertitur</strong></span> <span class='ocrx_word' id='word_1_256' title='bbox 857 2230 869 2266; x_wconf 92' lang='lat'><strong>:</strong></span> <span class='ocrx_word' id='word_1_257' title='bbox 901 2217 973 2268; x_wconf 88' lang='lat' dir='ltr'><strong>ita</strong></span> <span class='ocrx_word' id='word_1_258' title='bbox 1005 2226 1057 2269; x_wconf 89' lang='lat' dir='ltr'><strong>et</strong></span> <span class='ocrx_word' id='word_1_259' title='bbox 1095 2232 1337 2272; x_wconf 85' lang='lat' dir='ltr'><strong>summus</strong></span> <span class='ocrx_word' id='word_1_260' title='bbox 1367 2219 1453 2273; x_wconf 91' lang='lat' dir='ltr'><strong>hic</strong></span> <span class='ocrx_word' id='word_1_261' title='bbox 1483 2220 1588 2283; x_wconf 72' lang='lat' dir='ltr'><strong>vir,</strong></span> <span class='ocrx_word' id='word_1_262' title='bbox 1623 2231 1817 2288; x_wconf 62' lang='lat' dir='ltr'><strong>praeter</strong></span> <span class='ocrx_word' id='word_1_263' title='bbox 1841 2237 2060 2276; x_wconf 83' lang='lat' dir='ltr'><strong>causam</strong></span> 
     </span>
    </p>
   </div>
   <div class='ocr_carea' id='block_1_36' title="bbox 495 2304 2059 2376">
    <p class='ocr_par' dir='ltr' id='par_1_36' title="bbox 495 2304 2059 2376">
     <span class='ocr_line' id='line_1_36' title="bbox 495 2304 2059 2376; baseline 0.006 -21"><span class='ocrx_word' id='word_1_264' title='bbox 495 2304 694 2358; x_wconf 89' lang='lat' dir='ltr'><strong>habere</strong></span> <span class='ocrx_word' id='word_1_265' title='bbox 727 2304 920 2359; x_wconf 85' lang='lat' dir='ltr'><strong>Filium</strong></span> <span class='ocrx_word' id='word_1_266' title='bbox 953 2307 1131 2362; x_wconf 87' lang='lat' dir='ltr'><strong>Patris</strong></span> <span class='ocrx_word' id='word_1_267' title='bbox 1160 2310 1340 2363; x_wconf 89' lang='lat' dir='ltr'><strong>omnia</strong></span> <span class='ocrx_word' id='word_1_268' title='bbox 1377 2311 1544 2375; x_wconf 80' lang='lat' dir='ltr'><strong>dixit;</strong></span> <span class='ocrx_word' id='word_1_269' title='bbox 1576 2327 1793 2366; x_wconf 86' lang='lat' dir='ltr'><strong>causam</strong></span> <span class='ocrx_word' id='word_1_270' title='bbox 1829 2316 2059 2376; x_wconf 85' lang='lat' dir='ltr'><strong>scilicet,</strong></span> 
     </span>
    </p>
   </div>
   <div class='ocr_carea' id='block_1_37' title="bbox 493 2395 2062 2471">
    <p class='ocr_par' dir='ltr' id='par_1_37' title="bbox 493 2395 2062 2471">
     <span class='ocr_line' id='line_1_37' title="bbox 493 2395 2062 2471; baseline 0.008 -26"><span class='ocrx_word' id='word_1_271' title='bbox 493 2408 653 2461; x_wconf 86' lang='lat' dir='ltr'><strong>quam</strong></span> <span class='ocrx_word' id='word_1_272' title='bbox 697 2395 858 2450; x_wconf 89' lang='lat' dir='ltr'><strong>habet</strong></span> <span class='ocrx_word' id='word_1_273' title='bbox 895 2399 960 2448; x_wconf 89' lang='lat' dir='ltr'><strong>ad</strong></span> <span class='ocrx_word' id='word_1_274' title='bbox 995 2397 1211 2464; x_wconf 81' lang='lat' dir='ltr'><strong>Filium,</strong></span> <span class='ocrx_word' id='word_1_275' title='bbox 1253 2399 1432 2455; x_wconf 90' lang='lat' dir='ltr'><strong>Pater.</strong></span> <span class='ocrx_word' id='word_1_276' title='bbox 1487 2403 1765 2471; x_wconf 79' lang='lat' dir='ltr'><strong>Siquidem</strong></span> <span class='ocrx_word' id='word_1_277' title='bbox 1796 2405 1938 2457; x_wconf 86' lang='lat' dir='ltr'><strong>enirn</strong></span> <span class='ocrx_word' id='word_1_278' title='bbox 1975 2420 2062 2458; x_wconf 89' lang='lat' dir='ltr'><strong>ar-</strong></span> 
     </span>
    </p>
   </div>
   <div class='ocr_carea' id='block_1_38' title="bbox 492 2487 2060 2556">
    <p class='ocr_par' dir='ltr' id='par_1_38' title="bbox 492 2487 2060 2556">
     <span class='ocr_line' id='line_1_38' title="bbox 492 2487 2060 2556; baseline 0.008 -19"><span class='ocrx_word' id='word_1_279' title='bbox 492 2487 760 2540; x_wconf 87' lang='lat' dir='ltr'><strong>bitrantur</strong></span> <span class='ocrx_word' id='word_1_280' title='bbox 804 2501 899 2555; x_wconf 92' lang='lat' dir='ltr'><strong>per</strong></span> <span class='ocrx_word' id='word_1_281' title='bbox 933 2489 1055 2553; x_wconf 90' lang='lat' dir='ltr'><strong>hoc,</strong></span> <span class='ocrx_word' id='word_1_282' title='bbox 1089 2500 1334 2545; x_wconf 87' lang='lat' dir='ltr'><strong>sanctum</strong></span> <span class='ocrx_word' id='word_1_283' title='bbox 1369 2494 1565 2556; x_wconf 87' lang='lat' dir='ltr'><strong>virum,</strong></span> <span class='ocrx_word' id='word_1_284' title='bbox 1607 2495 1803 2548; x_wconf 92' lang='lat' dir='ltr'><strong>nullam</strong></span> <span class='ocrx_word' id='word_1_285' title='bbox 1840 2495 2060 2550; x_wconf 84' lang='lat' dir='ltr'><strong>omnino</strong></span> 
     </span>
    </p>
   </div>
   <div class='ocr_carea' id='block_1_39' title="bbox 491 2576 2058 2656">
    <p class='ocr_par' dir='ltr' id='par_1_39' title="bbox 491 2576 2058 2656">
     <span class='ocr_line' id='line_1_39' title="bbox 491 2576 2058 2656; baseline 0.007 -28"><span class='ocrx_word' id='word_1_286' title='bbox 491 2589 709 2629; x_wconf 86' lang='lat' dir='ltr'><strong>causam</strong></span> <span class='ocrx_word' id='word_1_287' title='bbox 737 2576 874 2629; x_wconf 85' lang='lat' dir='ltr'><strong>Filio</strong></span> <span class='ocrx_word' id='word_1_288' title='bbox 904 2581 1152 2641; x_wconf 84' lang='lat' dir='ltr'><strong>reddere.</strong></span> <span class='ocrx_word' id='word_1_289' title='bbox 1182 2582 1461 2637; x_wconf 84' lang='lat' dir='ltr'><strong>falluntur.</strong></span> <span class='ocrx_word' id='word_1_290' title='bbox 1501 2583 1620 2652; x_wconf 91' lang='lat' dir='ltr'><strong>Ipse</strong></span> <span class='ocrx_word' id='word_1_291' title='bbox 1645 2586 1785 2638; x_wconf 89' lang='lat' dir='ltr'><strong>enim</strong></span> <span class='ocrx_word' id='word_1_292' title='bbox 1824 2595 1931 2652; x_wconf 88' lang='lat' dir='ltr'><strong>est,</strong></span> <span class='ocrx_word' id='word_1_293' title='bbox 1969 2587 2058 2656; x_wconf 84' lang='lat' dir='ltr'><strong>qui</strong></span> 
     </span>
    </p>
   </div>
   <div class='ocr_carea' id='block_1_40' title="bbox 491 2666 2054 2757">
    <p class='ocr_par' dir='ltr' id='par_1_40' title="bbox 491 2666 2054 2757">
     <span class='ocr_line' id='line_1_40' title="bbox 491 2666 2054 2757; baseline 0.009 -37"><span class='ocrx_word' id='word_1_294' title='bbox 491 2667 567 2721; x_wconf 87' lang='lat' dir='ltr'><strong>ait</strong></span> <span class='ocrx_word' id='word_1_295' title='bbox 605 2685 618 2722; x_wconf 91' lang='lat'>:</span> <span class='ocrx_word' id='word_1_296' title='bbox 656 2666 739 2722; x_wconf 75' lang='lat' dir='ltr'><strong>Ea:</strong></span> <span class='ocrx_word' id='word_1_297' title='bbox 783 2672 1040 2737; x_wconf 86' lang='lat' dir='ltr'><strong>principio</strong></span> <span class='ocrx_word' id='word_1_298' title='bbox 1067 2674 1401 2739; x_wconf 85' lang='lat' dir='ltr'><strong>principium.</strong></span> <span class='ocrx_word' id='word_1_299' title='bbox 1444 2676 1580 2741; x_wconf 88' lang='lat' dir='ltr'><strong>Quin</strong></span> <span class='ocrx_word' id='word_1_300' title='bbox 1618 2688 1668 2731; x_wconf 91' lang='lat' dir='ltr'><strong>et</strong></span> <span class='ocrx_word' id='word_1_301' title='bbox 1707 2678 1758 2731; x_wconf 90' lang='lat' dir='ltr'><strong>in</strong></span> <span class='ocrx_word' id='word_1_302' title='bbox 1787 2680 2054 2757; x_wconf 81' lang='lat' dir='ltr'><strong>oratione,</strong></span> 
     </span>
    </p>
   </div>
   <div class='ocr_carea' id='block_1_41' title="bbox 490 2761 2054 2843">
    <p class='ocr_par' dir='ltr' id='par_1_41' title="bbox 490 2761 2054 2843">
     <span class='ocr_line' id='line_1_41' title="bbox 490 2761 2054 2843; baseline 0.01 -32"><span class='ocrx_word' id='word_1_303' title='bbox 490 2774 649 2827; x_wconf 89' lang='lat' dir='ltr'><strong>quam</strong></span> <span class='ocrx_word' id='word_1_304' title='bbox 708 2761 837 2815; x_wconf 81' lang='lat' dir='ltr'><strong>iacit</strong></span> <span class='ocrx_word' id='word_1_305' title='bbox 886 2763 954 2816; x_wconf 93' lang='lat' dir='ltr'><strong>ad</strong></span> <span class='ocrx_word' id='word_1_306' title='bbox 1004 2762 1307 2832; x_wconf 80' lang='lat' dir='ltr'><strong>Christum,</strong></span> <span class='ocrx_word' id='word_1_307' title='bbox 1357 2768 1428 2819; x_wconf 92' lang='lat' dir='ltr'><strong>ita</strong></span> <span class='ocrx_word' id='word_1_308' title='bbox 1484 2768 1760 2822; x_wconf 79' lang='lat' dir='ltr'><strong>inchoavit</strong></span> <span class='ocrx_word' id='word_1_309' title='bbox 1811 2762 1997 2843; x_wconf 72' lang='lat' dir='ltr'><strong>dicens</strong></span> <span class='ocrx_word' id='word_1_310' title='bbox 2043 2793 2054 2826; x_wconf 96' lang='lat'>:</span> 
     </span>
    </p>
   </div>
   <div class='ocr_carea' id='block_1_42' title="bbox 493 2850 2058 2932">
    <p class='ocr_par' dir='ltr' id='par_1_42' title="bbox 493 2850 2058 2932">
     <span class='ocr_line' id='line_1_42' title="bbox 493 2850 2058 2932; baseline 0.01 -30"><span class='ocrx_word' id='word_1_311' title='bbox 493 2850 563 2903; x_wconf 80' lang='lat' dir='ltr'><strong>Ta</strong></span> <span class='ocrx_word' id='word_1_312' title='bbox 598 2868 734 2904; x_wconf 89' lang='lat' dir='ltr'><strong>nunc</strong></span> <span class='ocrx_word' id='word_1_313' title='bbox 756 2870 956 2922; x_wconf 80' lang='lat' dir='ltr'><strong>quoque</strong></span> <span class='ocrx_word' id='word_1_314' title='bbox 984 2857 1355 2920; x_wconf 86' lang='lat' dir='ltr'><strong>benedicimus,</strong></span> <span class='ocrx_word' id='word_1_315' title='bbox 1383 2859 1586 2914; x_wconf 79' lang='lat' dir='ltr'><strong>Christe</strong></span> <span class='ocrx_word' id='word_1_316' title='bbox 1617 2879 1780 2928; x_wconf 86' lang='lat' dir='ltr'><strong>meus,</strong></span> <span class='ocrx_word' id='word_1_317' title='bbox 1816 2864 2058 2932; x_wconf 86' lang='lat' dir='ltr'><strong>Verbum,</strong></span> 
     </span>
    </p>
   </div>
   <div class='ocr_carea' id='block_1_43' title="bbox 488 2943 2059 3024">
    <p class='ocr_par' dir='ltr' id='par_1_43' title="bbox 488 2943 2059 3024">
     <span class='ocr_line' id='line_1_43' title="bbox 488 2943 2059 3024; baseline 0.01 -31"><span class='ocrx_word' id='word_1_318' title='bbox 488 2945 660 2994; x_wconf 86' lang='lat' dir='ltr'><strong>sancti</strong></span> <span class='ocrx_word' id='word_1_319' title='bbox 704 2943 933 3012; x_wconf 83' lang='lat' dir='ltr'><strong>Spiritus</strong></span> <span class='ocrx_word' id='word_1_320' title='bbox 984 2949 1095 2999; x_wconf 72' lang='lat' dir='ltr'><strong>sine</strong></span> <span class='ocrx_word' id='word_1_321' title='bbox 1141 2951 1400 3017; x_wconf 84' lang='lat' dir='ltr'><strong>principio</strong></span> <span class='ocrx_word' id='word_1_322' title='bbox 1432 2964 1688 3008; x_wconf 83' lang='lat' dir='ltr'><strong>servator.</strong></span> <span class='ocrx_word' id='word_1_323' title='bbox 1723 2955 1894 3020; x_wconf 77' lang='lat' dir='ltr'><strong>Quam</strong></span> <span class='ocrx_word' id='word_1_324' title='bbox 1931 2970 2059 3024; x_wconf 79' lang='lat' dir='ltr'><strong>ergo</strong></span> 
     </span>
    </p>
   </div>
   <div class='ocr_carea' id='block_1_44' title="bbox 490 3035 2060 3108">
    <p class='ocr_par' dir='ltr' id='par_1_44' title="bbox 490 3035 2060 3108">
     <span class='ocr_line' id='line_1_44' title="bbox 490 3035 2060 3108; baseline 0.008 -22"><span class='ocrx_word' id='word_1_325' title='bbox 490 3035 648 3088; x_wconf 85' lang='lat' dir='ltr'><strong>habet</strong></span> <span class='ocrx_word' id='word_1_326' title='bbox 681 3036 843 3089; x_wconf 81' lang='lat' dir='ltr'><strong>Pater</strong></span> <span class='ocrx_word' id='word_1_327' title='bbox 871 3040 937 3090; x_wconf 89' lang='lat' dir='ltr'><strong>ad</strong></span> <span class='ocrx_word' id='word_1_328' title='bbox 969 3038 1160 3092; x_wconf 83' lang='lat' dir='ltr'><strong>Filium</strong></span> <span class='ocrx_word' id='word_1_329' title='bbox 1199 3055 1414 3096; x_wconf 90' lang='lat' dir='ltr'><strong>causam</strong></span> <span class='ocrx_word' id='word_1_330' title='bbox 1451 3043 1697 3098; x_wconf 87' lang='lat' dir='ltr'><strong>indicare</strong></span> <span class='ocrx_word' id='word_1_331' title='bbox 1737 3045 1929 3108; x_wconf 85' lang='lat' dir='ltr'><strong>voluit;</strong></span> <span class='ocrx_word' id='word_1_332' title='bbox 1963 3047 2060 3098; x_wconf 88' lang='lat' dir='ltr'><strong>ali-</strong></span> 
     </span>
    </p>
   </div>
   <div class='ocr_carea' id='block_1_45' title="bbox 492 3129 2058 3206">
    <p class='ocr_par' dir='ltr' id='par_1_45' title="bbox 492 3129 2058 3206">
     <span class='ocr_line' id='line_1_45' title="bbox 492 3129 2058 3206; baseline 0.01 -29"><span class='ocrx_word' id='word_1_333' title='bbox 492 3139 569 3180; x_wconf 91' lang='lat' dir='ltr'><strong>ter</strong></span> <span class='ocrx_word' id='word_1_334' title='bbox 604 3129 802 3197; x_wconf 81' lang='lat' dir='ltr'><strong>quippe</strong></span> <span class='ocrx_word' id='word_1_335' title='bbox 857 3132 958 3184; x_wconf 89' lang='lat' dir='ltr'><strong>sibi</strong></span> <span class='ocrx_word' id='word_1_336' title='bbox 998 3133 1099 3198; x_wconf 82' lang='lat' dir='ltr'><strong>ipsi</strong></span> <span class='ocrx_word' id='word_1_337' title='bbox 1137 3149 1242 3186; x_wconf 85' lang='lat' dir='ltr'><strong>non</strong></span> <span class='ocrx_word' id='word_1_338' title='bbox 1290 3147 1634 3200; x_wconf 76' lang='lat' dir='ltr'><strong>congrueret,</strong></span> <span class='ocrx_word' id='word_1_339' title='bbox 1681 3139 2058 3206; x_wconf 82' lang='lat' dir='ltr'><strong>sententiaque</strong></span> 
     </span>
    </p>
   </div>
   <div class='ocr_carea' id='block_1_46' title="bbox 489 3207 2126 3295">
    <p class='ocr_par' dir='ltr' id='par_1_46' title="bbox 489 3207 2126 3295">
     <span class='ocr_line' id='line_1_46' title="bbox 489 3207 2126 3295; baseline 0.005 -25"><span class='ocrx_word' id='word_1_340' title='bbox 489 3219 649 3272; x_wconf 79' lang='lat' dir='ltr'><strong>fallax</strong></span> <span class='ocrx_word' id='word_1_341' title='bbox 684 3222 968 3275; x_wconf 76' lang='lat' dir='ltr'><strong>videretur.</strong></span> <span class='ocrx_word' id='word_1_342' title='bbox 1015 3221 1203 3277; x_wconf 87' lang='lat' dir='ltr'><strong>Dicere</strong></span> <span class='ocrx_word' id='word_1_343' title='bbox 1261 3227 1405 3279; x_wconf 91' lang='lat' dir='ltr'><strong>enim</strong></span> <span class='ocrx_word' id='word_1_344' title='bbox 1445 3237 1638 3295; x_wconf 70' lang='lat' dir='ltr'><strong>praeter</strong></span> <span class='ocrx_word' id='word_1_345' title='bbox 1665 3243 1905 3284; x_wconf 89' lang='lat' dir='ltr'><strong>causam.</strong></span> <span class='ocrx_word' id='word_1_346' title='bbox 1937 3244 2051 3282; x_wconf 84' lang='lat' dir='ltr'><strong>Om-</strong></span> <span class='ocrx_word' id='word_1_347' title='bbox 2082 3207 2126 3268; x_wconf 78' lang='lat' dir='ltr'><strong><em>C</em></strong></span> 
     </span>
    </p>
   </div>
   <div class='ocr_carea' id='block_1_47' title="bbox 489 3315 2052 3382">
    <p class='ocr_par' dir='ltr' id='par_1_47' title="bbox 489 3315 2052 3382">
     <span class='ocr_line' id='line_1_47' title="bbox 489 3315 2052 3382; baseline 0.005 -19"><span class='ocrx_word' id='word_1_348' title='bbox 489 3327 609 3365; x_wconf 90' lang='lat' dir='ltr'><strong>nem</strong></span> <span class='ocrx_word' id='word_1_349' title='bbox 658 3327 877 3366; x_wconf 89' lang='lat' dir='ltr'><strong>causam</strong></span> <span class='ocrx_word' id='word_1_350' title='bbox 920 3315 1220 3370; x_wconf 78' lang='lat' dir='ltr'><strong>auferentis</strong></span> <span class='ocrx_word' id='word_1_351' title='bbox 1265 3332 1390 3372; x_wconf 89' lang='lat' dir='ltr'><strong>esse</strong></span> <span class='ocrx_word' id='word_1_352' title='bbox 1443 3319 1665 3382; x_wconf 79' lang='lat' dir='ltr'><strong>volunt;</strong></span> <span class='ocrx_word' id='word_1_353' title='bbox 1726 3321 1824 3372; x_wconf 89' lang='lat' dir='ltr'><strong>hoc</strong></span> <span class='ocrx_word' id='word_1_354' title='bbox 1876 3331 2052 3373; x_wconf 86' lang='lat' dir='ltr'><strong>autem</strong></span> 
     </span>
    </p>
   </div>
   <div class='ocr_carea' id='block_1_48' title="bbox 489 3403 2056 3478">
    <p class='ocr_par' dir='ltr' id='par_1_48' title="bbox 489 3403 2056 3478">
     <span class='ocr_line' id='line_1_48' title="bbox 489 3403 2056 3478; baseline 0.006 -23"><span class='ocrx_word' id='word_1_355' title='bbox 489 3403 678 3457; x_wconf 83' lang='lat' dir='ltr'><strong>falsum</strong></span> <span class='ocrx_word' id='word_1_356' title='bbox 745 3414 850 3459; x_wconf 88' lang='lat' dir='ltr'><strong>est.</strong></span> <span class='ocrx_word' id='word_1_357' title='bbox 888 3405 979 3458; x_wconf 86' lang='lat' dir='ltr'><strong>Vel</strong></span> <span class='ocrx_word' id='word_1_358' title='bbox 1018 3419 1388 3461; x_wconf 88' lang='lat' dir='ltr'><strong>creaturarum</strong></span> <span class='ocrx_word' id='word_1_359' title='bbox 1465 3425 1610 3464; x_wconf 84' lang='lat' dir='ltr'><strong>enim</strong></span> <span class='ocrx_word' id='word_1_360' title='bbox 1675 3426 1846 3478; x_wconf 82' lang='lat' dir='ltr'><strong>ipsum</strong></span> <span class='ocrx_word' id='word_1_361' title='bbox 1911 3422 2056 3465; x_wconf 88' lang='lat' dir='ltr'><strong>certe</strong></span> 
     </span>
    </p>
   </div>
   <div class='ocr_carea' id='block_1_49' title="bbox 487 3499 2053 3570">
    <p class='ocr_par' dir='ltr' id='par_1_49' title="bbox 487 3499 2053 3570">
     <span class='ocr_line' id='line_1_49' title="bbox 487 3499 2053 3570; baseline 0.004 -21"><span class='ocrx_word' id='word_1_362' title='bbox 487 3511 704 3550; x_wconf 89' lang='lat' dir='ltr'><strong>causam</strong></span> <span class='ocrx_word' id='word_1_363' title='bbox 742 3499 945 3550; x_wconf 79' lang='lat' dir='ltr'><strong>dicent.</strong></span> <span class='ocrx_word' id='word_1_364' title='bbox 993 3500 1296 3554; x_wconf 81' lang='lat' dir='ltr'><strong>Attestatnr</strong></span> <span class='ocrx_word' id='word_1_365' title='bbox 1323 3501 1404 3553; x_wconf 84' lang='lat' dir='ltr'><strong>his</strong></span> <span class='ocrx_word' id='word_1_366' title='bbox 1433 3513 1487 3556; x_wconf 89' lang='lat' dir='ltr'><strong>et</strong></span> <span class='ocrx_word' id='word_1_367' title='bbox 1517 3503 1630 3570; x_wconf 90' lang='lat' dir='ltr'><strong>ipse</strong></span> <span class='ocrx_word' id='word_1_368' title='bbox 1665 3503 1850 3555; x_wconf 85' lang='lat' dir='ltr'><strong>dicens</strong></span> <span class='ocrx_word' id='word_1_369' title='bbox 1883 3521 1896 3533; x_wconf 79' lang='grc' dir='ltr'><strong>ο</strong></span> <span class='ocrx_word' id='word_1_370' title='bbox 1927 3504 2053 3558; x_wconf 87' lang='lat' dir='ltr'><strong>0m-</strong></span> 
     </span>
    </p>
   </div>
   <div class='ocr_carea' id='block_1_50' title="bbox 489 3590 2055 3662">
    <p class='ocr_par' dir='ltr' id='par_1_50' title="bbox 489 3590 2055 3662">
     <span class='ocr_line' id='line_1_50' title="bbox 489 3590 2055 3662; baseline 0.006 -23"><span class='ocrx_word' id='word_1_371' title='bbox 489 3590 576 3640; x_wconf 82' lang='lat' dir='ltr'><strong>m&#39;a</strong></span> <span class='ocrx_word' id='word_1_372' title='bbox 609 3607 723 3654; x_wconf 77' lang='lat' dir='ltr'><strong>qua:</strong></span> <span class='ocrx_word' id='word_1_373' title='bbox 757 3591 910 3643; x_wconf 83' lang='lat' dir='ltr'><strong>habet</strong></span> <span class='ocrx_word' id='word_1_374' title='bbox 944 3590 1127 3655; x_wconf 83' lang='lat' dir='ltr'><strong>Pater,</strong></span> <span class='ocrx_word' id='word_1_375' title='bbox 1165 3590 1290 3644; x_wconf 81' lang='lat' dir='ltr'><strong>Filii</strong></span> <span class='ocrx_word' id='word_1_376' title='bbox 1325 3605 1444 3646; x_wconf 88' lang='lat' dir='ltr'><strong>sunt</strong></span> <span class='ocrx_word' id='word_1_377' title='bbox 1479 3605 1674 3662; x_wconf 67' lang='lat' dir='ltr'><strong>praeter</strong></span> <span class='ocrx_word' id='word_1_378' title='bbox 1702 3610 1952 3660; x_wconf 88' lang='lat' dir='ltr'><strong>causam;</strong></span> <span class='ocrx_word' id='word_1_379' title='bbox 2000 3608 2055 3650; x_wconf 88' lang='lat' dir='ltr'><strong>et</strong></span> 
     </span>
    </p>
   </div>
   <div class='ocr_carea' id='block_1_51' title="bbox 486 3683 2054 3758">
    <p class='ocr_par' dir='ltr' id='par_1_51' title="bbox 486 3683 2054 3758">
     <span class='ocr_line' id='line_1_51' title="bbox 486 3683 2054 3758; baseline 0.007 -25"><span class='ocrx_word' id='word_1_380' title='bbox 486 3685 666 3734; x_wconf 89' lang='lat' dir='ltr'><strong>omnia</strong></span> <span class='ocrx_word' id='word_1_381' title='bbox 706 3698 824 3750; x_wconf 65' lang='lat' dir='ltr'><strong>quas</strong></span> <span class='ocrx_word' id='word_1_382' title='bbox 858 3684 1021 3738; x_wconf 90' lang='lat' dir='ltr'><strong>habet</strong></span> <span class='ocrx_word' id='word_1_383' title='bbox 1055 3683 1246 3750; x_wconf 86' lang='lat' dir='ltr'><strong>Filius,</strong></span> <span class='ocrx_word' id='word_1_384' title='bbox 1277 3685 1509 3753; x_wconf 89' lang='lat' dir='ltr'><strong>Spiritus</strong></span> <span class='ocrx_word' id='word_1_385' title='bbox 1541 3688 1714 3742; x_wconf 87' lang='lat' dir='ltr'><strong>sancti</strong></span> <span class='ocrx_word' id='word_1_386' title='bbox 1742 3699 1890 3752; x_wconf 88' lang='lat' dir='ltr'><strong>sunt,</strong></span> <span class='ocrx_word' id='word_1_387' title='bbox 1921 3705 2054 3758; x_wconf 66' lang='lat' dir='ltr'><strong>pra:-</strong></span> 
     </span>
    </p>
   </div>
   <div class='ocr_carea' id='block_1_52' title="bbox 490 3774 962 3827">
    <p class='ocr_par' dir='ltr' id='par_1_52' title="bbox 490 3774 962 3827">
     <span class='ocr_line' id='line_1_52' title="bbox 490 3774 962 3827; baseline 0.004 -3"><span class='ocrx_word' id='word_1_388' title='bbox 490 3782 570 3826; x_wconf 92' lang='lat' dir='ltr'><strong>ter</strong></span> <span class='ocrx_word' id='word_1_389' title='bbox 600 3774 962 3827; x_wconf 84' lang='lat' dir='ltr'><strong>nativitatem.</strong></span> 
     </span>
    </p>
   </div>
   <div class='ocr_carea' id='block_1_53' title="bbox 555 3867 2047 3938">
    <p class='ocr_par' dir='ltr' id='par_1_53' title="bbox 555 3867 2047 3938">
     <span class='ocr_line' id='line_1_53' title="bbox 555 3867 2047 3938; baseline 0.005 -18"><span class='ocrx_word' id='word_1_390' title='bbox 555 3867 782 3920; x_wconf 85' lang='lat' dir='ltr'><strong>Constat</strong></span> <span class='ocrx_word' id='word_1_391' title='bbox 817 3882 946 3936; x_wconf 73' lang='lat' dir='ltr'><strong>ergo</strong></span> <span class='ocrx_word' id='word_1_392' title='bbox 976 3872 1102 3937; x_wconf 86' lang='lat' dir='ltr'><strong>quia</strong></span> <span class='ocrx_word' id='word_1_393' title='bbox 1127 3871 1347 3924; x_wconf 85' lang='lat' dir='ltr'><strong>Patrem</strong></span> <span class='ocrx_word' id='word_1_394' title='bbox 1386 3872 1449 3924; x_wconf 88' lang='lat' dir='ltr'><strong>ad</strong></span> <span class='ocrx_word' id='word_1_395' title='bbox 1475 3870 1667 3925; x_wconf 88' lang='lat' dir='ltr'><strong>Filium</strong></span> <span class='ocrx_word' id='word_1_396' title='bbox 1693 3887 2047 3938; x_wconf 80' lang='lat' dir='ltr'><strong>comparans;</strong></span> 
     </span>
    </p>
   </div>
   <div class='ocr_carea' id='block_1_54' title="bbox 486 3960 2048 4030">
    <p class='ocr_par' dir='ltr' id='par_1_54' title="bbox 486 3960 2048 4030">
     <span class='ocr_line' id='line_1_54' title="bbox 486 3960 2048 4030; baseline 0.004 -21"><span class='ocrx_word' id='word_1_397' title='bbox 486 3969 679 4023; x_wconf 67' lang='lat' dir='ltr'><strong>prmler</strong></span> <span class='ocrx_word' id='word_1_398' title='bbox 715 3974 957 4025; x_wconf 80' lang='lat' dir='ltr'><strong>causam,</strong></span> <span class='ocrx_word' id='word_1_399' title='bbox 990 3960 1146 4024; x_wconf 88' lang='lat' dir='ltr'><strong>dixit,</strong></span> <span class='ocrx_word' id='word_1_400' title='bbox 1172 3976 1334 4030; x_wconf 90' lang='lat' dir='ltr'><strong>quam</strong></span> <span class='ocrx_word' id='word_1_401' title='bbox 1373 3961 1584 4016; x_wconf 90' lang='lat' dir='ltr'><strong>scilicet</strong></span> <span class='ocrx_word' id='word_1_402' title='bbox 1612 3964 1775 4017; x_wconf 87' lang='lat' dir='ltr'><strong>habet</strong></span> <span class='ocrx_word' id='word_1_403' title='bbox 1800 3961 1960 4016; x_wconf 87' lang='lat' dir='ltr'><strong>Pater</strong></span> <span class='ocrx_word' id='word_1_404' title='bbox 1985 3964 2048 4016; x_wconf 85' lang='lat' dir='ltr'><strong>ad</strong></span> 
     </span>
    </p>
   </div>
   <div class='ocr_carea' id='block_1_55' title="bbox 485 4049 2048 4120">
    <p class='ocr_par' dir='ltr' id='par_1_55' title="bbox 485 4049 2048 4120">
     <span class='ocr_line' id='line_1_55' title="bbox 485 4049 2048 4120; baseline 0.001 -18"><span class='ocrx_word' id='word_1_405' title='bbox 485 4049 702 4113; x_wconf 78' lang='lat' dir='ltr'><strong>Filium,</strong></span> <span class='ocrx_word' id='word_1_406' title='bbox 735 4050 877 4104; x_wconf 90' lang='lat' dir='ltr'><strong>sicut</strong></span> <span class='ocrx_word' id='word_1_407' title='bbox 911 4061 965 4105; x_wconf 83' lang='lat' dir='ltr'><strong>et</strong></span> <span class='ocrx_word' id='word_1_408' title='bbox 988 4053 1126 4120; x_wconf 91' lang='lat' dir='ltr'><strong>quod</strong></span> <span class='ocrx_word' id='word_1_409' title='bbox 1158 4052 1426 4120; x_wconf 87' lang='lat' dir='ltr'><strong>sequitur,</strong></span> <span class='ocrx_word' id='word_1_410' title='bbox 1459 4053 1720 4120; x_wconf 90' lang='lat' dir='ltr'><strong>Spiritum</strong></span> <span class='ocrx_word' id='word_1_411' title='bbox 1756 4055 1820 4107; x_wconf 88' lang='lat' dir='ltr'><strong>ad</strong></span> <span class='ocrx_word' id='word_1_412' title='bbox 1855 4053 2048 4107; x_wconf 90' lang='lat' dir='ltr'><strong>Filium</strong></span> 
     </span>
    </p>
   </div>
   <div class='ocr_carea' id='block_1_56' title="bbox 484 4143 2048 4210">
    <p class='ocr_par' dir='ltr' id='par_1_56' title="bbox 484 4143 2048 4210">
     <span class='ocr_line' id='line_1_56' title="bbox 484 4143 2048 4210; baseline 0.004 -15"><span class='ocrx_word' id='word_1_413' title='bbox 484 4143 852 4210; x_wconf 88' lang='lat' dir='ltr'><strong>cornparantis</strong></span> <span class='ocrx_word' id='word_1_414' title='bbox 914 4152 1020 4208; x_wconf 90' lang='lat' dir='ltr'><strong>est,</strong></span> <span class='ocrx_word' id='word_1_415' title='bbox 1073 4144 1393 4197; x_wconf 88' lang='lat' dir='ltr'><strong>relationem</strong></span> <span class='ocrx_word' id='word_1_416' title='bbox 1453 4145 1664 4198; x_wconf 92' lang='lat' dir='ltr'><strong>illorum</strong></span> <span class='ocrx_word' id='word_1_417' title='bbox 1716 4147 1782 4200; x_wconf 89' lang='lat' dir='ltr'><strong>ad</strong></span> <span class='ocrx_word' id='word_1_418' title='bbox 1820 4147 2048 4201; x_wconf 86' lang='lat' dir='ltr'><strong>invicem</strong></span> 
     </span>
    </p>
   </div>
   <div class='ocr_carea' id='block_1_57' title="bbox 484 4233 2046 4305">
    <p class='ocr_par' dir='ltr' id='par_1_57' title="bbox 484 4233 2046 4305">
     <span class='ocr_line' id='line_1_57' title="bbox 484 4233 2046 4305; baseline 0.004 -22"><span class='ocrx_word' id='word_1_419' title='bbox 484 4233 848 4300; x_wconf 82' lang='lat' dir='ltr'><strong>inspicientis,</strong></span> <span class='ocrx_word' id='word_1_420' title='bbox 891 4235 1184 4288; x_wconf 88' lang='lat' dir='ltr'><strong>secundum</strong></span> <span class='ocrx_word' id='word_1_421' title='bbox 1219 4235 1433 4287; x_wconf 90' lang='lat' dir='ltr'><strong>illorum</strong></span> <span class='ocrx_word' id='word_1_422' title='bbox 1460 4237 1712 4305; x_wconf 87' lang='lat' dir='ltr'><strong>pr0prios</strong></span> <span class='ocrx_word' id='word_1_423' title='bbox 1738 4253 2046 4303; x_wconf 87' lang='lat' dir='ltr'><strong>processus.</strong></span> 
     </span>
    </p>
   </div>
   <div class='ocr_carea' id='block_1_58' title="bbox 484 4324 2050 4396">
    <p class='ocr_par' dir='ltr' id='par_1_58' title="bbox 484 4324 2050 4396">
     <span class='ocr_line' id='line_1_58' title="bbox 484 4324 2050 4396; baseline 0.004 -21"><span class='ocrx_word' id='word_1_424' title='bbox 484 4324 674 4377; x_wconf 82' lang='lat' dir='ltr'><strong>Dicere</strong></span> <span class='ocrx_word' id='word_1_425' title='bbox 723 4340 976 4393; x_wconf 68' lang='lat' dir='ltr'><strong>namque,</strong></span> <span class='ocrx_word' id='word_1_426' title='bbox 1033 4325 1292 4393; x_wconf 68' lang='lat' dir='ltr'><strong>Spiritum</strong></span> <span class='ocrx_word' id='word_1_427' title='bbox 1354 4327 1553 4380; x_wconf 88' lang='lat' dir='ltr'><strong>habere</strong></span> <span class='ocrx_word' id='word_1_428' title='bbox 1609 4330 1786 4381; x_wconf 89' lang='lat' dir='ltr'><strong>omnia</strong></span> <span class='ocrx_word' id='word_1_429' title='bbox 1854 4339 2050 4396; x_wconf 61' lang='lat' dir='ltr'><strong>praeter</strong></span> 
     </span>
    </p>
   </div>
   <div class='ocr_carea' id='block_1_59' title="bbox 482 4408 2046 4490">
    <p class='ocr_par' dir='ltr' id='par_1_59' title="bbox 482 4408 2046 4490">
     <span class='ocr_line' id='line_1_59' title="bbox 482 4408 2046 4490; baseline 0.006 -23"><span class='ocrx_word' id='word_1_430' title='bbox 482 4417 840 4482; x_wconf 75' lang='lat' dir='ltr'><strong>nativitatem,</strong></span> <span class='ocrx_word' id='word_1_431' title='bbox 873 4408 1005 4470; x_wconf 84' lang='lat' dir='ltr'><strong>nihil</strong></span> <span class='ocrx_word' id='word_1_432' title='bbox 1040 4418 1186 4471; x_wconf 90' lang='lat' dir='ltr'><strong>aliud</strong></span> <span class='ocrx_word' id='word_1_433' title='bbox 1209 4418 1502 4486; x_wconf 76' lang='lat' dir='ltr'><strong>signiﬁcat,</strong></span> <span class='ocrx_word' id='word_1_434' title='bbox 1534 4422 1638 4473; x_wconf 90' lang='lat' dir='ltr'><strong>nisi</strong></span> <span class='ocrx_word' id='word_1_435' title='bbox 1662 4433 1858 4489; x_wconf 73' lang='lat' dir='ltr'><strong>praeter</strong></span> <span class='ocrx_word' id='word_1_436' title='bbox 1883 4437 2046 4490; x_wconf 86' lang='lat' dir='ltr'><strong>quam</strong></span> 
     </span>
    </p>
   </div>
   <div class='ocr_carea' id='block_1_60' title="bbox 483 4507 2050 4581">
    <p class='ocr_par' dir='ltr' id='par_1_60' title="bbox 483 4507 2050 4581">
     <span class='ocr_line' id='line_1_60' title="bbox 483 4507 2050 4581; baseline 0.006 -23"><span class='ocrx_word' id='word_1_437' title='bbox 483 4509 849 4561; x_wconf 88' lang='lat' dir='ltr'><strong>irnmediaturn</strong></span> <span class='ocrx_word' id='word_1_438' title='bbox 882 4524 946 4562; x_wconf 87' lang='lat' dir='ltr'><strong>ex</strong></span> <span class='ocrx_word' id='word_1_439' title='bbox 981 4507 1138 4562; x_wconf 86' lang='lat' dir='ltr'><strong>Patre</strong></span> <span class='ocrx_word' id='word_1_440' title='bbox 1170 4524 1326 4573; x_wconf 89' lang='lat' dir='ltr'><strong>esse;</strong></span> <span class='ocrx_word' id='word_1_441' title='bbox 1352 4512 1546 4578; x_wconf 83' lang='lat' dir='ltr'><strong>quippe</strong></span> <span class='ocrx_word' id='word_1_442' title='bbox 1579 4527 1697 4564; x_wconf 90' lang='lat' dir='ltr'><strong>cum</strong></span> <span class='ocrx_word' id='word_1_443' title='bbox 1725 4511 1892 4566; x_wconf 85' lang='lat' dir='ltr'><strong>Filius</strong></span> <span class='ocrx_word' id='word_1_444' title='bbox 1928 4516 2050 4581; x_wconf 88' lang='lat' dir='ltr'><strong>qui-</strong></span> 
     </span>
    </p>
   </div>
   <div class='ocr_carea' id='block_1_61' title="bbox 479 4598 2046 4671">
    <p class='ocr_par' dir='ltr' id='par_1_61' title="bbox 479 4598 2046 4671">
     <span class='ocr_line' id='line_1_61' title="bbox 479 4598 2046 4671; baseline 0.006 -23"><span class='ocrx_word' id='word_1_445' title='bbox 479 4599 597 4649; x_wconf 85' lang='lat' dir='ltr'><strong>dem</strong></span> <span class='ocrx_word' id='word_1_446' title='bbox 630 4613 694 4651; x_wconf 85' lang='lat' dir='ltr'><strong>ex</strong></span> <span class='ocrx_word' id='word_1_447' title='bbox 745 4598 901 4651; x_wconf 82' lang='lat' dir='ltr'><strong>Patre</strong></span> <span class='ocrx_word' id='word_1_448' title='bbox 933 4600 1051 4653; x_wconf 89' lang='lat' dir='ltr'><strong>sine</strong></span> <span class='ocrx_word' id='word_1_449' title='bbox 1100 4599 1278 4652; x_wconf 89' lang='lat' dir='ltr'><strong>medio</strong></span> <span class='ocrx_word' id='word_1_450' title='bbox 1314 4601 1403 4664; x_wconf 89' lang='lat' dir='ltr'><strong>sit,</strong></span> <span class='ocrx_word' id='word_1_451' title='bbox 1452 4602 1605 4668; x_wconf 81' lang='lat' dir='ltr'><strong>juxta</strong></span> <span class='ocrx_word' id='word_1_452' title='bbox 1661 4604 2046 4671; x_wconf 88' lang='lat' dir='ltr'><strong>proprietatem</strong></span> 
     </span>
    </p>
   </div>
   <div class='ocr_carea' id='block_1_62' title="bbox 478 4689 2045 4759">
    <p class='ocr_par' dir='ltr' id='par_1_62' title="bbox 478 4689 2045 4759">
     <span class='ocr_line' id='line_1_62' title="bbox 478 4689 2045 4759; baseline 0.003 -17"><span class='ocrx_word' id='word_1_453' title='bbox 478 4703 658 4751; x_wconf 87' lang='lat' dir='ltr'><strong>suam,</strong></span> <span class='ocrx_word' id='word_1_454' title='bbox 687 4699 909 4742; x_wconf 90' lang='lat' dir='ltr'><strong>sanctus</strong></span> <span class='ocrx_word' id='word_1_455' title='bbox 934 4701 1113 4742; x_wconf 89' lang='lat' dir='ltr'><strong>autem</strong></span> <span class='ocrx_word' id='word_1_456' title='bbox 1162 4689 1399 4756; x_wconf 88' lang='lat' dir='ltr'><strong>Spiritus</strong></span> <span class='ocrx_word' id='word_1_457' title='bbox 1429 4706 1492 4742; x_wconf 78' lang='lat' dir='ltr'><strong>ex</strong></span> <span class='ocrx_word' id='word_1_458' title='bbox 1537 4691 1696 4745; x_wconf 86' lang='lat' dir='ltr'><strong>Patre</strong></span> <span class='ocrx_word' id='word_1_459' title='bbox 1727 4709 1818 4759; x_wconf 81' lang='lat' dir='ltr'><strong>per</strong></span> <span class='ocrx_word' id='word_1_460' title='bbox 1850 4695 2045 4748; x_wconf 83' lang='lat' dir='ltr'><strong>Filium</strong></span> 
     </span>
    </p>
   </div>
   <div class='ocr_carea' id='block_1_63' title="bbox 479 4780 2046 4850">
    <p class='ocr_par' dir='ltr' id='par_1_63' title="bbox 479 4780 2046 4850">
     <span class='ocr_line' id='line_1_63' title="bbox 479 4780 2046 4850; baseline 0.003 -18"><span class='ocrx_word' id='word_1_461' title='bbox 479 4781 757 4848; x_wconf 84' lang='lat' dir='ltr'><strong>procedat,</strong></span> <span class='ocrx_word' id='word_1_462' title='bbox 792 4780 1046 4848; x_wconf 85' lang='lat' dir='ltr'><strong>quocirca</strong></span> <span class='ocrx_word' id='word_1_463' title='bbox 1077 4795 1249 4848; x_wconf 85' lang='lat' dir='ltr'><strong>neque</strong></span> <span class='ocrx_word' id='word_1_464' title='bbox 1279 4783 1631 4845; x_wconf 83' lang='lat' dir='ltr'><strong>convertitur,</strong></span> <span class='ocrx_word' id='word_1_465' title='bbox 1661 4786 1912 4850; x_wconf 84' lang='lat' dir='ltr'><strong>quuuiam</strong></span> <span class='ocrx_word' id='word_1_466' title='bbox 1954 4803 2046 4839; x_wconf 70' lang='lat' dir='ltr'><strong>ne-</strong></span> 
     </span>
    </p>
   </div>
   <div class='ocr_carea' id='block_1_64' title="bbox 477 4873 2050 4942">
    <p class='ocr_par' dir='ltr' id='par_1_64' title="bbox 477 4873 2050 4942">
     <span class='ocr_line' id='line_1_64' title="bbox 477 4873 2050 4942; baseline 0.004 -20"><span class='ocrx_word' id='word_1_467' title='bbox 477 4887 580 4937; x_wconf 85' lang='lat' dir='ltr'><strong>que</strong></span> <span class='ocrx_word' id='word_1_468' title='bbox 609 4888 893 4939; x_wconf 81' lang='lat' dir='ltr'><strong>processus</strong></span> <span class='ocrx_word' id='word_1_469' title='bbox 925 4873 1023 4937; x_wconf 90' lang='lat' dir='ltr'><strong>illi,</strong></span> <span class='ocrx_word' id='word_1_470' title='bbox 1063 4884 1114 4925; x_wconf 92' lang='lat' dir='ltr'><strong>et</strong></span> <span class='ocrx_word' id='word_1_471' title='bbox 1146 4885 1548 4942; x_wconf 88' lang='lat' dir='ltr'><strong>consequenter</strong></span> <span class='ocrx_word' id='word_1_472' title='bbox 1593 4889 1763 4942; x_wconf 88' lang='lat' dir='ltr'><strong>neque</strong></span> <span class='ocrx_word' id='word_1_473' title='bbox 1797 4879 2050 4930; x_wconf 88' lang='lat' dir='ltr'><strong>substan-</strong></span> 
     </span>
    </p>
   </div>
   <div class='ocr_carea' id='block_1_65' title="bbox 480 4962 2048 5035">
    <p class='ocr_par' dir='ltr' id='par_1_65' title="bbox 480 4962 2048 5035">
     <span class='ocr_line' id='line_1_65' title="bbox 480 4962 2048 5035; baseline 0.006 -23"><span class='ocrx_word' id='word_1_474' title='bbox 480 4962 629 5012; x_wconf 87' lang='lat' dir='ltr'><strong>tialia</strong></span> <span class='ocrx_word' id='word_1_475' title='bbox 659 4973 1075 5016; x_wconf 80' lang='lat' dir='ltr'><strong>convertuntur.</strong></span> <span class='ocrx_word' id='word_1_476' title='bbox 1125 4962 1187 5015; x_wconf 86' lang='lat' dir='ltr'><strong>Et</strong></span> <span class='ocrx_word' id='word_1_477' title='bbox 1221 4977 1284 5016; x_wconf 86' lang='lat' dir='ltr'><strong>ex</strong></span> <span class='ocrx_word' id='word_1_478' title='bbox 1334 4963 1436 5017; x_wconf 90' lang='lat' dir='ltr'><strong>hoc</strong></span> <span class='ocrx_word' id='word_1_479' title='bbox 1490 4965 1656 5032; x_wconf 80' lang='lat' dir='ltr'><strong>igitur</strong></span> <span class='ocrx_word' id='word_1_480' title='bbox 1689 4967 1818 5020; x_wconf 89' lang='lat' dir='ltr'><strong>nihil</strong></span> <span class='ocrx_word' id='word_1_481' title='bbox 1867 4983 1962 5035; x_wconf 89' lang='lat' dir='ltr'><strong>pro</strong></span> <span class='ocrx_word' id='word_1_482' title='bbox 1991 4983 2048 5021; x_wconf 90' lang='lat' dir='ltr'><strong>se</strong></span> 
     </span>
    </p>
   </div>
   <div class='ocr_carea' id='block_1_66' title="bbox 476 5052 823 5108">
    <p class='ocr_par' dir='ltr' id='par_1_66' title="bbox 476 5052 823 5108">
     <span class='ocr_line' id='line_1_66' title="bbox 476 5052 823 5108; baseline 0.006 -3"><span class='ocrx_word' id='word_1_483' title='bbox 476 5052 823 5108; x_wconf 87' lang='lat' dir='ltr'><strong>concludunt.</strong></span> 
     </span>
    </p>
   </div>
   <div class='ocr_carea' id='block_1_67' title="bbox 553 5143 2047 5219">
    <p class='ocr_par' dir='ltr' id='par_1_67' title="bbox 553 5143 2047 5219">
     <span class='ocr_line' id='line_1_67' title="bbox 553 5143 2047 5219; baseline 0.006 -24"><span class='ocrx_word' id='word_1_484' title='bbox 553 5143 750 5197; x_wconf 83' lang='lat' dir='ltr'><strong>Eadem</strong></span> <span class='ocrx_word' id='word_1_485' title='bbox 802 5162 920 5199; x_wconf 77' lang='lat' dir='ltr'><strong>vero</strong></span> <span class='ocrx_word' id='word_1_486' title='bbox 955 5149 1184 5212; x_wconf 88' lang='lat' dir='ltr'><strong>ratiune,</strong></span> <span class='ocrx_word' id='word_1_487' title='bbox 1219 5165 1284 5204; x_wconf 85' lang='lat' dir='ltr'><strong>ne</strong></span> <span class='ocrx_word' id='word_1_488' title='bbox 1331 5149 1382 5204; x_wconf 89' lang='lat' dir='ltr'><strong>id</strong></span> <span class='ocrx_word' id='word_1_489' title='bbox 1413 5149 1627 5217; x_wconf 90' lang='lat' dir='ltr'><strong>quidem</strong></span> <span class='ocrx_word' id='word_1_490' title='bbox 1661 5149 1768 5204; x_wconf 91' lang='lat' dir='ltr'><strong>illis</strong></span> <span class='ocrx_word' id='word_1_491' title='bbox 1813 5153 2047 5219; x_wconf 88' lang='lat' dir='ltr'><strong>0pitula-</strong></span> 
     </span>
    </p>
   </div>
   <div class='ocr_carea' id='block_1_68' title="bbox 481 5237 2045 5306">
    <p class='ocr_par' dir='ltr' id='par_1_68' title="bbox 481 5237 2045 5306">
     <span class='ocr_line' id='line_1_68' title="bbox 481 5237 2045 5306; baseline 0.006 -23"><span class='ocrx_word' id='word_1_492' title='bbox 481 5243 587 5298; x_wconf 90' lang='lat' dir='ltr'><strong>tur,</strong></span> <span class='ocrx_word' id='word_1_493' title='bbox 619 5239 761 5302; x_wconf 88' lang='lat' dir='ltr'><strong>quod</strong></span> <span class='ocrx_word' id='word_1_494' title='bbox 812 5239 887 5290; x_wconf 89' lang='lat' dir='ltr'><strong>ait</strong></span> <span class='ocrx_word' id='word_1_495' title='bbox 935 5252 1156 5294; x_wconf 85' lang='lat' dir='ltr'><strong>sanctus</strong></span> <span class='ocrx_word' id='word_1_496' title='bbox 1209 5238 1477 5293; x_wconf 78' lang='lat' dir='ltr'><strong>Maximus</strong></span> <span class='ocrx_word' id='word_1_497' title='bbox 1510 5240 1561 5291; x_wconf 93' lang='lat' dir='ltr'><strong>in</strong></span> <span class='ocrx_word' id='word_1_498' title='bbox 1621 5237 1787 5306; x_wconf 79' lang='lat' dir='ltr'><strong>Epist.</strong></span> <span class='ocrx_word' id='word_1_499' title='bbox 1829 5243 1892 5291; x_wconf 88' lang='lat' dir='ltr'><strong>ad</strong></span> <span class='ocrx_word' id='word_1_500' title='bbox 1933 5242 2045 5292; x_wconf 78' lang='lat' dir='ltr'><strong>Ma-</strong></span> 
     </span>
    </p>
   </div>
   <div class='ocr_carea' id='block_1_69' title="bbox 483 5328 2046 5400">
    <p class='ocr_par' dir='ltr' id='par_1_69' title="bbox 483 5328 2046 5400">
     <span class='ocr_line' id='line_1_69' title="bbox 483 5328 2046 5400; baseline 0.004 -21"><span class='ocrx_word' id='word_1_501' title='bbox 483 5328 661 5379; x_wconf 89' lang='lat' dir='ltr'><strong>rinum</strong></span> <span class='ocrx_word' id='word_1_502' title='bbox 712 5328 782 5380; x_wconf 89' lang='lat' dir='ltr'><strong>ita</strong></span> <span class='ocrx_word' id='word_1_503' title='bbox 817 5330 1059 5385; x_wconf 64' lang='lat' dir='ltr'><strong>scribens</strong></span> <span class='ocrx_word' id='word_1_504' title='bbox 1094 5349 1107 5384; x_wconf 86' lang='lat'><strong>:</strong></span> <span class='ocrx_word' id='word_1_505' title='bbox 1145 5331 1532 5400; x_wconf 81' lang='lat' dir='ltr'><strong>Synodicorum</strong></span> <span class='ocrx_word' id='word_1_506' title='bbox 1570 5332 1729 5398; x_wconf 74' lang='lat' dir='ltr'><strong>igitur</strong></span> <span class='ocrx_word' id='word_1_507' title='bbox 1775 5344 2046 5397; x_wconf 81' lang='lat' dir='ltr'><strong>pra&#39;sentts</strong></span> 
     </span>
    </p>
   </div>
   <div class='ocr_carea' id='block_1_70' title="bbox 477 5420 2047 5489">
    <p class='ocr_par' dir='ltr' id='par_1_70' title="bbox 477 5420 2047 5489">
     <span class='ocr_line' id='line_1_70' title="bbox 477 5420 2047 5489; baseline 0.005 -21"><span class='ocrx_word' id='word_1_508' title='bbox 477 5421 799 5472; x_wconf 81' lang='lat' dir='ltr'><strong>sanctissimi</strong></span> <span class='ocrx_word' id='word_1_509' title='bbox 853 5420 1036 5488; x_wconf 69' lang='lat' dir='ltr'><strong>Papat,</strong></span> <span class='ocrx_word' id='word_1_510' title='bbox 1065 5439 1164 5474; x_wconf 89' lang='lat' dir='ltr'><strong>non</strong></span> <span class='ocrx_word' id='word_1_511' title='bbox 1208 5433 1279 5475; x_wconf 85' lang='lat' dir='ltr'><strong>tot</strong></span> <span class='ocrx_word' id='word_1_512' title='bbox 1328 5424 1557 5488; x_wconf 84' lang='lat' dir='ltr'><strong>capitula</strong></span> <span class='ocrx_word' id='word_1_513' title='bbox 1589 5432 1710 5489; x_wconf 84' lang='lat' dir='ltr'><strong>quot</strong></span> <span class='ocrx_word' id='word_1_514' title='bbox 1743 5425 2047 5489; x_wconf 69' lang='lat' dir='ltr'><strong>scripsistis.</strong></span> 
     </span>
    </p>
   </div>
   <div class='ocr_carea' id='block_1_71' title="bbox 478 5511 2046 5582">
    <p class='ocr_par' dir='ltr' id='par_1_71' title="bbox 478 5511 2046 5582">
     <span class='ocr_line' id='line_1_71' title="bbox 478 5511 2046 5582; baseline 0.004 -22"><span class='ocrx_word' id='word_1_515' title='bbox 478 5511 842 5577; x_wconf 86' lang='lat' dir='ltr'><strong>repudiarunt,</strong></span> <span class='ocrx_word' id='word_1_516' title='bbox 879 5515 968 5580; x_wconf 87' lang='lat' dir='ltr'><strong>qui</strong></span> <span class='ocrx_word' id='word_1_517' title='bbox 1013 5515 1067 5565; x_wconf 88' lang='lat' dir='ltr'><strong>in</strong></span> <span class='ocrx_word' id='word_1_518' title='bbox 1106 5517 1247 5582; x_wconf 84' lang='lat' dir='ltr'><strong>regia</strong></span> <span class='ocrx_word' id='word_1_519' title='bbox 1289 5517 1498 5566; x_wconf 76' lang='lat' dir='ltr'><strong>cit-itote</strong></span> <span class='ocrx_word' id='word_1_520' title='bbox 1525 5525 1896 5566; x_wconf 74' lang='lat' dir='ltr'><strong>conuenerunt.</strong></span> <span class='ocrx_word' id='word_1_521' title='bbox 1935 5515 2046 5566; x_wconf 86' lang='lat' dir='ltr'><strong>Duo</strong></span> 
     </span>
    </p>
   </div>
   <div class='ocr_carea' id='block_1_72' title="bbox 475 5604 2044 5674">
    <p class='ocr_par' dir='ltr' id='par_1_72' title="bbox 475 5604 2044 5674">
     <span class='ocr_line' id='line_1_72' title="bbox 475 5604 2044 5674; baseline 0.001 -20"><span class='ocrx_word' id='word_1_522' title='bbox 475 5616 652 5655; x_wconf 81' lang='lat' dir='ltr'><strong>autem</strong></span> <span class='ocrx_word' id='word_1_523' title='bbox 683 5604 816 5667; x_wconf 81' lang='lat' dir='ltr'><strong>sola,</strong></span> <span class='ocrx_word' id='word_1_524' title='bbox 869 5623 1088 5672; x_wconf 88' lang='lat' dir='ltr'><strong>quorum</strong></span> <span class='ocrx_word' id='word_1_525' title='bbox 1135 5607 1364 5658; x_wconf 80' lang='lat' dir='ltr'><strong>alterunt</strong></span> <span class='ocrx_word' id='word_1_526' title='bbox 1418 5607 1628 5674; x_wconf 83' lang='lat' dir='ltr'><strong>quidem</strong></span> <span class='ocrx_word' id='word_1_527' title='bbox 1683 5609 1744 5657; x_wconf 80' lang='lat' dir='ltr'><strong>de</strong></span> <span class='ocrx_word' id='word_1_528' title='bbox 1788 5607 2044 5673; x_wconf 71' lang='lat' dir='ltr'><strong>theologia</strong></span> 
     </span>
    </p>
   </div>
   <div class='ocr_carea' id='block_1_73' title="bbox 475 5687 2046 5761">
    <p class='ocr_par' dir='ltr' id='par_1_73' title="bbox 475 5687 2046 5761">
     <span class='ocr_line' id='line_1_73' title="bbox 475 5687 2046 5761; baseline -0.001 -12"><span class='ocrx_word' id='word_1_529' title='bbox 475 5687 944 5761; x_wconf 45' lang='lat' dir='ltr'><strong>contirret.’Quia,</strong></span> <span class='ocrx_word' id='word_1_530' title='bbox 988 5700 1181 5760; x_wconf 83' lang='lat' dir='ltr'><strong>inquit,</strong></span> <span class='ocrx_word' id='word_1_531' title='bbox 1219 5701 1377 5752; x_wconf 84' lang='lat' dir='ltr'><strong>etiam</strong></span> <span class='ocrx_word' id='word_1_532' title='bbox 1441 5714 1504 5750; x_wconf 82' lang='lat' dir='ltr'><strong>ex</strong></span> <span class='ocrx_word' id='word_1_533' title='bbox 1564 5695 1704 5748; x_wconf 81' lang='lat' dir='ltr'><strong>Filio</strong></span> <span class='ocrx_word' id='word_1_534' title='bbox 1772 5701 2046 5761; x_wconf 77' lang='lat' dir='ltr'><strong>procedere</strong></span> 
     </span>
    </p>
   </div>
   <div class='ocr_carea' id='block_1_74' title="bbox 479 5791 2046 5852">
    <p class='ocr_par' dir='ltr' id='par_1_74' title="bbox 479 5791 2046 5852">
     <span class='ocr_line' id='line_1_74' title="bbox 479 5791 2046 5852; baseline -0.003 -9"><span class='ocrx_word' id='word_1_535' title='bbox 479 5791 736 5852; x_wconf 79' lang='lat' dir='ltr'><strong>Spiritum</strong></span> <span class='ocrx_word' id='word_1_536' title='bbox 789 5803 1048 5852; x_wconf 60' lang='lat' dir='ltr'><strong>structum,</strong></span> <span class='ocrx_word' id='word_1_537' title='bbox 1087 5795 1313 5845; x_wconf 69' lang='lat' dir='ltr'><strong>atterunt</strong></span> <span class='ocrx_word' id='word_1_538' title='bbox 1348 5807 1462 5844; x_wconf 83' lang='lat' dir='ltr'><strong>rero</strong></span> <span class='ocrx_word' id='word_1_539' title='bbox 1499 5794 1559 5842; x_wconf 73' lang='lat' dir='ltr'><strong>de</strong></span> <span class='ocrx_word' id='word_1_540' title='bbox 1592 5793 1764 5841; x_wconf 73' lang='lat' dir='ltr'><strong>dit-inn</strong></span> <span class='ocrx_word' id='word_1_541' title='bbox 1801 5793 2046 5842; x_wconf 75' lang='lat' dir='ltr'><strong>iurarun-</strong></span> 
     </span>
    </p>
   </div>
   <div class='ocr_carea' id='block_1_75' title="bbox 2078 4555 2126 4613">
    <p class='ocr_par' dir='ltr' id='par_1_75' title="bbox 2078 4555 2126 4613">
     <span class='ocr_line' id='line_1_75' title="bbox 2078 4555 2126 4613; baseline -0.021 0"><span class='ocrx_word' id='word_1_542' title='bbox 2078 4555 2126 4613; x_wconf 88' lang='lat' dir='ltr'><strong>l)</strong></span> 
     </span>
    </p>
   </div>
   <div class='ocr_carea' id='block_1_76' title="bbox 2167 1949 3738 2021">
    <p class='ocr_par' dir='ltr' id='par_1_76' title="bbox 2167 1949 3738 2021">
     <span class='ocr_line' id='line_1_76' title="bbox 2167 1949 3738 2021; baseline 0.015 -24"><span class='ocrx_word' id='word_1_543' title='bbox 2167 1960 2286 2015; x_wconf 79' lang='lat' dir='ltr'><strong>quae</strong></span> <span class='ocrx_word' id='word_1_544' title='bbox 2315 1949 2461 2012; x_wconf 86' lang='lat' dir='ltr'><strong>talia,</strong></span> <span class='ocrx_word' id='word_1_545' title='bbox 2493 1952 2623 2005; x_wconf 87' lang='lat' dir='ltr'><strong>satis</strong></span> <span class='ocrx_word' id='word_1_546' title='bbox 2654 1966 2818 2020; x_wconf 91' lang='lat' dir='ltr'><strong>supra</strong></span> <span class='ocrx_word' id='word_1_547' title='bbox 2851 1954 3181 2012; x_wconf 79' lang='lat' dir='ltr'><strong>declaratum</strong></span> <span class='ocrx_word' id='word_1_548' title='bbox 3235 1974 3333 2016; x_wconf 87' lang='lat' dir='ltr'><strong>est.</strong></span> <span class='ocrx_word' id='word_1_549' title='bbox 3385 1967 3489 2018; x_wconf 86' lang='lat' dir='ltr'><strong>Sed</strong></span> <span class='ocrx_word' id='word_1_550' title='bbox 3537 1980 3589 2021; x_wconf 91' lang='lat' dir='ltr'><strong>et</strong></span> <span class='ocrx_word' id='word_1_551' title='bbox 3634 1971 3738 2021; x_wconf 76' lang='lat' dir='ltr'><strong>Ru—</strong></span> 
     </span>
    </p>
   </div>
   <div class='ocr_carea' id='block_1_77' title="bbox 2168 2043 3736 2119">
    <p class='ocr_par' dir='ltr' id='par_1_77' title="bbox 2168 2043 3736 2119">
     <span class='ocr_line' id='line_1_77' title="bbox 2168 2043 3736 2119; baseline 0.015 -30"><span class='ocrx_word' id='word_1_552' title='bbox 2168 2053 2451 2092; x_wconf 87' lang='lat' dir='ltr'><strong>manorrrrn</strong></span> <span class='ocrx_word' id='word_1_553' title='bbox 2502 2043 2804 2108; x_wconf 88' lang='lat' dir='ltr'><strong>doctorum,</strong></span> <span class='ocrx_word' id='word_1_554' title='bbox 2856 2045 3042 2101; x_wconf 83' lang='lat' dir='ltr'><strong>Ililarii</strong></span> <span class='ocrx_word' id='word_1_555' title='bbox 3094 2052 3325 2119; x_wconf 74' lang='lat' dir='ltr'><strong>scilicet,</strong></span> <span class='ocrx_word' id='word_1_556' title='bbox 3377 2059 3647 2114; x_wconf 86' lang='lat' dir='ltr'><strong>Ambrosii</strong></span> <span class='ocrx_word' id='word_1_557' title='bbox 3685 2074 3736 2113; x_wconf 87' lang='lat' dir='ltr'><strong>et</strong></span> 
     </span>
    </p>
   </div>
   <div class='ocr_carea' id='block_1_78' title="bbox 2167 2130 3737 2219">
    <p class='ocr_par' dir='ltr' id='par_1_78' title="bbox 2167 2130 3737 2219">
     <span class='ocr_line' id='line_1_78' title="bbox 2167 2130 3737 2219; baseline 0.017 -38"><span class='ocrx_word' id='word_1_558' title='bbox 2167 2130 2453 2198; x_wconf 78' lang='lat' dir='ltr'><strong>Augustini</strong></span> <span class='ocrx_word' id='word_1_559' title='bbox 2491 2135 2637 2189; x_wconf 89' lang='lat' dir='ltr'><strong>dicta</strong></span> <span class='ocrx_word' id='word_1_560' title='bbox 2693 2138 2818 2191; x_wconf 86' lang='lat' dir='ltr'><strong>huic</strong></span> <span class='ocrx_word' id='word_1_561' title='bbox 2870 2144 3155 2196; x_wconf 77' lang='lat' dir='ltr'><strong>sententia:</strong></span> <span class='ocrx_word' id='word_1_562' title='bbox 3192 2160 3429 2215; x_wconf 79' lang='lat' dir='ltr'><strong>congrua</strong></span> <span class='ocrx_word' id='word_1_563' title='bbox 3469 2154 3737 2219; x_wconf 72' lang='lat' dir='ltr'><strong>produxe-</strong></span> 
     </span>
    </p>
   </div>
   <div class='ocr_carea' id='block_1_79' title="bbox 2167 2225 3732 2300">
    <p class='ocr_par' dir='ltr' id='par_1_79' title="bbox 2167 2225 3732 2300">
     <span class='ocr_line' id='line_1_79' title="bbox 2167 2225 3732 2300; baseline 0.013 -26"><span class='ocrx_word' id='word_1_564' title='bbox 2167 2232 2326 2287; x_wconf 85' lang='lat' dir='ltr'><strong>runt;</strong></span> <span class='ocrx_word' id='word_1_565' title='bbox 2358 2225 2448 2292; x_wconf 89' lang='lat' dir='ltr'><strong>qui</strong></span> <span class='ocrx_word' id='word_1_566' title='bbox 2481 2236 2531 2278; x_wconf 84' lang='lat' dir='ltr'><strong>ct</strong></span> <span class='ocrx_word' id='word_1_567' title='bbox 2562 2241 2628 2279; x_wconf 88' lang='lat' dir='ltr'><strong>ex</strong></span> <span class='ocrx_word' id='word_1_568' title='bbox 2672 2227 2809 2281; x_wconf 87' lang='lat' dir='ltr'><strong>Filio</strong></span> <span class='ocrx_word' id='word_1_569' title='bbox 2846 2237 3138 2296; x_wconf 85' lang='lat' dir='ltr'><strong>procedere</strong></span> <span class='ocrx_word' id='word_1_570' title='bbox 3171 2234 3436 2300; x_wconf 87' lang='lat' dir='ltr'><strong>Spiritum</strong></span> <span class='ocrx_word' id='word_1_571' title='bbox 3484 2253 3732 2293; x_wconf 79' lang='lat' dir='ltr'><strong>sanctum</strong></span> 
     </span>
    </p>
   </div>
   <div class='ocr_carea' id='block_1_80' title="bbox 2166 2313 3733 2386">
    <p class='ocr_par' dir='ltr' id='par_1_80' title="bbox 2166 2313 3733 2386">
     <span class='ocr_line' id='line_1_80' title="bbox 2166 2313 3733 2386; baseline 0.011 -20"><span class='ocrx_word' id='word_1_572' title='bbox 2166 2313 2382 2368; x_wconf 90' lang='lat' dir='ltr'><strong>docent.</strong></span> <span class='ocrx_word' id='word_1_573' title='bbox 2435 2315 2561 2370; x_wconf 72' lang='lat' dir='ltr'><strong>llrec</strong></span> <span class='ocrx_word' id='word_1_574' title='bbox 2588 2328 2766 2372; x_wconf 89' lang='lat' dir='ltr'><strong>autem</strong></span> <span class='ocrx_word' id='word_1_575' title='bbox 2814 2322 3032 2386; x_wconf 90' lang='lat' dir='ltr'><strong>mirum,</strong></span> <span class='ocrx_word' id='word_1_576' title='bbox 3063 2339 3106 2376; x_wconf 77' lang='grc' dir='ltr'><strong>ει</strong></span> <span class='ocrx_word' id='word_1_577' title='bbox 3159 2343 3264 2379; x_wconf 92' lang='lat' dir='ltr'><strong>non</strong></span> <span class='ocrx_word' id='word_1_578' title='bbox 3302 2329 3463 2381; x_wconf 89' lang='lat' dir='ltr'><strong>etiam</strong></span> <span class='ocrx_word' id='word_1_579' title='bbox 3515 2348 3733 2385; x_wconf 88' lang='lat' dir='ltr'><strong>causam</strong></span> 
     </span>
    </p>
   </div>
   <div class='ocr_carea' id='block_1_81' title="bbox 2167 2405 3740 2489">
    <p class='ocr_par' dir='ltr' id='par_1_81' title="bbox 2167 2405 3740 2489">
     <span class='ocr_line' id='line_1_81' title="bbox 2167 2405 3740 2489; baseline 0.013 -32"><span class='ocrx_word' id='word_1_580' title='bbox 2167 2405 2429 2460; x_wconf 85' lang='lat' dir='ltr'><strong>insinuat.</strong></span> <span class='ocrx_word' id='word_1_581' title='bbox 2484 2407 2555 2461; x_wconf 87' lang='lat' dir='ltr'><strong>Ea</strong></span> <span class='ocrx_word' id='word_1_582' title='bbox 2597 2410 2739 2463; x_wconf 87' lang='lat' dir='ltr'><strong>enim</strong></span> <span class='ocrx_word' id='word_1_583' title='bbox 2794 2413 3026 2472; x_wconf 89' lang='lat' dir='ltr'><strong>ratione.</strong></span> <span class='ocrx_word' id='word_1_584' title='bbox 3065 2427 3122 2470; x_wconf 91' lang='lat' dir='ltr'><strong>ut</strong></span> <span class='ocrx_word' id='word_1_585' title='bbox 3162 2418 3323 2472; x_wconf 89' lang='lat' dir='ltr'><strong>datur</strong></span> <span class='ocrx_word' id='word_1_586' title='bbox 3359 2420 3603 2489; x_wconf 78' lang='lat' dir='ltr'><strong>intelligi,</strong></span> <span class='ocrx_word' id='word_1_587' title='bbox 3645 2441 3740 2477; x_wconf 76' lang='lat' dir='ltr'><strong>ne~</strong></span> 
     </span>
    </p>
   </div>
   <div class='ocr_carea' id='block_1_82' title="bbox 2164 2501 3736 2579">
    <p class='ocr_par' dir='ltr' id='par_1_82' title="bbox 2164 2501 3736 2579">
     <span class='ocr_line' id='line_1_82' title="bbox 2164 2501 3736 2579; baseline 0.011 -32"><span class='ocrx_word' id='word_1_588' title='bbox 2164 2510 2268 2562; x_wconf 88' lang='lat' dir='ltr'><strong>que</strong></span> <span class='ocrx_word' id='word_1_589' title='bbox 2300 2511 2422 2550; x_wconf 88' lang='lat' dir='ltr'><strong>curn</strong></span> <span class='ocrx_word' id='word_1_590' title='bbox 2459 2514 2522 2552; x_wconf 90' lang='lat' dir='ltr'><strong>ex</strong></span> <span class='ocrx_word' id='word_1_591' title='bbox 2562 2501 2669 2554; x_wconf 84' lang='lat' dir='ltr'><strong>Deo</strong></span> <span class='ocrx_word' id='word_1_592' title='bbox 2698 2516 2844 2563; x_wconf 88' lang='lat' dir='ltr'><strong>esse,</strong></span> <span class='ocrx_word' id='word_1_593' title='bbox 2888 2515 2940 2557; x_wconf 88' lang='lat' dir='ltr'><strong>et</strong></span> <span class='ocrx_word' id='word_1_594' title='bbox 2981 2520 3044 2557; x_wconf 82' lang='lat' dir='ltr'><strong>ex</strong></span> <span class='ocrx_word' id='word_1_595' title='bbox 3085 2506 3243 2561; x_wconf 80' lang='lat' dir='ltr'><strong>Patre</strong></span> <span class='ocrx_word' id='word_1_596' title='bbox 3276 2514 3568 2576; x_wconf 90' lang='lat' dir='ltr'><strong>procedere</strong></span> <span class='ocrx_word' id='word_1_597' title='bbox 3615 2515 3736 2579; x_wconf 82' lang='lat' dir='ltr'><strong>Spi-</strong></span> 
     </span>
    </p>
   </div>
   <div class='ocr_carea' id='block_1_83' title="bbox 2165 2587 3738 2668">
    <p class='ocr_par' dir='ltr' id='par_1_83' title="bbox 2165 2587 3738 2668">
     <span class='ocr_line' id='line_1_83' title="bbox 2165 2587 3738 2668; baseline 0.012 -31"><span class='ocrx_word' id='word_1_598' title='bbox 2165 2587 2302 2639; x_wconf 88' lang='lat' dir='ltr'><strong>ritus</strong></span> <span class='ocrx_word' id='word_1_599' title='bbox 2327 2588 2609 2653; x_wconf 87' lang='lat' dir='ltr'><strong>asseritur,</strong></span> <span class='ocrx_word' id='word_1_600' title='bbox 2638 2604 2860 2645; x_wconf 89' lang='lat' dir='ltr'><strong>causam</strong></span> <span class='ocrx_word' id='word_1_601' title='bbox 2890 2590 3220 2662; x_wconf 76' lang='lat' dir='ltr'><strong>dcsigriabit.</strong></span> <span class='ocrx_word' id='word_1_602' title='bbox 3249 2598 3351 2652; x_wconf 86' lang='lat' dir='ltr'><strong>Sed</strong></span> <span class='ocrx_word' id='word_1_603' title='bbox 3388 2601 3509 2664; x_wconf 87' lang='lat' dir='ltr'><strong>ista,</strong></span> <span class='ocrx_word' id='word_1_604' title='bbox 3547 2616 3738 2668; x_wconf 67' lang='lat' dir='ltr'><strong>pl‘mtr&#39;r</strong></span> 
     </span>
    </p>
   </div>
   <div class='ocr_carea' id='block_1_84' title="bbox 2166 2676 3732 2757">
    <p class='ocr_par' dir='ltr' id='par_1_84' title="bbox 2166 2676 3732 2757">
     <span class='ocr_line' id='line_1_84' title="bbox 2166 2676 3732 2757; baseline 0.011 -30"><span class='ocrx_word' id='word_1_605' title='bbox 2166 2676 2462 2744; x_wconf 62' lang='lat' dir='ltr'><strong>Scriptura:</strong></span> <span class='ocrx_word' id='word_1_606' title='bbox 2495 2679 2843 2736; x_wconf 79' lang='lat' dir='ltr'><strong>intentionem</strong></span> <span class='ocrx_word' id='word_1_607' title='bbox 2872 2699 3030 2747; x_wconf 83' lang='lat' dir='ltr'><strong>sunt;</strong></span> <span class='ocrx_word' id='word_1_608' title='bbox 3068 2701 3279 2756; x_wconf 86' lang='lat' dir='ltr'><strong>nempe,</strong></span> <span class='ocrx_word' id='word_1_609' title='bbox 3309 2691 3560 2757; x_wconf 85' lang='lat' dir='ltr'><strong>quoniam</strong></span> <span class='ocrx_word' id='word_1_610' title='bbox 3585 2692 3732 2756; x_wconf 76' lang='lat' dir='ltr'><strong>juxta</strong></span> 
     </span>
    </p>
   </div>
   <div class='ocr_carea' id='block_1_85' title="bbox 2164 2769 3733 2846">
    <p class='ocr_par' dir='ltr' id='par_1_85' title="bbox 2164 2769 3733 2846">
     <span class='ocr_line' id='line_1_85' title="bbox 2164 2769 3733 2846; baseline 0.008 -24"><span class='ocrx_word' id='word_1_611' title='bbox 2164 2779 2410 2822; x_wconf 83' lang='lat' dir='ltr'><strong>sanctum</strong></span> <span class='ocrx_word' id='word_1_612' title='bbox 2444 2769 2730 2838; x_wconf 81' lang='lat' dir='ltr'><strong>Cyrillum,</strong></span> <span class='ocrx_word' id='word_1_613' title='bbox 2761 2774 3244 2846; x_wconf 83' lang='lat' dir='ltr'><strong>Uccidentalesque</strong></span> <span class='ocrx_word' id='word_1_614' title='bbox 3276 2781 3524 2834; x_wconf 86' lang='lat' dir='ltr'><strong>doctores</strong></span> <span class='ocrx_word' id='word_1_615' title='bbox 3557 2783 3733 2835; x_wconf 78' lang='lat' dir='ltr'><strong>faten-</strong></span> 
     </span>
    </p>
   </div>
   <div class='ocr_carea' id='block_1_86' title="bbox 2163 2860 3736 2935">
    <p class='ocr_par' dir='ltr' id='par_1_86' title="bbox 2163 2860 3736 2935">
     <span class='ocr_line' id='line_1_86' title="bbox 2163 2860 3736 2935; baseline 0.011 -26"><span class='ocrx_word' id='word_1_616' title='bbox 2163 2867 2247 2910; x_wconf 92' lang='lat' dir='ltr'><strong>tur</strong></span> <span class='ocrx_word' id='word_1_617' title='bbox 2289 2860 2448 2927; x_wconf 87' lang='lat' dir='ltr'><strong>hujus</strong></span> <span class='ocrx_word' id='word_1_618' title='bbox 2478 2876 2601 2916; x_wconf 80' lang='lat' dir='ltr'><strong>esse</strong></span> <span class='ocrx_word' id='word_1_619' title='bbox 2658 2867 2963 2931; x_wconf 69' lang='lat' dir='ltr'><strong>sententiae,</strong></span> <span class='ocrx_word' id='word_1_620' title='bbox 3002 2871 3091 2935; x_wconf 86' lang='lat' dir='ltr'><strong>qui</strong></span> <span class='ocrx_word' id='word_1_621' title='bbox 3141 2870 3420 2924; x_wconf 81' lang='lat' dir='ltr'><strong>evidenter</strong></span> <span class='ocrx_word' id='word_1_622' title='bbox 3464 2891 3525 2926; x_wconf 80' lang='lat' dir='ltr'><strong>ex</strong></span> <span class='ocrx_word' id='word_1_623' title='bbox 3577 2875 3736 2928; x_wconf 85' lang='lat' dir='ltr'><strong>Patre</strong></span> 
     </span>
    </p>
   </div>
   <div class='ocr_carea' id='block_1_87' title="bbox 2161 2951 3736 3033">
    <p class='ocr_par' dir='ltr' id='par_1_87' title="bbox 2161 2951 3736 3033">
     <span class='ocr_line' id='line_1_87' title="bbox 2161 2951 3736 3033; baseline 0.01 -30"><span class='ocrx_word' id='word_1_624' title='bbox 2161 2960 2214 3003; x_wconf 89' lang='lat' dir='ltr'><strong>et</strong></span> <span class='ocrx_word' id='word_1_625' title='bbox 2238 2951 2405 3017; x_wconf 88' lang='lat' dir='ltr'><strong>Filio;</strong></span> <span class='ocrx_word' id='word_1_626' title='bbox 2441 2953 2604 3007; x_wconf 83' lang='lat' dir='ltr'><strong>veluti</strong></span> <span class='ocrx_word' id='word_1_627' title='bbox 2638 2970 2704 3008; x_wconf 86' lang='lat' dir='ltr'><strong>ex</strong></span> <span class='ocrx_word' id='word_1_628' title='bbox 2733 2973 2838 3009; x_wconf 91' lang='lat' dir='ltr'><strong>uno</strong></span> <span class='ocrx_word' id='word_1_629' title='bbox 2868 2958 3134 3025; x_wconf 90' lang='lat' dir='ltr'><strong>principio</strong></span> <span class='ocrx_word' id='word_1_630' title='bbox 3168 2964 3405 3027; x_wconf 90' lang='lat' dir='ltr'><strong>prodire,</strong></span> <span class='ocrx_word' id='word_1_631' title='bbox 3438 2979 3500 3016; x_wconf 90' lang='lat' dir='ltr'><strong>ac</strong></span> <span class='ocrx_word' id='word_1_632' title='bbox 3547 2982 3736 3033; x_wconf 88' lang='lat' dir='ltr'><strong>proce-</strong></span> 
     </span>
    </p>
   </div>
   <div class='ocr_carea' id='block_1_88' title="bbox 2161 3044 3730 3116">
    <p class='ocr_par' dir='ltr' id='par_1_88' title="bbox 2161 3044 3730 3116">
     <span class='ocr_line' id='line_1_88' title="bbox 2161 3044 3730 3116; baseline 0.01 -22"><span class='ocrx_word' id='word_1_633' title='bbox 2161 3044 2313 3106; x_wconf 88' lang='lat' dir='ltr'><strong>dere,</strong></span> <span class='ocrx_word' id='word_1_634' title='bbox 2342 3053 2399 3096; x_wconf 92' lang='lat' dir='ltr'><strong>ut</strong></span> <span class='ocrx_word' id='word_1_635' title='bbox 2449 3046 2647 3099; x_wconf 90' lang='lat' dir='ltr'><strong>dictum</strong></span> <span class='ocrx_word' id='word_1_636' title='bbox 2676 3060 2780 3112; x_wconf 91' lang='lat' dir='ltr'><strong>est,</strong></span> <span class='ocrx_word' id='word_1_637' title='bbox 2817 3049 3073 3116; x_wconf 91' lang='lat' dir='ltr'><strong>Spiritum</strong></span> <span class='ocrx_word' id='word_1_638' title='bbox 3105 3063 3353 3105; x_wconf 88' lang='lat' dir='ltr'><strong>sanctrrrn</strong></span> <span class='ocrx_word' id='word_1_639' title='bbox 3386 3055 3730 3110; x_wconf 82' lang='lat' dir='ltr'><strong>conﬁtentur.</strong></span> 
     </span>
    </p>
   </div>
   <div class='ocr_carea' id='block_1_89' title="bbox 2162 3133 3730 3213">
    <p class='ocr_par' dir='ltr' id='par_1_89' title="bbox 2162 3133 3730 3213">
     <span class='ocr_line' id='line_1_89' title="bbox 2162 3133 3730 3213; baseline 0.008 -27"><span class='ocrx_word' id='word_1_640' title='bbox 2162 3133 2302 3188; x_wconf 83' lang='lat' dir='ltr'><strong>Nihil</strong></span> <span class='ocrx_word' id='word_1_641' title='bbox 2338 3151 2468 3206; x_wconf 74' lang='lat' dir='ltr'><strong>ergo</strong></span> <span class='ocrx_word' id='word_1_642' title='bbox 2501 3152 2700 3191; x_wconf 82' lang='lat' dir='ltr'><strong>novum</strong></span> <span class='ocrx_word' id='word_1_643' title='bbox 2736 3156 2763 3191; x_wconf 90' lang='lat' dir='ltr'><strong>a</strong></span> <span class='ocrx_word' id='word_1_644' title='bbox 2796 3156 2853 3194; x_wconf 89' lang='lat' dir='ltr'><strong>se</strong></span> <span class='ocrx_word' id='word_1_645' title='bbox 2881 3141 3013 3208; x_wconf 88' lang='lat' dir='ltr'><strong>ipsis</strong></span> <span class='ocrx_word' id='word_1_646' title='bbox 3045 3143 3421 3205; x_wconf 81' lang='lat' dir='ltr'><strong>introducunt,</strong></span> <span class='ocrx_word' id='word_1_647' title='bbox 3445 3149 3532 3213; x_wconf 89' lang='lat' dir='ltr'><strong>qui</strong></span> <span class='ocrx_word' id='word_1_648' title='bbox 3567 3149 3730 3200; x_wconf 78' lang='lat' dir='ltr'><strong>etiam</strong></span> 
     </span>
    </p>
   </div>
   <div class='ocr_carea' id='block_1_90' title="bbox 2157 3226 3734 3308">
    <p class='ocr_par' dir='ltr' id='par_1_90' title="bbox 2157 3226 3734 3308">
     <span class='ocr_line' id='line_1_90' title="bbox 2157 3226 3734 3308; baseline 0.007 -28"><span class='ocrx_word' id='word_1_649' title='bbox 2157 3241 2223 3280; x_wconf 88' lang='lat' dir='ltr'><strong>ex</strong></span> <span class='ocrx_word' id='word_1_650' title='bbox 2260 3226 2397 3281; x_wconf 81' lang='lat' dir='ltr'><strong>Filio</strong></span> <span class='ocrx_word' id='word_1_651' title='bbox 2431 3227 2695 3296; x_wconf 91' lang='lat' dir='ltr'><strong>Spiritum</strong></span> <span class='ocrx_word' id='word_1_652' title='bbox 2750 3235 3044 3298; x_wconf 88' lang='lat' dir='ltr'><strong>procedere</strong></span> <span class='ocrx_word' id='word_1_653' title='bbox 3098 3234 3337 3287; x_wconf 77' lang='lat' dir='ltr'><strong>fatentur</strong></span> <span class='ocrx_word' id='word_1_654' title='bbox 3394 3255 3406 3289; x_wconf 93' lang='lat'>:</span> <span class='ocrx_word' id='word_1_655' title='bbox 3460 3240 3734 3308; x_wconf 86' lang='lat' dir='ltr'><strong>simulque</strong></span> 
     </span>
    </p>
   </div>
   <div class='ocr_carea' id='block_1_91' title="bbox 2160 3319 3733 3397">
    <p class='ocr_par' dir='ltr' id='par_1_91' title="bbox 2160 3319 3733 3397">
     <span class='ocr_line' id='line_1_91' title="bbox 2160 3319 3733 3397; baseline 0.006 -28"><span class='ocrx_word' id='word_1_656' title='bbox 2160 3333 2396 3384; x_wconf 60' lang='lat' dir='ltr'><strong>presens</strong></span> <span class='ocrx_word' id='word_1_657' title='bbox 2433 3319 2670 3387; x_wconf 48' lang='lat' dir='ltr'><strong>epistola&quot;</strong></span> <span class='ocrx_word' id='word_1_658' title='bbox 2715 3321 3082 3378; x_wconf 80' lang='lat' dir='ltr'><strong>Romanorum</strong></span> <span class='ocrx_word' id='word_1_659' title='bbox 3137 3324 3359 3379; x_wconf 81' lang='lat' dir='ltr'><strong>Patrum</strong></span> <span class='ocrx_word' id='word_1_660' title='bbox 3409 3333 3733 3397; x_wconf 65' lang='lat' dir='ltr'><strong>prmcxposi-</strong></span> 
     </span>
    </p>
   </div>
   <div class='ocr_carea' id='block_1_92' title="bbox 2159 3409 3726 3477">
    <p class='ocr_par' dir='ltr' id='par_1_92' title="bbox 2159 3409 3726 3477">
     <span class='ocr_line' id='line_1_92' title="bbox 2159 3409 3726 3477; baseline 0.01 -19"><span class='ocrx_word' id='word_1_661' title='bbox 2159 3417 2238 3460; x_wconf 77' lang='lat' dir='ltr'><strong>tas</strong></span> <span class='ocrx_word' id='word_1_662' title='bbox 2277 3409 2631 3477; x_wconf 80' lang='lat' dir='ltr'><strong>allegationes</strong></span> <span class='ocrx_word' id='word_1_663' title='bbox 2665 3411 2877 3466; x_wconf 90' lang='lat' dir='ltr'><strong>illorum</strong></span> <span class='ocrx_word' id='word_1_664' title='bbox 2910 3417 3176 3469; x_wconf 83' lang='lat' dir='ltr'><strong>veraciter</strong></span> <span class='ocrx_word' id='word_1_665' title='bbox 3207 3432 3329 3470; x_wconf 89' lang='lat' dir='ltr'><strong>esse</strong></span> <span class='ocrx_word' id='word_1_666' title='bbox 3360 3424 3726 3473; x_wconf 79' lang='lat' dir='ltr'><strong>commendat.</strong></span> 
     </span>
    </p>
   </div>
   <div class='ocr_carea' id='block_1_93' title="bbox 2155 3500 3726 3580">
    <p class='ocr_par' dir='ltr' id='par_1_93' title="bbox 2155 3500 3726 3580">
     <span class='ocr_line' id='line_1_93' title="bbox 2155 3500 3726 3580; baseline 0.009 -30"><span class='ocrx_word' id='word_1_667' title='bbox 2155 3500 2261 3551; x_wconf 80' lang='grc' dir='ltr'><strong>Λυι</strong></span> <span class='ocrx_word' id='word_1_668' title='bbox 2313 3516 2456 3552; x_wconf 76' lang='lat' dir='ltr'><strong>clllm</strong></span> <span class='ocrx_word' id='word_1_669' title='bbox 2510 3501 2640 3568; x_wconf 66' lang='lat' dir='ltr'><strong>ipsae</strong></span> <span class='ocrx_word' id='word_1_670' title='bbox 2669 3516 2859 3557; x_wconf 82' lang='lat' dir='ltr'><strong>omnes</strong></span> <span class='ocrx_word' id='word_1_671' title='bbox 2899 3517 3042 3570; x_wconf 87' lang='lat' dir='ltr'><strong>sunt,</strong></span> <span class='ocrx_word' id='word_1_672' title='bbox 3095 3518 3187 3560; x_wconf 93' lang='lat' dir='ltr'><strong>aut</strong></span> <span class='ocrx_word' id='word_1_673' title='bbox 3227 3525 3288 3561; x_wconf 80' lang='lat' dir='ltr'><strong>ex</strong></span> <span class='ocrx_word' id='word_1_674' title='bbox 3331 3510 3464 3577; x_wconf 84' lang='lat' dir='ltr'><strong>ipsis</strong></span> <span class='ocrx_word' id='word_1_675' title='bbox 3508 3514 3726 3580; x_wconf 60' lang='lat' dir='ltr'><strong>aliqum,</strong></span> 
     </span>
    </p>
   </div>
   <div class='ocr_carea' id='block_1_94' title="bbox 2157 3594 3721 3666">
    <p class='ocr_par' dir='ltr' id='par_1_94' title="bbox 2157 3594 3721 3666">
     <span class='ocr_line' id='line_1_94' title="bbox 2157 3594 3721 3666; baseline 0.01 -23"><span class='ocrx_word' id='word_1_676' title='bbox 2157 3607 2291 3660; x_wconf 88' lang='lat' dir='ltr'><strong>quas</strong></span> <span class='ocrx_word' id='word_1_677' title='bbox 2343 3600 2473 3646; x_wconf 85' lang='lat' dir='ltr'><strong>tunc</strong></span> <span class='ocrx_word' id='word_1_678' title='bbox 2518 3594 2877 3661; x_wconf 89' lang='lat' dir='ltr'><strong>protulerunt.</strong></span> <span class='ocrx_word' id='word_1_679' title='bbox 2934 3596 3045 3650; x_wconf 86' lang='lat' dir='ltr'><strong>Non</strong></span> <span class='ocrx_word' id='word_1_680' title='bbox 3092 3599 3234 3652; x_wconf 91' lang='lat' dir='ltr'><strong>enim</strong></span> <span class='ocrx_word' id='word_1_681' title='bbox 3286 3601 3528 3666; x_wconf 84' lang='lat' dir='ltr'><strong>profecto</strong></span> <span class='ocrx_word' id='word_1_682' title='bbox 3581 3605 3721 3658; x_wconf 78' lang='lat' dir='ltr'><strong>falle-</strong></span> 
     </span>
    </p>
   </div>
   <div class='ocr_carea' id='block_1_95' title="bbox 2155 3684 3729 3751">
    <p class='ocr_par' dir='ltr' id='par_1_95' title="bbox 2155 3684 3729 3751">
     <span class='ocr_line' id='line_1_95' title="bbox 2155 3684 3729 3751; baseline 0.007 -14"><span class='ocrx_word' id='word_1_683' title='bbox 2155 3684 2318 3737; x_wconf 70' lang='lat' dir='ltr'><strong>batur</strong></span> <span class='ocrx_word' id='word_1_684' title='bbox 2367 3697 2592 3740; x_wconf 90' lang='lat' dir='ltr'><strong>sanctus</strong></span> <span class='ocrx_word' id='word_1_685' title='bbox 2629 3684 2918 3751; x_wconf 77' lang='lat' dir='ltr'><strong>Maximus,</strong></span> <span class='ocrx_word' id='word_1_686' title='bbox 2973 3698 3065 3742; x_wconf 91' lang='lat' dir='ltr'><strong>aut</strong></span> <span class='ocrx_word' id='word_1_687' title='bbox 3120 3692 3385 3745; x_wconf 88' lang='lat' dir='ltr'><strong>mentiens</strong></span> <span class='ocrx_word' id='word_1_688' title='bbox 3417 3693 3488 3745; x_wconf 85' lang='lat' dir='ltr'><strong>ist</strong></span> <span class='ocrx_word' id='word_1_689' title='bbox 3577 3695 3729 3749; x_wconf 89' lang='lat' dir='ltr'><strong>dice-</strong></span> 
     </span>
    </p>
   </div>
   <div class='ocr_carea' id='block_1_96' title="bbox 2158 3777 2266 3829">
    <p class='ocr_par' dir='ltr' id='par_1_96' title="bbox 2158 3777 2266 3829">
     <span class='ocr_line' id='line_1_96' title="bbox 2158 3777 2266 3829; baseline 0 0"><span class='ocrx_word' id='word_1_690' title='bbox 2158 3777 2266 3829; x_wconf 88' lang='lat' dir='ltr'><strong>bal.</strong></span> 
     </span>
    </p>
   </div>
   <div class='ocr_carea' id='block_1_97' title="bbox 2227 3869 3722 3953">
    <p class='ocr_par' dir='ltr' id='par_1_97' title="bbox 2227 3869 3722 3953">
     <span class='ocr_line' id='line_1_97' title="bbox 2227 3869 3722 3953; baseline 0.007 -34"><span class='ocrx_word' id='word_1_691' title='bbox 2227 3869 2363 3933; x_wconf 83' lang='lat' dir='ltr'><strong>Quid</strong></span> <span class='ocrx_word' id='word_1_692' title='bbox 2402 3882 2530 3936; x_wconf 76' lang='lat' dir='ltr'><strong>ergo</strong></span> <span class='ocrx_word' id='word_1_693' title='bbox 2561 3869 2662 3924; x_wconf 89' lang='lat' dir='ltr'><strong>sibi</strong></span> <span class='ocrx_word' id='word_1_694' title='bbox 2699 3870 2902 3934; x_wconf 84' lang='lat' dir='ltr'><strong>volunt,</strong></span> <span class='ocrx_word' id='word_1_695' title='bbox 2936 3886 3057 3925; x_wconf 91' lang='lat' dir='ltr'><strong>enm</strong></span> <span class='ocrx_word' id='word_1_696' title='bbox 3093 3871 3355 3941; x_wconf 88' lang='lat' dir='ltr'><strong>Spiritum</strong></span> <span class='ocrx_word' id='word_1_697' title='bbox 3384 3887 3623 3929; x_wconf 85' lang='lat' dir='ltr'><strong>sanetum</strong></span> <span class='ocrx_word' id='word_1_698' title='bbox 3650 3897 3722 3953; x_wconf 60' lang='lat' dir='ltr'><strong>tax</strong></span> 
     </span>
    </p>
   </div>
   <div class='ocr_carea' id='block_1_98' title="bbox 2157 3954 3728 4025">
    <p class='ocr_par' dir='ltr' id='par_1_98' title="bbox 2157 3954 3728 4025">
     <span class='ocr_line' id='line_1_98' title="bbox 2157 3954 3728 4025; baseline 0.011 -21"><span class='ocrx_word' id='word_1_699' title='bbox 2157 3954 2290 4008; x_wconf 82' lang='lat' dir='ltr'><strong>Filio</strong></span> <span class='ocrx_word' id='word_1_700' title='bbox 2333 3960 2548 4021; x_wconf 87' lang='lat' dir='ltr'><strong>quidem</strong></span> <span class='ocrx_word' id='word_1_701' title='bbox 2612 3962 2904 4025; x_wconf 89' lang='lat' dir='ltr'><strong>procedere</strong></span> <span class='ocrx_word' id='word_1_702' title='bbox 2967 3963 3172 4025; x_wconf 85' lang='lat' dir='ltr'><strong>dicunt,</strong></span> <span class='ocrx_word' id='word_1_703' title='bbox 3225 3979 3330 4015; x_wconf 90' lang='lat' dir='ltr'><strong>non</strong></span> <span class='ocrx_word' id='word_1_704' title='bbox 3385 3977 3561 4018; x_wconf 77' lang='lat' dir='ltr'><strong>autem</strong></span> <span class='ocrx_word' id='word_1_705' title='bbox 3607 3984 3728 4020; x_wconf 49' lang='lat' dir='ltr'><strong>es“:</strong></span> 
     </span>
    </p>
   </div>
   <div class='ocr_carea' id='block_1_99' title="bbox 2155 4047 3720 4126">
    <p class='ocr_par' dir='ltr' id='par_1_99' title="bbox 2155 4047 3720 4126">
     <span class='ocr_line' id='line_1_99' title="bbox 2155 4047 3720 4126; baseline 0.01 -28"><span class='ocrx_word' id='word_1_706' title='bbox 2155 4047 2347 4102; x_wconf 78' lang='lat' dir='ltr'><strong>Filium</strong></span> <span class='ocrx_word' id='word_1_707' title='bbox 2373 4067 2591 4105; x_wconf 89' lang='lat' dir='ltr'><strong>causam</strong></span> <span class='ocrx_word' id='word_1_708' title='bbox 2620 4057 2791 4107; x_wconf 88' lang='lat' dir='ltr'><strong>sancti</strong></span> <span class='ocrx_word' id='word_1_709' title='bbox 2824 4053 3058 4123; x_wconf 90' lang='lat' dir='ltr'><strong>Spiritus</strong></span> <span class='ocrx_word' id='word_1_710' title='bbox 3082 4057 3384 4124; x_wconf 90' lang='lat' dir='ltr'><strong>adjiciunt;</strong></span> <span class='ocrx_word' id='word_1_711' title='bbox 3421 4061 3546 4126; x_wconf 88' lang='lat' dir='ltr'><strong>quia</strong></span> <span class='ocrx_word' id='word_1_712' title='bbox 3577 4064 3720 4114; x_wconf 72' lang='lat' dir='ltr'><strong>enim</strong></span> 
     </span>
    </p>
   </div>
   <div class='ocr_carea' id='block_1_100' title="bbox 2155 4141 3720 4212">
    <p class='ocr_par' dir='ltr' id='par_1_100' title="bbox 2155 4141 3720 4212">
     <span class='ocr_line' id='line_1_100' title="bbox 2155 4141 3720 4212; baseline 0.005 -18"><span class='ocrx_word' id='word_1_713' title='bbox 2155 4141 2323 4194; x_wconf 84' lang='lat' dir='ltr'><strong>Filius</strong></span> <span class='ocrx_word' id='word_1_714' title='bbox 2348 4143 2567 4210; x_wconf 90' lang='lat' dir='ltr'><strong>quidem</strong></span> <span class='ocrx_word' id='word_1_715' title='bbox 2605 4160 2667 4198; x_wconf 93' lang='lat' dir='ltr'><strong>ex</strong></span> <span class='ocrx_word' id='word_1_716' title='bbox 2703 4145 2864 4200; x_wconf 91' lang='lat' dir='ltr'><strong>Patre</strong></span> <span class='ocrx_word' id='word_1_717' title='bbox 2899 4159 3018 4212; x_wconf 86' lang='lat' dir='ltr'><strong>est;</strong></span> <span class='ocrx_word' id='word_1_718' title='bbox 3059 4148 3180 4200; x_wconf 79' lang='lat' dir='ltr'><strong>Filii</strong></span> <span class='ocrx_word' id='word_1_719' title='bbox 3228 4161 3405 4202; x_wconf 76' lang='lat' dir='ltr'><strong>autem</strong></span> <span class='ocrx_word' id='word_1_720' title='bbox 3441 4155 3621 4203; x_wconf 70' lang='lat' dir='ltr'><strong>omnia</strong></span> <span class='ocrx_word' id='word_1_721' title='bbox 3657 4155 3720 4202; x_wconf 89' lang='lat' dir='ltr'><strong>ad</strong></span> 
     </span>
    </p>
   </div>
   <div class='ocr_carea' id='block_1_101' title="bbox 2156 4231 3722 4301">
    <p class='ocr_par' dir='ltr' id='par_1_101' title="bbox 2156 4231 3722 4301">
     <span class='ocr_line' id='line_1_101' title="bbox 2156 4231 3722 4301; baseline 0.005 -19"><span class='ocrx_word' id='word_1_722' title='bbox 2156 4231 2368 4283; x_wconf 84' lang='lat' dir='ltr'><strong>Patrem</strong></span> <span class='ocrx_word' id='word_1_723' title='bbox 2404 4232 2670 4296; x_wconf 82' lang='lat' dir='ltr'><strong>referunt,</strong></span> <span class='ocrx_word' id='word_1_724' title='bbox 2704 4234 2906 4287; x_wconf 85' lang='lat' dir='ltr'><strong>dictum</strong></span> <span class='ocrx_word' id='word_1_725' title='bbox 2940 4250 3067 4289; x_wconf 80' lang='lat' dir='ltr'><strong>vero</strong></span> <span class='ocrx_word' id='word_1_726' title='bbox 3094 4248 3175 4290; x_wconf 87' lang='lat' dir='ltr'><strong>est</strong></span> <span class='ocrx_word' id='word_1_727' title='bbox 3205 4239 3368 4290; x_wconf 86' lang='lat' dir='ltr'><strong>etiam</strong></span> <span class='ocrx_word' id='word_1_728' title='bbox 3419 4256 3444 4289; x_wconf 89' lang='lat' dir='ltr'><strong>a</strong></span> <span class='ocrx_word' id='word_1_729' title='bbox 3489 4242 3722 4301; x_wconf 81' lang='lat' dir='ltr'><strong>sanctis,</strong></span> 
     </span>
    </p>
   </div>
   <div class='ocr_carea' id='block_1_102' title="bbox 2153 4323 3722 4394">
    <p class='ocr_par' dir='ltr' id='par_1_102' title="bbox 2153 4323 3722 4394">
     <span class='ocr_line' id='line_1_102' title="bbox 2153 4323 3722 4394; baseline 0.004 -17"><span class='ocrx_word' id='word_1_730' title='bbox 2153 4338 2216 4377; x_wconf 77' lang='lat' dir='ltr'><strong>ex</strong></span> <span class='ocrx_word' id='word_1_731' title='bbox 2251 4323 2411 4378; x_wconf 88' lang='lat' dir='ltr'><strong>Patre</strong></span> <span class='ocrx_word' id='word_1_732' title='bbox 2451 4334 2504 4378; x_wconf 91' lang='lat' dir='ltr'><strong>et</strong></span> <span class='ocrx_word' id='word_1_733' title='bbox 2533 4323 2671 4378; x_wconf 84' lang='lat' dir='ltr'><strong>Filio</strong></span> <span class='ocrx_word' id='word_1_734' title='bbox 2698 4325 2958 4394; x_wconf 89' lang='lat' dir='ltr'><strong>Spiritum</strong></span> <span class='ocrx_word' id='word_1_735' title='bbox 3004 4339 3277 4392; x_wconf 86' lang='lat' dir='ltr'><strong>sanctum,</strong></span> <span class='ocrx_word' id='word_1_736' title='bbox 3323 4330 3484 4382; x_wconf 82' lang='lat' dir='ltr'><strong>veluti</strong></span> <span class='ocrx_word' id='word_1_737' title='bbox 3519 4347 3580 4384; x_wconf 86' lang='lat' dir='ltr'><strong>ex</strong></span> <span class='ocrx_word' id='word_1_738' title='bbox 3619 4348 3722 4384; x_wconf 85' lang='lat' dir='ltr'><strong>una</strong></span> 
     </span>
    </p>
   </div>
   <div class='ocr_carea' id='block_1_103' title="bbox 2155 4417 3723 4489">
    <p class='ocr_par' dir='ltr' id='par_1_103' title="bbox 2155 4417 3723 4489">
     <span class='ocr_line' id='line_1_103' title="bbox 2155 4417 3723 4489; baseline 0.003 -19"><span class='ocrx_word' id='word_1_739' title='bbox 2155 4430 2235 4480; x_wconf 90' lang='lat' dir='ltr'><strong>re,</strong></span> <span class='ocrx_word' id='word_1_740' title='bbox 2280 4426 2332 4469; x_wconf 89' lang='lat' dir='ltr'><strong>et</strong></span> <span class='ocrx_word' id='word_1_741' title='bbox 2363 4429 2468 4468; x_wconf 92' lang='lat' dir='ltr'><strong>uno</strong></span> <span class='ocrx_word' id='word_1_742' title='bbox 2496 4417 2761 4485; x_wconf 88' lang='lat' dir='ltr'><strong>principio</strong></span> <span class='ocrx_word' id='word_1_743' title='bbox 2792 4433 2934 4483; x_wconf 87' lang='lat' dir='ltr'><strong>esse,</strong></span> <span class='ocrx_word' id='word_1_744' title='bbox 2960 4434 3021 4472; x_wconf 91' lang='lat' dir='ltr'><strong>ac</strong></span> <span class='ocrx_word' id='word_1_745' title='bbox 3061 4421 3360 4488; x_wconf 88' lang='lat' dir='ltr'><strong>procedere</strong></span> <span class='ocrx_word' id='word_1_746' title='bbox 3398 4440 3409 4473; x_wconf 92' lang='lat'><strong>:</strong></span> <span class='ocrx_word' id='word_1_747' title='bbox 3445 4433 3723 4489; x_wconf 79' lang='lat' dir='ltr'><strong>propterea</strong></span> 
     </span>
    </p>
   </div>
   <div class='ocr_carea' id='block_1_104' title="bbox 2153 4507 3723 4575">
    <p class='ocr_par' dir='ltr' id='par_1_104' title="bbox 2153 4507 3723 4575">
     <span class='ocr_line' id='line_1_104' title="bbox 2153 4507 3723 4575; baseline 0.003 -17"><span class='ocrx_word' id='word_1_748' title='bbox 2153 4520 2218 4558; x_wconf 89' lang='lat' dir='ltr'><strong>ex</strong></span> <span class='ocrx_word' id='word_1_749' title='bbox 2257 4507 2562 4574; x_wconf 84' lang='lat' dir='ltr'><strong>lrujusrnodi</strong></span> <span class='ocrx_word' id='word_1_750' title='bbox 2597 4509 2884 4560; x_wconf 88' lang='lat' dir='ltr'><strong>sententiis</strong></span> <span class='ocrx_word' id='word_1_751' title='bbox 2922 4519 3253 4575; x_wconf 84' lang='lat' dir='ltr'><strong>aperuerunt</strong></span> <span class='ocrx_word' id='word_1_752' title='bbox 3281 4525 3359 4569; x_wconf 90' lang='lat' dir='ltr'><strong>se,</strong></span> <span class='ocrx_word' id='word_1_753' title='bbox 3387 4509 3581 4562; x_wconf 80' lang='lat' dir='ltr'><strong>Filium</strong></span> <span class='ocrx_word' id='word_1_754' title='bbox 3618 4531 3723 4562; x_wconf 78' lang='lat' dir='ltr'><strong>tum</strong></span> 
     </span>
    </p>
   </div>
   <div class='ocr_carea' id='block_1_105' title="bbox 2154 4595 3728 4666">
    <p class='ocr_par' dir='ltr' id='par_1_105' title="bbox 2154 4595 3728 4666">
     <span class='ocr_line' id='line_1_105' title="bbox 2154 4595 3728 4666; baseline 0.004 -20"><span class='ocrx_word' id='word_1_755' title='bbox 2154 4595 2453 4662; x_wconf 87' lang='lat' dir='ltr'><strong>propriam,</strong></span> <span class='ocrx_word' id='word_1_756' title='bbox 2499 4604 2552 4646; x_wconf 92' lang='lat' dir='ltr'><strong>et</strong></span> <span class='ocrx_word' id='word_1_757' title='bbox 2607 4596 2934 4662; x_wconf 78' lang='lat' dir='ltr'><strong>peculiarem</strong></span> <span class='ocrx_word' id='word_1_758' title='bbox 2971 4612 3192 4651; x_wconf 85' lang='lat' dir='ltr'><strong>causam</strong></span> <span class='ocrx_word' id='word_1_759' title='bbox 3239 4597 3495 4666; x_wconf 86' lang='lat' dir='ltr'><strong>Spiritus,</strong></span> <span class='ocrx_word' id='word_1_760' title='bbox 3533 4614 3728 4666; x_wconf 65' lang='lat' dir='ltr'><strong>praeter</strong></span> 
     </span>
    </p>
   </div>
   <div class='ocr_carea' id='block_1_106' title="bbox 2152 4684 3727 4757">
    <p class='ocr_par' dir='ltr' id='par_1_106' title="bbox 2152 4684 3727 4757">
     <span class='ocr_line' id='line_1_106' title="bbox 2152 4684 3727 4757; baseline 0.004 -20"><span class='ocrx_word' id='word_1_761' title='bbox 2152 4684 2390 4749; x_wconf 88' lang='lat' dir='ltr'><strong>Patrem,</strong></span> <span class='ocrx_word' id='word_1_762' title='bbox 2440 4687 2762 4752; x_wconf 78' lang='lat' dir='ltr'><strong>intelligere.</strong></span> <span class='ocrx_word' id='word_1_763' title='bbox 2809 4688 3000 4741; x_wconf 77' lang='lat' dir='ltr'><strong>Merito</strong></span> <span class='ocrx_word' id='word_1_764' title='bbox 3031 4705 3181 4742; x_wconf 89' lang='lat' dir='ltr'><strong>sane.</strong></span> <span class='ocrx_word' id='word_1_765' title='bbox 3220 4689 3405 4757; x_wconf 87' lang='lat' dir='ltr'><strong>Neque</strong></span> <span class='ocrx_word' id='word_1_766' title='bbox 3447 4695 3586 4742; x_wconf 85' lang='lat' dir='ltr'><strong>enim</strong></span> <span class='ocrx_word' id='word_1_767' title='bbox 3620 4693 3727 4744; x_wconf 85' lang='lat' dir='ltr'><strong>duo</strong></span> 
     </span>
    </p>
   </div>
   <div class='ocr_carea' id='block_1_107' title="bbox 2153 4779 3724 4846">
    <p class='ocr_par' dir='ltr' id='par_1_107' title="bbox 2153 4779 3724 4846">
     <span class='ocr_line' id='line_1_107' title="bbox 2153 4779 3724 4846; baseline 0.001 -16"><span class='ocrx_word' id='word_1_768' title='bbox 2153 4789 2280 4831; x_wconf 83' lang='lat' dir='ltr'><strong>sunt</strong></span> <span class='ocrx_word' id='word_1_769' title='bbox 2314 4779 2486 4831; x_wconf 77' lang='lat' dir='ltr'><strong>divisa</strong></span> <span class='ocrx_word' id='word_1_770' title='bbox 2519 4788 2708 4832; x_wconf 91' lang='lat' dir='ltr'><strong>contra</strong></span> <span class='ocrx_word' id='word_1_771' title='bbox 2746 4794 2826 4844; x_wconf 85' lang='lat' dir='ltr'><strong>se,</strong></span> <span class='ocrx_word' id='word_1_772' title='bbox 2866 4789 3027 4846; x_wconf 85' lang='lat' dir='ltr'><strong>atque</strong></span> <span class='ocrx_word' id='word_1_773' title='bbox 3075 4782 3142 4832; x_wconf 89' lang='lat' dir='ltr'><strong>ah</strong></span> <span class='ocrx_word' id='word_1_774' title='bbox 3182 4781 3418 4832; x_wconf 79' lang='lat' dir='ltr'><strong>invicem</strong></span> <span class='ocrx_word' id='word_1_775' title='bbox 3451 4782 3724 4845; x_wconf 79' lang='lat' dir='ltr'><strong>disjum-ta</strong></span> 
     </span>
    </p>
   </div>
   <div class='ocr_carea' id='block_1_108' title="bbox 2153 4870 3725 4937">
    <p class='ocr_par' dir='ltr' id='par_1_108' title="bbox 2153 4870 3725 4937">
     <span class='ocr_line' id='line_1_108' title="bbox 2153 4870 3725 4937; baseline -0.001 -17"><span class='ocrx_word' id='word_1_776' title='bbox 2153 4870 2419 4936; x_wconf 89' lang='lat' dir='ltr'><strong>principia</strong></span> <span class='ocrx_word' id='word_1_777' title='bbox 2453 4871 2629 4921; x_wconf 90' lang='lat' dir='ltr'><strong>sancti</strong></span> <span class='ocrx_word' id='word_1_778' title='bbox 2663 4870 2937 4936; x_wconf 86' lang='lat' dir='ltr'><strong>Spiritus;</strong></span> <span class='ocrx_word' id='word_1_779' title='bbox 2981 4884 3154 4936; x_wconf 88' lang='lat' dir='ltr'><strong>neque</strong></span> <span class='ocrx_word' id='word_1_780' title='bbox 3201 4881 3255 4922; x_wconf 90' lang='lat' dir='ltr'><strong>ut</strong></span> <span class='ocrx_word' id='word_1_781' title='bbox 3301 4885 3546 4937; x_wconf 71' lang='lat' dir='ltr'><strong>personae</strong></span> <span class='ocrx_word' id='word_1_782' title='bbox 3589 4872 3725 4928; x_wconf 73' lang='lat' dir='ltr'><strong>titur,</strong></span> 
     </span>
    </p>
   </div>
   <div class='ocr_carea' id='block_1_109' title="bbox 2154 4962 3728 5031">
    <p class='ocr_par' dir='ltr' id='par_1_109' title="bbox 2154 4962 3728 5031">
     <span class='ocr_line' id='line_1_109' title="bbox 2154 4962 3728 5031; baseline -0.002 -16"><span class='ocrx_word' id='word_1_783' title='bbox 2154 4965 2226 5015; x_wconf 89' lang='lat' dir='ltr'><strong>ita</strong></span> <span class='ocrx_word' id='word_1_784' title='bbox 2256 4967 2360 5016; x_wconf 87' lang='lat' dir='ltr'><strong>duo</strong></span> <span class='ocrx_word' id='word_1_785' title='bbox 2388 4964 2554 5015; x_wconf 88' lang='lat' dir='ltr'><strong>etiam</strong></span> <span class='ocrx_word' id='word_1_786' title='bbox 2589 4963 2823 5029; x_wconf 88' lang='lat' dir='ltr'><strong>Spiritus</strong></span> <span class='ocrx_word' id='word_1_787' title='bbox 2851 4965 3023 5016; x_wconf 90' lang='lat' dir='ltr'><strong>sancti</strong></span> <span class='ocrx_word' id='word_1_788' title='bbox 3062 4962 3328 5031; x_wconf 85' lang='lat' dir='ltr'><strong>principia</strong></span> <span class='ocrx_word' id='word_1_789' title='bbox 3357 4976 3513 5024; x_wconf 87' lang='lat' dir='ltr'><strong>sunt;</strong></span> <span class='ocrx_word' id='word_1_790' title='bbox 3546 4980 3728 5030; x_wconf 72' lang='lat' dir='ltr'><strong>qneru-</strong></span> 
     </span>
    </p>
   </div>
   <div class='ocr_carea' id='block_1_110' title="bbox 2153 5052 3728 5120">
    <p class='ocr_par' dir='ltr' id='par_1_110' title="bbox 2153 5052 3728 5120">
     <span class='ocr_line' id='line_1_110' title="bbox 2153 5052 3728 5120; baseline 0.001 -18"><span class='ocrx_word' id='word_1_791' title='bbox 2153 5052 2442 5104; x_wconf 87' lang='lat' dir='ltr'><strong>admodum</strong></span> <span class='ocrx_word' id='word_1_792' title='bbox 2474 5054 2615 5104; x_wconf 86' lang='lat' dir='ltr'><strong>enim</strong></span> <span class='ocrx_word' id='word_1_793' title='bbox 2654 5054 2816 5105; x_wconf 90' lang='lat' dir='ltr'><strong>tnittit</strong></span> <span class='ocrx_word' id='word_1_794' title='bbox 2853 5054 3069 5120; x_wconf 84' lang='lat' dir='ltr'><strong>quidem</strong></span> <span class='ocrx_word' id='word_1_795' title='bbox 3110 5053 3269 5106; x_wconf 85' lang='lat' dir='ltr'><strong>Pater</strong></span> <span class='ocrx_word' id='word_1_796' title='bbox 3311 5053 3572 5120; x_wconf 88' lang='lat' dir='ltr'><strong>Spiritum</strong></span> <span class='ocrx_word' id='word_1_797' title='bbox 3606 5073 3728 5104; x_wconf 67' lang='lat' dir='ltr'><strong>snt.-</strong></span> 
     </span>
    </p>
   </div>
   <div class='ocr_carea' id='block_1_111' title="bbox 2153 5142 3730 5209">
    <p class='ocr_par' dir='ltr' id='par_1_111' title="bbox 2153 5142 3730 5209">
     <span class='ocr_line' id='line_1_111' title="bbox 2153 5142 3730 5209; baseline -0.003 -15"><span class='ocrx_word' id='word_1_798' title='bbox 2153 5150 2321 5205; x_wconf 87' lang='lat' dir='ltr'><strong>ctutn,</strong></span> <span class='ocrx_word' id='word_1_799' title='bbox 2360 5145 2524 5195; x_wconf 86' lang='lat' dir='ltr'><strong>mittit</strong></span> <span class='ocrx_word' id='word_1_800' title='bbox 2575 5151 2755 5196; x_wconf 86' lang='lat' dir='ltr'><strong>autem</strong></span> <span class='ocrx_word' id='word_1_801' title='bbox 2794 5144 2939 5197; x_wconf 87' lang='lat' dir='ltr'><strong>hunc</strong></span> <span class='ocrx_word' id='word_1_802' title='bbox 2972 5145 3135 5195; x_wconf 85' lang='lat' dir='ltr'><strong>etiam</strong></span> <span class='ocrx_word' id='word_1_803' title='bbox 3189 5142 3396 5208; x_wconf 84' lang='lat' dir='ltr'><strong>Filius;</strong></span> <span class='ocrx_word' id='word_1_804' title='bbox 3437 5159 3605 5209; x_wconf 66' lang='lat' dir='ltr'><strong>neque</strong></span> <span class='ocrx_word' id='word_1_805' title='bbox 3655 5155 3730 5191; x_wconf 61' lang='lat' dir='ltr'><strong>ra.</strong></span> 
     </span>
    </p>
   </div>
   <div class='ocr_carea' id='block_1_112' title="bbox 2155 5233 3726 5301">
    <p class='ocr_par' dir='ltr' id='par_1_112' title="bbox 2155 5233 3726 5301">
     <span class='ocr_line' id='line_1_112' title="bbox 2155 5233 3726 5301; baseline -0.002 -15"><span class='ocrx_word' id='word_1_806' title='bbox 2155 5251 2272 5287; x_wconf 88' lang='lat' dir='ltr'><strong>men</strong></span> <span class='ocrx_word' id='word_1_807' title='bbox 2305 5235 2477 5288; x_wconf 91' lang='lat' dir='ltr'><strong>Filius</strong></span> <span class='ocrx_word' id='word_1_808' title='bbox 2510 5235 2609 5290; x_wconf 89' lang='lat' dir='ltr'><strong>alia</strong></span> <span class='ocrx_word' id='word_1_809' title='bbox 2643 5236 2920 5290; x_wconf 87' lang='lat' dir='ltr'><strong>missionis</strong></span> <span class='ocrx_word' id='word_1_810' title='bbox 2949 5251 3108 5289; x_wconf 87' lang='lat' dir='ltr'><strong>causa</strong></span> <span class='ocrx_word' id='word_1_811' title='bbox 3144 5247 3340 5301; x_wconf 73' lang='lat' dir='ltr'><strong>praeter</strong></span> <span class='ocrx_word' id='word_1_812' title='bbox 3370 5233 3585 5287; x_wconf 86' lang='lat' dir='ltr'><strong>Patrem</strong></span> <span class='ocrx_word' id='word_1_813' title='bbox 3615 5245 3726 5298; x_wconf 80' lang='lat' dir='ltr'><strong>cst;</strong></span> 
     </span>
    </p>
   </div>
   <div class='ocr_carea' id='block_1_113' title="bbox 2156 5328 3730 5395">
    <p class='ocr_par' dir='ltr' id='par_1_113' title="bbox 2156 5328 3730 5395">
     <span class='ocr_line' id='line_1_113' title="bbox 2156 5328 3730 5395; baseline -0.003 -14"><span class='ocrx_word' id='word_1_814' title='bbox 2156 5346 2334 5395; x_wconf 63' lang='lat' dir='ltr'><strong>neque</strong></span> <span class='ocrx_word' id='word_1_815' title='bbox 2379 5329 2520 5380; x_wconf 90' lang='lat' dir='ltr'><strong>enim</strong></span> <span class='ocrx_word' id='word_1_816' title='bbox 2577 5328 2738 5381; x_wconf 91' lang='lat' dir='ltr'><strong>mittit</strong></span> <span class='ocrx_word' id='word_1_817' title='bbox 2789 5331 2951 5381; x_wconf 84' lang='lat' dir='ltr'><strong>Pater</strong></span> <span class='ocrx_word' id='word_1_818' title='bbox 2985 5329 3102 5381; x_wconf 89' lang='lat' dir='ltr'><strong>sine</strong></span> <span class='ocrx_word' id='word_1_819' title='bbox 3153 5329 3312 5388; x_wconf 78' lang='lat' dir='ltr'><strong>Filio,</strong></span> <span class='ocrx_word' id='word_1_820' title='bbox 3363 5328 3520 5381; x_wconf 87' lang='lat' dir='ltr'><strong>sienti</strong></span> <span class='ocrx_word' id='word_1_821' title='bbox 3557 5342 3730 5391; x_wconf 81' lang='lat' dir='ltr'><strong>neque</strong></span> 
     </span>
    </p>
   </div>
   <div class='ocr_carea' id='block_1_114' title="bbox 2153 5419 3723 5487">
    <p class='ocr_par' dir='ltr' id='par_1_114' title="bbox 2153 5419 3723 5487">
     <span class='ocr_line' id='line_1_114' title="bbox 2153 5419 3723 5487; baseline -0.004 -13"><span class='ocrx_word' id='word_1_822' title='bbox 2153 5424 2268 5474; x_wconf 67' lang='lat' dir='ltr'><strong>sine</strong></span> <span class='ocrx_word' id='word_1_823' title='bbox 2301 5420 2436 5471; x_wconf 75' lang='lat' dir='ltr'><strong>Filio</strong></span> <span class='ocrx_word' id='word_1_824' title='bbox 2485 5419 2646 5484; x_wconf 81' lang='lat' dir='ltr'><strong>facit;</strong></span> <span class='ocrx_word' id='word_1_825' title='bbox 2698 5421 2957 5487; x_wconf 79' lang='lat' dir='ltr'><strong>quocirca</strong></span> <span class='ocrx_word' id='word_1_826' title='bbox 2991 5423 3154 5472; x_wconf 79' lang='lat' dir='ltr'><strong>etiam</strong></span> <span class='ocrx_word' id='word_1_827' title='bbox 3206 5421 3408 5471; x_wconf 80' lang='lat' dir='ltr'><strong>dierum</strong></span> <span class='ocrx_word' id='word_1_828' title='bbox 3467 5433 3569 5476; x_wconf 76' lang='lat' dir='ltr'><strong>cst,</strong></span> <span class='ocrx_word' id='word_1_829' title='bbox 3625 5436 3723 5465; x_wconf 69' lang='lat' dir='ltr'><strong>una</strong></span> 
     </span>
    </p>
   </div>
   <div class='ocr_carea' id='block_1_115' title="bbox 2152 5513 3723 5578">
    <p class='ocr_par' dir='ltr' id='par_1_115' title="bbox 2152 5513 3723 5578">
     <span class='ocr_line' id='line_1_115' title="bbox 2152 5513 3723 5578; baseline -0.006 -12"><span class='ocrx_word' id='word_1_830' title='bbox 2152 5514 2368 5566; x_wconf 71' lang='lat' dir='ltr'><strong>datiune</strong></span> <span class='ocrx_word' id='word_1_831' title='bbox 2406 5523 2457 5565; x_wconf 87' lang='lat' dir='ltr'><strong>et</strong></span> <span class='ocrx_word' id='word_1_832' title='bbox 2490 5530 2589 5563; x_wconf 83' lang='lat' dir='ltr'><strong>una</strong></span> <span class='ocrx_word' id='word_1_833' title='bbox 2636 5514 2919 5573; x_wconf 28' lang='lat' dir='ltr'><strong>largitione</strong></span> <span class='ocrx_word' id='word_1_834' title='bbox 2953 5513 3118 5563; x_wconf 88' lang='lat' dir='ltr'><strong>tnittit</strong></span> <span class='ocrx_word' id='word_1_835' title='bbox 3146 5513 3408 5578; x_wconf 83' lang='lat' dir='ltr'><strong>Spiritum</strong></span> <span class='ocrx_word' id='word_1_836' title='bbox 3449 5519 3723 5568; x_wconf 75' lang='lat' dir='ltr'><strong>sant-lum,</strong></span> 
     </span>
    </p>
   </div>
   <div class='ocr_carea' id='block_1_116' title="bbox 2157 5603 3718 5669">
    <p class='ocr_par' dir='ltr' id='par_1_116' title="bbox 2157 5603 3718 5669">
     <span class='ocr_line' id='line_1_116' title="bbox 2157 5603 3718 5669; baseline -0.004 -15"><span class='ocrx_word' id='word_1_837' title='bbox 2157 5606 2222 5654; x_wconf 74' lang='lat' dir='ltr'><strong>ita</strong></span> <span class='ocrx_word' id='word_1_838' title='bbox 2263 5615 2309 5654; x_wconf 89' lang='lat' dir='ltr'><strong>et</strong></span> <span class='ocrx_word' id='word_1_839' title='bbox 2341 5609 2404 5654; x_wconf 87' lang='lat' dir='ltr'><strong>de</strong></span> <span class='ocrx_word' id='word_1_840' title='bbox 2435 5619 2500 5654; x_wconf 87' lang='lat' dir='ltr'><strong>eo</strong></span> <span class='ocrx_word' id='word_1_841' title='bbox 2530 5603 2666 5669; x_wconf 88' lang='lat' dir='ltr'><strong>quod</strong></span> <span class='ocrx_word' id='word_1_842' title='bbox 2705 5603 3084 5668; x_wconf 56' lang='lat' dir='ltr'><strong>pri-posuimus</strong></span> <span class='ocrx_word' id='word_1_843' title='bbox 3117 5603 3426 5657; x_wconf 80' lang='lat' dir='ltr'><strong>dicendum.</strong></span> <span class='ocrx_word' id='word_1_844' title='bbox 3464 5612 3622 5665; x_wconf 83' lang='lat' dir='ltr'><strong>atque</strong></span> <span class='ocrx_word' id='word_1_845' title='bbox 3653 5613 3718 5648; x_wconf 83' lang='lat' dir='ltr'><strong>eu</strong></span> 
     </span>
    </p>
   </div>
   <div class='ocr_carea' id='block_1_117' title="bbox 2156 5696 3726 5763">
    <p class='ocr_par' dir='ltr' id='par_1_117' title="bbox 2156 5696 3726 5763">
     <span class='ocr_line' id='line_1_117' title="bbox 2156 5696 3726 5763; baseline -0.003 -17"><span class='ocrx_word' id='word_1_846' title='bbox 2156 5701 2327 5761; x_wconf 62' lang='lat' dir='ltr'><strong>magis</strong></span> <span class='ocrx_word' id='word_1_847' title='bbox 2361 5712 2463 5763; x_wconf 83' lang='lat' dir='ltr'><strong>quo</strong></span> <span class='ocrx_word' id='word_1_848' title='bbox 2493 5698 2678 5749; x_wconf 80' lang='lat' dir='ltr'><strong>missio</strong></span> <span class='ocrx_word' id='word_1_849' title='bbox 2705 5696 2841 5748; x_wconf 86' lang='lat' dir='ltr'><strong>idem</strong></span> <span class='ocrx_word' id='word_1_850' title='bbox 2869 5706 2948 5748; x_wconf 68' lang='lat' dir='ltr'><strong>est</strong></span> <span class='ocrx_word' id='word_1_851' title='bbox 2977 5696 3117 5761; x_wconf 76' lang='lat' dir='ltr'><strong>quod</strong></span> <span class='ocrx_word' id='word_1_852' title='bbox 3155 5697 3453 5763; x_wconf 72' lang='lat' dir='ltr'><strong>processio,</strong></span> <span class='ocrx_word' id='word_1_853' title='bbox 3481 5704 3535 5744; x_wconf 91' lang='lat' dir='ltr'><strong>nt</strong></span> <span class='ocrx_word' id='word_1_854' title='bbox 3568 5707 3726 5757; x_wconf 65' lang='lat' dir='ltr'><strong>supra</strong></span> 
     </span>
    </p>
   </div>
   <div class='ocr_carea' id='block_1_118' title="bbox 2155 5785 3727 5844">
    <p class='ocr_par' dir='ltr' id='par_1_118' title="bbox 2155 5785 3727 5844">
     <span class='ocr_line' id='line_1_118' title="bbox 2155 5785 3727 5844; baseline -0.004 -3"><span class='ocrx_word' id='word_1_855' title='bbox 2155 5793 2484 5844; x_wconf 67' lang='lat' dir='ltr'><strong>dcciaraturn</strong></span> <span class='ocrx_word' id='word_1_856' title='bbox 2533 5800 2631 5842; x_wconf 70' lang='lat' dir='ltr'><strong>cst.</strong></span> <span class='ocrx_word' id='word_1_857' title='bbox 2673 5793 2773 5841; x_wconf 75' lang='lat' dir='ltr'><strong>Atil</strong></span> <span class='ocrx_word' id='word_1_858' title='bbox 2825 5789 2865 5840; x_wconf 74' lang='lat' dir='ltr'><strong>si</strong></span> <span class='ocrx_word' id='word_1_859' title='bbox 2914 5789 3046 5840; x_wconf 78' lang='lat' dir='ltr'><strong>hanc</strong></span> <span class='ocrx_word' id='word_1_860' title='bbox 3081 5788 3305 5840; x_wconf 78' lang='lat' dir='ltr'><strong>nimium</strong></span> <span class='ocrx_word' id='word_1_861' title='bbox 3357 5785 3727 5839; x_wconf 72' lang='lat' dir='ltr'><strong>contentinsus</strong></span> 
     </span>
    </p>
   </div>
  </div>
