4472 6434
782 421 882 482 163

2044 430 2255 489 ΜΛΝῐέ
2277 431 2448 488 ELIS
2471 430 2778 487 ωιειῖεις

3937 426 4036 498 Ιϐἆ

769 532 1037 599 quispiam
1078 532 1453 589 substantialis
1491 535 1664 587 sancti
1706 535 1942 603 Spiritus
1984 539 2347 605 processionis
2377 545 2418 598 Α
2451 555 2557 608 quo
2603 544 2768 594 etiam
2815 540 3010 604 Pater;
3048 543 3204 595 aliter
3243 546 3444 613 quippe
3487 545 3741 598 essentia:
3779 546 4034 599 identitas

771 625 1030 674 indicium
1088 624 1254 686 dicat,
1312 626 1574 691 profecto,
1626 642 1901 694 nunquam
1959 629 2264 680 mitteretur
2321 645 2347 681 a

771 713 930 773 Filio,
975 713 1078 766 nisi
1133 715 1294 768 etiam
1329 730 1393 768 ex
1451 716 1568 782 ipso
1619 729 1796 780 esset;
1849 718 2051 785 alioqui
2104 720 2350 774 minister

767 815 908 855 esset
944 802 1131 856 Filius.

841 891 957 945 Non
999 898 1183 962 itaque
1239 897 1318 948 vel
1382 896 1542 950 Pater
1586 899 1732 950 solus
1775 914 1936 952 causa
1984 909 2059 953 est
2114 900 2348 968 Spiritus

770 986 943 1036 sancti
983 988 1098 1037 sine
1134 986 1290 1050 Filio,
1321 988 1403 1038 vel
1445 988 1561 1040 sine
1591 987 1748 1041 Patre
1786 989 1996 1052 Filius;
2031 1005 2122 1056 per
2152 991 2348 1044 Filium

769 1077 912 1126 enim
949 1079 1248 1142 procedere
1276 1079 1498 1141 dicitur,
1536 1091 1589 1130 et
1621 1081 1783 1130 Pater
1815 1096 1911 1147 per
1944 1081 2181 1133 Verbum
2223 1097 2347 1149 pro-

769 1168 964 1217 ductor
1017 1182 1138 1219 esse
1194 1169 1366 1220 saneti
1424 1168 1662 1234 Spiritus
1700 1180 2066 1224 asseveratnr.
2124 1170 2350 1223 Constat

771 1259 871 1309 hoc
901 1259 1063 1309 etiam
1098 1272 1162 1310 cx
1194 1261 1554 1326 sequentibus
1589 1247 1772 1326 'ipsius
1809 1261 2004 1329 verbis.
2041 1261 2128 1312 Ait
2158 1262 2298 1312 enim
2333 1278 2346 1314 :

773 1347 944 1400 Unum
1001 1360 1191 1401 norunt
1244 1350 1392 1411 Filii,
1451 1359 1500 1402 et
1549 1350 1779 1416 Spiritus
1831 1366 2046 1402 causam
2098 1350 2344 1416 Patrem;

769 1441 993 1492 alterius
1052 1443 1266 1509 quidem
1331 1445 1629 1494 secundum
1689 1443 2062 1506 nativitatem;
2125 1443 2348 1496 alterius

770 1547 918 1594 vero,
977 1532 1274 1584 secundum
1331 1533 1764 1598 proccssionem.
1813 1530 1940 1584 lla‘c
1979 1542 2157 1584 autem
2211 1547 2350 1600 pra!-

769 1625 928 1675 diclis
982 1624 1185 1691 Optime
1241 1633 1566 1678 consonant.
1622 1623 1754 1675 Nam
1814 1623 1983 1676 Filius
2033 1623 2249 1691 quidem
2282 1639 2345 1678 ex

767 1714 926 1767 Patre
958 1716 1260 1768 secundum
1293 1715 1620 1778 nativitatis,
1652 1714 1734 1768 vel
1759 1713 2345 1783 genitidetinitioncm,

765 1825 826 1860 ex
864 1807 1022 1861 Patre
1057 1810 1176 1861 sine
1209 1807 1317 1860 nllo
1365 1808 1542 1860 medio
1578 1815 1680 1860 est.
1726 1804 1965 1873 Spiritus
1997 1814 2217 1861 sanctus
2250 1821 2345 1859 au-

2456 630 2686 690 tollilur,
2724 631 2956 682 maxime
3001 648 3122 683 cum
3161 635 3362 686 dictum
3398 636 3495 699 sit,
3537 652 3636 686 una
3689 644 3896 687 tantum
3954 651 4031 695 te,

2453 733 2548 772 eos
2588 719 2847 773 dilTerre:
2904 723 3047 789 quod
3099 723 3184 774 bic
3231 723 3390 776 Pater
3424 728 3514 787 sit,
3566 726 3651 777 ille
3702 725 3892 787 Filius,
3925 728 4024 777 alia

2455 824 2582 860 vero
2631 813 2832 873 omnia,
2871 827 2992 864 csse
3042 818 3372 869 comnmnia.
3426 816 3584 870 Pater
3642 819 3821 886 itaque
3867 836 4030 874 causa

2452 899 2684 966 Spiritus
2719 913 2820 967 est,
2851 904 2993 957 sicut
3035 916 3087 958 et
3121 907 3306 959 Filius.
3338 906 3548 962 Dictum
3586 921 3664 963 est
3704 922 3903 974 tamen,
3938 929 4031 968 eos

2457 1007 2564 1045 non
2600 1007 2846 1047 aSserere
2893 995 3087 1047 Filium
3125 1001 3299 1050 sancti
3341 1001 3576 1066 Spiritus
3623 1015 3866 1063 causam,
3899 1021 4027 1072 pro-

2455 1095 2576 1153 pter
2606 1085 2692 1137 illa
2736 1101 2855 1153 qua:
2887 1090 3137 1155 przedicta
3185 1101 3347 1156 sunt;
3381 1094 3521 1157 quod
3550 1094 3692 1146 enim
3725 1111 3788 1148 ex
3836 1096 4028 1150 Dama-

2452 1190 2617 1228 sceno
2648 1178 2748 1229 sibi
2786 1179 2921 1240 vult,
2945 1194 3020 1232 ex
3051 1178 3190 1233 l’ilio
3221 1197 3318 1234 non
3352 1185 3594 1246 dicimus,
3641 1200 3707 1238 ne
3750 1186 3855 1238 duo
3885 1190 4030 1256 prin-

2451 1269 2590 1336 cipia
2621 1271 2794 1324 divisa
2835 1273 3138 1336 videantur,
3175 1291 3270 1326 nec
3305 1291 3533 1342 persona
3564 1276 3706 1339 Filii,
3755 1289 3810 1331 ut
3851 1281 4029 1338 Patris

2458 1373 2689 1426 persona
2724 1375 2865 1422 esse,
2899 1363 3028 1414 nihil
3065 1379 3174 1430 pra:
3217 1380 3274 1418 se
3311 1366 3478 1430 c0git,
3513 1375 3621 1419 tum
3667 1368 3894 1430 habens.
3928 1371 4036 1426 hoc

2453 1460 2506 1503 ct
2547 1453 2665 1505 istis
2709 1454 2761 1505 in
2801 1456 2900 1506 boc
2933 1455 3050 1506 loco
3093 1457 3194 1508 sibi
3231 1460 3361 1510 vult.
3408 1457 3583 1510 Unum
3637 1461 3781 1513 enim
3831 1465 4032 1530 princi-

2456 1543 2600 1610 pium
2631 1553 2711 1596 est
2739 1555 2964 1598 sanctus
2996 1545 3253 1613 Spiritus,
3301 1546 3460 1600 Pater
3492 1559 3544 1600 et
3594 1549 3802 1615 Filius;
3852 1563 3906 1606 et
3939 1572 4030 1608 ne-

2453 1650 2560 1701 que
2601 1635 2769 1688 Filius
2800 1637 2916 1689 sine
2951 1637 3134 1700 Patre,
3169 1654 3343 1705 neque
3381 1641 3496 1692 sine
3529 1639 3663 1694 Filio
3694 1643 3876 1695 Pater.
3911 1644 4026 1700 Non

2452 1727 2593 1778 enim
2622 1738 2767 1781 esset
2802 1730 3100 1794 procedens
3127 1729 3360 1798 Spiritus
3390 1739 3611 1785 sanctus
3639 1748 3654 1798 ;
3684 1736 3808 1800 quia
3848 1746 4025 1789 tamen

2452 1817 2616 1873 Pater
2643 1821 2760 1874 sine
2791 1837 2952 1875 eausa
2989 1831 3090 1886 est,
3123 1823 3221 1891 ipsi
3254 1839 3430 1879 causae
3474 1840 3671 1880 nomen
3720 1841 4024 1897 separatum

2999 1875 3040 1876 ρ
3078 1875 3090 1886 .
3126 1875 3157 1891 γ.
3184 1875 3198 1877 -
3262 1875 3428 1879 πρ---
3720 1875 4024 1897 “rm—nm-

769 1913 874 1951 tem
905 1899 1059 1966 juxta
1094 1899 1480 1967 processimus.
1513 1914 1606 1952 seu
1656 1899 2004 1968 DTOCCdCMlS
2031 1899 2344 1960 luminum»
2379 1875 2420 1928 Β
2451 1920 2554 1970 e~t,
2585 1926 2704 1978 qua)
2736 1927 2896 1966 causa
2930 1914 2995 1966 ad
3041 1912 3298 1982 Spiritum
3328 1927 3578 1971 sanctmn
3612 1919 3802 1983 relata,
3830 1921 4025 1974 Filium

764 2007 827 2043 ex
864 1993 1022 2044 Patre
1055 2007 1150 2060 per
1175 1992 1371 2045 Filium
1403 2001 1522 2056 est;
1556 2008 1675 2061 qua:
1698 2008 1818 2045 eum
1850 1993 1920 2046 ita
1953 1993 2084 2055 sint,
2107 2005 2345 2061 congrue

764 2084 936 2136 Filius
965 2099 1028 2137 ac
1064 2084 1297 2152 Spiritus
1333 2085 1399 2137 ad
1433 2099 1598 2137 unum
1631 2083 1957 2152 principium
2003 2081 2215 2136 Patrem
2263 2096 2346 2136 re-

765 2177 1038 2241 tt-rnntur,
1063 2187 1119 2230 ut
1148 2176 1319 2229 Filius
1353 2176 1572 2243 quidem
1611 2190 1858 2229 seorsum
1895 2189 2000 2227 non
2035 2174 2104 2227 sit
2134 2189 2297 2228 causa
2327 2191 2340 2227 :

762 2284 868 2321 non
918 2269 1061 2320 enim
1099 2277 1180 2320 est
1218 2266 1297 2320 vel
1328 2266 1515 2327 Filius,
1553 2265 1633 2318 vel
1664 2277 2003 2332 qua‘cunque
2035 2277 2196 2316 causa
2228 2264 2345 2317 sine

761 2361 953 2422 Patre;
994 2359 1155 2413 Pater
1186 2375 1311 2413 vero
1363 2376 1426 2413 ac
1478 2359 1644 2412 Filius
1679 2374 1780 2409 una
1839 2371 2022 2419 causa,
2072 2370 2345 2425 unumque

761 2454 1085 2522 principium
1114 2455 1182 2508 sit
1211 2465 1433 2508 sanctus
1462 2452 1722 2522 Spiritus.

831 2547 940 2602 Etsi
973 2547 1144 2608 enim,
1181 2555 1240 2600 ut
1269 2560 1432 2614 supra
1464 2542 1794 2598 declaratum
1827 2549 1931 2607 est,
1971 2555 2092 2595 esse
2119 2540 2283 2594 habet
2311 2553 2339 2591 a

758 2641 917 2701 Fdio,
968 2641 1036 2692 ab
1093 2640 1209 2707 ipso
1256 2637 1461 2690 scilicet
1497 2649 1740 2696 sumens,
1784 2647 1848 2686 ac
1896 2632 2114 2702 penitus
2161 2646 2228 2686 ex
2278 2646 2340 2684 ea

756 2743 921 2780 causa
974 2741 1096 2780 eum
1152 2727 1388 2795 pendere
1440 2725 1659 2794 pietatis
1712 2723 1852 2776 ratio
1891 2722 2076 2785 tradit,
2134 2731 2186 2774 et
2223 2736 2342 2790 quae

755 2821 859 2871 alia
899 2818 1154 2887 praedicta
1202 2825 1326 2870 sunt
1362 2835 1374 2870 :
1405 2817 1476 2869 ob
1509 2815 1560 2868 id
1598 2827 1798 2875 tamen,
1840 2812 1984 2881 quod
2021 2811 2189 2865 Filius
2223 2811 2340 2879 qui-

754 2915 875 2964 dem
925 2915 994 2964 sit
1029 2927 1091 2964 ex
1141 2911 1299 2964 Patre
1337 2910 1454 2964 sine
1488 2907 1691 2970 medio,
1732 2901 1966 2973 Spiritus
2017 2914 2194 2957 autem
2243 2918 2343 2972 per

758 3005 950 3057 Filium
992 3006 1274 3072 procedat,
1305 3015 1368 3053 ac
1406 3015 1502 3067 per
1533 3000 1708 3066 ipsmn
1747 2996 1893 3049 Patri
1925 2995 2286 3063 conjungatnr
2327 3013 2337 3046 :

754 3099 1011 3164 quodque
1044 3093 1164 3146 Filii
1214 3092 1397 3145 omnia
1447 3092 1515 3143 ad
1566 3088 1783 3142 Patrem
1820 3085 2148 3149 referantur,
2183 3084 2342 3137 Pater

753 3205 917 3239 unum
950 3187 1122 3239 sancti
1174 3185 1415 3252 Spiritus
1444 3181 1770 3249 principium
1811 3179 2041 3241 dicetur,
2085 3180 2340 3246 quocirca

751 3287 901 3334 solus
937 3294 1150 3347 quoque
1185 3278 1306 3329 fons
1354 3274 1574 3328 deitalis
1616 3274 1791 3325 dictus
1843 3280 1958 3332 est;
1999 3268 2229 3337 l'onsqne
2282 3278 2336 3322 ct

753 3373 903 3425 radix
939 3370 1060 3423 Filii
1096 3380 1149 3422 et
1206 3368 1465 3434 Spiritus,
1501 3375 1554 3418 et
1591 3363 1739 3416 solus
1786 3375 1950 3414 causa
1989 3357 2095 3412 dici
2133 3369 2332 3425 poteSt,

750 3463 893 3531 quod
931 3463 1060 3513 nibil
1114 3470 1239 3512 ante
1272 3476 1328 3512 se
1361 3461 1654 3526 cogitatum
1698 3456 1911 3522 habeat,
1944 3467 2105 3524 atque
2139 3454 2203 3505 ad
2254 3452 2334 3520 ip-

750 3572 870 3607 sum
926 3553 1234 3606 refcrantur
1281 3554 1485 3604 omnia.
1535 3549 1687 3604 Unde
1737 3558 1794 3604 et
1826 3562 2056 3618 magnus
2105 3545 2334 3599 Basilius

745 3646 958 3698 dicebat
1003 3663 1015 3698 :
1075 3643 1362 3698 Naturalis
1422 3645 1649 3706 bonitas,
1700 3653 1748 3696 et
1785 3642 1928 3711 regia
1982 3641 2219 3709 dignitas
2270 3652 2334 3690 ex

749 3740 913 3791 l'atrc
944 3756 1034 3805 per
1080 3737 1422 3805 Unigcnitum
1474 3737 1543 3788 ad
1593 3734 1792 3787 Filium
1838 3733 2135 3803 pertingit:
2178 3734 2248 3786 ita
2281 3739 2336 3783 et

744 3833 1081 3884 subdarum
1143 3828 1402 3893 fatemur,
1476 3830 1732 3897 piumque
1790 3826 1934 3880 unici
1994 3826 2332 3894 principatus

742 3930 772 3974 tt
800 3940 933 3991 tgma
971 3938 1074 3975 non
1115 3921 1335 3976 decidit.

813 4018 1130 4069 Consonant
1161 4016 1384 4084 quidem
1421 4023 1476 4068 et
1507 4014 1608 4067 ista
1641 4012 1974 4082 praeteritis;
2022 4025 2213 4065 verum
2262 4025 2330 4064 ne

742 4112 792 4159 id
825 4110 1042 4178 quidem
1087 4108 1360 4169 dissentit,
1409 4105 1551 4175 quod
1605 4105 1873 4174 sequitur.
1908 4103 2042 4159 Nam
2089 4103 2272 4158 dicere
2311 4123 2327 4160 :

742 4203 1030 4269 Propterea
1073 4210 1120 4251 et
1148 4198 1284 4251 Filio
1311 4199 1589 4262 procedere
1624 4197 1900 4261 dixerunt,
1929 4205 1984 4249 ut
2021 4211 2115 4264 per
2152 4197 2325 4264 ipsum

739 4303 754 4344 ι’
781 4295 888 4344 tam
945 4293 1226 4358 procedure
1258 4291 1647 4359 signiﬁcarent,
1702 4289 1837 4343 nillil
1869 4299 1951 4344 cst
1986 4287 2130 4342 aliud
2163 4301 2326 4357 quam

736 4392 924 4438 «ξρουτο
952 4403 963 4435 :
997 4384 1206 4437 Idcirco
1237 4399 1301 4437 ex
1338 4381 1474 4436 Filio
1500 4383 1771 4450 procedit,
1798 4382 1925 4452 quia
1955 4380 2203 4451 procedit
2233 4394 2328 4451 per

738 4477 931 4530 l‘ilinm
968 4480 1138 4546 :qnia
1175 4477 1320 4529 enim
1359 4489 1452 4544 per
1478 4474 1673 4528 Filium
1703 4474 1969 4543 procedit,
2005 4473 2327 4528 naturaliter

735 4573 943 4624 scilicet
1007 4582 1169 4638 atque
1199 4568 1572 4622 essentialiter
1623 4568 1889 4635 procedit.
1937 4564 2011 4620 Ita
2045 4566 2245 4635 quippe
2275 4576 2329 4619 et
2363 4581 2404 4636 ι)

733 4667 991 4717 essentia).
1037 4660 1372 4730 conjunctio,
1419 4669 1474 4712 et
1522 4657 2044 4712 incommutabilitas
2084 4656 2329 4712 declara-

737 4757 882 4807 bitur
919 4772 933 4807 :
973 4754 1115 4822 quod
1153 4765 1335 4805 autc.“
1385 4766 1477 4818 per
1519 4752 1739 4818 aliquod
1787 4748 2134 4815 naturaliter,
2165 4757 2328 4818 atquc

733 4846 1330 4915 essentialiter'prodit,
1361 4860 1424 4898 ex
1470 4843 1588 4912 ipso
1621 4843 1782 4896 etiam
1831 4842 2193 4897 substantiam
2228 4844 2328 4896 ba-

735 4942 850 4994 bet.
884 4939 1070 5006 Itaque
1104 4955 1199 5008 per
1226 4935 1422 4991 FditTm
1480 4939 1717 5005 prodite,
1753 4939 1892 4990 idem
1938 4946 2018 4991 est
2048 4937 2191 5006 quod
2232 4949 2328 5005 per

733 5033 932 5086 Filium
989 5032 1322 5096 procedere;
1381 5031 1483 5084 hoc
1536 5032 1681 5082 cnim
1728 5030 1934 5084 iudicat
1985 5045 2082 5099 per
2130 5030 2325 5084 Filium

736 5129 940 5184 habere
971 5127 1368 5192 substantiam;
1407 5127 1550 5192 quod
1597 5126 1761 5192 igitur
1803 5123 2058 5191 superius
2103 5139 2325 5192 proces-

730 5222 947 5276 sionem
977 5219 1289 5288 appellavit,
1319 5218 1419 5270 hoc
1448 5217 1500 5269 in
1526 5216 1986 5283 consequentibus
2013 5229 2108 5281 per
2132 5215 2324 5270 Filium

729 5316 972 5386 prodire,
1008 5331 1067 5364 ac.
1102 5312 1398 5376 procul-re
1437 5310 1590 5362 dirit.

800 5411 1028 5464 Constat
1057 5423 1187 5475 ergo
1215 5416 1267 5458 et
1315 5421 1378 5458 ex
1417 5406 1523 5465 bis,
1566 5419 1629 5456 ex
1663 5399 1800 5456 Filio
1837 5400 2133 5470 procedere
2181 5401 2325 5470 quod

727 5501 950 5562 dicitur,
1015 5498 1158 5551 idem
1221 5511 1340 5550 esse
1391 5497 1533 5566 quod
1594 5511 1690 5563 per
1743 5493 1942 5548 Filium
2006 5495 2323 5562 procedere.

726 5595 899 5647 Porro
931 5595 1033 5647 ista
1069 5593 1234 5644 etiam
1269 5601 1396 5644 ante
1431 5602 1557 5645 sunt
1595 5590 1760 5643 dicta.
1793 5587 1897 5644 Sed
1928 5596 1981 5643 ct
2019 5588 2148 5653 illud
2184 5605 2321 5659 quo-

724 5704 831 5752 que
879 5689 1312 5740 demonstratum
1345 5694 1448 5748 est,
1499 5684 1641 5751 quod
1681 5683 1934 5738 essentia:
1966 5682 2085 5737 Filii
2122 5683 2186 5736 ad
2218 5683 2322 5738 Pa«

727 5795 865 5835 irent
917 5779 1205 5839 identitas,
1239 5778 1420 5830 omnia
1457 5776 1638 5839 Patris
1685 5775 1882 5829 Filium
1932 5775 2136 5831 habere
2170 5777 2318 5842 facit,

727 5885 924 5948 pra-ter
972 5875 1146 5931 solum
1200 5874 1420 5928 Patrem
1476 5887 1617 5929 esw.
1675 5873 1852 5940 Atque
1909 5871 2099 5926 eodem
2140 5871 2319 5937 modo,

2446 2015 2665 2068 quoque
2710 2006 3148 2072 comprehendit,
3203 2007 3326 2074 quia
3379 2022 3474 2074 per
3531 2009 3723 2064 Filium
3761 2014 4025 2080 procedit.

2447 2088 2580 2142 Nam
2634 2109 2696 2144 ex
2741 2092 2899 2148 Patre
2950 2097 3265 2163 procedere,
3311 2097 3562 2154 doctores
3619 2117 3715 2168 pro
3769 2119 3832 2157 co
3873 2120 4025 2157 acce-

2450 2192 2667 2246 perunt,
2732 2186 2872 2251 quod
2935 2195 3017 2239 est
3071 2201 3134 2240 ex
3202 2186 3364 2243 Patre
3418 2204 3516 2258 per
3577 2191 3769 2246 Filium
3835 2210 4024 2262 proce-

2447 2271 2596 2326 dere.

2519 2410 2609 2467 Sic
2660 2412 2866 2480 itaque,
2920 2424 2974 2468 et
3022 2429 3146 2483 quae
3195 2418 3244 2469 in
3291 2418 3552 2486 pra'dicta
3586 2422 3815 2489 epistola
3854 2423 4025 2489 posita

2447 2514 2592 2568 sunt,
2633 2505 2847 2558 veritati
2907 2516 2960 2560 et
3016 2507 3114 2559 sibi
3174 2507 3276 2576 ipsi
3328 2513 3655 2578 concinunt;
3713 2524 3764 2566 et
3827 2531 3944 2582 qnte
3996 2532 4023 2568 τι

2453 2605 2644 2649 sancto
2694 2596 2898 2666 Cyrillo
2957 2597 3275 2669 Latinisque
3325 2603 3638 2659 doctoribus
3695 2607 3763 2660 de
3823 2608 4025 2677 Spiritu

2445 2697 2636 2739 sancto
2685 2687 2827 2739 dicta
2879 2698 3027 2752 sunt,
3091 2691 3449 2761 interroganti
3516 2707 3705 2749 sancto
3768 2699 4023 2762 Maximo,

2449 2777 2683 2832 Romani
2721 2781 3111 2851 allegaverunt.
3149 2785 3481 2854 ltnpossibile
3511 2805 3742 2858 namque
3765 2802 3867 2858 est,
3916 2809 4026 2846 ma-

2448 2871 2650 2938 gistros
2706 2871 2983 2936 Ecclesite,
3033 2892 3096 2928 ex
3158 2877 3294 2932 Filio
3347 2893 3470 2934 esse
3519 2891 3680 2951 atque
3730 2887 4025 2952 provedere

2449 2964 2710 3032 Spiritum
2753 2965 2959 3032 dicere,
3010 2978 3062 3021 et
3110 2985 3294 3024 rursus
3341 2987 3439 3039 per
3472 2972 3665 3027 Filium
3709 2990 3831 3031 esse
3864 2991 4025 3046 atque

2447 3055 2768 3122 procedere,
2805 3056 3002 3111 deinde
3058 3075 3278 3114 causam
3333 3079 3360 3114 a
3419 3063 3556 3118 Filio
3609 3067 3857 3132 auferre;
3918 3071 4016 3125 boc

2445 3145 2588 3197 enim
2647 3158 2730 3200 est
2768 3158 2951 3215 aperta
3005 3153 3385 3219 contradictio,
3415 3166 3761 3226 constatque,
3804 3163 3928 3230 quia
3967 3177 4019 3217 et

2447 3236 2545 3306 ipsi
2575 3240 3038 3306 contradicentes,
3065 3246 3207 3312 quod
3233 3246 3430 3302 dicitur
3456 3265 3519 3302 ex
3551 3248 3686 3304 Filio
3711 3256 4022 3321 procedere.

2449 3339 2506 3383 ut
2535 3346 2644 3400 quo
2678 3347 2839 3388 causa
2867 3337 3224 3405 signiﬁcetur,
3262 3355 3366 3392 non
3404 3342 3727 3410 suscipiunt.
3769 3344 3849 3399 Ea:
3877 3350 4020 3401 enim

2447 3424 2780 3492 praaposilio,
2819 3436 2871 3480 et
2912 3427 3147 3485 maxime
3181 3429 3233 3481 in
3275 3430 3470 3483 divinis
3501 3434 3771 3500 personis,
3802 3451 4022 3504 proces-

2446 3529 2566 3568 sum
2611 3532 2733 3569 cum
2777 3533 2946 3571 causa
2978 3521 3357 3588 commendat;
3389 3531 3442 3575 et
3474 3539 3584 3591 per,
3621 3533 3829 3580 tantum
3860 3529 4020 3592 valet.

2446 3622 2550 3659 non
2592 3608 2766 3661 solum
2804 3611 2952 3678 quia,
3010 3621 3064 3663 ιιι
3114 3611 3316 3665 dictum
3372 3624 3479 3680 est,
3537 3616 3588 3670 in
3638 3617 3838 3672 divinis
3882 3621 4021 3676 idem

2445 3700 2588 3754 valet
2625 3703 2767 3770 quod
2791 3719 2874 3768 ex,
2901 3704 2993 3756 sed
3020 3705 3142 3772 quia
3182 3705 3344 3759 etiam
3385 3721 3482 3773 per
3524 3723 3583 3762 se
3607 3710 3778 3778 ipsam
3816 3711 3868 3766 in
3899 3702 4023 3781 qui-

2445 3793 2548 3848 bus
2581 3795 2907 3858 assumitur,
2941 3798 3143 3864 ubique
3197 3813 3418 3852 causam
3458 3801 3691 3870 indicat;
3739 3805 3853 3860 sive
3878 3807 4021 3861 enim

2444 3903 2543 3957 per
2572 3889 3020 3957 instrumentum,
3059 3901 3116 3946 ut
3155 3909 3251 3963 per
3283 3909 3525 3961 causam,
3557 3898 3639 3952 vel
3678 3914 3856 3954 causae
3890 3916 4026 3954 (δοκι-

2441 3980 2672 4035 sortium
2706 3981 2961 4049 dicimus,
2996 3985 3111 4038 sive
3156 4001 3252 4054 per
3287 3986 3502 4053 locum;
3540 3990 3664 4057 quia
3698 4005 3861 4046 causa
3911 4009 4023 4048 mo-

2443 4079 2530 4126 tus
2583 4082 2667 4127 est
2717 4073 2901 4139 locus,
2959 4083 3014 4129 et
3067 4086 3245 4132 motus
3293 4080 3471 4133 onmis
3521 4080 3573 4133 in
3629 4083 4020 4152 magnitudine,

2443 4171 2606 4232 atque
2637 4163 2896 4219 distantia
2927 4184 2942 4234 ;
2996 4168 3249 4223 similiter
3282 4179 3336 4222 ut
3388 4185 3483 4238 per
3507 4187 3728 4227 causam
3765 4176 4020 4241 dicimus,

2440 4254 2554 4306 sive
2592 4268 2689 4321 per
2717 4265 2929 4324 tempus
2962 4257 3146 4312 itidem
3194 4266 3434 4327 (tempus
3463 4263 3608 4315 enim
3637 4264 3805 4318 motui
3845 4266 4018 4334 pluri-

2439 4360 2584 4398 mum
2640 4346 2904 4417 confert);
2966 4349 3083 4402 sive
3143 4349 3196 4402 itt
3254 4350 3589 4420 syllogismis
3620 4363 3862 4410 extrema
3927 4373 4021 4426 per

2439 4436 2677 4494 medium
2702 4441 2951 4495 connecti
2979 4442 3244 4510 dicimus;
3277 4455 3492 4498 constat
3522 4447 3646 4515 quia
3674 4463 3768 4517 per
3789 4451 4018 4504 mediam

2437 4545 2680 4595 causam,
2712 4533 3009 4588 secundum
3037 4535 3202 4588 animi
3247 4543 3442 4602 totum,
3477 4538 3592 4593 sive
3630 4542 4019 4611 transgressio-

2438 4643 2557 4681 nem
2587 4626 2877 4695 contingit.

2508 4763 2738 4816 Prorsus
2794 4776 2922 4815 vero
2957 4763 3214 4830 pOSsibile
3258 4777 3364 4818 non
3402 4771 3485 4818 est
3522 4776 3582 4819 ut
3615 4782 3736 4819 cum
3788 4768 4020 4824 dicimus

2433 4872 2547 4926 per,
2585 4871 2688 4908 non
2745 4854 2908 4907 etiam
2965 4843 3202 4923 aliquam
3260 4872 3481 4912 causam
3533 4873 3640 4913 una
3676 4860 4015 4930 cngitemus;

2434 4947 2690 5014 quoniam
2744 4947 2911 5014 igitur
2952 4962 3046 5015 per
3084 4946 3277 5000 Filium
3338 4949 3557 5017 prodire
3613 4964 3677 5005 ac
3725 4954 4020 5020 procedere

2432 5040 2634 5095 dicitur
2663 5039 2900 5110 Spiritus
2927 5051 3170 5106 sanctus,
3207 5057 3424 5095 causam
3459 5044 3704 5112 profecto
3737 5057 3790 5099 et
3823 5043 4015 5100 Filium

2432 5147 2555 5188 esse
2595 5134 2912 5189 necessario
2945 5135 3104 5188 datur
3135 5135 3386 5203 intelligi.
3417 5135 3484 5192 Et
3518 5139 3680 5192 simul
3713 5149 3926 5194 constat
3960 5152 4019 5194 ut

2434 5228 2849 5282 substantialem
2876 5243 3092 5282 causam
3117 5245 3133 5295 ;
3169 5229 3371 5299 quippe
3395 5231 3464 5284 ab
3487 5231 3593 5285 illis
3614 5245 4014 5298 consummata,

2433 5329 2488 5372 et
2525 5317 2843 5387 plenissima
2905 5315 3257 5386 perfectione,
3305 5334 3628 5388 smnmaque
3681 5323 3746 5374 ad
3801 5322 4014 5378 Patrem

2431 5408 2761 5478 aequalitate,
2797 5409 2911 5463 sive
2961 5409 3170 5463 unitate
3224 5410 3536 5475 longissime
3594 5421 3859 5466 remotum
3909 5431 4014 5481 esr,

2434 5500 2630 5555 Filium
2668 5503 3089 5556 instrumentum
3127 5517 3348 5570 ponere,
3377 5517 3472 5557 seu
3508 5503 3708 5569 locum,
3741 5521 3834 5560 seu
3876 5517 4016 5562 lem-

2433 5607 2552 5662 pus,
2589 5601 2680 5646 aut
2735 5592 2972 5661 aliquam
3017 5592 3417 5662 imperfeCtam,
3469 5601 3524 5647 ct
3559 5593 3789 5651 alterius
3827 5612 4018 5653 essen-

2435 5688 2521 5741 tia:
2555 5700 2812 5750 causam;
2852 5686 2895 5740 si
2946 5685 3090 5740 enim
3141 5686 3193 5738 in
3227 5686 3519 5750 creaturis,
3561 5703 3722 5741 unam
3772 5705 4014 5756 causam,

2434 5795 2597 5832 unum
2631 5788 2959 5843 creatorem,
3001 5795 3168 5833 unum
3226 5780 3464 5845 Patrem,
3499 5789 3556 5834 et
3615 5781 3810 5834 Filium
3867 5800 4015 5838 com-

2435 5870 2652 5926 mendat
2705 5888 2818 5939 per,
2872 5872 3039 5928 multo
3087 5888 3218 5928 sane
3256 5873 3424 5943 magis
3479 5874 3532 5932 in
3564 5876 4012 5933 consubstantiali
