  <div class='ocr_page' id='page_1' title='image "/cluster/home/n/w/nwhite01/storage/ocr_20150623/152/nnc1.0046980377/093.png"; bbox 0 0 4472 6434; ppageno 0'>
   <div class='ocr_carea' id='block_1_1' title="bbox 807 413 901 476">
    <p class='ocr_par' dir='ltr' id='par_1_1' title="bbox 807 413 901 476">
     <span class='ocr_line' id='line_1_1' title="bbox 807 413 901 476; baseline 0.043 -4"><span class='ocrx_word' id='word_1_1' title='bbox 807 413 901 476; x_wconf 79' lang='grc'><strong>167</strong></span> 
     </span>
    </p>
   </div>
   <div class='ocr_carea' id='block_1_2' title="bbox 2060 417 2805 479">
    <p class='ocr_par' dir='ltr' id='par_1_2' title="bbox 2060 417 2805 479">
     <span class='ocr_line' id='line_1_2' title="bbox 2060 417 2805 479; baseline -0.005 -2"><span class='ocrx_word' id='word_1_2' title='bbox 2060 419 2459 479; x_wconf 77' lang='lat' dir='ltr'><strong>MANUEUS</strong></span> <span class='ocrx_word' id='word_1_3' title='bbox 2497 417 2805 476; x_wconf 69' lang='lat' dir='ltr'><strong>CALECM</strong></span> 
     </span>
    </p>
   </div>
   <div class='ocr_carea' id='block_1_3' title="bbox 3953 408 4057 478">
    <p class='ocr_par' dir='ltr' id='par_1_3' title="bbox 3953 408 4057 478">
     <span class='ocr_line' id='line_1_3' title="bbox 3953 408 4057 478; baseline -0.019 0"><span class='ocrx_word' id='word_1_4' title='bbox 3953 408 4057 478; x_wconf 72' lang='lat'><strong>168</strong></span> 
     </span>
    </p>
   </div>
   <div class='ocr_carea' id='block_1_4' title="bbox 797 525 4056 593">
    <p class='ocr_par' dir='ltr' id='par_1_4' title="bbox 797 525 4056 593">
     <span class='ocr_line' id='line_1_4' title="bbox 797 525 4056 593; baseline 0.001 -19"><span class='ocrx_word' id='word_1_5' title='bbox 797 535 1028 576; x_wconf 82' lang='lat' dir='ltr'><strong>cattvum</strong></span> <span class='ocrx_word' id='word_1_6' title='bbox 1068 532 1172 583; x_wconf 50' lang='lat' dir='ltr'><strong>est.</strong></span> <span class='ocrx_word' id='word_1_7' title='bbox 1205 534 1527 591; x_wconf 85' lang='lat' dir='ltr'><strong>constatque</strong></span> <span class='ocrx_word' id='word_1_8' title='bbox 1561 540 1654 590; x_wconf 85' lang='lat' dir='ltr'><strong>per</strong></span> <span class='ocrx_word' id='word_1_9' title='bbox 1684 527 1803 588; x_wconf 81' lang='lat' dir='ltr'><strong>line,</strong></span> <span class='ocrx_word' id='word_1_10' title='bbox 1842 527 1982 593; x_wconf 88' lang='lat' dir='ltr'><strong>quod</strong></span> <span class='ocrx_word' id='word_1_11' title='bbox 2040 543 2161 578; x_wconf 86' lang='lat' dir='ltr'><strong>enni</strong></span> <span class='ocrx_word' id='word_1_12' title='bbox 2213 528 2375 579; x_wconf 81' lang='lat' dir='ltr'><strong>Filius</strong></span> <span class='ocrx_word' id='word_1_13' title='bbox 2405 535 2449 586; x_wconf 71' lang='grc' dir='ltr'><strong>Α</strong></span> <span class='ocrx_word' id='word_1_14' title='bbox 2478 540 2619 584; x_wconf 85' lang='lat' dir='ltr'><strong>esse,</strong></span> <span class='ocrx_word' id='word_1_15' title='bbox 2645 526 2842 592; x_wconf 90' lang='lat' dir='ltr'><strong>quippe</strong></span> <span class='ocrx_word' id='word_1_16' title='bbox 2875 526 3052 576; x_wconf 90' lang='lat' dir='ltr'><strong>omnia</strong></span> <span class='ocrx_word' id='word_1_17' title='bbox 3079 541 3192 592; x_wconf 81' lang='lat' dir='ltr'><strong>qua-</strong></span> <span class='ocrx_word' id='word_1_18' title='bbox 3224 525 3380 577; x_wconf 83' lang='lat' dir='ltr'><strong>liabet</strong></span> <span class='ocrx_word' id='word_1_19' title='bbox 3431 537 3683 593; x_wconf 84' lang='lat' dir='ltr'><strong>persona,</strong></span> <span class='ocrx_word' id='word_1_20' title='bbox 3739 534 4056 580; x_wconf 56' lang='lat' dir='ltr'><strong>exterarum</strong></span> 
     </span>
    </p>
   </div>
   <div class='ocr_carea' id='block_1_5' title="bbox 794 615 2376 686">
    <p class='ocr_par' dir='ltr' id='par_1_5' title="bbox 794 615 2376 686">
     <span class='ocr_line' id='line_1_5' title="bbox 794 615 2376 686; baseline 0.004 -21"><span class='ocrx_word' id='word_1_21' title='bbox 794 616 1010 666; x_wconf 86' lang='lat' dir='ltr'><strong>mittere</strong></span> <span class='ocrx_word' id='word_1_22' title='bbox 1039 624 1091 665; x_wconf 90' lang='lat' dir='ltr'><strong>et</strong></span> <span class='ocrx_word' id='word_1_23' title='bbox 1111 615 1355 667; x_wconf 80' lang='lat' dir='ltr'><strong>emittere</strong></span> <span class='ocrx_word' id='word_1_24' title='bbox 1380 615 1583 667; x_wconf 90' lang='lat' dir='ltr'><strong>dicitur</strong></span> <span class='ocrx_word' id='word_1_25' title='bbox 1617 616 1900 682; x_wconf 84' lang='lat' dir='ltr'><strong>Spiritum,</strong></span> <span class='ocrx_word' id='word_1_26' title='bbox 1929 633 1992 669; x_wconf 75' lang='lat' dir='ltr'><strong>ex</strong></span> <span class='ocrx_word' id='word_1_27' title='bbox 2026 618 2186 678; x_wconf 82' lang='lat' dir='ltr'><strong>Filio,</strong></span> <span class='ocrx_word' id='word_1_28' title='bbox 2213 630 2376 686; x_wconf 92' lang='lat' dir='ltr'><strong>atque</strong></span> 
     </span>
    </p>
   </div>
   <div class='ocr_carea' id='block_1_6' title="bbox 795 703 2372 776">
    <p class='ocr_par' dir='ltr' id='par_1_6' title="bbox 795 703 2372 776">
     <span class='ocr_line' id='line_1_6' title="bbox 795 703 2372 776; baseline 0.008 -28"><span class='ocrx_word' id='word_1_29' title='bbox 795 717 891 763; x_wconf 90' lang='lat' dir='ltr'><strong>per</strong></span> <span class='ocrx_word' id='word_1_30' title='bbox 928 703 1116 753; x_wconf 82' lang='lat' dir='ltr'><strong>Filium</strong></span> <span class='ocrx_word' id='word_1_31' title='bbox 1161 706 1332 756; x_wconf 86' lang='lat' dir='ltr'><strong>sancti</strong></span> <span class='ocrx_word' id='word_1_32' title='bbox 1368 705 1604 772; x_wconf 76' lang='lat' dir='ltr'><strong>Spiritus</strong></span> <span class='ocrx_word' id='word_1_33' title='bbox 1655 709 1956 760; x_wconf 82' lang='lat' dir='ltr'><strong>substantia</strong></span> <span class='ocrx_word' id='word_1_34' title='bbox 2010 711 2372 776; x_wconf 79' lang='lat' dir='ltr'><strong>signiﬁcatur,</strong></span> 
     </span>
    </p>
   </div>
   <div class='ocr_carea' id='block_1_7' title="bbox 795 799 2374 868">
    <p class='ocr_par' dir='ltr' id='par_1_7' title="bbox 795 799 2374 868">
     <span class='ocr_line' id='line_1_7' title="bbox 795 799 2374 868; baseline 0.006 -23"><span class='ocrx_word' id='word_1_35' title='bbox 795 799 1043 862; x_wconf 83' lang='lat' dir='ltr'><strong>mittique</strong></span> <span class='ocrx_word' id='word_1_36' title='bbox 1076 814 1136 849; x_wconf 69' lang='lat' dir='ltr'><strong>ex</strong></span> <span class='ocrx_word' id='word_1_37' title='bbox 1163 813 1227 852; x_wconf 89' lang='lat' dir='ltr'><strong>eo</strong></span> <span class='ocrx_word' id='word_1_38' title='bbox 1261 816 1380 851; x_wconf 82' lang='lat' dir='ltr'><strong>esse</strong></span> <span class='ocrx_word' id='word_1_39' title='bbox 1409 801 1699 868; x_wconf 78' lang='lat' dir='ltr'><strong>signiﬁcat.</strong></span> <span class='ocrx_word' id='word_1_40' title='bbox 1763 802 1947 854; x_wconf 80' lang='lat' dir='ltr'><strong>l&#39;erum</strong></span> <span class='ocrx_word' id='word_1_41' title='bbox 1975 814 2020 854; x_wconf 86' lang='lat' dir='ltr'><strong>et</strong></span> <span class='ocrx_word' id='word_1_42' title='bbox 2077 820 2140 854; x_wconf 81' lang='lat' dir='ltr'><strong>ea:</strong></span> <span class='ocrx_word' id='word_1_43' title='bbox 2180 820 2258 863; x_wconf 88' lang='lat' dir='ltr'><strong>eo,</strong></span> <span class='ocrx_word' id='word_1_44' title='bbox 2326 805 2374 855; x_wconf 93' lang='lat' dir='ltr'><strong>id</strong></span> 
     </span>
    </p>
   </div>
   <div class='ocr_carea' id='block_1_8' title="bbox 792 888 2373 962">
    <p class='ocr_par' dir='ltr' id='par_1_8' title="bbox 792 888 2373 962">
     <span class='ocr_line' id='line_1_8' title="bbox 792 888 2373 962; baseline 0.006 -25"><span class='ocrx_word' id='word_1_45' title='bbox 792 899 898 946; x_wconf 80' lang='lat' dir='ltr'><strong>est,</strong></span> <span class='ocrx_word' id='word_1_46' title='bbox 931 888 1107 946; x_wconf 88' lang='lat' dir='ltr'><strong>Patre.</strong></span> <span class='ocrx_word' id='word_1_47' title='bbox 1184 889 1413 957; x_wconf 83' lang='lat' dir='ltr'><strong>Spiritus</strong></span> <span class='ocrx_word' id='word_1_48' title='bbox 1487 903 1722 954; x_wconf 81' lang='lat' dir='ltr'><strong>sanctus,</strong></span> <span class='ocrx_word' id='word_1_49' title='bbox 1773 894 1967 962; x_wconf 87' lang='lat' dir='ltr'><strong>inquit,</strong></span> <span class='ocrx_word' id='word_1_50' title='bbox 2013 905 2113 957; x_wconf 88' lang='lat' dir='ltr'><strong>est,</strong></span> <span class='ocrx_word' id='word_1_51' title='bbox 2164 906 2215 948; x_wconf 91' lang='lat' dir='ltr'><strong>et</strong></span> <span class='ocrx_word' id='word_1_52' title='bbox 2273 911 2373 948; x_wconf 88' lang='lat' dir='ltr'><strong>non</strong></span> 
     </span>
    </p>
   </div>
   <div class='ocr_carea' id='block_1_9' title="bbox 793 979 2375 1051">
    <p class='ocr_par' dir='ltr' id='par_1_9' title="bbox 793 979 2375 1051">
     <span class='ocr_line' id='line_1_9' title="bbox 793 979 2375 1051; baseline 0.006 -24"><span class='ocrx_word' id='word_1_53' title='bbox 793 979 1032 1032; x_wconf 78' lang='lat' dir='ltr'><strong>aliunde.</strong></span> <span class='ocrx_word' id='word_1_54' title='bbox 1066 981 1265 1046; x_wconf 78' lang='lat' dir='ltr'><strong>Nempe</strong></span> <span class='ocrx_word' id='word_1_55' title='bbox 1289 998 1350 1034; x_wconf 75' lang='lat' dir='ltr'><strong>es</strong></span> <span class='ocrx_word' id='word_1_56' title='bbox 1389 981 1544 1034; x_wconf 84' lang='lat' dir='ltr'><strong>Patre.</strong></span> <span class='ocrx_word' id='word_1_57' title='bbox 1576 999 1696 1037; x_wconf 82' lang='lat' dir='ltr'><strong>esse</strong></span> <span class='ocrx_word' id='word_1_58' title='bbox 1728 985 1989 1051; x_wconf 89' lang='lat' dir='ltr'><strong>Spiritum</strong></span> <span class='ocrx_word' id='word_1_59' title='bbox 2018 996 2260 1039; x_wconf 82' lang='lat' dir='ltr'><strong>sanctum</strong></span> <span class='ocrx_word' id='word_1_60' title='bbox 2309 987 2375 1037; x_wconf 85' lang='lat' dir='ltr'><strong>ab</strong></span> 
     </span>
    </p>
   </div>
   <div class='ocr_carea' id='block_1_10' title="bbox 792 1069 2378 1141">
    <p class='ocr_par' dir='ltr' id='par_1_10' title="bbox 792 1069 2378 1141">
     <span class='ocr_line' id='line_1_10' title="bbox 792 1069 2378 1141; baseline 0.006 -24"><span class='ocrx_word' id='word_1_61' title='bbox 792 1069 1040 1119; x_wconf 89' lang='lat' dir='ltr'><strong>omnibus</strong></span> <span class='ocrx_word' id='word_1_62' title='bbox 1071 1071 1408 1134; x_wconf 80' lang='lat' dir='ltr'><strong>conceditur,</strong></span> <span class='ocrx_word' id='word_1_63' title='bbox 1455 1089 1560 1124; x_wconf 89' lang='lat' dir='ltr'><strong>non</strong></span> <span class='ocrx_word' id='word_1_64' title='bbox 1600 1073 1819 1125; x_wconf 83' lang='lat' dir='ltr'><strong>aliunde</strong></span> <span class='ocrx_word' id='word_1_65' title='bbox 1845 1085 2022 1128; x_wconf 87' lang='lat' dir='ltr'><strong>autem</strong></span> <span class='ocrx_word' id='word_1_66' title='bbox 2052 1075 2221 1136; x_wconf 76' lang='lat' dir='ltr'><strong>dixit;</strong></span> <span class='ocrx_word' id='word_1_67' title='bbox 2243 1091 2378 1141; x_wconf 83' lang='lat' dir='ltr'><strong>quo-</strong></span> 
     </span>
    </p>
   </div>
   <div class='ocr_carea' id='block_1_11' title="bbox 794 1159 2376 1228">
    <p class='ocr_par' dir='ltr' id='par_1_11' title="bbox 794 1159 2376 1228">
     <span class='ocr_line' id='line_1_11' title="bbox 794 1159 2376 1228; baseline 0.004 -19"><span class='ocrx_word' id='word_1_68' title='bbox 794 1159 936 1210; x_wconf 87' lang='lat' dir='ltr'><strong>niam</strong></span> <span class='ocrx_word' id='word_1_69' title='bbox 975 1163 1355 1215; x_wconf 74' lang='lat' dir='ltr'><strong>haereticorum</strong></span> <span class='ocrx_word' id='word_1_70' title='bbox 1384 1164 1558 1228; x_wconf 87' lang='lat' dir='ltr'><strong>plurin</strong></span> <span class='ocrx_word' id='word_1_71' title='bbox 1586 1164 1621 1226; x_wconf 90' lang='lat' dir='ltr'><strong>i,</strong></span> <span class='ocrx_word' id='word_1_72' title='bbox 1656 1179 1720 1216; x_wconf 79' lang='lat' dir='ltr'><strong>ex</strong></span> <span class='ocrx_word' id='word_1_73' title='bbox 1769 1163 1946 1218; x_wconf 89' lang='lat' dir='ltr'><strong>Patris</strong></span> <span class='ocrx_word' id='word_1_74' title='bbox 2008 1165 2241 1218; x_wconf 87' lang='lat' dir='ltr'><strong>essentia</strong></span> <span class='ocrx_word' id='word_1_75' title='bbox 2287 1163 2376 1216; x_wconf 79' lang='lat' dir='ltr'><strong>Fi-</strong></span> 
     </span>
    </p>
   </div>
   <div class='ocr_carea' id='block_1_12' title="bbox 793 1249 2374 1322">
    <p class='ocr_par' dir='ltr' id='par_1_12' title="bbox 793 1249 2374 1322">
     <span class='ocr_line' id='line_1_12' title="bbox 793 1249 2374 1322; baseline 0.006 -23"><span class='ocrx_word' id='word_1_76' title='bbox 793 1249 922 1300; x_wconf 91' lang='lat' dir='ltr'><strong>lium</strong></span> <span class='ocrx_word' id='word_1_77' title='bbox 977 1252 1273 1305; x_wconf 72' lang='grc' dir='ltr'><strong>ριςιιιιΙι-τε</strong></span> <span class='ocrx_word' id='word_1_78' title='bbox 1336 1253 1599 1316; x_wconf 76' lang='lat' dir='ltr'><strong>volentes,</strong></span> <span class='ocrx_word' id='word_1_79' title='bbox 1657 1254 1802 1304; x_wconf 92' lang='lat' dir='ltr'><strong>illum</strong></span> <span class='ocrx_word' id='word_1_80' title='bbox 1863 1269 2036 1322; x_wconf 88' lang='lat' dir='ltr'><strong>neque</strong></span> <span class='ocrx_word' id='word_1_81' title='bbox 2074 1269 2138 1307; x_wconf 81' lang='lat' dir='ltr'><strong>ex</strong></span> <span class='ocrx_word' id='word_1_82' title='bbox 2198 1253 2374 1308; x_wconf 82' lang='lat' dir='ltr'><strong>Patris</strong></span> 
     </span>
    </p>
   </div>
   <div class='ocr_carea' id='block_1_13' title="bbox 791 1343 2372 1408">
    <p class='ocr_par' dir='ltr' id='par_1_13' title="bbox 791 1343 2372 1408">
     <span class='ocr_line' id='line_1_13' title="bbox 791 1343 2372 1408; baseline 0.004 -20"><span class='ocrx_word' id='word_1_83' title='bbox 791 1343 1052 1403; x_wconf 73' lang='lat' dir='ltr'><strong>essentia,</strong></span> <span class='ocrx_word' id='word_1_84' title='bbox 1083 1357 1258 1408; x_wconf 78' lang='lat' dir='ltr'><strong>neque</strong></span> <span class='ocrx_word' id='word_1_85' title='bbox 1277 1359 1337 1394; x_wconf 78' lang='lat' dir='ltr'><strong>ex</strong></span> <span class='ocrx_word' id='word_1_86' title='bbox 1369 1343 1672 1396; x_wconf 87' lang='lat' dir='ltr'><strong>substantia</strong></span> <span class='ocrx_word' id='word_1_87' title='bbox 1704 1345 1849 1397; x_wconf 93' lang='lat' dir='ltr'><strong>illius</strong></span> <span class='ocrx_word' id='word_1_88' title='bbox 1898 1360 2016 1398; x_wconf 85' lang='lat' dir='ltr'><strong>esse</strong></span> <span class='ocrx_word' id='word_1_89' title='bbox 2044 1344 2372 1406; x_wconf 81' lang='lat' dir='ltr'><strong>fatebantur,</strong></span> 
     </span>
    </p>
   </div>
   <div class='ocr_carea' id='block_1_14' title="bbox 790 1432 2371 1501">
    <p class='ocr_par' dir='ltr' id='par_1_14' title="bbox 790 1432 2371 1501">
     <span class='ocr_line' id='line_1_14' title="bbox 790 1432 2371 1501; baseline 0.003 -19"><span class='ocrx_word' id='word_1_90' title='bbox 790 1432 883 1483; x_wconf 87' lang='lat' dir='ltr'><strong>sed</strong></span> <span class='ocrx_word' id='word_1_91' title='bbox 939 1446 1002 1482; x_wconf 84' lang='lat' dir='ltr'><strong>ex</strong></span> <span class='ocrx_word' id='word_1_92' title='bbox 1089 1433 1191 1483; x_wconf 91' lang='lat' dir='ltr'><strong>alia</strong></span> <span class='ocrx_word' id='word_1_93' title='bbox 1250 1433 1482 1498; x_wconf 88' lang='lat' dir='ltr'><strong>quadam</strong></span> <span class='ocrx_word' id='word_1_94' title='bbox 1550 1434 1786 1486; x_wconf 81' lang='lat' dir='ltr'><strong>essentia</strong></span> <span class='ocrx_word' id='word_1_95' title='bbox 1844 1445 2006 1501; x_wconf 94' lang='lat' dir='ltr'><strong>atque</strong></span> <span class='ocrx_word' id='word_1_96' title='bbox 2063 1434 2371 1488; x_wconf 77' lang='lat' dir='ltr'><strong>substantia</strong></span> 
     </span>
    </p>
   </div>
   <div class='ocr_carea' id='block_1_15' title="bbox 790 1524 2370 1593">
    <p class='ocr_par' dir='ltr' id='par_1_15' title="bbox 790 1524 2370 1593">
     <span class='ocr_line' id='line_1_15' title="bbox 790 1524 2370 1593; baseline 0.002 -19"><span class='ocrx_word' id='word_1_97' title='bbox 790 1525 956 1591; x_wconf 76' lang='lat' dir='ltr'><strong>(quod</strong></span> <span class='ocrx_word' id='word_1_98' title='bbox 983 1524 1306 1574; x_wconf 75' lang='lat' dir='ltr'><strong>Arianorum</strong></span> <span class='ocrx_word' id='word_1_99' title='bbox 1341 1534 1456 1574; x_wconf 83' lang='lat' dir='ltr'><strong>erat</strong></span> <span class='ocrx_word' id='word_1_100' title='bbox 1497 1525 1852 1590; x_wconf 80' lang='lat' dir='ltr'><strong>prepositio);</strong></span> <span class='ocrx_word' id='word_1_101' title='bbox 1885 1533 2044 1590; x_wconf 84' lang='lat' dir='ltr'><strong>atque</strong></span> <span class='ocrx_word' id='word_1_102' title='bbox 2075 1524 2124 1576; x_wconf 88' lang='lat' dir='ltr'><strong>id</strong></span> <span class='ocrx_word' id='word_1_103' title='bbox 2155 1524 2370 1593; x_wconf 83' lang='lat' dir='ltr'><strong>quidem</strong></span> 
     </span>
    </p>
   </div>
   <div class='ocr_carea' id='block_1_16' title="bbox 785 1615 2368 1682">
    <p class='ocr_par' dir='ltr' id='par_1_16' title="bbox 785 1615 2368 1682">
     <span class='ocr_line' id='line_1_16' title="bbox 785 1615 2368 1682; baseline 0 -15"><span class='ocrx_word' id='word_1_104' title='bbox 785 1625 998 1667; x_wconf 79' lang='lat' dir='ltr'><strong>constat</strong></span> <span class='ocrx_word' id='word_1_105' title='bbox 1031 1631 1094 1666; x_wconf 79' lang='lat' dir='ltr'><strong>ex</strong></span> <span class='ocrx_word' id='word_1_106' title='bbox 1138 1615 1219 1667; x_wconf 92' lang='lat' dir='ltr'><strong>bis</strong></span> <span class='ocrx_word' id='word_1_107' title='bbox 1253 1631 1371 1681; x_wconf 77' lang='lat' dir='ltr'><strong>qua:</strong></span> <span class='ocrx_word' id='word_1_108' title='bbox 1409 1615 1735 1682; x_wconf 65' lang='lat' dir='ltr'><strong>praedixerat</strong></span> <span class='ocrx_word' id='word_1_109' title='bbox 1781 1630 2009 1682; x_wconf 75' lang='lat' dir='ltr'><strong>magnus</strong></span> <span class='ocrx_word' id='word_1_110' title='bbox 2064 1615 2224 1667; x_wconf 89' lang='lat' dir='ltr'><strong>Pater</strong></span> <span class='ocrx_word' id='word_1_111' title='bbox 2265 1615 2368 1667; x_wconf 79' lang='lat' dir='ltr'><strong>Ba-</strong></span> 
     </span>
    </p>
   </div>
   <div class='ocr_carea' id='block_1_17' title="bbox 785 1705 2361 1773">
    <p class='ocr_par' dir='ltr' id='par_1_17' title="bbox 785 1705 2361 1773">
     <span class='ocr_line' id='line_1_17' title="bbox 785 1705 2361 1773; baseline -0.001 -15"><span class='ocrx_word' id='word_1_112' title='bbox 785 1707 940 1760; x_wconf 87' lang='lat' dir='ltr'><strong>silius</strong></span> <span class='ocrx_word' id='word_1_113' title='bbox 983 1706 1033 1758; x_wconf 93' lang='lat' dir='ltr'><strong>in</strong></span> <span class='ocrx_word' id='word_1_114' title='bbox 1069 1709 1332 1773; x_wconf 86' lang='lat' dir='ltr'><strong>rescripto</strong></span> <span class='ocrx_word' id='word_1_115' title='bbox 1368 1707 1584 1760; x_wconf 78' lang='lat' dir='ltr'><strong>dictata:</strong></span> <span class='ocrx_word' id='word_1_116' title='bbox 1617 1721 1642 1757; x_wconf 87' lang='lat' dir='ltr'><strong>a</strong></span> <span class='ocrx_word' id='word_1_117' title='bbox 1669 1722 1728 1759; x_wconf 91' lang='lat' dir='ltr'><strong>se</strong></span> <span class='ocrx_word' id='word_1_118' title='bbox 1762 1705 1908 1760; x_wconf 81' lang='lat' dir='ltr'><strong>ﬁdei.</strong></span> <span class='ocrx_word' id='word_1_119' title='bbox 1937 1706 2149 1760; x_wconf 90' lang='lat' dir='ltr'><strong>lndicat</strong></span> <span class='ocrx_word' id='word_1_120' title='bbox 2178 1717 2361 1760; x_wconf 81' lang='lat' dir='ltr'><strong>autem</strong></span> 
     </span>
    </p>
   </div>
   <div class='ocr_carea' id='block_1_18' title="bbox 787 1791 2368 1865">
    <p class='ocr_par' dir='ltr' id='par_1_18' title="bbox 787 1791 2368 1865">
     <span class='ocr_line' id='line_1_18' title="bbox 787 1791 2368 1865; baseline 0.003 -16"><span class='ocrx_word' id='word_1_121' title='bbox 787 1795 863 1859; x_wconf 88' lang='lat' dir='ltr'><strong>id,</strong></span> <span class='ocrx_word' id='word_1_122' title='bbox 904 1797 954 1848; x_wconf 94' lang='lat' dir='ltr'><strong>in</strong></span> <span class='ocrx_word' id='word_1_123' title='bbox 993 1795 1342 1862; x_wconf 74' lang='lat' dir='ltr'><strong>Expositione</strong></span> <span class='ocrx_word' id='word_1_124' title='bbox 1375 1813 1522 1850; x_wconf 67' lang='grc' dir='ltr'>χχχιι</span> <span class='ocrx_word' id='word_1_125' title='bbox 1575 1798 1767 1865; x_wconf 82' lang='lat' dir='ltr'><strong>psalmi</strong></span> <span class='ocrx_word' id='word_1_126' title='bbox 1827 1791 2058 1852; x_wconf 85' lang='lat' dir='ltr'><strong>dicens:</strong></span> <span class='ocrx_word' id='word_1_127' title='bbox 2117 1797 2368 1865; x_wconf 76' lang='lat' dir='ltr'><strong>Spiritus,</strong></span> 
     </span>
    </p>
   </div>
   <div class='ocr_carea' id='block_1_19' title="bbox 2481 615 4057 682">
    <p class='ocr_par' dir='ltr' id='par_1_19' title="bbox 2481 615 4057 682">
     <span class='ocr_line' id='line_1_19' title="bbox 2481 615 4057 682; baseline 0.001 -17"><span class='ocrx_word' id='word_1_128' title='bbox 2481 629 2696 682; x_wconf 89' lang='lat' dir='ltr'><strong>quoque</strong></span> <span class='ocrx_word' id='word_1_129' title='bbox 2726 615 3036 668; x_wconf 90' lang='lat' dir='ltr'><strong>communia</strong></span> <span class='ocrx_word' id='word_1_130' title='bbox 3090 627 3241 674; x_wconf 84' lang='lat' dir='ltr'><strong>sunt,</strong></span> <span class='ocrx_word' id='word_1_131' title='bbox 3281 616 3510 668; x_wconf 62' lang='lat' dir='ltr'><strong>servatis</strong></span> <span class='ocrx_word' id='word_1_132' title='bbox 3542 625 3718 668; x_wconf 83' lang='lat' dir='ltr'><strong>tanien</strong></span> <span class='ocrx_word' id='word_1_133' title='bbox 3754 617 4057 681; x_wconf 61' lang='lat' dir='ltr'><strong>proprieta:</strong></span> 
     </span>
    </p>
   </div>
   <div class='ocr_carea' id='block_1_20' title="bbox 2483 705 4057 772">
    <p class='ocr_par' dir='ltr' id='par_1_20' title="bbox 2483 705 4057 772">
     <span class='ocr_line' id='line_1_20' title="bbox 2483 705 4057 772; baseline 0.003 -16"><span class='ocrx_word' id='word_1_134' title='bbox 2483 705 2627 757; x_wconf 90' lang='lat' dir='ltr'><strong>tibus</strong></span> <span class='ocrx_word' id='word_1_135' title='bbox 2667 705 2865 772; x_wconf 88' lang='lat' dir='ltr'><strong>cuique</strong></span> <span class='ocrx_word' id='word_1_136' title='bbox 2898 719 3159 772; x_wconf 77' lang='lat' dir='ltr'><strong>perSouzc.</strong></span> <span class='ocrx_word' id='word_1_137' title='bbox 3196 705 3328 758; x_wconf 85' lang='lat' dir='ltr'><strong>Natu</strong></span> <span class='ocrx_word' id='word_1_138' title='bbox 3359 720 3477 772; x_wconf 65' lang='lat' dir='ltr'><strong>quae</strong></span> <span class='ocrx_word' id='word_1_139' title='bbox 3532 707 3728 758; x_wconf 87' lang='lat' dir='ltr'><strong>adsunt</strong></span> <span class='ocrx_word' id='word_1_140' title='bbox 3776 706 3932 770; x_wconf 82' lang='lat' dir='ltr'><strong>Filio,</strong></span> <span class='ocrx_word' id='word_1_141' title='bbox 4004 718 4057 760; x_wconf 84' lang='lat' dir='ltr'><strong>et</strong></span> 
     </span>
    </p>
   </div>
   <div class='ocr_carea' id='block_1_21' title="bbox 2480 795 4054 858">
    <p class='ocr_par' dir='ltr' id='par_1_21' title="bbox 2480 795 4054 858">
     <span class='ocr_line' id='line_1_21' title="bbox 2480 795 4054 858; baseline 0.001 -11"><span class='ocrx_word' id='word_1_142' title='bbox 2480 795 2623 847; x_wconf 83' lang='lat' dir='ltr'><strong>Patri</strong></span> <span class='ocrx_word' id='word_1_143' title='bbox 2660 795 2876 858; x_wconf 87' lang='lat' dir='ltr'><strong>adsunt,</strong></span> <span class='ocrx_word' id='word_1_144' title='bbox 2912 807 3128 849; x_wconf 77' lang='lat' dir='ltr'><strong>servato</strong></span> <span class='ocrx_word' id='word_1_145' title='bbox 3163 807 3345 850; x_wconf 91' lang='lat' dir='ltr'><strong>tamen</strong></span> <span class='ocrx_word' id='word_1_146' title='bbox 3406 797 3560 850; x_wconf 84' lang='lat' dir='ltr'><strong>alteri</strong></span> <span class='ocrx_word' id='word_1_147' title='bbox 3615 797 3830 850; x_wconf 87' lang='lat' dir='ltr'><strong>Patrem</strong></span> <span class='ocrx_word' id='word_1_148' title='bbox 3910 813 4054 856; x_wconf 80' lang='lat' dir='ltr'><strong>esse.</strong></span> 
     </span>
    </p>
   </div>
   <div class='ocr_carea' id='block_1_22' title="bbox 2477 885 4058 956">
    <p class='ocr_par' dir='ltr' id='par_1_22' title="bbox 2477 885 4058 956">
     <span class='ocr_line' id='line_1_22' title="bbox 2477 885 4058 956; baseline 0.001 -18"><span class='ocrx_word' id='word_1_149' title='bbox 2477 886 2630 939; x_wconf 88' lang='lat' dir='ltr'><strong>alteri</strong></span> <span class='ocrx_word' id='word_1_150' title='bbox 2673 885 2892 939; x_wconf 81' lang='lat' dir='ltr'><strong>Filium.</strong></span> <span class='ocrx_word' id='word_1_151' title='bbox 2931 885 3104 951; x_wconf 86' lang='lat' dir='ltr'><strong>Unde,</strong></span> <span class='ocrx_word' id='word_1_152' title='bbox 3142 901 3190 939; x_wconf 87' lang='lat' dir='ltr'><strong>et</strong></span> <span class='ocrx_word' id='word_1_153' title='bbox 3220 889 3332 956; x_wconf 92' lang='lat' dir='ltr'><strong>ipse</strong></span> <span class='ocrx_word' id='word_1_154' title='bbox 3377 897 3594 942; x_wconf 75' lang='lat' dir='ltr'><strong>sanctus</strong></span> <span class='ocrx_word' id='word_1_155' title='bbox 3635 888 3709 940; x_wconf 86' lang='lat' dir='ltr'><strong>ait</strong></span> <span class='ocrx_word' id='word_1_156' title='bbox 3745 891 3795 939; x_wconf 93' lang='lat' dir='ltr'><strong>iu</strong></span> <span class='ocrx_word' id='word_1_157' title='bbox 3842 889 3935 942; x_wconf 87' lang='lat' dir='ltr'><strong>lib.</strong></span> <span class='ocrx_word' id='word_1_158' title='bbox 3987 888 4058 940; x_wconf 90' lang='lat' dir='ltr'><strong>De</strong></span> 
     </span>
    </p>
   </div>
   <div class='ocr_carea' id='block_1_23' title="bbox 2482 974 4054 1046">
    <p class='ocr_par' dir='ltr' id='par_1_23' title="bbox 2482 974 4054 1046">
     <span class='ocr_line' id='line_1_23' title="bbox 2482 974 4054 1046; baseline 0.001 -19"><span class='ocrx_word' id='word_1_159' title='bbox 2482 974 2656 1032; x_wconf 83' lang='lat' dir='ltr'><strong>Fide:</strong></span> <span class='ocrx_word' id='word_1_160' title='bbox 2698 975 2889 1031; x_wconf 83' lang='lat' dir='ltr'><strong>Omnia</strong></span> <span class='ocrx_word' id='word_1_161' title='bbox 2942 978 3104 1030; x_wconf 84' lang='lat' dir='ltr'><strong>Filius</strong></span> <span class='ocrx_word' id='word_1_162' title='bbox 3153 994 3268 1030; x_wconf 87' lang='lat' dir='ltr'><strong>cum</strong></span> <span class='ocrx_word' id='word_1_163' title='bbox 3321 980 3409 1042; x_wconf 90' lang='lat' dir='ltr'><strong>sit,</strong></span> <span class='ocrx_word' id='word_1_164' title='bbox 3457 995 3573 1046; x_wconf 81' lang='lat' dir='ltr'><strong>qua:</strong></span> <span class='ocrx_word' id='word_1_165' title='bbox 3626 989 3675 1030; x_wconf 86' lang='lat' dir='ltr'><strong>et</strong></span> <span class='ocrx_word' id='word_1_166' title='bbox 3725 976 3886 1030; x_wconf 87' lang='lat' dir='ltr'><strong>Pater</strong></span> <span class='ocrx_word' id='word_1_167' title='bbox 3957 989 4054 1036; x_wconf 80' lang='lat' dir='ltr'><strong>est.</strong></span> 
     </span>
    </p>
   </div>
   <div class='ocr_carea' id='block_1_24' title="bbox 2477 1063 4057 1137">
    <p class='ocr_par' dir='ltr' id='par_1_24' title="bbox 2477 1063 4057 1137">
     <span class='ocr_line' id='line_1_24' title="bbox 2477 1063 4057 1137; baseline 0.001 -18"><span class='ocrx_word' id='word_1_168' title='bbox 2477 1083 2626 1119; x_wconf 83' lang='lat' dir='ltr'><strong>serva</strong></span> <span class='ocrx_word' id='word_1_169' title='bbox 2673 1069 2802 1120; x_wconf 85' lang='lat' dir='ltr'><strong>mihi</strong></span> <span class='ocrx_word' id='word_1_170' title='bbox 2847 1068 2940 1121; x_wconf 87' lang='lat' dir='ltr'><strong>has</strong></span> <span class='ocrx_word' id='word_1_171' title='bbox 2996 1071 3358 1136; x_wconf 68' lang='lat' dir='ltr'><strong>proprietates.</strong></span> <span class='ocrx_word' id='word_1_172' title='bbox 3404 1069 3628 1122; x_wconf 83' lang='lat' dir='ltr'><strong>Manens</strong></span> <span class='ocrx_word' id='word_1_173' title='bbox 3665 1071 3828 1137; x_wconf 79' lang='lat' dir='ltr'><strong>igitur</strong></span> <span class='ocrx_word' id='word_1_174' title='bbox 3866 1063 4057 1132; x_wconf 83' lang='lat' dir='ltr'><strong>Filius,</strong></span> 
     </span>
    </p>
   </div>
   <div class='ocr_carea' id='block_1_25' title="bbox 2481 1159 4058 1226">
    <p class='ocr_par' dir='ltr' id='par_1_25' title="bbox 2481 1159 4058 1226">
     <span class='ocr_line' id='line_1_25' title="bbox 2481 1159 4058 1226; baseline 0.001 -19"><span class='ocrx_word' id='word_1_175' title='bbox 2481 1159 2666 1208; x_wconf 89' lang='lat' dir='ltr'><strong>omnia</strong></span> <span class='ocrx_word' id='word_1_176' title='bbox 2701 1166 2784 1211; x_wconf 86' lang='lat' dir='ltr'><strong>est</strong></span> <span class='ocrx_word' id='word_1_177' title='bbox 2825 1173 2945 1225; x_wconf 83' lang='lat' dir='ltr'><strong>qua:</strong></span> <span class='ocrx_word' id='word_1_178' title='bbox 2983 1159 3165 1222; x_wconf 78' lang='lat' dir='ltr'><strong>Pater,</strong></span> <span class='ocrx_word' id='word_1_179' title='bbox 3204 1159 3356 1226; x_wconf 78' lang='lat' dir='ltr'><strong>juxta</strong></span> <span class='ocrx_word' id='word_1_180' title='bbox 3399 1159 3570 1224; x_wconf 85' lang='lat' dir='ltr'><strong>ipsius</strong></span> <span class='ocrx_word' id='word_1_181' title='bbox 3609 1174 3794 1211; x_wconf 66' lang='grc' dir='ltr'><strong>ενοι-ειη</strong></span> <span class='ocrx_word' id='word_1_182' title='bbox 3848 1159 4058 1210; x_wconf 79' lang='lat' dir='ltr'><strong>Domini</strong></span> 
     </span>
    </p>
   </div>
   <div class='ocr_carea' id='block_1_26' title="bbox 2477 1247 4060 1319">
    <p class='ocr_par' dir='ltr' id='par_1_26' title="bbox 2477 1247 4060 1319">
     <span class='ocr_line' id='line_1_26' title="bbox 2477 1247 4060 1319; baseline 0.001 -18"><span class='ocrx_word' id='word_1_183' title='bbox 2477 1248 2745 1302; x_wconf 89' lang='lat' dir='ltr'><strong>dicentis:</strong></span> <span class='ocrx_word' id='word_1_184' title='bbox 2781 1247 2996 1312; x_wconf 85' lang='lat' dir='ltr'><strong>Omnia,</strong></span> <span class='ocrx_word' id='word_1_185' title='bbox 3028 1266 3145 1319; x_wconf 78' lang='lat' dir='ltr'><strong>qua:</strong></span> <span class='ocrx_word' id='word_1_186' title='bbox 3202 1251 3355 1303; x_wconf 85' lang='lat' dir='ltr'><strong>habet</strong></span> <span class='ocrx_word' id='word_1_187' title='bbox 3400 1253 3583 1314; x_wconf 88' lang='lat' dir='ltr'><strong>Pater,</strong></span> <span class='ocrx_word' id='word_1_188' title='bbox 3627 1267 3741 1302; x_wconf 87' lang='lat' dir='ltr'><strong>mea</strong></span> <span class='ocrx_word' id='word_1_189' title='bbox 3765 1251 3936 1302; x_wconf 79' lang='lat' dir='ltr'><strong>sunt&#39;.</strong></span> <span class='ocrx_word' id='word_1_190' title='bbox 3983 1249 4060 1302; x_wconf 78' lang='lat' dir='ltr'><strong>Re</strong></span> 
     </span>
    </p>
   </div>
   <div class='ocr_carea' id='block_1_27' title="bbox 2477 1338 4059 1408">
    <p class='ocr_par' dir='ltr' id='par_1_27' title="bbox 2477 1338 4059 1408">
     <span class='ocr_line' id='line_1_27' title="bbox 2477 1338 4059 1408; baseline 0.004 -21"><span class='ocrx_word' id='word_1_191' title='bbox 2477 1344 2656 1388; x_wconf 89' lang='lat' dir='ltr'><strong>autem</strong></span> <span class='ocrx_word' id='word_1_192' title='bbox 2698 1350 2847 1400; x_wconf 83' lang='lat' dir='ltr'><strong>vera,</strong></span> <span class='ocrx_word' id='word_1_193' title='bbox 2892 1338 3143 1407; x_wconf 77' lang='lat' dir='ltr'><strong>imaginis</strong></span> <span class='ocrx_word' id='word_1_194' title='bbox 3188 1349 3316 1392; x_wconf 92' lang='lat' dir='ltr'><strong>sunt</strong></span> <span class='ocrx_word' id='word_1_195' title='bbox 3343 1341 3522 1392; x_wconf 91' lang='lat' dir='ltr'><strong>omnia</strong></span> <span class='ocrx_word' id='word_1_196' title='bbox 3556 1355 3675 1408; x_wconf 74' lang='lat' dir='ltr'><strong>qua:</strong></span> <span class='ocrx_word' id='word_1_197' title='bbox 3713 1340 3910 1393; x_wconf 88' lang='lat' dir='ltr'><strong>adsunt</strong></span> <span class='ocrx_word' id='word_1_198' title='bbox 3949 1343 4059 1407; x_wconf 90' lang='lat' dir='ltr'><strong>pri-</strong></span> 
     </span>
    </p>
   </div>
   <div class='ocr_carea' id='block_1_28' title="bbox 2478 1426 4050 1498">
    <p class='ocr_par' dir='ltr' id='par_1_28' title="bbox 2478 1426 4050 1498">
     <span class='ocr_line' id='line_1_28' title="bbox 2478 1426 4050 1498; baseline 0.006 -23"><span class='ocrx_word' id='word_1_199' title='bbox 2478 1427 2673 1479; x_wconf 71' lang='lat' dir='ltr'><strong>iuitivaa</strong></span> <span class='ocrx_word' id='word_1_200' title='bbox 2708 1426 2914 1481; x_wconf 61' lang='lat' dir='ltr'><strong>forma.</strong></span> <span class='ocrx_word' id='word_1_201' title='bbox 2967 1427 3202 1485; x_wconf 86' lang='lat' dir='ltr'><strong>Joannes</strong></span> <span class='ocrx_word' id='word_1_202' title='bbox 3252 1445 3471 1498; x_wconf 85' lang='lat' dir='ltr'><strong>quoque</strong></span> <span class='ocrx_word' id='word_1_203' title='bbox 3519 1430 3940 1498; x_wconf 86' lang='lat' dir='ltr'><strong>Clirysostonins</strong></span> <span class='ocrx_word' id='word_1_204' title='bbox 3989 1432 4050 1485; x_wconf 82' lang='lat' dir='ltr'><strong>Gl</strong></span> 
     </span>
    </p>
   </div>
   <div class='ocr_carea' id='block_1_29' title="bbox 2479 1515 4052 1590">
    <p class='ocr_par' dir='ltr' id='par_1_29' title="bbox 2479 1515 4052 1590">
     <span class='ocr_line' id='line_1_29' title="bbox 2479 1515 4052 1590; baseline 0.004 -26"><span class='ocrx_word' id='word_1_205' title='bbox 2479 1515 2622 1567; x_wconf 86' lang='lat' dir='ltr'><strong>hom.</strong></span> <span class='ocrx_word' id='word_1_206' title='bbox 2658 1531 2819 1584; x_wconf 89' lang='lat' dir='ltr'><strong>super</strong></span> <span class='ocrx_word' id='word_1_207' title='bbox 2855 1517 3015 1574; x_wconf 86' lang='lat' dir='ltr'><strong>Joan.</strong></span> <span class='ocrx_word' id='word_1_208' title='bbox 3055 1539 3075 1571; x_wconf 69' lang='grc' dir='ltr'>ί</span> <span class='ocrx_word' id='word_1_209' title='bbox 3120 1519 3231 1590; x_wconf 86' lang='lat' dir='ltr'><strong>Ego</strong></span> <span class='ocrx_word' id='word_1_210' title='bbox 3253 1522 3308 1574; x_wconf 88' lang='lat' dir='ltr'><strong>in</strong></span> <span class='ocrx_word' id='word_1_211' title='bbox 3341 1520 3528 1585; x_wconf 82' lang='lat' dir='ltr'><strong>Patre,</strong></span> <span class='ocrx_word' id='word_1_212' title='bbox 3557 1533 3602 1574; x_wconf 89' lang='lat' dir='ltr'><strong>et</strong></span> <span class='ocrx_word' id='word_1_213' title='bbox 3632 1520 3788 1573; x_wconf 87' lang='lat' dir='ltr'><strong>Pater</strong></span> <span class='ocrx_word' id='word_1_214' title='bbox 3815 1521 3866 1573; x_wconf 90' lang='lat' dir='ltr'><strong>in</strong></span> <span class='ocrx_word' id='word_1_215' title='bbox 3904 1538 4002 1574; x_wconf 88' lang='lat' dir='ltr'><strong>me.</strong></span> <span class='ocrx_word' id='word_1_216' title='bbox 4035 1539 4052 1570; x_wconf 75' lang='grc' dir='ltr'><strong><em>ι</em></strong></span> 
     </span>
    </p>
   </div>
   <div class='ocr_carea' id='block_1_30' title="bbox 2479 1604 4055 1680">
    <p class='ocr_par' dir='ltr' id='par_1_30' title="bbox 2479 1604 4055 1680">
     <span class='ocr_line' id='line_1_30' title="bbox 2479 1604 4055 1680; baseline 0.004 -23"><span class='ocrx_word' id='word_1_217' title='bbox 2479 1604 2629 1658; x_wconf 87' lang='lat' dir='ltr'><strong>Nihil</strong></span> <span class='ocrx_word' id='word_1_218' title='bbox 2654 1609 2791 1660; x_wconf 90' lang='lat' dir='ltr'><strong>enim</strong></span> <span class='ocrx_word' id='word_1_219' title='bbox 2822 1608 2972 1663; x_wconf 81' lang='lat' dir='ltr'><strong>aliud</strong></span> <span class='ocrx_word' id='word_1_220' title='bbox 3003 1627 3119 1663; x_wconf 87' lang='lat' dir='ltr'><strong>sum</strong></span> <span class='ocrx_word' id='word_1_221' title='bbox 3166 1628 3282 1680; x_wconf 88' lang='lat' dir='ltr'><strong>ego,</strong></span> <span class='ocrx_word' id='word_1_222' title='bbox 3338 1629 3494 1680; x_wconf 89' lang='lat' dir='ltr'><strong>quam</strong></span> <span class='ocrx_word' id='word_1_223' title='bbox 3541 1612 3680 1680; x_wconf 88' lang='lat' dir='ltr'><strong>quod</strong></span> <span class='ocrx_word' id='word_1_224' title='bbox 3728 1611 3892 1663; x_wconf 78' lang='lat' dir='ltr'><strong>Pater</strong></span> <span class='ocrx_word' id='word_1_225' title='bbox 3955 1625 4055 1675; x_wconf 94' lang='lat' dir='ltr'><strong>est,</strong></span> 
     </span>
    </p>
   </div>
   <div class='ocr_carea' id='block_1_31' title="bbox 2474 1697 4060 1772">
    <p class='ocr_par' dir='ltr' id='par_1_31' title="bbox 2474 1697 4060 1772">
     <span class='ocr_line' id='line_1_31' title="bbox 2474 1697 4060 1772; baseline 0.005 -24"><span class='ocrx_word' id='word_1_226' title='bbox 2474 1713 2690 1751; x_wconf 87' lang='lat' dir='ltr'><strong>manens</strong></span> <span class='ocrx_word' id='word_1_227' title='bbox 2718 1697 2936 1767; x_wconf 83' lang='lat' dir='ltr'><strong>Filius;</strong></span> <span class='ocrx_word' id='word_1_228' title='bbox 2968 1717 3130 1770; x_wconf 80' lang='lat' dir='ltr'><strong>neque</strong></span> <span class='ocrx_word' id='word_1_229' title='bbox 3155 1703 3244 1756; x_wconf 89' lang='lat' dir='ltr'><strong>ille</strong></span> <span class='ocrx_word' id='word_1_230' title='bbox 3276 1702 3446 1762; x_wconf 85' lang='lat' dir='ltr'><strong>aliud.</strong></span> <span class='ocrx_word' id='word_1_231' title='bbox 3477 1718 3634 1770; x_wconf 88' lang='lat' dir='ltr'><strong>quam</strong></span> <span class='ocrx_word' id='word_1_232' title='bbox 3677 1719 3790 1772; x_wconf 87' lang='lat' dir='ltr'><strong>ego,</strong></span> <span class='ocrx_word' id='word_1_233' title='bbox 3844 1720 4060 1756; x_wconf 89' lang='lat' dir='ltr'><strong>manens</strong></span> 
     </span>
    </p>
   </div>
   <div class='ocr_carea' id='block_1_32' title="bbox 2477 1789 4058 1863">
    <p class='ocr_par' dir='ltr' id='par_1_32' title="bbox 2477 1789 4058 1863">
     <span class='ocr_line' id='line_1_32' title="bbox 2477 1789 4058 1863; baseline 0.003 -21"><span class='ocrx_word' id='word_1_234' title='bbox 2477 1789 2655 1843; x_wconf 87' lang='lat' dir='ltr'><strong>Pater.</strong></span> <span class='ocrx_word' id='word_1_235' title='bbox 2687 1790 2751 1843; x_wconf 85' lang='lat' dir='ltr'><strong>Et</strong></span> <span class='ocrx_word' id='word_1_236' title='bbox 2783 1807 2882 1859; x_wconf 88' lang='lat' dir='ltr'><strong>me,</strong></span> <span class='ocrx_word' id='word_1_237' title='bbox 2922 1794 2968 1846; x_wconf 90' lang='lat' dir='ltr'><strong>si</strong></span> <span class='ocrx_word' id='word_1_238' title='bbox 2995 1795 3110 1862; x_wconf 87' lang='lat' dir='ltr'><strong>quis</strong></span> <span class='ocrx_word' id='word_1_239' title='bbox 3139 1796 3403 1862; x_wconf 84' lang='lat' dir='ltr'><strong>agnoverit</strong></span> <span class='ocrx_word' id='word_1_240' title='bbox 3435 1792 3680 1859; x_wconf 85' lang='lat' dir='ltr'><strong>Patrem,</strong></span> <span class='ocrx_word' id='word_1_241' title='bbox 3723 1797 3964 1863; x_wconf 82' lang='lat' dir='ltr'><strong>agnovit;</strong></span> <span class='ocrx_word' id='word_1_242' title='bbox 4011 1805 4058 1848; x_wconf 84' lang='lat' dir='ltr'><strong>et</strong></span> 
     </span>
    </p>
   </div>
   <div class='ocr_carea' id='block_1_33' title="bbox 787 1849 4062 1956">
    <p class='ocr_par' dir='ltr' id='par_1_33' title="bbox 787 1849 4062 1956">
     <span class='ocr_line' id='line_1_33' title="bbox 787 1849 4062 1956; baseline 0.001 -23"><span class='ocrx_word' id='word_1_243' title='bbox 787 1887 878 1953; x_wconf 70' lang='lat' dir='ltr'><strong>qui</strong></span> <span class='ocrx_word' id='word_1_244' title='bbox 905 1904 968 1939; x_wconf 72' lang='lat' dir='ltr'><strong>ex</strong></span> <span class='ocrx_word' id='word_1_245' title='bbox 1007 1887 1111 1939; x_wconf 80' lang='lat' dir='ltr'><strong>Deo</strong></span> <span class='ocrx_word' id='word_1_246' title='bbox 1135 1898 1232 1952; x_wconf 72' lang='grc' dir='ltr'><em>ρει,</em></span> <span class='ocrx_word' id='word_1_247' title='bbox 1265 1889 1356 1956; x_wconf 79' lang='lat' dir='ltr'><strong>qui</strong></span> <span class='ocrx_word' id='word_1_248' title='bbox 1396 1906 1426 1939; x_wconf 83' lang='lat' dir='ltr'><strong>a</strong></span> <span class='ocrx_word' id='word_1_249' title='bbox 1459 1849 1620 1942; x_wconf 51' lang='grc' dir='ltr'><em>Ραιίε</em></span> <span class='ocrx_word' id='word_1_250' title='bbox 1663 1890 1916 1955; x_wconf 55' lang='lat' dir='ltr'><strong>procedit.</strong></span> <span class='ocrx_word' id='word_1_251' title='bbox 1979 1906 2041 1942; x_wconf 68' lang='lat' dir='ltr'><strong>ne</strong></span> <span class='ocrx_word' id='word_1_252' title='bbox 2077 1889 2224 1942; x_wconf 78' lang='lat' dir='ltr'><strong>illum</strong></span> <span class='ocrx_word' id='word_1_253' title='bbox 2285 1907 2376 1943; x_wconf 73' lang='grc' dir='ltr'><strong>η-</strong></span> <span class='ocrx_word' id='word_1_254' title='bbox 2409 1849 2446 1902; x_wconf 73' lang='grc' dir='ltr'><strong><em>Β</em></strong></span> <span class='ocrx_word' id='word_1_255' title='bbox 2484 1880 2698 1935; x_wconf 87' lang='lat' dir='ltr'><strong>Patrem</strong></span> <span class='ocrx_word' id='word_1_256' title='bbox 2723 1884 3078 1953; x_wconf 82' lang='lat' dir='ltr'><strong>siagnoverit,</strong></span> <span class='ocrx_word' id='word_1_257' title='bbox 3142 1885 3334 1938; x_wconf 86' lang='lat' dir='ltr'><strong>Filium</strong></span> <span class='ocrx_word' id='word_1_258' title='bbox 3391 1887 3598 1939; x_wconf 80' lang='lat' dir='ltr'><strong>didicit.</strong></span> <span class='ocrx_word' id='word_1_259' title='bbox 3654 1887 3744 1940; x_wconf 90' lang='lat' dir='ltr'><strong>Sic</strong></span> <span class='ocrx_word' id='word_1_260' title='bbox 3795 1889 3954 1954; x_wconf 75' lang='lat' dir='ltr'><strong>igitur</strong></span> <span class='ocrx_word' id='word_1_261' title='bbox 4008 1898 4062 1937; x_wconf 86' lang='lat' dir='ltr'><strong>et</strong></span> 
     </span>
    </p>
   </div>
   <div class='ocr_carea' id='block_1_34' title="bbox 785 1978 2376 2045">
    <p class='ocr_par' dir='ltr' id='par_1_34' title="bbox 785 1978 2376 2045">
     <span class='ocr_line' id='line_1_34' title="bbox 785 1978 2376 2045; baseline 0.003 -18"><span class='ocrx_word' id='word_1_262' title='bbox 785 1985 987 2028; x_wconf 87' lang='lat' dir='ltr'><strong>lernam</strong></span> <span class='ocrx_word' id='word_1_263' title='bbox 1012 1978 1245 2045; x_wconf 87' lang='lat' dir='ltr'><strong>aliquam</strong></span> <span class='ocrx_word' id='word_1_264' title='bbox 1280 1989 1580 2030; x_wconf 86' lang='lat' dir='ltr'><strong>creaturam</strong></span> <span class='ocrx_word' id='word_1_265' title='bbox 1638 1995 1748 2032; x_wconf 84' lang='lat' dir='ltr'><strong>esse</strong></span> <span class='ocrx_word' id='word_1_266' title='bbox 1799 1979 2118 2044; x_wconf 77' lang='lat' dir='ltr'><strong>arbitreris;</strong></span> <span class='ocrx_word' id='word_1_267' title='bbox 2186 1982 2278 2033; x_wconf 79' lang='lat' dir='ltr'><strong>sed</strong></span> <span class='ocrx_word' id='word_1_268' title='bbox 2323 1989 2376 2035; x_wconf 85' lang='lat' dir='ltr'><strong>ut</strong></span> 
     </span>
    </p>
   </div>
   <div class='ocr_carea' id='block_1_35' title="bbox 783 2067 2372 2141">
    <p class='ocr_par' dir='ltr' id='par_1_35' title="bbox 783 2067 2372 2141">
     <span class='ocr_line' id='line_1_35' title="bbox 783 2067 2372 2141; baseline 0.003 -21"><span class='ocrx_word' id='word_1_269' title='bbox 783 2084 846 2120; x_wconf 72' lang='lat' dir='ltr'><strong>ex</strong></span> <span class='ocrx_word' id='word_1_270' title='bbox 875 2067 980 2119; x_wconf 89' lang='lat' dir='ltr'><strong>Deo</strong></span> <span class='ocrx_word' id='word_1_271' title='bbox 1016 2068 1290 2121; x_wconf 76' lang='lat' dir='ltr'><strong>habentem</strong></span> <span class='ocrx_word' id='word_1_272' title='bbox 1326 2069 1685 2124; x_wconf 78' lang='lat' dir='ltr'><strong>substantiam</strong></span> <span class='ocrx_word' id='word_1_273' title='bbox 1713 2069 2012 2139; x_wconf 79' lang='lat' dir='ltr'><strong>gloriﬁces;</strong></span> <span class='ocrx_word' id='word_1_274' title='bbox 2065 2086 2372 2141; x_wconf 90' lang='lat' dir='ltr'><strong>quanquam</strong></span> 
     </span>
    </p>
   </div>
   <div class='ocr_carea' id='block_1_36' title="bbox 784 2159 2377 2229">
    <p class='ocr_par' dir='ltr' id='par_1_36' title="bbox 784 2159 2377 2229">
     <span class='ocr_line' id='line_1_36' title="bbox 784 2159 2377 2229; baseline 0.003 -18"><span class='ocrx_word' id='word_1_275' title='bbox 784 2169 839 2212; x_wconf 92' lang='lat' dir='ltr'><strong>et</strong></span> <span class='ocrx_word' id='word_1_276' title='bbox 869 2162 969 2214; x_wconf 86' lang='lat' dir='ltr'><strong>hoc</strong></span> <span class='ocrx_word' id='word_1_277' title='bbox 991 2161 1132 2228; x_wconf 91' lang='lat' dir='ltr'><strong>quod</strong></span> <span class='ocrx_word' id='word_1_278' title='bbox 1172 2161 1239 2212; x_wconf 89' lang='lat' dir='ltr'><strong>ait</strong></span> <span class='ocrx_word' id='word_1_279' title='bbox 1282 2159 1667 2229; x_wconf 67' lang='lat' dir='ltr'><strong>aliunde,&#39;quae</strong></span> <span class='ocrx_word' id='word_1_280' title='bbox 1700 2161 1958 2225; x_wconf 75' lang='lat' dir='ltr'><strong>diximus,</strong></span> <span class='ocrx_word' id='word_1_281' title='bbox 1990 2163 2377 2216; x_wconf 82' lang='lat' dir='ltr'><strong>commendare</strong></span> 
     </span>
    </p>
   </div>
   <div class='ocr_carea' id='block_1_37' title="bbox 785 2248 2374 2317">
    <p class='ocr_par' dir='ltr' id='par_1_37' title="bbox 785 2248 2374 2317">
     <span class='ocr_line' id='line_1_37' title="bbox 785 2248 2374 2317; baseline 0.001 -16"><span class='ocrx_word' id='word_1_282' title='bbox 785 2248 1054 2313; x_wconf 87' lang='lat' dir='ltr'><strong>sulliciat;</strong></span> <span class='ocrx_word' id='word_1_283' title='bbox 1092 2249 1241 2300; x_wconf 83' lang='lat' dir='ltr'><strong>aliud</strong></span> <span class='ocrx_word' id='word_1_284' title='bbox 1282 2250 1426 2302; x_wconf 89' lang='lat' dir='ltr'><strong>enim</strong></span> <span class='ocrx_word' id='word_1_285' title='bbox 1487 2250 1626 2302; x_wconf 90' lang='lat' dir='ltr'><strong>unde</strong></span> <span class='ocrx_word' id='word_1_286' title='bbox 1685 2250 1899 2302; x_wconf 83' lang='lat' dir='ltr'><strong>aliunde</strong></span> <span class='ocrx_word' id='word_1_287' title='bbox 1955 2258 2226 2317; x_wconf 89' lang='lat' dir='ltr'><strong>sumptum</strong></span> <span class='ocrx_word' id='word_1_288' title='bbox 2271 2259 2374 2316; x_wconf 82' lang='lat' dir='ltr'><strong>cst,</strong></span> 
     </span>
    </p>
   </div>
   <div class='ocr_carea' id='block_1_38' title="bbox 787 2338 2377 2397">
    <p class='ocr_par' dir='ltr' id='par_1_38' title="bbox 787 2338 2377 2397">
     <span class='ocr_line' id='line_1_38' title="bbox 787 2338 2377 2397; baseline 0.004 -6"><span class='ocrx_word' id='word_1_289' title='bbox 787 2340 836 2391; x_wconf 95' lang='lat' dir='ltr'><strong>iu</strong></span> <span class='ocrx_word' id='word_1_290' title='bbox 875 2339 1033 2394; x_wconf 88' lang='lat' dir='ltr'><strong>rebus</strong></span> <span class='ocrx_word' id='word_1_291' title='bbox 1057 2340 1290 2393; x_wconf 83' lang='lat' dir='ltr'><strong>maxime</strong></span> <span class='ocrx_word' id='word_1_292' title='bbox 1325 2350 1518 2393; x_wconf 88' lang='lat' dir='ltr'><strong>natura</strong></span> <span class='ocrx_word' id='word_1_293' title='bbox 1543 2338 1922 2395; x_wconf 79' lang='lat' dir='ltr'><strong>differentibus</strong></span> <span class='ocrx_word' id='word_1_294' title='bbox 1966 2341 2185 2397; x_wconf 90' lang='lat' dir='ltr'><strong>dicitur.</strong></span> <span class='ocrx_word' id='word_1_295' title='bbox 2214 2341 2377 2397; x_wconf 76' lang='lat' dir='ltr'><strong>Pater</strong></span> 
     </span>
    </p>
   </div>
   <div class='ocr_carea' id='block_1_39' title="bbox 785 2431 2372 2503">
    <p class='ocr_par' dir='ltr' id='par_1_39' title="bbox 785 2431 2372 2503">
     <span class='ocr_line' id='line_1_39' title="bbox 785 2431 2372 2503; baseline 0.003 -22"><span class='ocrx_word' id='word_1_296' title='bbox 785 2442 990 2494; x_wconf 77' lang='lat' dir='ltr'><strong>autem,</strong></span> <span class='ocrx_word' id='word_1_297' title='bbox 1032 2442 1087 2486; x_wconf 90' lang='lat' dir='ltr'><strong>et</strong></span> <span class='ocrx_word' id='word_1_298' title='bbox 1115 2431 1288 2486; x_wconf 89' lang='lat' dir='ltr'><strong>Filius</strong></span> <span class='ocrx_word' id='word_1_299' title='bbox 1343 2445 1541 2485; x_wconf 88' lang='lat' dir='ltr'><strong>natura</strong></span> <span class='ocrx_word' id='word_1_300' title='bbox 1603 2447 1770 2486; x_wconf 91' lang='lat' dir='ltr'><strong>unum</strong></span> <span class='ocrx_word' id='word_1_301' title='bbox 1822 2444 1983 2488; x_wconf 87' lang='lat' dir='ltr'><strong>sunt:</strong></span> <span class='ocrx_word' id='word_1_302' title='bbox 2046 2433 2156 2503; x_wconf 77' lang='lat' dir='ltr'><strong>Ego</strong></span> <span class='ocrx_word' id='word_1_303' title='bbox 2213 2434 2372 2499; x_wconf 87' lang='lat' dir='ltr'><strong>enim,</strong></span> 
     </span>
    </p>
   </div>
   <div class='ocr_carea' id='block_1_40' title="bbox 783 2523 2372 2596">
    <p class='ocr_par' dir='ltr' id='par_1_40' title="bbox 783 2523 2372 2596">
     <span class='ocr_line' id='line_1_40' title="bbox 783 2523 2372 2596; baseline 0.001 -18"><span class='ocrx_word' id='word_1_304' title='bbox 783 2527 978 2592; x_wconf 84' lang='lat' dir='ltr'><strong>inquit,</strong></span> <span class='ocrx_word' id='word_1_305' title='bbox 1006 2535 1054 2579; x_wconf 93' lang='lat' dir='ltr'><strong>et</strong></span> <span class='ocrx_word' id='word_1_306' title='bbox 1087 2523 1250 2578; x_wconf 88' lang='lat' dir='ltr'><strong>Pater</strong></span> <span class='ocrx_word' id='word_1_307' title='bbox 1273 2542 1432 2578; x_wconf 87' lang='lat' dir='ltr'><strong>unum</strong></span> <span class='ocrx_word' id='word_1_308' title='bbox 1473 2542 1650 2580; x_wconf 86' lang='lat' dir='ltr'><strong>sumus</strong></span> <span class='ocrx_word' id='word_1_309' title='bbox 1672 2526 1713 2580; x_wconf 69' lang='grc' dir='ltr'><strong>δ.</strong></span> <span class='ocrx_word' id='word_1_310' title='bbox 1738 2526 1922 2596; x_wconf 88' lang='lat' dir='ltr'><strong>ltaque</strong></span> <span class='ocrx_word' id='word_1_311' title='bbox 1952 2541 2056 2581; x_wconf 91' lang='lat' dir='ltr'><strong>non</strong></span> <span class='ocrx_word' id='word_1_312' title='bbox 2089 2527 2154 2582; x_wconf 87' lang='lat' dir='ltr'><strong>ad</strong></span> <span class='ocrx_word' id='word_1_313' title='bbox 2181 2526 2372 2582; x_wconf 84' lang='lat' dir='ltr'><strong>Filium</strong></span> 
     </span>
    </p>
   </div>
   <div class='ocr_carea' id='block_1_41' title="bbox 783 2617 2370 2685">
    <p class='ocr_par' dir='ltr' id='par_1_41' title="bbox 783 2617 2370 2685">
     <span class='ocr_line' id='line_1_41' title="bbox 783 2617 2370 2685; baseline 0.004 -19"><span class='ocrx_word' id='word_1_314' title='bbox 783 2618 1020 2679; x_wconf 87' lang='lat' dir='ltr'><strong>intuens,</strong></span> <span class='ocrx_word' id='word_1_315' title='bbox 1051 2626 1273 2671; x_wconf 86' lang='lat' dir='ltr'><strong>sanctus</strong></span> <span class='ocrx_word' id='word_1_316' title='bbox 1307 2617 1526 2670; x_wconf 83' lang='lat' dir='ltr'><strong>aliunde</strong></span> <span class='ocrx_word' id='word_1_317' title='bbox 1569 2617 1730 2681; x_wconf 78' lang='lat' dir='ltr'><strong>dixit,</strong></span> <span class='ocrx_word' id='word_1_318' title='bbox 1765 2619 1858 2672; x_wconf 90' lang='lat' dir='ltr'><strong>sed</strong></span> <span class='ocrx_word' id='word_1_319' title='bbox 1932 2619 1998 2674; x_wconf 88' lang='lat' dir='ltr'><strong>ad</strong></span> <span class='ocrx_word' id='word_1_320' title='bbox 2066 2628 2370 2685; x_wconf 80' lang='lat' dir='ltr'><strong>creaturas,</strong></span> 
     </span>
    </p>
   </div>
   <div class='ocr_carea' id='block_1_42' title="bbox 781 2705 2358 2773">
    <p class='ocr_par' dir='ltr' id='par_1_42' title="bbox 781 2705 2358 2773">
     <span class='ocr_line' id='line_1_42' title="bbox 781 2705 2358 2773; baseline 0.006 -19"><span class='ocrx_word' id='word_1_321' title='bbox 781 2717 809 2754; x_wconf 91' lang='lat' dir='ltr'><strong>a</strong></span> <span class='ocrx_word' id='word_1_322' title='bbox 843 2705 1037 2770; x_wconf 85' lang='lat' dir='ltr'><strong>quibus</strong></span> <span class='ocrx_word' id='word_1_323' title='bbox 1067 2705 1216 2756; x_wconf 88' lang='lat' dir='ltr'><strong>illum</strong></span> <span class='ocrx_word' id='word_1_324' title='bbox 1246 2705 1462 2773; x_wconf 86' lang='lat' dir='ltr'><strong>quidam</strong></span> <span class='ocrx_word' id='word_1_325' title='bbox 1497 2707 1734 2760; x_wconf 73' lang='lat' dir='ltr'><strong>haeretici</strong></span> <span class='ocrx_word' id='word_1_326' title='bbox 1771 2708 1972 2762; x_wconf 84' lang='lat' dir='ltr'><strong>habere</strong></span> <span class='ocrx_word' id='word_1_327' title='bbox 2003 2709 2358 2763; x_wconf 85' lang='lat' dir='ltr'><strong>substantiam</strong></span> 
     </span>
    </p>
   </div>
   <div class='ocr_carea' id='block_1_43' title="bbox 779 2796 2376 2870">
    <p class='ocr_par' dir='ltr' id='par_1_43' title="bbox 779 2796 2376 2870">
     <span class='ocr_line' id='line_1_43' title="bbox 779 2796 2376 2870; baseline 0.005 -23"><span class='ocrx_word' id='word_1_328' title='bbox 779 2796 1056 2848; x_wconf 86' lang='lat' dir='ltr'><strong>dicebant.</strong></span> <span class='ocrx_word' id='word_1_329' title='bbox 1102 2797 1167 2850; x_wconf 90' lang='lat' dir='ltr'><strong>Et</strong></span> <span class='ocrx_word' id='word_1_330' title='bbox 1202 2797 1300 2849; x_wconf 88' lang='lat' dir='ltr'><strong>ista</strong></span> <span class='ocrx_word' id='word_1_331' title='bbox 1333 2797 1497 2866; x_wconf 77' lang='lat' dir='ltr'><strong>igitur</strong></span> <span class='ocrx_word' id='word_1_332' title='bbox 1525 2798 1817 2861; x_wconf 87' lang='lat' dir='ltr'><strong>sententia,</strong></span> <span class='ocrx_word' id='word_1_333' title='bbox 1858 2809 2048 2853; x_wconf 92' lang='lat' dir='ltr'><strong>contra</strong></span> <span class='ocrx_word' id='word_1_334' title='bbox 2101 2800 2220 2854; x_wconf 91' lang='lat' dir='ltr'><strong>illos</strong></span> <span class='ocrx_word' id='word_1_335' title='bbox 2281 2815 2376 2870; x_wconf 91' lang='lat' dir='ltr'><strong>po-</strong></span> 
     </span>
    </p>
   </div>
   <div class='ocr_carea' id='block_1_44' title="bbox 781 2888 2376 2960">
    <p class='ocr_par' dir='ltr' id='par_1_44' title="bbox 781 2888 2376 2960">
     <span class='ocr_line' id='line_1_44' title="bbox 781 2888 2376 2960; baseline 0.005 -22"><span class='ocrx_word' id='word_1_336' title='bbox 781 2889 887 2940; x_wconf 92' lang='lat' dir='ltr'><strong>tius</strong></span> <span class='ocrx_word' id='word_1_337' title='bbox 917 2902 1077 2955; x_wconf 83' lang='lat' dir='ltr'><strong>quant</strong></span> <span class='ocrx_word' id='word_1_338' title='bbox 1113 2903 1207 2957; x_wconf 91' lang='lat' dir='ltr'><strong>pro</strong></span> <span class='ocrx_word' id='word_1_339' title='bbox 1243 2888 1348 2941; x_wconf 90' lang='lat' dir='ltr'><strong>illis</strong></span> <span class='ocrx_word' id='word_1_340' title='bbox 1377 2898 1481 2943; x_wconf 87' lang='lat' dir='ltr'><strong>est.</strong></span> <span class='ocrx_word' id='word_1_341' title='bbox 1517 2888 1571 2942; x_wconf 92' lang='lat' dir='ltr'><strong>Si</strong></span> <span class='ocrx_word' id='word_1_342' title='bbox 1604 2899 1782 2944; x_wconf 90' lang='lat' dir='ltr'><strong>autem</strong></span> <span class='ocrx_word' id='word_1_343' title='bbox 1815 2900 2006 2943; x_wconf 87' lang='lat' dir='ltr'><strong>contra</strong></span> <span class='ocrx_word' id='word_1_344' title='bbox 2029 2892 2170 2954; x_wconf 87' lang='lat' dir='ltr'><strong>illos,</strong></span> <span class='ocrx_word' id='word_1_345' title='bbox 2205 2892 2376 2960; x_wconf 87' lang='lat' dir='ltr'><strong>liquet</strong></span> 
     </span>
    </p>
   </div>
   <div class='ocr_carea' id='block_1_45' title="bbox 781 2979 2374 3052">
    <p class='ocr_par' dir='ltr' id='par_1_45' title="bbox 781 2979 2374 3052">
     <span class='ocr_line' id='line_1_45' title="bbox 781 2979 2374 3052; baseline 0.004 -22"><span class='ocrx_word' id='word_1_346' title='bbox 781 2979 905 3047; x_wconf 75' lang='lat' dir='ltr'><strong>quia</strong></span> <span class='ocrx_word' id='word_1_347' title='bbox 939 2995 1035 3047; x_wconf 88' lang='lat' dir='ltr'><strong>pro</strong></span> <span class='ocrx_word' id='word_1_348' title='bbox 1065 2981 1292 3034; x_wconf 81' lang='lat' dir='ltr'><strong>veritate</strong></span> <span class='ocrx_word' id='word_1_349' title='bbox 1343 2992 1447 3046; x_wconf 76' lang='grc' dir='ltr'><strong>εει,</strong></span> <span class='ocrx_word' id='word_1_350' title='bbox 1499 2996 1563 3033; x_wconf 91' lang='lat' dir='ltr'><strong>ac</strong></span> <span class='ocrx_word' id='word_1_351' title='bbox 1614 2997 1708 3052; x_wconf 87' lang='lat' dir='ltr'><strong>per</strong></span> <span class='ocrx_word' id='word_1_352' title='bbox 1755 2983 1936 3035; x_wconf 86' lang='lat' dir='ltr'><strong>omnia</strong></span> <span class='ocrx_word' id='word_1_353' title='bbox 2003 2983 2374 3052; x_wconf 86' lang='lat' dir='ltr'><strong>superioribus</strong></span> 
     </span>
    </p>
   </div>
   <div class='ocr_carea' id='block_1_46' title="bbox 781 3069 1041 3121">
    <p class='ocr_par' dir='ltr' id='par_1_46' title="bbox 781 3069 1041 3121">
     <span class='ocr_line' id='line_1_46' title="bbox 781 3069 1041 3121; baseline 0.004 -1"><span class='ocrx_word' id='word_1_354' title='bbox 781 3069 1041 3121; x_wconf 90' lang='lat' dir='ltr'><strong>coucinit.</strong></span> 
     </span>
    </p>
   </div>
   <div class='ocr_carea' id='block_1_47' title="bbox 2481 1973 4056 2044">
    <p class='ocr_par' dir='ltr' id='par_1_47' title="bbox 2481 1973 4056 2044">
     <span class='ocr_line' id='line_1_47' title="bbox 2481 1973 4056 2044; baseline 0.003 -22"><span class='ocrx_word' id='word_1_355' title='bbox 2481 1986 2601 2040; x_wconf 63' lang='lat' dir='ltr'><strong>quae</strong></span> <span class='ocrx_word' id='word_1_356' title='bbox 2641 1982 2770 2026; x_wconf 91' lang='lat' dir='ltr'><strong>sunt</strong></span> <span class='ocrx_word' id='word_1_357' title='bbox 2797 1973 2973 2028; x_wconf 86' lang='lat' dir='ltr'><strong>Patris</strong></span> <span class='ocrx_word' id='word_1_358' title='bbox 3010 1983 3064 2028; x_wconf 91' lang='lat' dir='ltr'><strong>et</strong></span> <span class='ocrx_word' id='word_1_359' title='bbox 3103 1975 3249 2040; x_wconf 87' lang='lat' dir='ltr'><strong>Filii,</strong></span> <span class='ocrx_word' id='word_1_360' title='bbox 3276 1977 3585 2030; x_wconf 89' lang='lat' dir='ltr'><strong>communia</strong></span> <span class='ocrx_word' id='word_1_361' title='bbox 3655 1987 3778 2030; x_wconf 90' lang='lat' dir='ltr'><strong>sunt</strong></span> <span class='ocrx_word' id='word_1_362' title='bbox 3831 1976 4056 2044; x_wconf 80' lang='lat' dir='ltr'><strong>Spiritui</strong></span> 
     </span>
    </p>
   </div>
   <div class='ocr_carea' id='block_1_48' title="bbox 2479 2066 4055 2135">
    <p class='ocr_par' dir='ltr' id='par_1_48' title="bbox 2479 2066 4055 2135">
     <span class='ocr_line' id='line_1_48' title="bbox 2479 2066 4055 2135; baseline 0.001 -19"><span class='ocrx_word' id='word_1_363' title='bbox 2479 2075 2692 2130; x_wconf 90' lang='lat' dir='ltr'><strong>sancto,</strong></span> <span class='ocrx_word' id='word_1_364' title='bbox 2731 2075 2946 2118; x_wconf 86' lang='lat' dir='ltr'><strong>servata</strong></span> <span class='ocrx_word' id='word_1_365' title='bbox 2976 2066 3078 2120; x_wconf 84' lang='lat' dir='ltr'><strong>sibi</strong></span> <span class='ocrx_word' id='word_1_366' title='bbox 3132 2066 3462 2135; x_wconf 89' lang='lat' dir='ltr'><strong>proprietate</strong></span> <span class='ocrx_word' id='word_1_367' title='bbox 3487 2066 3787 2135; x_wconf 90' lang='lat' dir='ltr'><strong>personali,</strong></span> <span class='ocrx_word' id='word_1_368' title='bbox 3814 2066 3916 2119; x_wconf 90' lang='lat' dir='ltr'><strong>boe</strong></span> <span class='ocrx_word' id='word_1_369' title='bbox 3951 2074 4055 2126; x_wconf 88' lang='lat' dir='ltr'><strong>est,</strong></span> 
     </span>
    </p>
   </div>
   <div class='ocr_carea' id='block_1_49' title="bbox 2481 2155 4060 2227">
    <p class='ocr_par' dir='ltr' id='par_1_49' title="bbox 2481 2155 4060 2227">
     <span class='ocr_line' id='line_1_49' title="bbox 2481 2155 4060 2227; baseline 0.003 -20"><span class='ocrx_word' id='word_1_370' title='bbox 2481 2157 2719 2210; x_wconf 87' lang='lat' dir='ltr'><strong>manenti</strong></span> <span class='ocrx_word' id='word_1_371' title='bbox 2759 2155 3005 2225; x_wconf 88' lang='lat' dir='ltr'><strong>Spiritui.</strong></span> <span class='ocrx_word' id='word_1_372' title='bbox 3048 2157 3220 2212; x_wconf 90' lang='lat' dir='ltr'><strong>Porro</strong></span> <span class='ocrx_word' id='word_1_373' title='bbox 3248 2159 3299 2212; x_wconf 94' lang='lat' dir='ltr'><strong>in</strong></span> <span class='ocrx_word' id='word_1_374' title='bbox 3332 2158 3498 2227; x_wconf 80' lang='lat' dir='ltr'><strong>hujus</strong></span> <span class='ocrx_word' id='word_1_375' title='bbox 3550 2159 3759 2213; x_wconf 84' lang='lat' dir='ltr'><strong>ratione</strong></span> <span class='ocrx_word' id='word_1_376' title='bbox 3818 2157 4060 2226; x_wconf 88' lang='lat' dir='ltr'><strong>proprie-</strong></span> 
     </span>
    </p>
   </div>
   <div class='ocr_carea' id='block_1_50' title="bbox 2482 2246 4056 2318">
    <p class='ocr_par' dir='ltr' id='par_1_50' title="bbox 2482 2246 4056 2318">
     <span class='ocr_line' id='line_1_50' title="bbox 2482 2246 4056 2318; baseline 0.001 -20"><span class='ocrx_word' id='word_1_377' title='bbox 2482 2247 2606 2301; x_wconf 85' lang='lat' dir='ltr'><strong>tatis</strong></span> <span class='ocrx_word' id='word_1_378' title='bbox 2646 2255 2750 2312; x_wconf 84' lang='lat' dir='ltr'><strong>est,</strong></span> <span class='ocrx_word' id='word_1_379' title='bbox 2784 2262 2907 2302; x_wconf 90' lang='lat' dir='ltr'><strong>esse</strong></span> <span class='ocrx_word' id='word_1_380' title='bbox 2946 2263 3008 2303; x_wconf 81' lang='lat' dir='ltr'><strong>ex</strong></span> <span class='ocrx_word' id='word_1_381' title='bbox 3054 2246 3218 2304; x_wconf 84' lang='lat' dir='ltr'><strong>Patre</strong></span> <span class='ocrx_word' id='word_1_382' title='bbox 3265 2263 3363 2317; x_wconf 90' lang='lat' dir='ltr'><strong>per</strong></span> <span class='ocrx_word' id='word_1_383' title='bbox 3421 2247 3637 2304; x_wconf 88' lang='lat' dir='ltr'><strong>Filium.</strong></span> <span class='ocrx_word' id='word_1_384' title='bbox 3717 2248 3903 2318; x_wconf 86' lang='lat' dir='ltr'><strong>Itaque</strong></span> <span class='ocrx_word' id='word_1_385' title='bbox 3953 2264 4056 2301; x_wconf 92' lang='lat' dir='ltr'><strong>non</strong></span> 
     </span>
    </p>
   </div>
   <div class='ocr_carea' id='block_1_51' title="bbox 2474 2336 4054 2410">
    <p class='ocr_par' dir='ltr' id='par_1_51' title="bbox 2474 2336 4054 2410">
     <span class='ocr_line' id='line_1_51' title="bbox 2474 2336 4054 2410; baseline 0.003 -20"><span class='ocrx_word' id='word_1_386' title='bbox 2474 2336 2584 2406; x_wconf 90' lang='lat' dir='ltr'><strong>jam</strong></span> <span class='ocrx_word' id='word_1_387' title='bbox 2611 2339 2964 2406; x_wconf 79' lang='lat' dir='ltr'><strong>critSpiritus</strong></span> <span class='ocrx_word' id='word_1_388' title='bbox 2999 2356 3061 2396; x_wconf 82' lang='lat' dir='ltr'><strong>ex</strong></span> <span class='ocrx_word' id='word_1_389' title='bbox 3092 2357 3151 2396; x_wconf 88' lang='lat' dir='ltr'><strong>se</strong></span> <span class='ocrx_word' id='word_1_390' title='bbox 3172 2341 3289 2410; x_wconf 83' lang='lat' dir='ltr'><strong>ipso</strong></span> <span class='ocrx_word' id='word_1_391' title='bbox 3317 2339 3599 2410; x_wconf 82' lang='lat' dir='ltr'><strong>proferens</strong></span> <span class='ocrx_word' id='word_1_392' title='bbox 3629 2339 3920 2409; x_wconf 83' lang='lat' dir='ltr'><strong>Spiritum,</strong></span> <span class='ocrx_word' id='word_1_393' title='bbox 3959 2342 4054 2396; x_wconf 87' lang='lat' dir='ltr'><strong>sed</strong></span> 
     </span>
    </p>
   </div>
   <div class='ocr_carea' id='block_1_52' title="bbox 2477 2425 4058 2500">
    <p class='ocr_par' dir='ltr' id='par_1_52' title="bbox 2477 2425 4058 2500">
     <span class='ocr_line' id='line_1_52' title="bbox 2477 2425 4058 2500; baseline 0.001 -19"><span class='ocrx_word' id='word_1_394' title='bbox 2477 2425 2642 2483; x_wconf 86' lang='lat' dir='ltr'><strong>Pater</strong></span> <span class='ocrx_word' id='word_1_395' title='bbox 2666 2438 2719 2483; x_wconf 89' lang='lat' dir='ltr'><strong>et</strong></span> <span class='ocrx_word' id='word_1_396' title='bbox 2756 2428 2948 2486; x_wconf 86' lang='lat' dir='ltr'><strong>Filius.</strong></span> <span class='ocrx_word' id='word_1_397' title='bbox 2990 2430 3209 2485; x_wconf 88' lang='lat' dir='ltr'><strong>Illorum</strong></span> <span class='ocrx_word' id='word_1_398' title='bbox 3239 2432 3383 2486; x_wconf 89' lang='lat' dir='ltr'><strong>enim</strong></span> <span class='ocrx_word' id='word_1_399' title='bbox 3415 2439 3533 2486; x_wconf 90' lang='lat' dir='ltr'><strong>erat</strong></span> <span class='ocrx_word' id='word_1_400' title='bbox 3563 2430 3832 2500; x_wconf 86' lang='lat' dir='ltr'><strong>inspirare</strong></span> <span class='ocrx_word' id='word_1_401' title='bbox 3887 2431 4058 2499; x_wconf 86' lang='lat' dir='ltr'><strong>Spiri-</strong></span> 
     </span>
    </p>
   </div>
   <div class='ocr_carea' id='block_1_53' title="bbox 2482 2522 3317 2590">
    <p class='ocr_par' dir='ltr' id='par_1_53' title="bbox 2482 2522 3317 2590">
     <span class='ocr_line' id='line_1_53' title="bbox 2482 2522 3317 2590; baseline 0.004 -20"><span class='ocrx_word' id='word_1_402' title='bbox 2482 2528 2591 2572; x_wconf 90' lang='lat' dir='ltr'><strong>tum</strong></span> <span class='ocrx_word' id='word_1_403' title='bbox 2638 2533 2955 2588; x_wconf 78' lang='lat' dir='ltr'><strong>sequentem</strong></span> <span class='ocrx_word' id='word_1_404' title='bbox 3017 2522 3317 2590; x_wconf 88' lang='lat' dir='ltr'><strong>proprium.</strong></span> 
     </span>
    </p>
   </div>
   <div class='ocr_carea' id='block_1_54' title="bbox 2548 2610 4059 2683">
    <p class='ocr_par' dir='ltr' id='par_1_54' title="bbox 2548 2610 4059 2683">
     <span class='ocr_line' id='line_1_54' title="bbox 2548 2610 4059 2683; baseline 0.003 -20"><span class='ocrx_word' id='word_1_405' title='bbox 2548 2610 2842 2666; x_wconf 83' lang='lat' dir='ltr'><strong>Enimvero</strong></span> <span class='ocrx_word' id='word_1_406' title='bbox 2867 2615 3011 2681; x_wconf 91' lang='lat' dir='ltr'><strong>quod</strong></span> <span class='ocrx_word' id='word_1_407' title='bbox 3051 2615 3239 2667; x_wconf 87' lang='lat' dir='ltr'><strong>aiunt:</strong></span> <span class='ocrx_word' id='word_1_408' title='bbox 3292 2612 3558 2683; x_wconf 84' lang='lat' dir='ltr'><strong>Siquidem</strong></span> <span class='ocrx_word' id='word_1_409' title='bbox 3595 2632 3772 2669; x_wconf 87' lang='lat' dir='ltr'><strong>verum</strong></span> <span class='ocrx_word' id='word_1_410' title='bbox 3813 2623 3943 2668; x_wconf 84' lang='lat' dir='ltr'><strong>esset</strong></span> <span class='ocrx_word' id='word_1_411' title='bbox 3995 2630 4059 2668; x_wconf 74' lang='lat' dir='ltr'><strong>ex</strong></span> 
     </span>
    </p>
   </div>
   <div class='ocr_carea' id='block_1_55' title="bbox 2480 2699 4061 2774">
    <p class='ocr_par' dir='ltr' id='par_1_55' title="bbox 2480 2699 4061 2774">
     <span class='ocr_line' id='line_1_55' title="bbox 2480 2699 4061 2774; baseline 0.004 -22"><span class='ocrx_word' id='word_1_412' title='bbox 2480 2699 2612 2752; x_wconf 83' lang='lat' dir='ltr'><strong>Filio</strong></span> <span class='ocrx_word' id='word_1_413' title='bbox 2641 2702 2921 2768; x_wconf 83' lang='lat' dir='ltr'><strong>procedere</strong></span> <span class='ocrx_word' id='word_1_414' title='bbox 2953 2703 3206 2770; x_wconf 81' lang='lat' dir='ltr'><strong>Spiritum</strong></span> <span class='ocrx_word' id='word_1_415' title='bbox 3266 2716 3531 2769; x_wconf 85' lang='lat' dir='ltr'><strong>sanctum,</strong></span> <span class='ocrx_word' id='word_1_416' title='bbox 3593 2707 3864 2774; x_wconf 85' lang='lat' dir='ltr'><strong>oportebat</strong></span> <span class='ocrx_word' id='word_1_417' title='bbox 3919 2708 4061 2759; x_wconf 82' lang='lat' dir='ltr'><strong>anti-</strong></span> 
     </span>
    </p>
   </div>
   <div class='ocr_carea' id='block_1_56' title="bbox 2479 2791 4060 2866">
    <p class='ocr_par' dir='ltr' id='par_1_56' title="bbox 2479 2791 4060 2866">
     <span class='ocr_line' id='line_1_56' title="bbox 2479 2791 4060 2866; baseline 0.003 -23"><span class='ocrx_word' id='word_1_418' title='bbox 2479 2809 2607 2860; x_wconf 86' lang='lat' dir='ltr'><strong>quos</strong></span> <span class='ocrx_word' id='word_1_419' title='bbox 2641 2791 2854 2856; x_wconf 87' lang='lat' dir='ltr'><strong>Patres,</strong></span> <span class='ocrx_word' id='word_1_420' title='bbox 2910 2809 3027 2846; x_wconf 89' lang='lat' dir='ltr'><strong>cum</strong></span> <span class='ocrx_word' id='word_1_421' title='bbox 3096 2809 3193 2861; x_wconf 88' lang='lat' dir='ltr'><strong>pro</strong></span> <span class='ocrx_word' id='word_1_422' title='bbox 3270 2794 3535 2864; x_wconf 86' lang='lat' dir='ltr'><strong>Unigeniti</strong></span> <span class='ocrx_word' id='word_1_423' title='bbox 3593 2797 3760 2866; x_wconf 87' lang='lat' dir='ltr'><strong>gloria</strong></span> <span class='ocrx_word' id='word_1_424' title='bbox 3810 2797 4060 2849; x_wconf 81' lang='lat' dir='ltr'><strong>adversus</strong></span> 
     </span>
    </p>
   </div>
   <div class='ocr_carea' id='block_1_57' title="bbox 2479 2884 4060 2955">
    <p class='ocr_par' dir='ltr' id='par_1_57' title="bbox 2479 2884 4060 2955">
     <span class='ocr_line' id='line_1_57' title="bbox 2479 2884 4060 2955; baseline 0.004 -21"><span class='ocrx_word' id='word_1_425' title='bbox 2479 2884 2664 2934; x_wconf 79' lang='lat' dir='ltr'><strong>Arium</strong></span> <span class='ocrx_word' id='word_1_426' title='bbox 2717 2893 3032 2952; x_wconf 84' lang='lat' dir='ltr'><strong>pugnarent,</strong></span> <span class='ocrx_word' id='word_1_427' title='bbox 3089 2885 3158 2938; x_wconf 90' lang='lat' dir='ltr'><strong>ad</strong></span> <span class='ocrx_word' id='word_1_428' title='bbox 3215 2889 3688 2940; x_wconf 86' lang='lat' dir='ltr'><strong>commendationm</strong></span> <span class='ocrx_word' id='word_1_429' title='bbox 3757 2888 3924 2955; x_wconf 84' lang='lat' dir='ltr'><strong>ipsius</strong></span> <span class='ocrx_word' id='word_1_430' title='bbox 3991 2891 4060 2940; x_wconf 85' lang='lat' dir='ltr'><strong>ad</strong></span> 
     </span>
    </p>
   </div>
   <div class='ocr_carea' id='block_1_58' title="bbox 2478 2975 4060 3045">
    <p class='ocr_par' dir='ltr' id='par_1_58' title="bbox 2478 2975 4060 3045">
     <span class='ocr_line' id='line_1_58' title="bbox 2478 2975 4060 3045; baseline 0.003 -16"><span class='ocrx_word' id='word_1_431' title='bbox 2478 2975 2690 3030; x_wconf 85' lang='lat' dir='ltr'><strong>Patrem</strong></span> <span class='ocrx_word' id='word_1_432' title='bbox 2747 2978 3093 3042; x_wconf 82' lang='lat' dir='ltr'><strong>a’qualilalis,</strong></span> <span class='ocrx_word' id='word_1_433' title='bbox 3157 2980 3377 3032; x_wconf 84' lang='lat' dir='ltr'><strong>unitatis</strong></span> <span class='ocrx_word' id='word_1_434' title='bbox 3423 2980 3517 3032; x_wconf 91' lang='lat' dir='ltr'><strong>hoc</strong></span> <span class='ocrx_word' id='word_1_435' title='bbox 3571 2981 3775 3045; x_wconf 86' lang='lat' dir='ltr'><strong>dicere;</strong></span> <span class='ocrx_word' id='word_1_436' title='bbox 3836 2981 3882 3032; x_wconf 88' lang='lat' dir='ltr'><strong>si</strong></span> <span class='ocrx_word' id='word_1_437' title='bbox 3924 2983 4060 3033; x_wconf 86' lang='lat' dir='ltr'><strong>enim</strong></span> 
     </span>
    </p>
   </div>
   <div class='ocr_carea' id='block_1_59' title="bbox 2479 3065 4054 3139">
    <p class='ocr_par' dir='ltr' id='par_1_59' title="bbox 2479 3065 4054 3139">
     <span class='ocr_line' id='line_1_59' title="bbox 2479 3065 4054 3139; baseline 0.002 -21"><span class='ocrx_word' id='word_1_438' title='bbox 2479 3084 2510 3118; x_wconf 83' lang='grc' dir='ltr'><em>α</em></span> <span class='ocrx_word' id='word_1_439' title='bbox 2543 3065 2833 3119; x_wconf 84' lang='lat' dir='ltr'><strong>minoribus</strong></span> <span class='ocrx_word' id='word_1_440' title='bbox 2866 3067 2963 3120; x_wconf 89' lang='lat' dir='ltr'><strong>hoc</strong></span> <span class='ocrx_word' id='word_1_441' title='bbox 3006 3068 3377 3132; x_wconf 87' lang='lat' dir='ltr'><strong>moliebantur,</strong></span> <span class='ocrx_word' id='word_1_442' title='bbox 3423 3069 3573 3138; x_wconf 81' lang='lat' dir='ltr'><strong>longe</strong></span> <span class='ocrx_word' id='word_1_443' title='bbox 3622 3070 3792 3139; x_wconf 83' lang='lat' dir='ltr'><strong>magis</strong></span> <span class='ocrx_word' id='word_1_444' title='bbox 3822 3087 3853 3122; x_wconf 92' lang='lat' dir='ltr'><strong>a</strong></span> <span class='ocrx_word' id='word_1_445' title='bbox 3881 3070 4054 3138; x_wconf 82' lang='lat' dir='ltr'><strong>majo-</strong></span> 
     </span>
    </p>
   </div>
   <div class='ocr_carea' id='block_1_60' title="bbox 855 3157 4058 3236">
    <p class='ocr_par' dir='ltr' id='par_1_60' title="bbox 855 3157 4058 3236">
     <span class='ocr_line' id='line_1_60' title="bbox 855 3157 4058 3236; baseline 0.002 -24"><span class='ocrx_word' id='word_1_446' title='bbox 855 3160 925 3212; x_wconf 78' lang='lat' dir='ltr'><strong>Ex</strong></span> <span class='ocrx_word' id='word_1_447' title='bbox 964 3160 1048 3213; x_wconf 86' lang='lat' dir='ltr'><strong>his</strong></span> <span class='ocrx_word' id='word_1_448' title='bbox 1087 3171 1293 3225; x_wconf 86' lang='lat' dir='ltr'><strong>autem,</strong></span> <span class='ocrx_word' id='word_1_449' title='bbox 1327 3171 1379 3216; x_wconf 85' lang='lat' dir='ltr'><strong>et</strong></span> <span class='ocrx_word' id='word_1_450' title='bbox 1403 3162 1528 3230; x_wconf 89' lang='lat' dir='ltr'><strong>ejus</strong></span> <span class='ocrx_word' id='word_1_451' title='bbox 1576 3163 1703 3218; x_wconf 89' lang='lat' dir='ltr'><strong>dicti</strong></span> <span class='ocrx_word' id='word_1_452' title='bbox 1765 3163 1960 3218; x_wconf 87' lang='lat' dir='ltr'><strong>solutio</strong></span> <span class='ocrx_word' id='word_1_453' title='bbox 2004 3175 2171 3236; x_wconf 85' lang='lat' dir='ltr'><strong>patet,</strong></span> <span class='ocrx_word' id='word_1_454' title='bbox 2230 3170 2448 3236; x_wconf 85' lang='lat' dir='ltr'><strong>quoth</strong></span> <span class='ocrx_word' id='word_1_455' title='bbox 2481 3157 2620 3211; x_wconf 66' lang='lat' dir='ltr'><strong>ribus</strong></span> <span class='ocrx_word' id='word_1_456' title='bbox 2676 3157 2731 3210; x_wconf 79' lang='lat' dir='ltr'><strong>id</strong></span> <span class='ocrx_word' id='word_1_457' title='bbox 2762 3159 3034 3225; x_wconf 75' lang='lat' dir='ltr'><strong>oportebat</strong></span> <span class='ocrx_word' id='word_1_458' title='bbox 3063 3160 3270 3228; x_wconf 79' lang='lat' dir='ltr'><strong>facere;</strong></span> <span class='ocrx_word' id='word_1_459' title='bbox 3319 3161 3445 3228; x_wconf 82' lang='lat' dir='ltr'><strong>quia</strong></span> <span class='ocrx_word' id='word_1_460' title='bbox 3487 3175 3604 3213; x_wconf 83' lang='lat' dir='ltr'><strong>vero</strong></span> <span class='ocrx_word' id='word_1_461' title='bbox 3651 3177 3752 3213; x_wconf 83' lang='lat' dir='ltr'><strong>non</strong></span> <span class='ocrx_word' id='word_1_462' title='bbox 3809 3161 3862 3212; x_wconf 85' lang='lat' dir='ltr'><strong>id</strong></span> <span class='ocrx_word' id='word_1_463' title='bbox 3913 3161 4058 3212; x_wconf 64' lang='lat' dir='ltr'><strong>dire-</strong></span> 
     </span>
    </p>
   </div>
   <div class='ocr_carea' id='block_1_61' title="bbox 784 3249 2377 3328">
    <p class='ocr_par' dir='ltr' id='par_1_61' title="bbox 784 3249 2377 3328">
     <span class='ocr_line' id='line_1_61' title="bbox 784 3249 2377 3328; baseline 0.006 -26"><span class='ocrx_word' id='word_1_464' title='bbox 784 3251 836 3302; x_wconf 89' lang='lat' dir='ltr'><strong>in</strong></span> <span class='ocrx_word' id='word_1_465' title='bbox 863 3249 1258 3319; x_wconf 78' lang='lat' dir='ltr'><strong>Nicenoprimo</strong></span> <span class='ocrx_word' id='word_1_466' title='bbox 1323 3255 1559 3308; x_wconf 90' lang='lat' dir='ltr'><strong>concilio</strong></span> <span class='ocrx_word' id='word_1_467' title='bbox 1619 3256 1685 3310; x_wconf 86' lang='lat' dir='ltr'><strong>ad</strong></span> <span class='ocrx_word' id='word_1_468' title='bbox 1738 3256 2077 3312; x_wconf 71' lang='lat' dir='ltr'><strong>litesitanlem</strong></span> <span class='ocrx_word' id='word_1_469' title='bbox 2141 3259 2377 3328; x_wconf 81' lang='lat' dir='ltr'><strong>philoso-</strong></span> 
     </span>
    </p>
   </div>
   <div class='ocr_carea' id='block_1_62' title="bbox 788 3343 2374 3412">
    <p class='ocr_par' dir='ltr' id='par_1_62' title="bbox 788 3343 2374 3412">
     <span class='ocr_line' id='line_1_62' title="bbox 788 3343 2374 3412; baseline 0.009 -20"><span class='ocrx_word' id='word_1_470' title='bbox 788 3343 953 3408; x_wconf 88' lang='lat' dir='ltr'><strong>phum</strong></span> <span class='ocrx_word' id='word_1_471' title='bbox 1012 3344 1216 3397; x_wconf 92' lang='lat' dir='ltr'><strong>dictum</strong></span> <span class='ocrx_word' id='word_1_472' title='bbox 1274 3346 1597 3412; x_wconf 81' lang='lat' dir='ltr'><strong>proferunt;</strong></span> <span class='ocrx_word' id='word_1_473' title='bbox 1668 3350 1747 3402; x_wconf 91' lang='lat' dir='ltr'><strong>sic</strong></span> <span class='ocrx_word' id='word_1_474' title='bbox 1791 3349 1932 3403; x_wconf 87' lang='lat' dir='ltr'><strong>cnim</strong></span> <span class='ocrx_word' id='word_1_475' title='bbox 1968 3349 2078 3404; x_wconf 92' lang='lat' dir='ltr'><strong>illic</strong></span> <span class='ocrx_word' id='word_1_476' title='bbox 2104 3352 2256 3406; x_wconf 92' lang='lat' dir='ltr'><strong>aiunt</strong></span> <span class='ocrx_word' id='word_1_477' title='bbox 2307 3355 2374 3406; x_wconf 89' lang='lat' dir='ltr'><strong>ad</strong></span> 
     </span>
    </p>
   </div>
   <div class='ocr_carea' id='block_1_63' title="bbox 783 3434 2376 3513">
    <p class='ocr_par' dir='ltr' id='par_1_63' title="bbox 783 3434 2376 3513">
     <span class='ocr_line' id='line_1_63' title="bbox 783 3434 2376 3513; baseline 0.006 -25"><span class='ocrx_word' id='word_1_478' title='bbox 783 3435 932 3488; x_wconf 84' lang='lat' dir='ltr'><strong>illum</strong></span> <span class='ocrx_word' id='word_1_479' title='bbox 968 3434 1158 3493; x_wconf 63' lang='lat' dir='ltr'><strong>Patras</strong></span> <span class='ocrx_word' id='word_1_480' title='bbox 1181 3476 1194 3490; x_wconf 92' lang='lat'><strong>.</strong></span> <span class='ocrx_word' id='word_1_481' title='bbox 1221 3436 1436 3507; x_wconf 84' lang='lat' dir='ltr'><strong>Suscipe</strong></span> <span class='ocrx_word' id='word_1_482' title='bbox 1467 3455 1625 3492; x_wconf 88' lang='lat' dir='ltr'><strong>unam</strong></span> <span class='ocrx_word' id='word_1_483' title='bbox 1677 3441 2011 3496; x_wconf 87' lang='lat' dir='ltr'><strong>divinitatem</strong></span> <span class='ocrx_word' id='word_1_484' title='bbox 2049 3441 2252 3510; x_wconf 73' lang='lat' dir='ltr'><strong>Patris,</strong></span> <span class='ocrx_word' id='word_1_485' title='bbox 2287 3447 2376 3513; x_wconf 84' lang='lat' dir='ltr'><strong>qui</strong></span> 
     </span>
    </p>
   </div>
   <div class='ocr_carea' id='block_1_64' title="bbox 784 3525 2372 3610">
    <p class='ocr_par' dir='ltr' id='par_1_64' title="bbox 784 3525 2372 3610">
     <span class='ocr_line' id='line_1_64' title="bbox 784 3525 2372 3610; baseline 0.009 -32"><span class='ocrx_word' id='word_1_486' title='bbox 784 3525 984 3580; x_wconf 75' lang='lat' dir='ltr'><strong>Filium</strong></span> <span class='ocrx_word' id='word_1_487' title='bbox 1013 3529 1354 3597; x_wconf 74' lang='lat' dir='ltr'><strong>ineﬁ&#39;abiliter</strong></span> <span class='ocrx_word' id='word_1_488' title='bbox 1377 3533 1580 3601; x_wconf 86' lang='lat' dir='ltr'><strong>genuit,</strong></span> <span class='ocrx_word' id='word_1_489' title='bbox 1649 3533 1876 3604; x_wconf 83' lang='lat' dir='ltr'><strong>Filiique</strong></span> <span class='ocrx_word' id='word_1_490' title='bbox 1928 3553 1993 3590; x_wconf 74' lang='lat' dir='ltr'><strong>ea:</strong></span> <span class='ocrx_word' id='word_1_491' title='bbox 2044 3539 2158 3607; x_wconf 91' lang='lat' dir='ltr'><strong>ipso</strong></span> <span class='ocrx_word' id='word_1_492' title='bbox 2192 3542 2372 3610; x_wconf 88' lang='lat' dir='ltr'><strong>geniti,</strong></span> 
     </span>
    </p>
   </div>
   <div class='ocr_carea' id='block_1_65' title="bbox 779 3618 2377 3698">
    <p class='ocr_par' dir='ltr' id='par_1_65' title="bbox 779 3618 2377 3698">
     <span class='ocr_line' id='line_1_65' title="bbox 779 3618 2377 3698; baseline 0.009 -29"><span class='ocrx_word' id='word_1_493' title='bbox 779 3627 828 3669; x_wconf 89' lang='lat' dir='ltr'><strong>et</strong></span> <span class='ocrx_word' id='word_1_494' title='bbox 862 3620 1038 3670; x_wconf 76' lang='lat' dir='ltr'><strong>sancti</strong></span> <span class='ocrx_word' id='word_1_495' title='bbox 1069 3618 1328 3686; x_wconf 85' lang='lat' dir='ltr'><strong>Spiritus,</strong></span> <span class='ocrx_word' id='word_1_496' title='bbox 1367 3623 1456 3691; x_wconf 86' lang='lat' dir='ltr'><strong>qui</strong></span> <span class='ocrx_word' id='word_1_497' title='bbox 1480 3641 1544 3676; x_wconf 83' lang='lat' dir='ltr'><strong>ea:</strong></span> <span class='ocrx_word' id='word_1_498' title='bbox 1565 3626 1677 3691; x_wconf 84' lang='lat' dir='ltr'><strong>ipso</strong></span> <span class='ocrx_word' id='word_1_499' title='bbox 1726 3627 1961 3692; x_wconf 79' lang='lat' dir='ltr'><strong>procedit</strong></span> <span class='ocrx_word' id='word_1_500' title='bbox 2018 3627 2196 3695; x_wconf 84' lang='lat' dir='ltr'><strong>Patre,</strong></span> <span class='ocrx_word' id='word_1_501' title='bbox 2255 3646 2377 3698; x_wconf 53' lang='lat' dir='ltr'><strong>pro-</strong></span> 
     </span>
    </p>
   </div>
   <div class='ocr_carea' id='block_1_66' title="bbox 780 3709 2375 3790">
    <p class='ocr_par' dir='ltr' id='par_1_66' title="bbox 780 3709 2375 3790">
     <span class='ocr_line' id='line_1_66' title="bbox 780 3709 2375 3790; baseline 0.01 -30"><span class='ocrx_word' id='word_1_502' title='bbox 780 3712 1030 3779; x_wconf 84' lang='lat' dir='ltr'><strong>priusque</strong></span> <span class='ocrx_word' id='word_1_503' title='bbox 1078 3709 1204 3765; x_wconf 86' lang='lat' dir='ltr'><strong>Filii</strong></span> <span class='ocrx_word' id='word_1_504' title='bbox 1262 3725 1358 3769; x_wconf 89' lang='lat' dir='ltr'><strong>est.</strong></span> <span class='ocrx_word' id='word_1_505' title='bbox 1420 3714 1666 3785; x_wconf 80' lang='lat' dir='ltr'><strong>Namque</strong></span> <span class='ocrx_word' id='word_1_506' title='bbox 1737 3733 1800 3771; x_wconf 83' lang='lat' dir='ltr'><strong>ex</strong></span> <span class='ocrx_word' id='word_1_507' title='bbox 1848 3719 1962 3785; x_wconf 90' lang='lat' dir='ltr'><strong>ipso</strong></span> <span class='ocrx_word' id='word_1_508' title='bbox 1988 3718 2167 3779; x_wconf 86' lang='lat' dir='ltr'><strong>Patre.</strong></span> <span class='ocrx_word' id='word_1_509' title='bbox 2223 3722 2375 3790; x_wconf 90' lang='lat' dir='ltr'><strong>quasi</strong></span> 
     </span>
    </p>
   </div>
   <div class='ocr_carea' id='block_1_67' title="bbox 779 3803 2379 3882">
    <p class='ocr_par' dir='ltr' id='par_1_67' title="bbox 779 3803 2379 3882">
     <span class='ocr_line' id='line_1_67' title="bbox 779 3803 2379 3882; baseline 0.008 -28"><span class='ocrx_word' id='word_1_510' title='bbox 779 3803 950 3873; x_wconf 80' lang='lat' dir='ltr'><strong>digito</strong></span> <span class='ocrx_word' id='word_1_511' title='bbox 979 3806 1346 3882; x_wconf 66' lang='lat' dir='ltr'><strong>05tenderent,</strong></span> <span class='ocrx_word' id='word_1_512' title='bbox 1378 3808 1652 3870; x_wconf 81' lang='lat' dir='ltr'><strong>dixerunt,</strong></span> <span class='ocrx_word' id='word_1_513' title='bbox 1675 3811 1961 3877; x_wconf 81' lang='lat' dir='ltr'><strong>pessimam</strong></span> <span class='ocrx_word' id='word_1_514' title='bbox 1993 3813 2379 3867; x_wconf 89' lang='lat' dir='ltr'><strong>contradictio-</strong></span> 
     </span>
    </p>
   </div>
   <div class='ocr_carea' id='block_1_68' title="bbox 781 3896 2376 3974">
    <p class='ocr_par' dir='ltr' id='par_1_68' title="bbox 781 3896 2376 3974">
     <span class='ocr_line' id='line_1_68' title="bbox 781 3896 2376 3974; baseline 0.009 -27"><span class='ocrx_word' id='word_1_515' title='bbox 781 3911 904 3948; x_wconf 89' lang='lat' dir='ltr'><strong>nem</strong></span> <span class='ocrx_word' id='word_1_516' title='bbox 959 3896 1286 3964; x_wconf 77' lang='lat' dir='ltr'><strong>auferentes,</strong></span> <span class='ocrx_word' id='word_1_517' title='bbox 1336 3901 1426 3969; x_wconf 92' lang='lat' dir='ltr'><strong>qui</strong></span> <span class='ocrx_word' id='word_1_518' title='bbox 1478 3916 1586 3955; x_wconf 91' lang='lat' dir='ltr'><strong>non</strong></span> <span class='ocrx_word' id='word_1_519' title='bbox 1610 3918 1674 3954; x_wconf 80' lang='lat' dir='ltr'><strong>ex</strong></span> <span class='ocrx_word' id='word_1_520' title='bbox 1720 3903 1836 3972; x_wconf 89' lang='lat' dir='ltr'><strong>ipso</strong></span> <span class='ocrx_word' id='word_1_521' title='bbox 1888 3900 2066 3967; x_wconf 89' lang='lat' dir='ltr'><strong>Patre,</strong></span> <span class='ocrx_word' id='word_1_522' title='bbox 2113 3920 2286 3974; x_wconf 91' lang='lat' dir='ltr'><strong>neque</strong></span> <span class='ocrx_word' id='word_1_523' title='bbox 2311 3923 2376 3961; x_wconf 82' lang='lat' dir='ltr'><strong>ex</strong></span> 
     </span>
    </p>
   </div>
   <div class='ocr_carea' id='block_1_69' title="bbox 784 3990 2379 4066">
    <p class='ocr_par' dir='ltr' id='par_1_69' title="bbox 784 3990 2379 4066">
     <span class='ocr_line' id='line_1_69' title="bbox 784 3990 2379 4066; baseline 0.009 -27"><span class='ocrx_word' id='word_1_524' title='bbox 784 3991 901 4057; x_wconf 83' lang='lat' dir='ltr'><strong>ejus</strong></span> <span class='ocrx_word' id='word_1_525' title='bbox 937 3990 1262 4054; x_wconf 83' lang='lat' dir='ltr'><strong>substantia,</strong></span> <span class='ocrx_word' id='word_1_526' title='bbox 1292 3994 1384 4045; x_wconf 90' lang='lat' dir='ltr'><strong>sed</strong></span> <span class='ocrx_word' id='word_1_527' title='bbox 1417 4009 1481 4046; x_wconf 82' lang='lat' dir='ltr'><strong>ex</strong></span> <span class='ocrx_word' id='word_1_528' title='bbox 1544 3995 1712 4048; x_wconf 90' lang='lat' dir='ltr'><strong>altera</strong></span> <span class='ocrx_word' id='word_1_529' title='bbox 1762 3998 2005 4050; x_wconf 71' lang='lat' dir='ltr'><strong>es~entia</strong></span> <span class='ocrx_word' id='word_1_530' title='bbox 2048 4008 2211 4066; x_wconf 89' lang='lat' dir='ltr'><strong>atque</strong></span> <span class='ocrx_word' id='word_1_531' title='bbox 2251 4001 2379 4054; x_wconf 82' lang='lat' dir='ltr'><strong>sub-</strong></span> 
     </span>
    </p>
   </div>
   <div class='ocr_carea' id='block_1_70' title="bbox 780 4081 2374 4156">
    <p class='ocr_par' dir='ltr' id='par_1_70' title="bbox 780 4081 2374 4156">
     <span class='ocr_line' id='line_1_70' title="bbox 780 4081 2374 4156; baseline 0.006 -22"><span class='ocrx_word' id='word_1_532' title='bbox 780 4084 984 4134; x_wconf 86' lang='lat' dir='ltr'><strong>stantia</strong></span> <span class='ocrx_word' id='word_1_533' title='bbox 1019 4081 1214 4138; x_wconf 86' lang='lat' dir='ltr'><strong>Filium</strong></span> <span class='ocrx_word' id='word_1_534' title='bbox 1252 4100 1372 4139; x_wconf 90' lang='lat' dir='ltr'><strong>esse</strong></span> <span class='ocrx_word' id='word_1_535' title='bbox 1417 4086 1894 4156; x_wconf 84' lang='lat' dir='ltr'><strong>blaspliemabant.</strong></span> <span class='ocrx_word' id='word_1_536' title='bbox 1965 4088 2021 4142; x_wconf 91' lang='lat' dir='ltr'><strong>Si</strong></span> <span class='ocrx_word' id='word_1_537' title='bbox 2078 4098 2257 4143; x_wconf 91' lang='lat' dir='ltr'><strong>autem</strong></span> <span class='ocrx_word' id='word_1_538' title='bbox 2311 4105 2374 4143; x_wconf 83' lang='lat' dir='ltr'><strong>ex</strong></span> 
     </span>
    </p>
   </div>
   <div class='ocr_carea' id='block_1_71' title="bbox 784 4171 2375 4245">
    <p class='ocr_par' dir='ltr' id='par_1_71' title="bbox 784 4171 2375 4245">
     <span class='ocr_line' id='line_1_71' title="bbox 784 4171 2375 4245; baseline 0.006 -22"><span class='ocrx_word' id='word_1_539' title='bbox 784 4171 943 4225; x_wconf 85' lang='lat' dir='ltr'><strong>Patre</strong></span> <span class='ocrx_word' id='word_1_540' title='bbox 980 4175 1196 4239; x_wconf 80' lang='lat' dir='ltr'><strong>dicitur,</strong></span> <span class='ocrx_word' id='word_1_541' title='bbox 1229 4175 1321 4229; x_wconf 90' lang='lat' dir='ltr'><strong>sed</strong></span> <span class='ocrx_word' id='word_1_542' title='bbox 1368 4175 1524 4245; x_wconf 84' lang='lat' dir='ltr'><strong>juxta</strong></span> <span class='ocrx_word' id='word_1_543' title='bbox 1589 4177 1935 4244; x_wconf 87' lang='lat' dir='ltr'><strong>procedentis</strong></span> <span class='ocrx_word' id='word_1_544' title='bbox 1973 4179 2285 4240; x_wconf 85' lang='lat' dir='ltr'><strong>terminum,</strong></span> <span class='ocrx_word' id='word_1_545' title='bbox 2311 4195 2375 4234; x_wconf 81' lang='lat' dir='ltr'><strong>ex</strong></span> 
     </span>
    </p>
   </div>
   <div class='ocr_carea' id='block_1_72' title="bbox 784 4266 2379 4342">
    <p class='ocr_par' dir='ltr' id='par_1_72' title="bbox 784 4266 2379 4342">
     <span class='ocr_line' id='line_1_72' title="bbox 784 4266 2379 4342; baseline 0.007 -25"><span class='ocrx_word' id='word_1_546' title='bbox 784 4266 941 4320; x_wconf 86' lang='lat' dir='ltr'><strong>Patre</strong></span> <span class='ocrx_word' id='word_1_547' title='bbox 974 4283 1070 4336; x_wconf 81' lang='lat' dir='ltr'><strong>per</strong></span> <span class='ocrx_word' id='word_1_548' title='bbox 1087 4268 1282 4322; x_wconf 82' lang='lat' dir='ltr'><strong>Filium</strong></span> <span class='ocrx_word' id='word_1_549' title='bbox 1311 4270 1591 4338; x_wconf 87' lang='lat' dir='ltr'><strong>procedit:</strong></span> <span class='ocrx_word' id='word_1_550' title='bbox 1627 4272 1695 4322; x_wconf 85' lang='lat' dir='ltr'><strong>ita</strong></span> <span class='ocrx_word' id='word_1_551' title='bbox 1725 4272 1866 4324; x_wconf 85' lang='lat' dir='ltr'><strong>enim</strong></span> <span class='ocrx_word' id='word_1_552' title='bbox 1914 4288 1979 4326; x_wconf 78' lang='lat' dir='ltr'><strong>ex</strong></span> <span class='ocrx_word' id='word_1_553' title='bbox 2045 4271 2206 4328; x_wconf 92' lang='lat' dir='ltr'><strong>Patre</strong></span> <span class='ocrx_word' id='word_1_554' title='bbox 2254 4290 2379 4342; x_wconf 90' lang='lat' dir='ltr'><strong>pro—</strong></span> 
     </span>
    </p>
   </div>
   <div class='ocr_carea' id='block_1_73' title="bbox 780 4359 2379 4433">
    <p class='ocr_par' dir='ltr' id='par_1_73' title="bbox 780 4359 2379 4433">
     <span class='ocr_line' id='line_1_73' title="bbox 780 4359 2379 4433; baseline 0.004 -21"><span class='ocrx_word' id='word_1_555' title='bbox 780 4359 994 4424; x_wconf 84' lang='lat' dir='ltr'><strong>cedere,</strong></span> <span class='ocrx_word' id='word_1_556' title='bbox 1032 4375 1125 4428; x_wconf 85' lang='lat' dir='ltr'><strong>pro</strong></span> <span class='ocrx_word' id='word_1_557' title='bbox 1151 4377 1214 4413; x_wconf 82' lang='lat' dir='ltr'><strong>eo</strong></span> <span class='ocrx_word' id='word_1_558' title='bbox 1247 4362 1388 4431; x_wconf 92' lang='lat' dir='ltr'><strong>quod</strong></span> <span class='ocrx_word' id='word_1_559' title='bbox 1425 4375 1506 4415; x_wconf 90' lang='lat' dir='ltr'><strong>est</strong></span> <span class='ocrx_word' id='word_1_560' title='bbox 1540 4377 1602 4415; x_wconf 83' lang='lat' dir='ltr'><strong>ex</strong></span> <span class='ocrx_word' id='word_1_561' title='bbox 1635 4364 1797 4417; x_wconf 87' lang='lat' dir='ltr'><strong>Patre</strong></span> <span class='ocrx_word' id='word_1_562' title='bbox 1855 4378 1952 4430; x_wconf 86' lang='lat' dir='ltr'><strong>per</strong></span> <span class='ocrx_word' id='word_1_563' title='bbox 2013 4363 2207 4419; x_wconf 84' lang='lat' dir='ltr'><strong>Filium</strong></span> <span class='ocrx_word' id='word_1_564' title='bbox 2256 4380 2379 4433; x_wconf 87' lang='lat' dir='ltr'><strong>pro-</strong></span> 
     </span>
    </p>
   </div>
   <div class='ocr_carea' id='block_1_74' title="bbox 780 4453 2378 4524">
    <p class='ocr_par' dir='ltr' id='par_1_74' title="bbox 780 4453 2378 4524">
     <span class='ocr_line' id='line_1_74' title="bbox 780 4453 2378 4524; baseline 0.004 -19"><span class='ocrx_word' id='word_1_565' title='bbox 780 4453 994 4514; x_wconf 76' lang='lat' dir='ltr'><strong>cedere,</strong></span> <span class='ocrx_word' id='word_1_566' title='bbox 1026 4461 1373 4521; x_wconf 79' lang='lat' dir='ltr'><strong>acceperunt,</strong></span> <span class='ocrx_word' id='word_1_567' title='bbox 1401 4454 1518 4523; x_wconf 82' lang='lat' dir='ltr'><strong>ejus</strong></span> <span class='ocrx_word' id='word_1_568' title='bbox 1577 4455 1720 4522; x_wconf 85' lang='lat' dir='ltr'><strong>quod</strong></span> <span class='ocrx_word' id='word_1_569' title='bbox 1755 4465 1831 4508; x_wconf 91' lang='lat' dir='ltr'><strong>est</strong></span> <span class='ocrx_word' id='word_1_570' title='bbox 1894 4457 2207 4524; x_wconf 84' lang='lat' dir='ltr'><strong>procedere,</strong></span> <span class='ocrx_word' id='word_1_571' title='bbox 2246 4472 2378 4511; x_wconf 87' lang='lat' dir='ltr'><strong>con-</strong></span> 
     </span>
    </p>
   </div>
   <div class='ocr_carea' id='block_1_75' title="bbox 2479 3251 4061 3320">
    <p class='ocr_par' dir='ltr' id='par_1_75' title="bbox 2479 3251 4061 3320">
     <span class='ocr_line' id='line_1_75' title="bbox 2479 3251 4061 3320; baseline 0.003 -20"><span class='ocrx_word' id='word_1_572' title='bbox 2479 3261 2624 3314; x_wconf 86' lang='lat' dir='ltr'><strong>runt,</strong></span> <span class='ocrx_word' id='word_1_573' title='bbox 2649 3251 2810 3318; x_wconf 90' lang='lat' dir='ltr'><strong>liquet</strong></span> <span class='ocrx_word' id='word_1_574' title='bbox 2852 3254 2976 3319; x_wconf 89' lang='lat' dir='ltr'><strong>quia</strong></span> <span class='ocrx_word' id='word_1_575' title='bbox 3014 3267 3115 3304; x_wconf 91' lang='lat' dir='ltr'><strong>non</strong></span> <span class='ocrx_word' id='word_1_576' title='bbox 3153 3252 3228 3304; x_wconf 85' lang='lat' dir='ltr'><strong>ita</strong></span> <span class='ocrx_word' id='word_1_577' title='bbox 3292 3252 3491 3320; x_wconf 86' lang='lat' dir='ltr'><strong>opinati</strong></span> <span class='ocrx_word' id='word_1_578' title='bbox 3524 3260 3669 3316; x_wconf 90' lang='lat' dir='ltr'><strong>sunt,</strong></span> <span class='ocrx_word' id='word_1_579' title='bbox 3724 3253 3924 3306; x_wconf 89' lang='lat' dir='ltr'><strong>nullam</strong></span> <span class='ocrx_word' id='word_1_580' title='bbox 3983 3252 4061 3305; x_wconf 86' lang='lat' dir='ltr'><strong>itt-</strong></span> 
     </span>
    </p>
   </div>
   <div class='ocr_carea' id='block_1_76' title="bbox 2479 3343 3072 3398">
    <p class='ocr_par' dir='ltr' id='par_1_76' title="bbox 2479 3343 3072 3398">
     <span class='ocr_line' id='line_1_76' title="bbox 2479 3343 3072 3398; baseline 0.005 -3"><span class='ocrx_word' id='word_1_581' title='bbox 2479 3343 2628 3397; x_wconf 90' lang='lat' dir='ltr'><strong>ducit</strong></span> <span class='ocrx_word' id='word_1_582' title='bbox 2663 3343 3072 3398; x_wconf 84' lang='lat' dir='ltr'><strong>necessitatem.</strong></span> 
     </span>
    </p>
   </div>
   <div class='ocr_carea' id='block_1_77' title="bbox 2550 3433 4064 3507">
    <p class='ocr_par' dir='ltr' id='par_1_77' title="bbox 2550 3433 4064 3507">
     <span class='ocr_line' id='line_1_77' title="bbox 2550 3433 4064 3507; baseline 0.004 -21"><span class='ocrx_word' id='word_1_583' title='bbox 2550 3433 2794 3488; x_wconf 82' lang='lat' dir='ltr'><strong>Pruuuni</strong></span> <span class='ocrx_word' id='word_1_584' title='bbox 2855 3435 3097 3503; x_wconf 87' lang='lat' dir='ltr'><strong>quidem,</strong></span> <span class='ocrx_word' id='word_1_585' title='bbox 3170 3437 3300 3507; x_wconf 88' lang='lat' dir='ltr'><strong>qnia</strong></span> <span class='ocrx_word' id='word_1_586' title='bbox 3364 3437 3552 3492; x_wconf 79' lang='lat' dir='ltr'><strong>Ariani</strong></span> <span class='ocrx_word' id='word_1_587' title='bbox 3625 3437 4064 3506; x_wconf 86' lang='lat' dir='ltr'><strong>blaspbemantes</strong></span> 
     </span>
    </p>
   </div>
   <div class='ocr_carea' id='block_1_78' title="bbox 2482 3525 4064 3585">
    <p class='ocr_par' dir='ltr' id='par_1_78' title="bbox 2482 3525 4064 3585">
     <span class='ocr_line' id='line_1_78' title="bbox 2482 3525 4064 3585; baseline 0.001 -4"><span class='ocrx_word' id='word_1_588' title='bbox 2482 3525 2676 3581; x_wconf 78' lang='lat' dir='ltr'><strong>Filium</strong></span> <span class='ocrx_word' id='word_1_589' title='bbox 2720 3541 2841 3581; x_wconf 91' lang='lat' dir='ltr'><strong>esse</strong></span> <span class='ocrx_word' id='word_1_590' title='bbox 2865 3537 3170 3582; x_wconf 87' lang='lat' dir='ltr'><strong>creaturam</strong></span> <span class='ocrx_word' id='word_1_591' title='bbox 3198 3547 3210 3584; x_wconf 92' lang='lat'>:</span> <span class='ocrx_word' id='word_1_592' title='bbox 3243 3529 3413 3583; x_wconf 88' lang='lat' dir='ltr'><strong>multo</strong></span> <span class='ocrx_word' id='word_1_593' title='bbox 3463 3529 3705 3585; x_wconf 78' lang='lat' dir='ltr'><strong>deterius</strong></span> <span class='ocrx_word' id='word_1_594' title='bbox 3756 3531 3824 3585; x_wconf 90' lang='lat' dir='ltr'><strong>de</strong></span> <span class='ocrx_word' id='word_1_595' title='bbox 3876 3540 4064 3584; x_wconf 81' lang='lat' dir='ltr'><strong>sant-to</strong></span> 
     </span>
    </p>
   </div>
   <div class='ocr_carea' id='block_1_79' title="bbox 2482 3618 4054 3689">
    <p class='ocr_par' dir='ltr' id='par_1_79' title="bbox 2482 3618 4054 3689">
     <span class='ocr_line' id='line_1_79' title="bbox 2482 3618 4054 3689; baseline 0.001 -18"><span class='ocrx_word' id='word_1_596' title='bbox 2482 3618 2690 3688; x_wconf 88' lang='lat' dir='ltr'><strong>Spiritu</strong></span> <span class='ocrx_word' id='word_1_597' title='bbox 2731 3627 3039 3674; x_wconf 91' lang='lat' dir='ltr'><strong>senserunt.</strong></span> <span class='ocrx_word' id='word_1_598' title='bbox 3090 3619 3409 3674; x_wconf 83' lang='lat' dir='ltr'><strong>Creaturam</strong></span> <span class='ocrx_word' id='word_1_599' title='bbox 3443 3622 3587 3675; x_wconf 86' lang='lat' dir='ltr'><strong>enim</strong></span> <span class='ocrx_word' id='word_1_600' title='bbox 3630 3618 3753 3675; x_wconf 87' lang='lat' dir='ltr'><strong>Filii</strong></span> <span class='ocrx_word' id='word_1_601' title='bbox 3784 3619 4054 3689; x_wconf 90' lang='lat' dir='ltr'><strong>Spiritum</strong></span> 
     </span>
    </p>
   </div>
   <div class='ocr_carea' id='block_1_80' title="bbox 2481 3711 4064 3782">
    <p class='ocr_par' dir='ltr' id='par_1_80' title="bbox 2481 3711 4064 3782">
     <span class='ocr_line' id='line_1_80' title="bbox 2481 3711 4064 3782; baseline 0 -14"><span class='ocrx_word' id='word_1_602' title='bbox 2481 3723 2728 3778; x_wconf 77' lang='lat' dir='ltr'><strong>sanctum</strong></span> <span class='ocrx_word' id='word_1_603' title='bbox 2795 3727 2938 3776; x_wconf 85' lang='lat' dir='ltr'><strong>esse,</strong></span> <span class='ocrx_word' id='word_1_604' title='bbox 2995 3713 3373 3782; x_wconf 89' lang='lat' dir='ltr'><strong>desipiebaut,</strong></span> <span class='ocrx_word' id='word_1_605' title='bbox 3445 3727 3680 3782; x_wconf 83' lang='lat' dir='ltr'><strong>eumque</strong></span> <span class='ocrx_word' id='word_1_606' title='bbox 3781 3727 3845 3767; x_wconf 77' lang='lat' dir='ltr'><strong>ex</strong></span> <span class='ocrx_word' id='word_1_607' title='bbox 3907 3711 4064 3776; x_wconf 81' lang='lat' dir='ltr'><strong>Filio,</strong></span> 
     </span>
    </p>
   </div>
   <div class='ocr_carea' id='block_1_81' title="bbox 2480 3805 4061 3875">
    <p class='ocr_par' dir='ltr' id='par_1_81' title="bbox 2480 3805 4061 3875">
     <span class='ocr_line' id='line_1_81' title="bbox 2480 3805 4061 3875; baseline 0.001 -18"><span class='ocrx_word' id='word_1_608' title='bbox 2480 3805 2934 3874; x_wconf 88' lang='lat' dir='ltr'><strong>quemadmodum</strong></span> <span class='ocrx_word' id='word_1_609' title='bbox 2985 3814 3040 3859; x_wconf 90' lang='lat' dir='ltr'><strong>et</strong></span> <span class='ocrx_word' id='word_1_610' title='bbox 3110 3805 3292 3858; x_wconf 88' lang='lat' dir='ltr'><strong>omnia</strong></span> <span class='ocrx_word' id='word_1_611' title='bbox 3355 3820 3477 3858; x_wconf 90' lang='lat' dir='ltr'><strong>esse</strong></span> <span class='ocrx_word' id='word_1_612' title='bbox 3525 3805 3820 3869; x_wconf 87' lang='lat' dir='ltr'><strong>dicebant;</strong></span> <span class='ocrx_word' id='word_1_613' title='bbox 3886 3821 4061 3875; x_wconf 89' lang='lat' dir='ltr'><strong>neque</strong></span> 
     </span>
    </p>
   </div>
   <div class='ocr_carea' id='block_1_82' title="bbox 2482 3898 4062 3968">
    <p class='ocr_par' dir='ltr' id='par_1_82' title="bbox 2482 3898 4062 3968">
     <span class='ocr_line' id='line_1_82' title="bbox 2482 3898 4062 3968; baseline -0.002 -14"><span class='ocrx_word' id='word_1_614' title='bbox 2482 3899 2582 3954; x_wconf 92' lang='lat' dir='ltr'><strong>boc</strong></span> <span class='ocrx_word' id='word_1_615' title='bbox 2615 3900 2812 3960; x_wconf 79' lang='lat' dir='ltr'><strong>solum,</strong></span> <span class='ocrx_word' id='word_1_616' title='bbox 2851 3900 2943 3950; x_wconf 91' lang='lat' dir='ltr'><strong>sed</strong></span> <span class='ocrx_word' id='word_1_617' title='bbox 2981 3898 3143 3951; x_wconf 86' lang='lat' dir='ltr'><strong>etiam</strong></span> <span class='ocrx_word' id='word_1_618' title='bbox 3176 3913 3242 3951; x_wconf 81' lang='lat' dir='ltr'><strong>ex</strong></span> <span class='ocrx_word' id='word_1_619' title='bbox 3294 3901 3410 3953; x_wconf 91' lang='lat' dir='ltr'><strong>solo</strong></span> <span class='ocrx_word' id='word_1_620' title='bbox 3437 3898 3594 3965; x_wconf 88' lang='lat' dir='ltr'><strong>Filio,</strong></span> <span class='ocrx_word' id='word_1_621' title='bbox 3636 3900 3780 3968; x_wconf 87' lang='lat' dir='ltr'><strong>quod</strong></span> <span class='ocrx_word' id='word_1_622' title='bbox 3824 3899 4062 3952; x_wconf 89' lang='lat' dir='ltr'><strong>insinuat</strong></span> 
     </span>
    </p>
   </div>
   <div class='ocr_carea' id='block_1_83' title="bbox 2481 3989 4063 4059">
    <p class='ocr_par' dir='ltr' id='par_1_83' title="bbox 2481 3989 4063 4059">
     <span class='ocr_line' id='line_1_83' title="bbox 2481 3989 4063 4059; baseline -0.003 -14"><span class='ocrx_word' id='word_1_623' title='bbox 2481 4007 2712 4059; x_wconf 80' lang='lat' dir='ltr'><strong>magnus</strong></span> <span class='ocrx_word' id='word_1_624' title='bbox 2769 3990 3005 4045; x_wconf 88' lang='lat' dir='ltr'><strong>Basilius</strong></span> <span class='ocrx_word' id='word_1_625' title='bbox 3067 3990 3365 4059; x_wconf 77' lang='lat' dir='ltr'><strong>conﬂigens</strong></span> <span class='ocrx_word' id='word_1_626' title='bbox 3421 3991 3685 4044; x_wconf 80' lang='lat' dir='ltr'><strong>adversus</strong></span> <span class='ocrx_word' id='word_1_627' title='bbox 3717 3989 4063 4055; x_wconf 74' lang='lat' dir='ltr'><strong>l-lunomium,</strong></span> 
     </span>
    </p>
   </div>
   <div class='ocr_carea' id='block_1_84' title="bbox 2481 4082 4065 4152">
    <p class='ocr_par' dir='ltr' id='par_1_84' title="bbox 2481 4082 4065 4152">
     <span class='ocr_line' id='line_1_84' title="bbox 2481 4082 4065 4152; baseline -0.003 -14"><span class='ocrx_word' id='word_1_628' title='bbox 2481 4093 2535 4138; x_wconf 89' lang='lat' dir='ltr'><strong>et</strong></span> <span class='ocrx_word' id='word_1_629' title='bbox 2566 4083 2789 4138; x_wconf 88' lang='lat' dir='ltr'><strong>dicens:</strong></span> <span class='ocrx_word' id='word_1_630' title='bbox 2828 4082 3104 4147; x_wconf 80' lang='lat' dir='ltr'><strong>Quomodo</strong></span> <span class='ocrx_word' id='word_1_631' title='bbox 3142 4085 3311 4152; x_wconf 90' lang='lat' dir='ltr'><strong>igitur</strong></span> <span class='ocrx_word' id='word_1_632' title='bbox 3375 4084 3478 4137; x_wconf 90' lang='lat' dir='ltr'><strong>soli</strong></span> <span class='ocrx_word' id='word_1_633' title='bbox 3529 4084 3802 4152; x_wconf 87' lang='lat' dir='ltr'><strong>unigenito</strong></span> <span class='ocrx_word' id='word_1_634' title='bbox 3849 4098 4065 4136; x_wconf 87' lang='lat' dir='ltr'><strong>causam</strong></span> 
     </span>
    </p>
   </div>
   <div class='ocr_carea' id='block_1_85' title="bbox 2484 4160 4063 4243">
    <p class='ocr_par' dir='ltr' id='par_1_85' title="bbox 2484 4160 4063 4243">
     <span class='ocr_line' id='line_1_85' title="bbox 2484 4160 4063 4243; baseline -0.002 -14"><span class='ocrx_word' id='word_1_635' title='bbox 2484 4160 2720 4242; x_wconf 79' lang='lat' dir='ltr'><strong>Spiritus</strong></span> <span class='ocrx_word' id='word_1_636' title='bbox 2749 4175 3006 4243; x_wconf 89' lang='lat' dir='ltr'><strong>applicat,</strong></span> <span class='ocrx_word' id='word_1_637' title='bbox 3033 4176 3604 4242; x_wconf 74' lang='lat' dir='ltr'><strong>pra&#39;dicamentumque</strong></span> <span class='ocrx_word' id='word_1_638' title='bbox 3637 4174 3802 4242; x_wconf 86' lang='lat' dir='ltr'><strong>ipsius</strong></span> <span class='ocrx_word' id='word_1_639' title='bbox 3831 4184 4063 4240; x_wconf 69' lang='lat' dir='ltr'><strong>naturae,</strong></span> 
     </span>
    </p>
   </div>
   <div class='ocr_carea' id='block_1_86' title="bbox 2482 4265 4066 4336">
    <p class='ocr_par' dir='ltr' id='par_1_86' title="bbox 2482 4265 4066 4336">
     <span class='ocr_line' id='line_1_86' title="bbox 2482 4265 4066 4336; baseline 0.002 -18"><span class='ocrx_word' id='word_1_640' title='bbox 2482 4267 2639 4335; x_wconf 83' lang='lat' dir='ltr'><strong>hujus</strong></span> <span class='ocrx_word' id='word_1_641' title='bbox 2663 4267 2980 4319; x_wconf 84' lang='lat' dir='ltr'><strong>creationem</strong></span> <span class='ocrx_word' id='word_1_642' title='bbox 3029 4265 3214 4334; x_wconf 67' lang='lat' dir='ltr'><strong>facit?</strong></span> <span class='ocrx_word' id='word_1_643' title='bbox 3253 4266 3309 4320; x_wconf 88' lang='lat' dir='ltr'><strong>Si</strong></span> <span class='ocrx_word' id='word_1_644' title='bbox 3363 4266 3527 4336; x_wconf 77' lang='lat' dir='ltr'><strong>igitur</strong></span> <span class='ocrx_word' id='word_1_645' title='bbox 3579 4268 3742 4322; x_wconf 90' lang='lat' dir='ltr'><strong>etiam</strong></span> <span class='ocrx_word' id='word_1_646' title='bbox 3809 4283 3875 4323; x_wconf 76' lang='lat' dir='ltr'><strong>ex</strong></span> <span class='ocrx_word' id='word_1_647' title='bbox 3931 4267 4066 4321; x_wconf 86' lang='lat' dir='ltr'><strong>Filio</strong></span> 
     </span>
    </p>
   </div>
   <div class='ocr_carea' id='block_1_87' title="bbox 2485 4357 4064 4428">
    <p class='ocr_par' dir='ltr' id='par_1_87' title="bbox 2485 4357 4064 4428">
     <span class='ocr_line' id='line_1_87' title="bbox 2485 4357 4064 4428; baseline -0.001 -16"><span class='ocrx_word' id='word_1_648' title='bbox 2485 4359 2750 4428; x_wconf 88' lang='lat' dir='ltr'><strong>Spiritum</strong></span> <span class='ocrx_word' id='word_1_649' title='bbox 2798 4358 3095 4427; x_wconf 84' lang='lat' dir='ltr'><strong>procedere</strong></span> <span class='ocrx_word' id='word_1_650' title='bbox 3137 4357 3310 4426; x_wconf 90' lang='lat' dir='ltr'><strong>ipsius</strong></span> <span class='ocrx_word' id='word_1_651' title='bbox 3342 4360 3611 4426; x_wconf 87' lang='lat' dir='ltr'><strong>objectqu</strong></span> <span class='ocrx_word' id='word_1_652' title='bbox 3638 4360 3850 4424; x_wconf 82' lang='lat' dir='ltr'><strong>fuisset,</strong></span> <span class='ocrx_word' id='word_1_653' title='bbox 3891 4362 4064 4414; x_wconf 80' lang='lat' dir='ltr'><strong>nulla-</strong></span> 
     </span>
    </p>
   </div>
   <div class='ocr_carea' id='block_1_88' title="bbox 2486 4450 4067 4507">
    <p class='ocr_par' dir='ltr' id='par_1_88' title="bbox 2486 4450 4067 4507">
     <span class='ocr_line' id='line_1_88' title="bbox 2486 4450 4067 4507; baseline 0.002 -3"><span class='ocrx_word' id='word_1_654' title='bbox 2486 4462 2641 4506; x_wconf 88' lang='lat' dir='ltr'><strong>tenus</strong></span> <span class='ocrx_word' id='word_1_655' title='bbox 2682 4451 2749 4505; x_wconf 88' lang='lat' dir='ltr'><strong>ad</strong></span> <span class='ocrx_word' id='word_1_656' title='bbox 2793 4451 3279 4504; x_wconf 87' lang='lat' dir='ltr'><strong>commendandam</strong></span> <span class='ocrx_word' id='word_1_657' title='bbox 3339 4450 3456 4504; x_wconf 82' lang='lat' dir='ltr'><strong>Filii</strong></span> <span class='ocrx_word' id='word_1_658' title='bbox 3500 4453 3567 4506; x_wconf 90' lang='lat' dir='ltr'><strong>ad</strong></span> <span class='ocrx_word' id='word_1_659' title='bbox 3597 4452 3810 4506; x_wconf 88' lang='lat' dir='ltr'><strong>Patrem</strong></span> <span class='ocrx_word' id='word_1_660' title='bbox 3843 4454 4067 4507; x_wconf 83' lang='lat' dir='ltr'><strong>honoris</strong></span> 
     </span>
    </p>
   </div>
   <div class='ocr_carea' id='block_1_89' title="bbox 781 4531 4066 4613">
    <p class='ocr_par' dir='ltr' id='par_1_89' title="bbox 781 4531 4066 4613">
     <span class='ocr_line' id='line_1_89' title="bbox 781 4531 4066 4613; baseline 0.002 -19"><span class='ocrx_word' id='word_1_661' title='bbox 781 4545 1372 4598; x_wconf 81' lang='lat' dir='ltr'><strong>uexamdeﬁuitionem</strong></span> <span class='ocrx_word' id='word_1_662' title='bbox 1404 4545 1765 4613; x_wconf 76' lang='lat' dir='ltr'><strong>explicantes.</strong></span> <span class='ocrx_word' id='word_1_663' title='bbox 1810 4546 2016 4600; x_wconf 87' lang='lat' dir='ltr'><strong>Idcirco</strong></span> <span class='ocrx_word' id='word_1_664' title='bbox 2065 4547 2231 4600; x_wconf 90' lang='lat' dir='ltr'><strong>etiam</strong></span> <span class='ocrx_word' id='word_1_665' title='bbox 2278 4549 2372 4601; x_wconf 82' lang='lat' dir='ltr'><strong>ad-</strong></span> <span class='ocrx_word' id='word_1_666' title='bbox 2407 4531 2450 4586; x_wconf 79' lang='lat' dir='ltr'><strong>D</strong></span> <span class='ocrx_word' id='word_1_667' title='bbox 2479 4543 2843 4613; x_wconf 64' lang='lat' dir='ltr'><strong>aequalitatem</strong></span> <span class='ocrx_word' id='word_1_668' title='bbox 2895 4540 3083 4596; x_wconf 81' lang='lat' dir='ltr'><strong>efﬁcax</strong></span> <span class='ocrx_word' id='word_1_669' title='bbox 3112 4541 3325 4597; x_wconf 81' lang='lat' dir='ltr'><strong>fuisset.</strong></span> <span class='ocrx_word' id='word_1_670' title='bbox 3361 4543 3423 4597; x_wconf 80' lang='lat' dir='ltr'><strong>Et</strong></span> <span class='ocrx_word' id='word_1_671' title='bbox 3456 4544 3557 4612; x_wconf 89' lang='lat' dir='ltr'><strong>ipsi</strong></span> <span class='ocrx_word' id='word_1_672' title='bbox 3611 4545 3757 4598; x_wconf 90' lang='lat' dir='ltr'><strong>enim</strong></span> <span class='ocrx_word' id='word_1_673' title='bbox 3838 4561 3903 4598; x_wconf 80' lang='lat' dir='ltr'><strong>ex</strong></span> <span class='ocrx_word' id='word_1_674' title='bbox 3975 4546 4066 4599; x_wconf 94' lang='lat' dir='ltr'><strong>illo</strong></span> 
     </span>
    </p>
   </div>
   <div class='ocr_carea' id='block_1_90' title="bbox 781 4635 2369 4708">
    <p class='ocr_par' dir='ltr' id='par_1_90' title="bbox 781 4635 2369 4708">
     <span class='ocr_line' id='line_1_90' title="bbox 781 4635 2369 4708; baseline 0.003 -21"><span class='ocrx_word' id='word_1_675' title='bbox 781 4637 1107 4699; x_wconf 81' lang='lat' dir='ltr'><strong>iectumest,</strong></span> <span class='ocrx_word' id='word_1_676' title='bbox 1136 4635 1493 4706; x_wconf 87' lang='lat' dir='ltr'><strong>Propriusque</strong></span> <span class='ocrx_word' id='word_1_677' title='bbox 1541 4635 1674 4689; x_wconf 86' lang='lat' dir='ltr'><strong>Filii</strong></span> <span class='ocrx_word' id='word_1_678' title='bbox 1725 4647 1849 4702; x_wconf 88' lang='lat' dir='ltr'><strong>est;</strong></span> <span class='ocrx_word' id='word_1_679' title='bbox 1900 4635 2148 4708; x_wconf 86' lang='lat' dir='ltr'><strong>proprius</strong></span> <span class='ocrx_word' id='word_1_680' title='bbox 2191 4649 2369 4694; x_wconf 90' lang='lat' dir='ltr'><strong>autem</strong></span> 
     </span>
    </p>
   </div>
   <div class='ocr_carea' id='block_1_91' title="bbox 779 4723 2368 4807">
    <p class='ocr_par' dir='ltr' id='par_1_91' title="bbox 779 4723 2368 4807">
     <span class='ocr_line' id='line_1_91' title="bbox 779 4723 2368 4807; baseline 0.004 -31"><span class='ocrx_word' id='word_1_681' title='bbox 779 4723 896 4778; x_wconf 85' lang='lat' dir='ltr'><strong>Filii</strong></span> <span class='ocrx_word' id='word_1_682' title='bbox 924 4741 951 4778; x_wconf 94' lang='lat' dir='ltr'><strong>a</strong></span> <span class='ocrx_word' id='word_1_683' title='bbox 981 4727 1188 4780; x_wconf 92' lang='lat' dir='ltr'><strong>sanctis</strong></span> <span class='ocrx_word' id='word_1_684' title='bbox 1231 4726 1484 4780; x_wconf 90' lang='lat' dir='ltr'><strong>Patribus</strong></span> <span class='ocrx_word' id='word_1_685' title='bbox 1521 4725 1758 4795; x_wconf 88' lang='lat' dir='ltr'><strong>Spiritus</strong></span> <span class='ocrx_word' id='word_1_686' title='bbox 1790 4728 1966 4781; x_wconf 90' lang='lat' dir='ltr'><strong>dictus</strong></span> <span class='ocrx_word' id='word_1_687' title='bbox 1989 4739 2108 4807; x_wconf 33' lang='lat' dir='ltr'><strong>oest,</strong></span> <span class='ocrx_word' id='word_1_688' title='bbox 2169 4739 2225 4782; x_wconf 89' lang='lat' dir='ltr'><strong>ut</strong></span> <span class='ocrx_word' id='word_1_689' title='bbox 2279 4729 2368 4797; x_wconf 90' lang='lat' dir='ltr'><strong>qui</strong></span> 
     </span>
    </p>
   </div>
   <div class='ocr_carea' id='block_1_92' title="bbox 781 4818 2368 4890">
    <p class='ocr_par' dir='ltr' id='par_1_92' title="bbox 781 4818 2368 4890">
     <span class='ocr_line' id='line_1_92' title="bbox 781 4818 2368 4890; baseline 0.004 -22"><span class='ocrx_word' id='word_1_690' title='bbox 781 4818 831 4869; x_wconf 92' lang='lat' dir='ltr'><strong>in</strong></span> <span class='ocrx_word' id='word_1_691' title='bbox 868 4818 986 4887; x_wconf 85' lang='lat' dir='ltr'><strong>ipso</strong></span> <span class='ocrx_word' id='word_1_692' title='bbox 1037 4827 1090 4872; x_wconf 89' lang='lat' dir='ltr'><strong>et</strong></span> <span class='ocrx_word' id='word_1_693' title='bbox 1125 4833 1221 4886; x_wconf 76' lang='lat' dir='ltr'><strong>per</strong></span> <span class='ocrx_word' id='word_1_694' title='bbox 1249 4819 1423 4888; x_wconf 90' lang='lat' dir='ltr'><strong>ipsum</strong></span> <span class='ocrx_word' id='word_1_695' title='bbox 1463 4819 1782 4872; x_wconf 89' lang='lat' dir='ltr'><strong>naturaliter</strong></span> <span class='ocrx_word' id='word_1_696' title='bbox 1849 4819 2050 4888; x_wconf 90' lang='lat' dir='ltr'><strong>prodit,</strong></span> <span class='ocrx_word' id='word_1_697' title='bbox 2092 4828 2254 4890; x_wconf 90' lang='lat' dir='ltr'><strong>atque</strong></span> <span class='ocrx_word' id='word_1_698' title='bbox 2302 4835 2368 4875; x_wconf 81' lang='lat' dir='ltr'><strong>ex</strong></span> 
     </span>
    </p>
   </div>
   <div class='ocr_carea' id='block_1_93' title="bbox 779 4911 1943 4980">
    <p class='ocr_par' dir='ltr' id='par_1_93' title="bbox 779 4911 1943 4980">
     <span class='ocr_line' id='line_1_93' title="bbox 779 4911 1943 4980; baseline 0.003 -18"><span class='ocrx_word' id='word_1_699' title='bbox 779 4911 893 4979; x_wconf 87' lang='lat' dir='ltr'><strong>ipso</strong></span> <span class='ocrx_word' id='word_1_700' title='bbox 924 4920 1026 4974; x_wconf 91' lang='lat' dir='ltr'><strong>est,</strong></span> <span class='ocrx_word' id='word_1_701' title='bbox 1065 4911 1265 4980; x_wconf 88' lang='lat' dir='ltr'><strong>quippe</strong></span> <span class='ocrx_word' id='word_1_702' title='bbox 1290 4912 1357 4965; x_wconf 90' lang='lat' dir='ltr'><strong>ab</strong></span> <span class='ocrx_word' id='word_1_703' title='bbox 1378 4926 1442 4965; x_wconf 93' lang='lat' dir='ltr'><strong>co</strong></span> <span class='ocrx_word' id='word_1_704' title='bbox 1473 4924 1594 4964; x_wconf 88' lang='lat' dir='ltr'><strong>esse</strong></span> <span class='ocrx_word' id='word_1_705' title='bbox 1641 4911 1943 4980; x_wconf 89' lang='lat' dir='ltr'><strong>accipiens.</strong></span> 
     </span>
    </p>
   </div>
   <div class='ocr_carea' id='block_1_94' title="bbox 851 5000 2372 5073">
    <p class='ocr_par' dir='ltr' id='par_1_94' title="bbox 851 5000 2372 5073">
     <span class='ocr_line' id='line_1_94' title="bbox 851 5000 2372 5073; baseline 0.003 -21"><span class='ocrx_word' id='word_1_706' title='bbox 851 5000 964 5061; x_wconf 87' lang='lat' dir='ltr'><strong>Ipsa</strong></span> <span class='ocrx_word' id='word_1_707' title='bbox 1006 5003 1241 5071; x_wconf 85' lang='lat' dir='ltr'><strong>denique</strong></span> <span class='ocrx_word' id='word_1_708' title='bbox 1268 5001 1514 5072; x_wconf 82' lang='lat' dir='ltr'><strong>synodus</strong></span> <span class='ocrx_word' id='word_1_709' title='bbox 1563 5017 1663 5071; x_wconf 90' lang='lat' dir='ltr'><strong>per</strong></span> <span class='ocrx_word' id='word_1_710' title='bbox 1718 5003 2034 5073; x_wconf 89' lang='lat' dir='ltr'><strong>episcopum</strong></span> <span class='ocrx_word' id='word_1_711' title='bbox 2084 5002 2372 5057; x_wconf 70' lang='lat' dir='ltr'><strong>Leontium</strong></span> 
     </span>
    </p>
   </div>
   <div class='ocr_carea' id='block_1_95' title="bbox 777 5091 2374 5162">
    <p class='ocr_par' dir='ltr' id='par_1_95' title="bbox 777 5091 2374 5162">
     <span class='ocr_line' id='line_1_95' title="bbox 777 5091 2374 5162; baseline 0.002 -19"><span class='ocrx_word' id='word_1_712' title='bbox 777 5101 1066 5146; x_wconf 76' lang='lat' dir='ltr'><strong>attestatur</strong></span> <span class='ocrx_word' id='word_1_713' title='bbox 1094 5093 1158 5145; x_wconf 92' lang='lat' dir='ltr'><strong>ad</strong></span> <span class='ocrx_word' id='word_1_714' title='bbox 1209 5093 1590 5162; x_wconf 82' lang='lat' dir='ltr'><strong>pbil050pbuin</strong></span> <span class='ocrx_word' id='word_1_715' title='bbox 1651 5093 1877 5145; x_wconf 88' lang='lat' dir='ltr'><strong>dicens:</strong></span> <span class='ocrx_word' id='word_1_716' title='bbox 1920 5091 2208 5161; x_wconf 86' lang='lat' dir='ltr'><strong>Proprium</strong></span> <span class='ocrx_word' id='word_1_717' title='bbox 2263 5109 2374 5146; x_wconf 87' lang='lat' dir='ltr'><strong>esse</strong></span> 
     </span>
    </p>
   </div>
   <div class='ocr_carea' id='block_1_96' title="bbox 778 5185 2378 5256">
    <p class='ocr_par' dir='ltr' id='par_1_96' title="bbox 778 5185 2378 5256">
     <span class='ocr_line' id='line_1_96' title="bbox 778 5185 2378 5256; baseline 0.001 -16"><span class='ocrx_word' id='word_1_718' title='bbox 778 5186 1038 5254; x_wconf 86' lang='lat' dir='ltr'><strong>Spiritum</strong></span> <span class='ocrx_word' id='word_1_719' title='bbox 1070 5185 1216 5248; x_wconf 78' lang='lat' dir='ltr'><strong>Filii.</strong></span> <span class='ocrx_word' id='word_1_720' title='bbox 1243 5197 1400 5256; x_wconf 87' lang='lat' dir='ltr'><strong>atque</strong></span> <span class='ocrx_word' id='word_1_721' title='bbox 1423 5202 1486 5239; x_wconf 81' lang='lat' dir='ltr'><strong>ea:</strong></span> <span class='ocrx_word' id='word_1_722' title='bbox 1517 5188 1630 5254; x_wconf 83' lang='lat' dir='ltr'><strong>ipso</strong></span> <span class='ocrx_word' id='word_1_723' title='bbox 1655 5203 1909 5252; x_wconf 80' lang='lat' dir='ltr'><strong>manare;</strong></span> <span class='ocrx_word' id='word_1_724' title='bbox 1960 5187 2052 5241; x_wconf 88' lang='lat' dir='ltr'><strong>sed</strong></span> <span class='ocrx_word' id='word_1_725' title='bbox 2083 5186 2210 5241; x_wconf 90' lang='lat' dir='ltr'><strong>illud</strong></span> <span class='ocrx_word' id='word_1_726' title='bbox 2245 5202 2378 5254; x_wconf 87' lang='lat' dir='ltr'><strong>quo-</strong></span> 
     </span>
    </p>
   </div>
   <div class='ocr_carea' id='block_1_97' title="bbox 777 5279 2377 5349">
    <p class='ocr_par' dir='ltr' id='par_1_97' title="bbox 777 5279 2377 5349">
     <span class='ocr_line' id='line_1_97' title="bbox 777 5279 2377 5349; baseline 0.002 -18"><span class='ocrx_word' id='word_1_727' title='bbox 777 5296 880 5348; x_wconf 86' lang='lat' dir='ltr'><strong>que</strong></span> <span class='ocrx_word' id='word_1_728' title='bbox 910 5282 1052 5348; x_wconf 90' lang='lat' dir='ltr'><strong>quod</strong></span> <span class='ocrx_word' id='word_1_729' title='bbox 1079 5282 1154 5333; x_wconf 91' lang='lat' dir='ltr'><strong>ait</strong></span> <span class='ocrx_word' id='word_1_730' title='bbox 1188 5295 1416 5349; x_wconf 82' lang='lat' dir='ltr'><strong>magnus</strong></span> <span class='ocrx_word' id='word_1_731' title='bbox 1450 5279 1717 5333; x_wconf 84' lang='lat' dir='ltr'><strong>Basilius:</strong></span> <span class='ocrx_word' id='word_1_732' title='bbox 1758 5281 2023 5344; x_wconf 79' lang='lat' dir='ltr'><strong>Quoniam</strong></span> <span class='ocrx_word' id='word_1_733' title='bbox 2076 5281 2377 5334; x_wconf 88' lang='lat' dir='ltr'><strong>communia</strong></span> 
     </span>
    </p>
   </div>
   <div class='ocr_carea' id='block_1_98' title="bbox 778 5371 2376 5441">
    <p class='ocr_par' dir='ltr' id='par_1_98' title="bbox 778 5371 2376 5441">
     <span class='ocr_line' id='line_1_98' title="bbox 778 5371 2376 5441; baseline 0.001 -15"><span class='ocrx_word' id='word_1_734' title='bbox 778 5372 934 5426; x_wconf 77' lang='lat' dir='ltr'><strong>Patri</strong></span> <span class='ocrx_word' id='word_1_735' title='bbox 955 5385 1002 5426; x_wconf 91' lang='lat' dir='ltr'><strong>et</strong></span> <span class='ocrx_word' id='word_1_736' title='bbox 1041 5371 1208 5437; x_wconf 78' lang='lat' dir='ltr'><strong>Filio,</strong></span> <span class='ocrx_word' id='word_1_737' title='bbox 1242 5375 1542 5425; x_wconf 85' lang='lat' dir='ltr'><strong>communia</strong></span> <span class='ocrx_word' id='word_1_738' title='bbox 1581 5385 1625 5425; x_wconf 89' lang='lat' dir='ltr'><strong>et</strong></span> <span class='ocrx_word' id='word_1_739' title='bbox 1684 5372 1913 5441; x_wconf 79' lang='lat' dir='ltr'><strong>Spiritui</strong></span> <span class='ocrx_word' id='word_1_740' title='bbox 1979 5384 2121 5437; x_wconf 85' lang='lat' dir='ltr'><strong>sunt,</strong></span> <span class='ocrx_word' id='word_1_741' title='bbox 2173 5376 2376 5441; x_wconf 88' lang='lat' dir='ltr'><strong>Optime</strong></span> 
     </span>
    </p>
   </div>
   <div class='ocr_carea' id='block_1_99' title="bbox 775 5467 2373 5535">
    <p class='ocr_par' dir='ltr' id='par_1_99' title="bbox 775 5467 2373 5535">
     <span class='ocr_line' id='line_1_99' title="bbox 775 5467 2373 5535; baseline 0.001 -17"><span class='ocrx_word' id='word_1_742' title='bbox 775 5469 995 5532; x_wconf 79' lang='lat' dir='ltr'><strong>quidem</strong></span> <span class='ocrx_word' id='word_1_743' title='bbox 1025 5468 1230 5520; x_wconf 89' lang='lat' dir='ltr'><strong>dictum</strong></span> <span class='ocrx_word' id='word_1_744' title='bbox 1259 5477 1376 5529; x_wconf 88' lang='lat' dir='ltr'><strong>est;</strong></span> <span class='ocrx_word' id='word_1_745' title='bbox 1413 5482 1516 5518; x_wconf 84' lang='lat' dir='ltr'><strong>non</strong></span> <span class='ocrx_word' id='word_1_746' title='bbox 1545 5479 1728 5520; x_wconf 84' lang='lat' dir='ltr'><strong>autem</strong></span> <span class='ocrx_word' id='word_1_747' title='bbox 1762 5483 1856 5535; x_wconf 84' lang='lat' dir='ltr'><strong>per</strong></span> <span class='ocrx_word' id='word_1_748' title='bbox 1893 5470 2013 5530; x_wconf 85' lang='lat' dir='ltr'><strong>lioc,</strong></span> <span class='ocrx_word' id='word_1_749' title='bbox 2072 5467 2215 5534; x_wconf 86' lang='lat' dir='ltr'><strong>quod</strong></span> <span class='ocrx_word' id='word_1_750' title='bbox 2281 5483 2373 5520; x_wconf 80' lang='lat' dir='ltr'><strong>vo-</strong></span> 
     </span>
    </p>
   </div>
   <div class='ocr_carea' id='block_1_100' title="bbox 777 5557 2370 5629">
    <p class='ocr_par' dir='ltr' id='par_1_100' title="bbox 777 5557 2370 5629">
     <span class='ocr_line' id='line_1_100' title="bbox 777 5557 2370 5629; baseline 0.001 -17"><span class='ocrx_word' id='word_1_751' title='bbox 777 5563 911 5626; x_wconf 86' lang='lat' dir='ltr'><strong>lunt,</strong></span> <span class='ocrx_word' id='word_1_752' title='bbox 962 5558 1418 5613; x_wconf 75' lang='lat' dir='ltr'><strong>conliciunt.lluc</strong></span> <span class='ocrx_word' id='word_1_753' title='bbox 1473 5559 1619 5610; x_wconf 87' lang='lat' dir='ltr'><strong>enim</strong></span> <span class='ocrx_word' id='word_1_754' title='bbox 1679 5560 1812 5612; x_wconf 83' lang='lat' dir='ltr'><strong>niliil</strong></span> <span class='ocrx_word' id='word_1_755' title='bbox 1871 5562 2038 5628; x_wconf 77' lang='lat' dir='ltr'><strong>cogit,</strong></span> <span class='ocrx_word' id='word_1_756' title='bbox 2106 5557 2370 5629; x_wconf 88' lang='lat' dir='ltr'><strong>Spiritum</strong></span> 
     </span>
    </p>
   </div>
   <div class='ocr_carea' id='block_1_101' title="bbox 779 5652 2366 5722">
    <p class='ocr_par' dir='ltr' id='par_1_101' title="bbox 779 5652 2366 5722">
     <span class='ocr_line' id='line_1_101' title="bbox 779 5652 2366 5722; baseline 0.004 -21"><span class='ocrx_word' id='word_1_757' title='bbox 779 5656 854 5706; x_wconf 65' lang='grc' dir='ltr'><strong>ιρι</strong></span> <span class='ocrx_word' id='word_1_758' title='bbox 889 5654 1186 5722; x_wconf 89' lang='lat' dir='ltr'><strong>suiipsius,</strong></span> <span class='ocrx_word' id='word_1_759' title='bbox 1250 5653 1331 5705; x_wconf 75' lang='lat' dir='ltr'><strong>vel</strong></span> <span class='ocrx_word' id='word_1_760' title='bbox 1385 5653 1611 5707; x_wconf 86' lang='lat' dir='ltr'><strong>alterius</strong></span> <span class='ocrx_word' id='word_1_761' title='bbox 1678 5668 1924 5721; x_wconf 72' lang='lat' dir='ltr'><strong>petsouae</strong></span> <span class='ocrx_word' id='word_1_762' title='bbox 1981 5652 2366 5721; x_wconf 81' lang='lat' dir='ltr'><strong>productorem</strong></span> 
     </span>
    </p>
   </div>
   <div class='ocr_carea' id='block_1_102' title="bbox 851 5843 1823 5910">
    <p class='ocr_par' dir='ltr' id='par_1_102' title="bbox 851 5843 1823 5910">
     <span class='ocr_line' id='line_1_102' title="bbox 851 5843 1823 5910; baseline -0.002 -11"><span class='ocrx_word' id='word_1_763' title='bbox 851 5851 866 5872; x_wconf 87' lang='lat'><strong><em>&quot;</em></strong></span> <span class='ocrx_word' id='word_1_764' title='bbox 901 5843 1056 5899; x_wconf 66' lang='lat' dir='ltr'><strong>iam.</strong></span> <span class='ocrx_word' id='word_1_765' title='bbox 1092 5864 1142 5910; x_wconf 58' lang='grc' dir='ltr'><strong>ς,</strong></span> <span class='ocrx_word' id='word_1_766' title='bbox 1194 5849 1253 5899; x_wconf 63' lang='grc' dir='ltr'><strong>ΞΛ.</strong></span> <span class='ocrx_word' id='word_1_767' title='bbox 1361 5848 1379 5876; x_wconf 84' lang='grc'><strong><em>⁸</em></strong></span> <span class='ocrx_word' id='word_1_768' title='bbox 1425 5845 1580 5899; x_wconf 68' lang='lat' dir='ltr'><strong>Juan.</strong></span> <span class='ocrx_word' id='word_1_769' title='bbox 1621 5845 1823 5903; x_wconf 60' lang='lat'><strong>“1.15</strong></span> 
     </span>
    </p>
   </div>
   <div class='ocr_carea' id='block_1_103' title="bbox 2479 4636 4062 4701">
    <p class='ocr_par' dir='ltr' id='par_1_103' title="bbox 2479 4636 4062 4701">
     <span class='ocr_line' id='line_1_103' title="bbox 2479 4636 4062 4701; baseline -0.001 -9"><span class='ocrx_word' id='word_1_770' title='bbox 2479 4651 2621 4699; x_wconf 85' lang='lat' dir='ltr'><strong>esse,</strong></span> <span class='ocrx_word' id='word_1_771' title='bbox 2653 4646 2712 4689; x_wconf 90' lang='lat' dir='ltr'><strong>ut</strong></span> <span class='ocrx_word' id='word_1_772' title='bbox 2747 4636 2953 4701; x_wconf 76' lang='lat' dir='ltr'><strong>dictum</strong></span> <span class='ocrx_word' id='word_1_773' title='bbox 2985 4645 3088 4699; x_wconf 88' lang='lat' dir='ltr'><strong>est,</strong></span> <span class='ocrx_word' id='word_1_774' title='bbox 3135 4636 3556 4701; x_wconf 79' lang='lat' dir='ltr'><strong>conﬁtebantur,</strong></span> <span class='ocrx_word' id='word_1_775' title='bbox 3603 4637 3695 4692; x_wconf 84' lang='lat' dir='ltr'><strong>sed</strong></span> <span class='ocrx_word' id='word_1_776' title='bbox 3732 4647 3789 4691; x_wconf 92' lang='lat' dir='ltr'><strong>ut</strong></span> <span class='ocrx_word' id='word_1_777' title='bbox 3845 4650 4062 4692; x_wconf 77' lang='lat' dir='ltr'><strong>creatu-</strong></span> 
     </span>
    </p>
   </div>
   <div class='ocr_carea' id='block_1_104' title="bbox 2482 4729 4066 4798">
    <p class='ocr_par' dir='ltr' id='par_1_104' title="bbox 2482 4729 4066 4798">
     <span class='ocr_line' id='line_1_104' title="bbox 2482 4729 4066 4798; baseline 0.001 -15"><span class='ocrx_word' id='word_1_778' title='bbox 2482 4746 2612 4793; x_wconf 86' lang='lat' dir='ltr'><strong>ras;</strong></span> <span class='ocrx_word' id='word_1_779' title='bbox 2644 4737 2905 4797; x_wconf 90' lang='lat' dir='ltr'><strong>quantum</strong></span> <span class='ocrx_word' id='word_1_780' title='bbox 2951 4729 3095 4782; x_wconf 89' lang='lat' dir='ltr'><strong>enim</strong></span> <span class='ocrx_word' id='word_1_781' title='bbox 3149 4744 3216 4784; x_wconf 80' lang='lat' dir='ltr'><strong>ex</strong></span> <span class='ocrx_word' id='word_1_782' title='bbox 3264 4729 3526 4791; x_wconf 92' lang='lat' dir='ltr'><strong>dictione,</strong></span> <span class='ocrx_word' id='word_1_783' title='bbox 3571 4745 3678 4783; x_wconf 92' lang='lat' dir='ltr'><strong>non</strong></span> <span class='ocrx_word' id='word_1_784' title='bbox 3731 4730 4066 4798; x_wconf 61' lang='lat' dir='ltr'><strong>cegeba-etur</strong></span> 
     </span>
    </p>
   </div>
   <div class='ocr_carea' id='block_1_105' title="bbox 2480 4820 4067 4891">
    <p class='ocr_par' dir='ltr' id='par_1_105' title="bbox 2480 4820 4067 4891">
     <span class='ocr_line' id='line_1_105' title="bbox 2480 4820 4067 4891; baseline -0.002 -13"><span class='ocrx_word' id='word_1_785' title='bbox 2480 4823 2732 4878; x_wconf 78' lang='lat' dir='ltr'><strong>essentia:</strong></span> <span class='ocrx_word' id='word_1_786' title='bbox 2803 4822 3143 4876; x_wconf 89' lang='lat' dir='ltr'><strong>identitatcm</strong></span> <span class='ocrx_word' id='word_1_787' title='bbox 3230 4821 3502 4875; x_wconf 81' lang='lat' dir='ltr'><strong>conﬁteri.</strong></span> <span class='ocrx_word' id='word_1_788' title='bbox 3565 4820 3621 4874; x_wconf 95' lang='lat' dir='ltr'><strong>Si</strong></span> <span class='ocrx_word' id='word_1_789' title='bbox 3672 4821 3835 4891; x_wconf 79' lang='lat' dir='ltr'><strong>igitur</strong></span> <span class='ocrx_word' id='word_1_790' title='bbox 3888 4838 3952 4876; x_wconf 79' lang='lat' dir='ltr'><strong>ex</strong></span> <span class='ocrx_word' id='word_1_791' title='bbox 4002 4838 4067 4875; x_wconf 89' lang='lat' dir='ltr'><strong>eo</strong></span> 
     </span>
    </p>
   </div>
   <div class='ocr_carea' id='block_1_106' title="bbox 2478 4913 4068 4985">
    <p class='ocr_par' dir='ltr' id='par_1_106' title="bbox 2478 4913 4068 4985">
     <span class='ocr_line' id='line_1_106' title="bbox 2478 4913 4068 4985; baseline -0.003 -16"><span class='ocrx_word' id='word_1_792' title='bbox 2478 4916 2696 4985; x_wconf 89' lang='lat' dir='ltr'><strong>quidem</strong></span> <span class='ocrx_word' id='word_1_793' title='bbox 2745 4913 2889 4982; x_wconf 88' lang='lat' dir='ltr'><strong>quod</strong></span> <span class='ocrx_word' id='word_1_794' title='bbox 2952 4922 3006 4968; x_wconf 87' lang='lat' dir='ltr'><strong>et</strong></span> <span class='ocrx_word' id='word_1_795' title='bbox 3064 4913 3234 4968; x_wconf 87' lang='lat' dir='ltr'><strong>Filius</strong></span> <span class='ocrx_word' id='word_1_796' title='bbox 3299 4916 3480 4967; x_wconf 85' lang='lat' dir='ltr'><strong>otuuia</strong></span> <span class='ocrx_word' id='word_1_797' title='bbox 3527 4915 3653 4968; x_wconf 78' lang='lat' dir='ltr'><strong>facit</strong></span> <span class='ocrx_word' id='word_1_798' title='bbox 3710 4916 4068 4983; x_wconf 81' lang='lat' dir='ltr'><strong>quemadmo-</strong></span> 
     </span>
    </p>
   </div>
   <div class='ocr_carea' id='block_1_107' title="bbox 2475 5005 4070 5071">
    <p class='ocr_par' dir='ltr' id='par_1_107' title="bbox 2475 5005 4070 5071">
     <span class='ocr_line' id='line_1_107' title="bbox 2475 5005 4070 5071; baseline 0.002 -11"><span class='ocrx_word' id='word_1_799' title='bbox 2475 5016 2529 5060; x_wconf 91' lang='lat' dir='ltr'><strong>ct</strong></span> <span class='ocrx_word' id='word_1_800' title='bbox 2590 5008 2775 5071; x_wconf 88' lang='lat' dir='ltr'><strong>Pater,</strong></span> <span class='ocrx_word' id='word_1_801' title='bbox 2811 5016 2864 5060; x_wconf 92' lang='lat' dir='ltr'><strong>et</strong></span> <span class='ocrx_word' id='word_1_802' title='bbox 2893 5006 2966 5060; x_wconf 93' lang='lat' dir='ltr'><strong>ita</strong></span> <span class='ocrx_word' id='word_1_803' title='bbox 2997 5007 3159 5059; x_wconf 92' lang='lat' dir='ltr'><strong>etiam</strong></span> <span class='ocrx_word' id='word_1_804' title='bbox 3191 5005 3362 5060; x_wconf 83' lang='lat' dir='ltr'><strong>Filius</strong></span> <span class='ocrx_word' id='word_1_805' title='bbox 3425 5007 3653 5061; x_wconf 82' lang='lat' dir='ltr'><strong>suscitat</strong></span> <span class='ocrx_word' id='word_1_806' title='bbox 3709 5018 3957 5061; x_wconf 89' lang='lat' dir='ltr'><strong>mortuos</strong></span> <span class='ocrx_word' id='word_1_807' title='bbox 4017 5019 4070 5063; x_wconf 87' lang='lat' dir='ltr'><strong>et</strong></span> 
     </span>
    </p>
   </div>
   <div class='ocr_carea' id='block_1_108' title="bbox 2478 5099 4069 5167">
    <p class='ocr_par' dir='ltr' id='par_1_108' title="bbox 2478 5099 4069 5167">
     <span class='ocr_line' id='line_1_108' title="bbox 2478 5099 4069 5167; baseline 0.002 -16"><span class='ocrx_word' id='word_1_808' title='bbox 2478 5099 2715 5154; x_wconf 82' lang='lat' dir='ltr'><strong>viviﬁcat</strong></span> <span class='ocrx_word' id='word_1_809' title='bbox 2749 5100 3210 5167; x_wconf 87' lang='lat' dir='ltr'><strong>quemadmodum</strong></span> <span class='ocrx_word' id='word_1_810' title='bbox 3246 5108 3300 5152; x_wconf 89' lang='lat' dir='ltr'><strong>et</strong></span> <span class='ocrx_word' id='word_1_811' title='bbox 3348 5099 3530 5162; x_wconf 85' lang='lat' dir='ltr'><strong>Pater,</strong></span> <span class='ocrx_word' id='word_1_812' title='bbox 3568 5114 3676 5153; x_wconf 89' lang='lat' dir='ltr'><strong>non</strong></span> <span class='ocrx_word' id='word_1_813' title='bbox 3729 5100 4069 5154; x_wconf 87' lang='lat' dir='ltr'><strong>induceban-</strong></span> 
     </span>
    </p>
   </div>
   <div class='ocr_carea' id='block_1_109' title="bbox 2480 5190 4071 5266">
    <p class='ocr_par' dir='ltr' id='par_1_109' title="bbox 2480 5190 4071 5266">
     <span class='ocr_line' id='line_1_109' title="bbox 2480 5190 4071 5266; baseline 0 -22"><span class='ocrx_word' id='word_1_814' title='bbox 2480 5201 2567 5246; x_wconf 91' lang='lat' dir='ltr'><strong>tur</strong></span> <span class='ocrx_word' id='word_1_815' title='bbox 2598 5201 2654 5245; x_wconf 91' lang='lat' dir='ltr'><strong>ut</strong></span> <span class='ocrx_word' id='word_1_816' title='bbox 2703 5193 2848 5246; x_wconf 91' lang='lat' dir='ltr'><strong>Patri</strong></span> <span class='ocrx_word' id='word_1_817' title='bbox 2888 5190 3087 5266; x_wconf 85' lang='lat' dir='ltr'><strong>Filium</strong></span> <span class='ocrx_word' id='word_1_818' title='bbox 3122 5191 3381 5258; x_wconf 77' lang='lat' dir='ltr'><strong>:cqualem</strong></span> <span class='ocrx_word' id='word_1_819' title='bbox 3441 5198 3738 5260; x_wconf 87' lang='lat' dir='ltr'><strong>ponerent:</strong></span> <span class='ocrx_word' id='word_1_820' title='bbox 3801 5195 4071 5260; x_wconf 86' lang='lat' dir='ltr'><strong>quomodo</strong></span> 
     </span>
    </p>
   </div>
   <div class='ocr_carea' id='block_1_110' title="bbox 2479 5281 4067 5351">
    <p class='ocr_par' dir='ltr' id='par_1_110' title="bbox 2479 5281 4067 5351">
     <span class='ocr_line' id='line_1_110' title="bbox 2479 5281 4067 5351; baseline 0 -17"><span class='ocrx_word' id='word_1_821' title='bbox 2479 5295 2542 5334; x_wconf 74' lang='lat' dir='ltr'><strong>es</strong></span> <span class='ocrx_word' id='word_1_822' title='bbox 2572 5296 2636 5335; x_wconf 92' lang='lat' dir='ltr'><strong>eo</strong></span> <span class='ocrx_word' id='word_1_823' title='bbox 2663 5281 2808 5351; x_wconf 86' lang='lat' dir='ltr'><strong>quod</strong></span> <span class='ocrx_word' id='word_1_824' title='bbox 2855 5283 3090 5350; x_wconf 87' lang='lat' dir='ltr'><strong>Spiritus</strong></span> <span class='ocrx_word' id='word_1_825' title='bbox 3119 5298 3183 5337; x_wconf 79' lang='lat' dir='ltr'><strong>ex</strong></span> <span class='ocrx_word' id='word_1_826' title='bbox 3213 5283 3330 5351; x_wconf 90' lang='lat' dir='ltr'><strong>ipso</strong></span> <span class='ocrx_word' id='word_1_827' title='bbox 3361 5297 3477 5337; x_wconf 87' lang='lat' dir='ltr'><strong>esse</strong></span> <span class='ocrx_word' id='word_1_828' title='bbox 3550 5281 3848 5346; x_wconf 89' lang='lat' dir='ltr'><strong>diceretur,</strong></span> <span class='ocrx_word' id='word_1_829' title='bbox 3904 5297 4067 5351; x_wconf 89' lang='lat' dir='ltr'><strong>quem</strong></span> 
     </span>
    </p>
   </div>
   <div class='ocr_carea' id='block_1_111' title="bbox 2477 5373 4071 5446">
    <p class='ocr_par' dir='ltr' id='par_1_111' title="bbox 2477 5373 4071 5446">
     <span class='ocr_line' id='line_1_111' title="bbox 2477 5373 4071 5446; baseline -0.001 -19"><span class='ocrx_word' id='word_1_830' title='bbox 2477 5385 2785 5428; x_wconf 79' lang='lat' dir='ltr'><strong>creaturam</strong></span> <span class='ocrx_word' id='word_1_831' title='bbox 2823 5375 2939 5443; x_wconf 89' lang='lat' dir='ltr'><strong>ejus</strong></span> <span class='ocrx_word' id='word_1_832' title='bbox 2967 5375 3303 5444; x_wconf 82' lang='lat' dir='ltr'><strong>desipiebant</strong></span> <span class='ocrx_word' id='word_1_833' title='bbox 3352 5387 3513 5442; x_wconf 86' lang='lat' dir='ltr'><strong>atque</strong></span> <span class='ocrx_word' id='word_1_834' title='bbox 3541 5389 3606 5446; x_wconf 84' lang='lat' dir='ltr'><strong>eo</strong></span> <span class='ocrx_word' id='word_1_835' title='bbox 3648 5375 3816 5429; x_wconf 89' lang='lat' dir='ltr'><strong>multo</strong></span> <span class='ocrx_word' id='word_1_836' title='bbox 3840 5373 4071 5428; x_wconf 76' lang='lat' dir='ltr'><strong>inferio—</strong></span> 
     </span>
    </p>
   </div>
   <div class='ocr_carea' id='block_1_112' title="bbox 2476 5466 4072 5536">
    <p class='ocr_par' dir='ltr' id='par_1_112' title="bbox 2476 5466 4072 5536">
     <span class='ocr_line' id='line_1_112' title="bbox 2476 5466 4072 5536; baseline -0.001 -16"><span class='ocrx_word' id='word_1_837' title='bbox 2476 5481 2611 5530; x_wconf 88' lang='lat' dir='ltr'><strong>rem,</strong></span> <span class='ocrx_word' id='word_1_838' title='bbox 2652 5481 2972 5536; x_wconf 82' lang='lat' dir='ltr'><strong>persuasum</strong></span> <span class='ocrx_word' id='word_1_839' title='bbox 3014 5471 3095 5523; x_wconf 88' lang='lat' dir='ltr'><strong>eis</strong></span> <span class='ocrx_word' id='word_1_840' title='bbox 3118 5477 3266 5523; x_wconf 83' lang='lat' dir='ltr'><strong>esset</strong></span> <span class='ocrx_word' id='word_1_841' title='bbox 3299 5478 3355 5522; x_wconf 91' lang='lat' dir='ltr'><strong>ut</strong></span> <span class='ocrx_word' id='word_1_842' title='bbox 3406 5466 3601 5522; x_wconf 89' lang='lat' dir='ltr'><strong>Filium</strong></span> <span class='ocrx_word' id='word_1_843' title='bbox 3662 5466 3842 5524; x_wconf 88' lang='lat' dir='ltr'><strong>Patris</strong></span> <span class='ocrx_word' id='word_1_844' title='bbox 3894 5466 4072 5534; x_wconf 73' lang='lat' dir='ltr'><strong>digni-</strong></span> 
     </span>
    </p>
   </div>
   <div class='ocr_carea' id='block_1_113' title="bbox 2476 5558 4070 5630">
    <p class='ocr_par' dir='ltr' id='par_1_113' title="bbox 2476 5558 4070 5630">
     <span class='ocr_line' id='line_1_113' title="bbox 2476 5558 4070 5630; baseline -0.001 -17"><span class='ocrx_word' id='word_1_845' title='bbox 2476 5569 2585 5613; x_wconf 86' lang='lat' dir='ltr'><strong>tate</strong></span> <span class='ocrx_word' id='word_1_846' title='bbox 2653 5560 3026 5615; x_wconf 87' lang='lat' dir='ltr'><strong>bonorarent?</strong></span> <span class='ocrx_word' id='word_1_847' title='bbox 3086 5558 3222 5614; x_wconf 85' lang='lat' dir='ltr'><strong>Nam</strong></span> <span class='ocrx_word' id='word_1_848' title='bbox 3265 5561 3317 5614; x_wconf 92' lang='lat' dir='ltr'><strong>in</strong></span> <span class='ocrx_word' id='word_1_849' title='bbox 3380 5559 3872 5630; x_wconf 84' lang='lat' dir='ltr'><strong>disputationibus,</strong></span> <span class='ocrx_word' id='word_1_850' title='bbox 3927 5560 4070 5626; x_wconf 87' lang='lat' dir='ltr'><strong>quod</strong></span> 
     </span>
    </p>
   </div>
   <div class='ocr_carea' id='block_1_114' title="bbox 2473 5653 4070 5726">
    <p class='ocr_par' dir='ltr' id='par_1_114' title="bbox 2473 5653 4070 5726">
     <span class='ocr_line' id='line_1_114' title="bbox 2473 5653 4070 5726; baseline -0.004 -15"><span class='ocrx_word' id='word_1_851' title='bbox 2473 5663 2626 5726; x_wconf 77' lang='lat' dir='ltr'><strong>urget</strong></span> <span class='ocrx_word' id='word_1_852' title='bbox 2664 5655 2859 5724; x_wconf 79' lang='lat' dir='ltr'><strong>ongis,</strong></span> <span class='ocrx_word' id='word_1_853' title='bbox 2896 5670 2961 5711; x_wconf 88' lang='lat' dir='ltr'><strong>ac</strong></span> <span class='ocrx_word' id='word_1_854' title='bbox 2990 5654 3304 5725; x_wconf 87' lang='lat' dir='ltr'><strong>persuadet,</strong></span> <span class='ocrx_word' id='word_1_855' title='bbox 3355 5653 3660 5724; x_wconf 79' lang='lat' dir='ltr'><strong>proferunt.</strong></span> <span class='ocrx_word' id='word_1_856' title='bbox 3688 5656 3860 5725; x_wconf 77' lang='lat' dir='ltr'><strong>Magis</strong></span> <span class='ocrx_word' id='word_1_857' title='bbox 3887 5663 4070 5707; x_wconf 74' lang='lat' dir='ltr'><strong>autem</strong></span> 
     </span>
    </p>
   </div>
  </div>
