4472 6434
430 410 542 473 269
1520 398 1918 460 ADVERSUS
1957 398 2271 455 GRAECOS
2313 399 2460 456 LIB.
2500 398 2615 456 lii.
3580 395 3679 456 170

434 524 482 575 si
516 536 580 573 ex
616 518 775 572 Patre
806 518 980 586 ipsum
1015 514 1306 584 procedere
1332 528 1361 567 a
1390 513 1670 567 Salvatore
1697 510 2000 569 audientes,
2034 512 2076 562 Α
2107 508 2263 561 rent?
2314 507 2457 560 Nihil
2492 508 2653 574 igitur
2708 523 2770 562 ex
2820 506 2901 561 his
2930 496 3298 561 necessaritln
3360 509 3683 576 coniiciunt.

434 626 544 665 non
594 611 717 662 hinc
775 609 1261 676 persuadenantur,
1338 605 1505 658 Deum
1569 616 1686 656 esse
1743 600 2001 668 Spiritum
2181 596 2294 648 Non
2327 598 2500 649 solum
2534 605 2712 649 autem
2748 596 2846 649 ista
2874 596 3239 663 proferuutex
3293 600 3517 663 sanctis,
3550 599 3688 653 nihil

437 712 708 764 sanctum,
782 699 1232 767 quamdmodum
1310 707 1364 749 ει
1417 694 1662 755 Patrem;
1723 694 1789 744 de
1850 691 2006 743 Patre
2110 687 2189 739 eis
2218 686 2283 737 ad
2325 686 2682 753 pr0positum,
2736 696 2796 737 ιιι
2855 697 3129 738 osreusum
3182 698 3288 751 rst,
3331 686 3690 752 conferentia,

438 792 603 854 cuiut',
647 791 775 855 quin
820 788 960 841 Deus
981 801 1141 840 verus
1171 794 1338 844 esset,
1368 798 1526 836 neruo
1551 781 1847 834 dubitavit:
1879 793 2009 843 quo-
2114 778 2219 829 imo
2270 778 2426 828 etiam
2464 776 2564 829 sibi
2622 778 2843 830 omnino
2871 778 3237 839 adversantia,
3269 796 3454 833 verum
3520 793 3573 836 et
3624 784 3693 835 ad

440 884 599 935 modo
630 883 672 935 si
705 883 846 934 hunc
881 878 1163 931 audientes
1199 892 1263 929 cx
1307 874 1440 927 Filio
1497 874 1812 940 procedere,
1846 886 2005 936 quem
2115 867 2343 933 ineptias
2374 876 2427 918 et
2462 884 2632 934 nugas
2683 884 2744 920 ea
2779 879 3099 923 convertere
3130 874 3491 934 contendunt,
3564 890 3691 926 cou-

438 978 745 1024 creammm
778 967 979 1031 patris,
1020 968 1363 1034 primumque
1420 973 1660 1015 creatum
1714 962 2007 1028 ponebant,
2116 972 2271 1008 cesso
2299 968 2352 1009 et
2386 973 2450 1009 ex
2485 956 2621 1010 Filio
2656 959 2946 1024 procedere
2984 960 3245 1025 Spiritum
3303 975 3576 1017 sanctum.
3614 966 3691 1017 Ac

440 1062 646 1113 indueti
696 1060 929 1111 fuissent
986 1068 1043 1108 ιιι
1091 1057 1231 1108 hunc
1280 1053 1426 1105 Patri
1494 1050 2010 1105 consubstantialem
2118 1048 2290 1113 primo
2321 1048 2509 1099 dicunt
2538 1050 2642 1099 duo
2677 1049 2938 1116 principia
2978 1054 3146 1103 sancti
3174 1053 3405 1115 Spiritus
3459 1072 3546 1107 eos
3615 1057 3697 1123 [u-

440 1149 729 1203 dii-erent?
2120 1140 2217 1190 teri
2243 1139 2375 1206 συσὶ,
2412 1140 2503 1201 qui
2534 1140 2607 1190 ita
2662 1155 2726 1191 ea:
2761 1136 2924 1192 Patre
2975 1157 3036 1191 ac
3063 1140 3206 1192 Filio
3230 1147 3510 1207 procedere
3570 1145 3693 1213 Spi-

515 1240 738 1301 Deinde,
771 1250 821 1293 et
847 1249 1074 1294 sanetos‘
1106 1237 1292 1292 Patres
1319 1237 1421 1291 hoc
1463 1235 1664 1288 dixisse
1689 1234 2013 1287 invenimus.
2120 1230 2278 1280 ritum
2310 1239 2547 1281 sanctum
2594 1242 2915 1285 asseverant.
2967 1234 3033 1284 At
3063 1234 3164 1286 hoc
3190 1237 3394 1289 sanctis
3455 1235 3705 1292 Patribm

446 1330 727 1397 Proprium
754 1330 951 1397 quippe
985 1327 1127 1390 F-"ii,
1166 1335 1221 1380 ut
1252 1326 1319 1379 ab
1369 1340 1435 1378 eo
1491 1334 1801 1377 manantem
1865 1322 2018 1375 dixe-
2123 1321 2176 1371 in
2226 1320 2421 1388 primis
2456 1321 2826 1387 imputamlunt
2861 1322 2984 1384 fuit,
3015 1327 3107 1391 qui
3157 1341 3253 1391 per
3288 1324 3483 1379 Filium
3532 1340 3588 1381 et
3639 1349 3705 1382 «εχ

444 1432 609 1479 rnut;
643 1422 917 1487 proprium
954 1434 1081 1473 vero
1106 1433 1226 1472 esse
1264 1416 1387 1470 Filii
1449 1415 1742 1485 Spiritum,
1778 1427 1900 1466 eum
1921 1426 2017 1480 per
2122 1410 2260 1464 Filio
2289 1426 2433 1474 esse,
2470 1427 2531 1465 ac
2556 1414 2849 1480 procedere
2906 1413 3166 1480 Spiritum
3226 1429 3497 1479 Sanctum,
3527 1432 3581 1473 et
3644 1440 3711 1475 cx

444 1511 644 1579 ipsum,
676 1522 729 1563 et
759 1526 824 1562 ex
876 1512 990 1577 ipso
1051 1524 1172 1562 esse
1219 1506 1513 1574 signiﬁcat.
1556 1505 1745 1562 .Porro
1796 1518 2019 1556 manare
2123 1504 2284 1557 Patre
2314 1505 2616 1567 esse,sicut
2654 1517 2702 1557 et
2739 1522 2766 1557 a
2806 1505 2941 1558 Filio
2990 1508 3189 1561 divinis
3244 1512 3543 1565 rationibus
3587 1530 3712 1581 pro-

450 1603 704 1664 verbum,
746 1601 797 1653 in
836 1599 1279 1654 substantialibus
1311 1596 1657 1664 processibus
1712 1610 1742 1649 a
1813 1594 2020 1648 sanctis
2123 1597 2273 1649 baut.
2306 1597 2457 1660 Quod
2488 1598 2531 1653 si
2558 1599 2659 1651 hoc
2688 1614 2782 1653 eos
2840 1598 2912 1651 ita
2952 1613 3265 1656 asserentes
3296 1619 3399 1657 non
3463 1608 3709 1665 sequitur

443 1702 779 1759 assumptum
812 1706 957 1751 esse,
997 1689 1245 1758 pluribus
1294 1703 1456 1752 supra
1491 1697 1852 1740 monstratum
1909 1695 2015 1739 est.
2124 1690 2323 1756 (neque
2345 1690 2489 1741 enim
2525 1689 2649 1742 talia
2707 1691 2989 1751 dixissent,
3026 1698 3069 1744 si
3109 1695 3209 1746 ista
3235 1710 3333 1748 eos
3357 1694 3595 1749 absurda
3630 1714 3715 1750 se-

443 1781 548 1835 setl
579 1784 719 1836 enim
751 1784 800 1834 in
834 1782 1075 1849 scriptis,
1127 1780 1215 1848 qui
1256 1795 1351 1848 per
1383 1781 1522 1832 idem
1575 1792 1784 1845 tempus
1806 1778 2019 1831 clarue-
2055 1832 2094 1855 η
2127 1789 2460 1846 querentur;
2496 1781 2608 1833 imo
2636 1781 2751 1833 haec
2780 1782 3046 1846 dicentes,
3086 1784 3247 1837 etiam
3302 1800 3471 1840 unum
3509 1790 3711 1855 prium-

443 1884 589 1935 ruut,
649 1874 1003 1935 Athanasius,
1059 1871 1309 1933 Basilius,
1336 1870 1626 1940 Nyssenus,
1689 1868 2023 1937 'l‘beologus-
2058 1867 2096 1886 ν
2132 1869 2274 1935 pium
2311 1867 2595 1937 fatentur),
2634 1879 2846 1923 constat
2881 1870 3009 1937 quia
3072 1889 3248 1941 neque
3308 1877 3522 1931 illorum
3569 1880 3715 1933 diem

443 1979 549 2030 que
573 1963 863 2031 Gregorius
899 1981 963 2019 ex
991 1965 1152 2018 Patre
1185 1980 1282 2034 per
1313 1962 1509 2017 Filium
1563 1978 1706 2023 esse,
1744 1973 1797 2016 ct
1833 1977 2024 2032 proee-
2131 1961 2452 2024 referentes,
2498 1963 2611 2015 haec
2664 1961 2841 2025 inepta
2891 1976 3211 2032 sequuntur.

446 2059 595 2118 dere,
629 2072 723 2124 pro
755 2070 819 2109 eo
851 2057 993 2124 quod
1019 2066 1103 2110 est
1137 2072 1200 2124 ex
1232 2054 1395 2110 Patre
1455 2071 1552 2124 per
1607 2054 1795 2109 Filium
1838 2069 2026 2121 proce-
2202 2048 2212 2100 Ι

1950 2069 2026 2108 ge.
2202 2047 2405 2103 Deinde
2422 2052 2677 2119 quoniam
2698 2049 2817 2105 Filii
2849 2067 3026 2105 ontnia
3049 2056 3113 2106 ad
3138 2053 3353 2111 Patrem
3381 2062 3716 2122 referuntur.

447 2149 575 2201 dere
624 2160 976 2215 acceperunt.
2133 2149 2185 2191 et
2209 2156 2345 2193 unus
2368 2140 2508 2195 Deus
2533 2141 2691 2195 Pater
2713 2152 2765 2196 et
2786 2141 2953 2196 Filius
2971 2154 3070 2205 est,
3094 2156 3253 2213 atque
3273 2150 3429 2203 unico
3444 2168 3721 2217 processu,

522 2238 658 2291 Cum
691 2240 895 2306 itaque,
926 2240 1067 2305 quod
1124 2238 1439 2305 quaerimus,
1499 2240 1778 2291 inventum
1841 2240 2024 2299 fuerit,
2135 2232 2247 2283 SiVe
2272 2246 2339 2283 υτ
2364 2231 2524 2285 Patre
2550 2248 2643 2301 Pel‘
2669 2232 2889 2297 Filium.
2925 2237 3039 2290 8ch
3062 2253 3127 2290 ex
3162 2237 3319 2291 Putre
3347 2252 3400 2293 et
3431 2240 3567 2295 Filio
3595 2261 3722 2310 pro-

446 2345 555 2384 non
583 2329 815 2397 expedit
871 2329 1023 2398 plura
1065 2331 1336 2382 curiosius
1389 2331 1701 2397 quaerendo,
1750 2331 2028 2383 molestias
2133 2324 2327 2376 cedere
2379 2328 2642 2379 3550mm
2681 2325 2914 2393 ὃμίτίιυδ
2965 2340 3208 2394 δυιιοιηει
3270 2333 3486 2386 Ubinam
3543 2335 3723 2390 Ιυευιυ

444 2423 579 2489 pati.
626 2421 794 2474 Simul
820 2433 875 2476 et
916 2436 1011 2489 per
1066 2420 1179 2475 lucc
1232 2420 1436 2489 liquido
1478 2424 1756 2489 probatur,
1805 2424 1931 2489 quia
1962 2439 2027 2476 ex

452 2513 589 2567 Filio
628 2530 747 2568 esse
780 2528 1000 2568 causam
1037 2513 1240 2582 signat,
1275 2528 1379 2566 non
1415 2513 1590 2567 solum
1618 2514 2027 2581 prOprietatem,

452 2618 509 2657 ιιι
546 2606 761 2673 quidam
794 2615 1006 2673 putant,
1044 2606 1137 2658 sed
1182 2618 1428 2667 causam,
1476 2607 1818 2671 praecedente
1867 2604 2053 2657 etiam.

454 2699 891 2765 proprietate,-ut
915 2712 1058 2767 saepe
1086 2696 1289 2750 dictum
1332 2708 1434 2750 est.
1468 2694 1766 2749 Eunomius
1798 2696 1942 2749 enim
1965 2711 2031 2747 cx

454 2788 589 2843 Filio
629 2788 889 2857 Spiritum
925 2788 1133 2852 dicens,
1170 2797 1225 2841 et
1252 2788 1367 2856 ipse
1429 2789 1851 2841 ConditiOnalem
1896 2803 2033 2841 cau-

449 2897 567 2934 sam
600 2881 839 2949 Spiritus
867 2880 1062 2933 Filium
1090 2880 1471 2935 commendare
1500 2880 1732 2942 volebat,
1764 2880 2029 2947 divusque

451 2973 683 3025 Basilius
719 2973 769 3025 in
812 2987 975 3026 causa
1006 2972 1248 3039 suscepit
1313 2973 1532 3025 dicens:
1593 2971 1865 3034 Quomodo
1915 2988 2037 3039 ergo

451 3066 554 3118 soli
596 3062 878 3132 Unigenito
911 3079 1127 3117 causam
1159 3063 1386 3131 Spiritus
1444 3062 1719 3129 applicat?
1780 3064 1842 3116 iit
1892 3076 2039 3117 certe

2135 2411 2243 2465 duo
2275 2415 2540 2483 principia
2569 2415 2885 2470 habebunt?
2912 2414 3045 2468 Nam
3073 2419 3114 2471 si
3142 2421 3358 2487 quidem
3377 2436 3519 2478 eSset
3547 2424 3727 2479 i’nlrts‘

2138 2504 2497 2560 substantiale
2524 2507 2865 2575 producere,
2894 2508 2993 2562 hoc
3045 2508 3277 2563 fortasse
3321 2513 3544 2567 haberet
3565 2518 3731 2570 ratio—

2139 2614 2256 2651 nem
2291 2615 2304 2652 :
2337 2604 2595 2669 quoniam
2627 2618 2779 2667 vero,
2814 2604 2915 2657 hoc
2962 2620 3071 2658 non
3112 2619 3214 2669 est,
3248 2618 3303 2659 ut
3344 2626 3507 2677 supra
3542 2613 3729 2664 docui-

2141 2705 2279 2752 mus,
2320 2705 2609 2749 commune
2652 2702 2738 2745 est
2792 2693 2959 2759 igitur
3003 2694 3148 2747 Patri
3210 2707 3265 2749 et
3335 2696 3471 2750 Filio
3520 2699 3730 2767 produ-

2138 2795 2283 2833 cere.
2318 2779 2449 2834 Nam
2477 2783 2523 2835 si
2554 2785 2912 2837 subStauttale
2942 2797 3107 2847 esset,
3148 2803 3422 2855 nunquam
3465 2806 3531 2844 ex
3573 2790 3734 2847 Patre

2142 2890 2236 2942 per
2273 2872 2469 2927 Filiuut
2526 2879 2821 2944 procedere
2870 2877 3104 2944 Spiritus
3160 2893 3383 2935 sanctus
3432 2883 3735 2944 diceretur.

2142 2968 2351 3035 Quippe
2389 2977 2442 3020 et
2471 2967 2611 3034 quod
2652 2970 2915 3035 procedit,
2958 2978 3012 3023 et
3039 2972 3179 3037 quod
3225 2972 3559 3039 producitur.
3593 2977 3734 3031 idem

2143 3058 2368 3111 omnino
2398 3070 2499 3112 est.
2530 3056 2716 3127 Itaque
2747 3060 2910 3114 Pater
2938 3061 3157 3129 quidem
3205 3079 3299 3131 per
3350 3064 3542 3119 Filium
3610 3083 3737 3135 pro-

454 3157 534 3209 fas
569 3167 687 3209 erat
718 3160 894 3210 dicere
925 3168 1172 3209 sanetum
1199 3156 1397 3210 virum.
1458 3156 1608 3221 Quod
1660 3171 1793 3225 ergo
1860 3172 2036 3226 neque
2065 3163 2107 3219 C
2144 3151 2295 3203 ducit
2323 3151 2586 3219 Spiritum
2621 3161 2890 3230 sanetum,
2930 3154 3042 3222 ipse
3109 3170 3236 3208 vero
3260 3166 3343 3209 est
3385 3159 3475 3222 qui
3536 3160 3738 3227 produ-

451 3262 517 3299 οι
549 3244 710 3309 Filio,
759 3260 931 3312 neque
955 3260 1050 3312 per
1084 3261 1205 3299 cum
1261 3247 1369 3298 ullo
1425 3248 1584 3298 modo
1631 3258 1736 3309 est,
1771 3249 2045 3314 quomodo

450 3349 512 3387 ex
556 3334 693 3389 Filio
718 3352 937 3387 causam
975 3337 1024 3388 id
1076 3334 1307 3389 habent?
1343 3334 1447 3389 Sed
1472 3336 1574 3387 hoc
1600 3350 1701 3388 non
1737 3337 1894 3401 dixit,
1925 3354 2047 3390 cum

454 3442 579 3479 eum
620 3443 683 3479 ex
712 3424 870 3481 Patre
897 3443 992 3495 per
1043 3425 1237 3479 Filium
1290 3442 1410 3481 esse
1457 3442 1599 3493 stupe
1653 3426 2044 3494 aﬂirmaverit;

458 3530 619 3588 atque
646 3535 739 3587 per
767 3517 961 3572 Filium
995 3520 1212 3587 quidem
1270 3520 1614 3582 naturaliter,
1648 3529 1703 3573 et
1748 3523 2049 3575 essentiali-

456 3630 555 3683 ter,
582 3622 721 3671 etab
751 3619 869 3685 ipso
898 3632 1017 3671 esse
1058 3618 1256 3671 habere
1300 3631 1571 3680 asserens,
1635 3620 1700 3670 ad
1747 3619 1802 3672 id
1858 3630 2039 3672 autem

455 3709 597 3778 quod
655 3721 927 3773 creature
972 3712 1180 3762 ratione
1237 3724 1360 3765 esse
1402 3709 1689 3764 dicebatur
1743 3710 2037 3765 obsistens.

455 3804 640 3872 itaque
658 3820 863 3857 cumet
900 3801 1037 3857 Filio
1071 3802 1307 3857 essentia
1343 3803 1626 3868 asseritur,
1665 3803 1929 3857 naturalis
1954 3819 2045 3859 es-

456 3898 812 3964 sentialisque
827 3894 1130 3949 substantia
1157 3894 1392 3964 Spiritus
1412 3897 1584 3949 sancti
1608 3896 2045 3950 commendatur.

530 3988 795 4042 Pint-terea
822 3991 1122 4040 secundum
1148 3986 1466 4053 pradictam
1520 3988 1809 4051 rationem,
1872 4004 2047 4056 neque

458 4081 698 4134 Sabellio
733 4081 797 4132 ad
831 4078 1365 4132 commemlatiouem
1403 4079 1715 4132 divinarum
1752 4079 1804 4132 in
1860 4077 2048 4133 Triui-

459 4183 571 4225 tate
626 4184 1003 4237 personarum,
1065 4185 1129 4219 ex
1195 4168 1330 4222 Filio
1406 4168 1669 4237 Spiritqu
1740 4169 2035 4237 procedere

459 4186 571 4225 ιιιιε
626 4187 655 4237 p
723 4186 1003 4233 SOllIll‘llill,
1065 4186 1129 4219 ιξχ
1195 4186 1330 4222 I‘IIIO
1406 4186 1669 4237 Dpll‘lllllll
1740 4186 2035 4237 procedere

457 4186 1052 4407 Patreseo‘gemlerent.
1091 4260 1155 4312 Et
1196 4262 1296 4314 hoc
1346 4259 1491 4314 enim
1546 4259 1754 4313 addunt
1800 4259 2043 4328 quidam.

460 4358 518 4407 Si
554 4358 698 4407 enim
773 4354 924 4407 iliuru
976 4364 1029 4405 et
1060 4352 1271 4406 Patrem
1340 4352 1591 4407 audiens.
1660 4352 2043 4407 dicentemque

460 4358 518 4410 Si
554 4358 698 4409 enim
733 4352 924 4407 Filium
976 4364 1029 4405 et
1060 4352 1271 4406 Patrem
1340 4352 1591 4415 audiens,
1660 4352 2043 4421 dicentemque

463 4446 748 4499 Dominum
772 4432 922 4511 :Egu
942 4460 1003 4496 ea:
1026 4441 1185 4495 Patre
1212 4444 1345 4495 exivi
1364 4443 1384 4474 ⁸
1407 4460 1421 4507 ;
1455 4452 1510 4497 et
1541 4440 1863 4507 Spiritus‘ex
1886 4440 2048 4497 Patre

460 4540 695 4607 procedit
722 4538 760 4601 ⁷,
818 4553 922 4589 non
986 4536 1362 4599 inducebatur,
1421 4547 1478 4588 ut
1529 4533 1854 4589 Trinitatem
1882 4535 2051 4589 Deum
2091 4521 2217 4581 Dut
2246 4530 2465 4598 sapiens
2517 4539 2571 4582 et
2648 4530 2845 4591 bonus,
2914 4546 3031 4597 qua:

463 4630 815 4686 confiteretur
835 4645 849 4691 ;
872 4630 1112 4698 profecto
1130 4631 1175 4681 si
1195 4629 1361 4682 etiattt
1384 4642 1413 4681 a
1434 4616 1570 4681 Filio
1593 4629 1737 4680 hunc
1764 4628 2056 4695 procedere

464 4723 732 4785 audisset,
774 4722 907 4775 nihil
952 4737 1048 4790 per
1106 4722 1207 4774 ltoc
1266 4719 1439 4789 magis
1490 4716 1815 4772 Trinitatem
1882 4718 2052 4772 Deum

465 4816 749 4870 confessus
779 4824 959 4868 easet:
996 4814 1105 4865 imo
1140 4812 1285 4865 credi
1324 4820 1501 4878 potest
1540 4825 1662 4863 cum
1697 4820 1751 4863 et
1783 4810 1867 4863 sui
1898 4811 2050 4863 simi-

466 4909 544 4963 les
580 4910 645 4961 de
671 4906 808 4960 Filio
849 4906 949 4959 ista
979 4905 1178 4972 saepius
1238 4904 1479 4966 audisse,
1513 4918 1636 4957 cum
1692 4916 2052 4970 personarum

468 5002 826 5057 dill‘erentiam
894 5008 1179 5067 ponerent,
1215 5012 1545 5064 causamque
1577 5003 1632 5047 et
1694 4996 1936 5060 causale,
2000 5005 2055 5047 et

468 5109 590 5162 quae
620 5093 866 5147 ordinem
939 5096 1006 5144 ad
1077 5090 1308 5144 invicem
1364 5090 1734 5153 insinuarent;
1788 5104 1910 5140 nam
1962 5088 2055 5156 qui

469 5201 565 5253 per
587 5185 638 5237 id
667 5183 926 5252 temporis
948 5184 1394 5242 dticlOI't'Sct‘ttltl,
1419 5196 1513 5249 per
1544 5178 1736 5232 Filium
1766 5178 2060 5249 procedere

469 5288 523 5330 et
548 5276 753 5342 abipso
776 5276 1047 5342 accipere,
1084 5285 1249 5341 atque
1295 5275 1533 5339 prodire,
1565 5282 1618 5324 et
1644 5282 1838 5325 caetera
1878 5273 2065 5341 hujus-

473 5370 619 5423 ntodi
648 5371 713 5423 de
755 5368 960 5437 Spiritu
996 5378 1187 5422 sancto
1216 5368 1554 5422 asserebant.
1589 5365 1858 5420 Caeterum
1909 5369 1952 5420 si
1999 5382 2065 5419 ex

472 5462 895 5517 evidentiSsimis
924 5461 1221 5530 Scriptura:
1285 5460 1619 5513 testimoniis
1649 5458 1699 5512 id
1761 5458 2067 5527 percipien-

476 5568 576 5621 tes,
607 5571 793 5611 verum
824 5573 929 5611 non
964 5552 1553 5623 putaliatttrquomodo
1586 5553 1651 5606 sil
1688 5553 1759 5604 ab
1834 5550 2069 5606 hornini-

474 5650 577 5707 bus
608 5651 883 5716 audirent,
909 5646 1325 5704 concinentibus
1371 5648 1494 5700 licet
1544 5644 1841 5713 Scripturis
1872 5644 2066 5700 crede-

598 5836 757 5893 loau.
793 5852 905 5903 χιιι,
937 5836 1029 5891 ‘28.
1109 5837 1127 5867 ⁷
1170 5835 1335 5890 Joan.
1373 5851 1461 5900 xv,
1497 5834 1587 5887 ‘26.

740 5934 1011 5995 DATnUL.
1050 5934 1169 5993 (in.
1230 5933 1409 5994 CLII.

2151 3243 2322 3295 citur.
2348 3241 2556 3296 Idcirco
2602 3236 2767 3295 etiam
2806 3250 3103 3311 productor
3139 3262 3233 3314 per
3268 3246 3503 3302 Verbum
3555 3250 3739 3305 dictus

2152 3345 2257 3387 est.
2290 3332 2358 3386 Et
2401 3345 2580 3388 tamen
2631 3324 2808 3407 neque
2851 3352 3071 3391 causam
3137 3340 3559 3395 substantialem
3612 3360 3738 3397 esse

2153 3438 2517 3478 monstratum
2567 3440 2677 3491 est,
2717 3440 2895 3498 neque
2938 3431 3081 3483 enim
3138 3448 3250 3485 rem
3285 3434 3581 3503 signiﬁcat,
3642 3439 3755 3489 Sed

2152 3519 2327 3572 solum
2360 3520 2843 3588 praedicameutuui
2871 3532 2977 3577 est.
3023 3521 3079 3576 Si
3159 3526 3304 3578 enim
3394 3542 3505 3580 rem
3574 3545 3740 3583 causa

2152 3613 2437 3681 διειιίίῖειιι,
2475 3615 2636 3666 etiam
2666 3615 3045 3668 substantialis
3090 3625 3193 3675 est.
3231 3628 3287 3671 et
3332 3619 3552 3673 causale
3608 3634 3744 3675 cou-

2151 3716 2445 3774 sequenler
2507 3722 2619 3759 rem
2691 3708 2994 3779 designabit
3061 3724 3125 3764 ac
3177 3710 3538 3765 substantiale
3603 3716 3732 3767 erit.

2153 3796 2329 3865 Atque
2369 3798 2439 3851 ita
2476 3798 2717 3852 causalia
2771 3814 2895 3853 cum
2955 3802 3065 3854 sint
3154 3800 3323 3857 Filius
3384 3813 3439 3857 et
3501 3803 3744 3873 Spiritus

2150 3898 2398 3951 sanctus,
2433 3904 2538 3942 una
2573 3904 2801 3957 persona
2827 3891 2951 3953 erit,
2997 3908 3193 3961 nempe
3251 3895 3510 3961 quoniam
3565 3907 3746 3955 υδιυυ-

2150 3996 2269 4033 sum
2294 3989 2377 4033 est
2407 3982 2720 4034 communia
2747 3996 2868 4035 esse
2899 3982 3079 4034 omnia
3132 3981 3279 4036 Patri
3326 3993 3381 4038 et
3444 3983 3604 4048 Filio,
3652 3988 3744 4041 ubi

2152 4085 2258 4125 non
2292 4071 2478 4125 obSIat
2508 4072 2786 4126 relationis
2832 4072 3141 4140 oppositio;
3200 4076 3507 4142 producere
3538 4089 3744 4136 autem,

2151 4178 2328 4233 neque
2358 4164 2671 4232 paternitati
2694 4165 2948 4230 congruit
2978 4166 3281 4219 secundum
3309 4168 3428 4234 ejus
3450 4169 3744 4228 rationem,

2152 4271 2325 4325 neque
2371 4255 2638 4309 nativitati
2683 4257 3000 4325 opponitur.
3065 4256 3188 4311 Ista:
3241 4258 3385 4310 enim
3422 4260 3489 4311 ad
3517 4260 3747 4313 invicem

2152 4348 2321 4402 solum
2353 4350 2700 4409 relationem,
2732 4360 2895 4416 atque
2945 4350 3311 4403 substantiam
3350 4352 3574 4404 trahent.
3664 4351 3751 4404 ld-

2152 4440 2299 4493 circo
2321 4437 2455 4493 nihil
2485 4440 2633 4508 cogit
2665 4454 2695 4492 a
2738 4436 2875 4493 Filio
2907 4442 3195 4505 producere
3224 4439 3476 4505 auferre;
3505 4441 3744 4507 alioquin

3123 4546 3390 4598 nusquam
3473 4533 3752 4586 nativitati

2163 4637 2536 4691 opponuntur,
2568 4620 2705 4675 Filio
2738 4622 3015 4683 tollentes,
3064 4623 3329 4677 minorem
3359 4623 3536 4678 Patris
3561 4640 3753 4679 esseu-

2119 4747 2122 4750 ~
2166 4717 2237 4771 tia
2267 4714 2459 4769 Filium
2502 4717 2815 4769 necessario
2851 4714 3162 4779 fatebimur,
3228 4718 3410 4769 innata
3452 4729 3505 4769 et
3538 4720 3754 4784 prepria

2167 4824 2271 4860 non
2302 4810 2375 4874 ei,
2408 4810 2547 4861 sicut
2574 4817 2628 4859 et
2658 4807 2799 4860 Patri
2834 4808 3122 4862 reddentes
3156 4825 3170 4861 :
3206 4808 3276 4861 ita
3330 4821 3384 4861 et
3431 4817 3754 4878 producere.

2166 4900 2425 4967 quoniam
2466 4899 2736 4953 nativitati
2781 4916 2885 4953 non
2915 4902 3121 4966 obstat,
3160 4902 3262 4954 nisi
3301 4902 3438 4955 Filio
3465 4916 3758 4955 commune

2167 5008 2289 5046 cum
2311 4992 2469 5045 Patre
2500 5002 2606 5057 srt;
2653 4991 2886 5061 sigillum
2920 5007 3144 5060 prorsus
3164 4993 3437 5048 uniforme
3476 5011 3579 5047 non
3631 4997 3756 5057 e.it,

2167 5095 2221 5135 ct
2264 5084 2666 5138 indemutabilis
2711 5083 2890 5153 imago
2923 5083 3119 5145 Patris,
3156 5094 3211 5139 et
3252 5101 3393 5140 unus
3414 5102 3540 5139 cum
3597 5085 3761 5140 l’att'c

2172 5177 2333 5234 Deus.

2239 5270 2735 5340 Itaqueseeundum
2764 5277 3009 5344 proprias
3030 5276 3416 5330 substantiales
3444 5276 3759 5340 relationes,

2168 5362 2555 5431 paternitatetn
2585 5364 2795 5419 scilicet
2834 5383 2897 5421 ac
2956 5368 3322 5431 nativitatem,
3378 5368 3606 5423 discreti
3638 5383 3761 5421 etnu

2168 5454 2277 5506 sint
2307 5456 2605 5509 secundum
2649 5472 2915 5526 personas
2945 5458 3106 5513 Pater
3162 5470 3215 5513 et
3242 5457 3436 5524 Filius,
3472 5474 3767 5513 counnuue

2170 5548 2464 5604 iudivisum
2517 5566 2616 5619 per
2681 5552 2786 5605 alia
2830 5553 3011 5607 omnia
3060 5556 3144 5623 pie
3202 5552 3602 5608 observabitur.
3644 5551 3764 5603 Non

2174 5641 2321 5696 enim
2348 5644 2477 5713 quia
2506 5644 2614 5700 duo
2648 5655 2778 5701 sunt
2810 5646 3085 5717 personis,
3116 5646 3236 5701 ideo
3258 5646 3423 5700 etiam
3461 5658 3555 5715 per
3583 5644 3764 5696 omnia
