4472 6434
762 365 863 426 171

2030 371 2431 428 MANUELIS
2471 371 2818 428 CALECJ‘Z-
2874 433 2877 436 _

3901 367 4000 437 1⁵12

752 498 847 536 eos
878 482 1115 533 dividere
1141 481 1431 544 convenit;
1489 482 1564 533 sic
1619 483 1762 533 enim
1807 492 1986 534 essent
2033 492 2086 532 et
2126 485 2227 531 duo
2250 496 2334 532 sa-
2367 492 2403 537 Λ
2440 480 2743 545 lluviusqnc
2802 497 2864 532 ex
2916 483 3069 534 oculo
3131 497 3224 550 per
3276 482 3498 543 fontem,
3565 482 3679 534 sive
3734 497 3868 549 aqua
3930 496 3993 534 ex

753 576 982 639 pientes,
1010 582 1064 625 et
1088 575 1191 624 duo
1223 574 1367 635 boni,
1400 583 1452 623 et
1477 575 1580 624 duo
1619 582 1913 634 creatures,
1949 583 2000 624 et
2025 573 2128 624 duo
2158 572 2250 632 dii,
2281 580 2334 622 et

751 667 854 716 dtto
889 665 1158 715 mittentes
1186 703 1200 726 ,
1231 664 1482 730 quoniam
1518 665 1679 714 tttittit
1724 663 1938 729 quidem
1977 659 2132 713 Pater
2162 643 2334 727 Spii'i-

754 768 861 806 tum
893 765 1135 808 sanctum
1165 774 1176 815 ;
1210 757 1373 806 mittit
1409 771 1535 806 vero
1566 757 1704 805 ltttnc
1749 764 1798 805 et
1858 751 2053 816 Filius;
2119 762 2170 804 et
2233 753 2325 818 qui

750 850 914 897 ιιιιιιιι
947 848 1156 899 initium
1192 846 1594 913 quomodolibet
1629 855 1708 896 est
1757 844 1872 910 ejus
1930 844 2018 909 qtti
2077 844 2326 894 mittitur.

822 940 1029 990 ldtirco
1080 938 1280 988 dictum
1322 947 1406 990 est
1441 952 1468 988 a
1503 935 1750 1001 tlicologo
1789 933 2076 999 Gregorio,
2127 933 2327 996 princi-

745 1048 888 1096 pium
923 1045 986 1083 ex
1011 1031 1290 1095 principio,
1332 1042 1642 1093 quanquam
1683 1040 1787 1076 non
1838 1025 1991 1076 video
2028 1040 2124 1077 cur
2148 1024 2326 1090 potius

748 1141 810 1174 es
840 1138 901 1173 eo
926 1122 1140 1187 quidem
1176 1119 1314 1186 quod
1353 1134 1418 1169 ex
1465 1117 1696 1170 Patreet
1743 1115 1878 1167 Filio
1917 1115 2210 1180 procedere
2242 1115 2324 1166 di-

747 1216 887 1267 citur
918 1212 1154 1278 Spiritus
1203 1221 1448 1272 Sanetus,
1488 1210 1591 1261 duo
1631 1207 1806 1260 sancti
1844 1206 2080 1272 Spiritus
2120 1206 2325 1272 princi-

747 1309 831 1373 pia
860 1312 1158 1356 nascuntur
1192 1320 1203 1353 :
1242 1317 1305 1353 ex
1332 1316 1398 1352 eo
1428 1308 1606 1351 autem
1651 1298 1793 1364 quod
1838 1313 1864 1349 a
1902 1296 2066 1349 Patre
2098 1307 2150 1347 ct
2188 1294 2323 1347 Filio

746 1398 906 1459 mitti,
944 1414 1046 1447 nou
1081 1397 1265 1447 itidem
1293 1396 1397 1443 duo
1426 1395 1676 1444 oriantur
1708 1390 1884 1448 initia,
1938 1400 2110 1454 neque
2144 1396 2320 1436 tamen

743 1494 852 1542 duo
892 1492 971 1542 \cl
1000 1501 1108 1541 tres
1136 1499 1402 1540 creatura:
1435 1485 1690 1537 dicuntur
1716 1480 1960 1548 opilices,
1987 1489 2041 1531 et
2074 1489 2181 1532 tres
2205 1477 2280 1530 dii
2305 1515 2318 1538 .

743 1595 794 1631 et
831 1583 933 1633 trizt
957 1585 1356 1642 consequenter
1379 1572 1644 1641 principia
1674 1587 1687 1634 ;
1718 1570 1810 1623 sed
1838 1576 2075 1630 constat,
2102 1567 2320 1632 quando

744 1687 919 1736 neque
950 1671 1180 1736 sapiens,
1220 1681 1392 1733 neque
1424 1675 1638 1717 creator
1667 1661 1981 1729 patcruitati
2016 1674 2193 1725 neque
2227 1673 2327 1710 ua-

746 1763 941 1814 lit‘iluli
1002 1759 1294 1828 opponitur
1352 1775 1364 1810 :
1435 1758 1519 1809 hic
1572 1756 1736 1807 etiam
1792 1753 1933 1806 Patri
1970 1760 2022 1803 et
2085 1748 2324 1812 Fillo,ct

742 1867 929 1905 δτιιιειυ
964 1852 1188 1920 Spiritui
1225 1863 1515 1902 commune
1547 1858 1652 1905 est,
1696 1845 2031 1912 quandouec
2056 1843 2175 1908 ejus
2199 1841 2325 1893 Sllll-

740 1946 978 1998 stantialt
1009 1943 1350 2012 prppritdati,
1381 1937 1720 2007 processioni
1746 1935 1979 1999 scilicet,
1999 1934 2320 2002 opponitur:

740 2053 881 2088 unus
935 2047 1147 2086 creator
1203 2046 1481 2098 unumque
1520 2037 1785 2083 creatura:
1833 2025 2155 2094 principium
2204 2022 2326 2075 Tri-

739 2132 902 2183 nitas.
937 2129 1012 2180 Ac
1058 2127 1272 2179 mittere
1310 2124 1573 2192 Spiritum
1609 2130 1856 2173 sanctum
1905 2114 2051 2167 Patri
2080 2113 2325 2180 Filioque

738 2235 1026 2276 commune
1059 2228 1162 2279 est.
1207 2217 1404 2284 quippe
1448 2229 1571 2267 cum
1606 2225 1778 2280 neque
1831 2212 1928 2262 ltoc
1959 2222 2146 2262 eorum
2202 2206 2326 2259 sub-

738 2312 1090 2366 Stantialilius
1119 2307 1548 2378 pmprietatilms
1578 2305 1777 2358 obstet.
1815 2302 1939 2355 Ideo
1974 2310 2028 2353 et
2068 2313 2207 2352 unus
2231 2297 2322 2364 qni

739 2406 927 2464 mittit,
970 2403 1130 2454 Pater
1161 2413 1213 2452 et
1245 2399 1417 2452 Filius
1451 2408 1555 2451 est.
1607 2395 1870 2448 Similiter
1913 2393 2004 2460 qui
2051 2389 2320 2461 producit,

739 2513 878 2549 unus
937 2509 1019 2548 cst
1068 2498 1256 2547 eadem
1312 2493 1543 2544 ratione.
1597 2487 1799 2540 Sancto
1857 2494 2034 2537 autem
2096 2481 2322 2550 Spiritui

738 2589 956 2640 mittere
987 2601 1049 2639 ac
1082 2587 1404 2652 producere,
1463 2592 1523 2634 ut
1553 2580 1670 2648 ejus
1702 2574 2047 2631 substantiali
2101 2574 2321 2641 opposi-

740 2692 852 2733 tum
889 2679 1211 2745 pr0prietztti
1248 2690 1354 2727 non
1394 2675 1582 2737 adest;
1607 2668 1754 2738 quod
1785 2669 1928 2722 enim
1961 2665 2230 2733 producit,
2258 2663 2322 2714 ad

737 2775 788 2826 id
821 2773 960 2839 quod
994 2771 1341 2839 producitur,
1375 2767 1640 2829 refertur;
1681 2776 1732 2816 et
1769 2762 1912 2830 quod
1965 2758 2309 2826 produeitur,

735 2863 802 2916 ad
836 2864 885 2916 id
913 2866 1052 2930 quod
1083 2861 1350 2930 producit,
1385 2858 1468 2910 vel
1501 2856 1729 2921 inspirat
1755 2855 1968 2905 itidem.
2000 2848 2116 2901 Non
2141 2857 2320 2899 autem

733 2954 994 3023 possibile
1059 2962 1145 3005 est
1201 2953 1340 3003 idem
1377 2964 1497 3002 esse
1538 2948 1678 3016 quod
1735 2945 2004 3012 producit,
2065 2952 2120 2996 et
2179 2939 2321 3008 quod

734 3049 1075 3119 producitur.
1141 3043 1288 3097 Nihil
1340 3044 1486 3096 enim
1540 3041 1621 3094 sui
1690 3040 1858 3106 ipsius
1912 3052 2080 3089 causa
2135 3045 2244 3089 e~t.

2440 572 2586 624 lozttc
2627 591 2720 640 per
2767 574 3007 634 ﬂuvium,
3045 583 3098 625 ct
3147 573 3353 624 fructus
3417 588 3481 624 ex
3548 575 3725 624 radice
3781 586 3875 638 per
3920 587 3998 620 ra—

2441 679 2608 726 nittm,
2650 667 2947 716 secundum
2987 680 3149 716 unum
3201 679 3512 727 processum
3544 678 3816 728 utIUmque
3848 663 3999 729 pritt-

2437 753 2660 817 cipiunt,
2717 757 3001 818 prodeunt.
3064 752 3118 805 Si
3176 762 3351 804 autem
3391 755 3491 803 hoc
3523 752 3572 802 in
3612 750 3836 802 materia
3875 764 4006 800 con.

2440 845 2622 908 tingit,
2682 847 2849 895 tuttlto
2919 845 3088 911 magis
3146 845 3194 894 in
3244 843 3461 903 divinis,
3523 853 3685 908 atque
3730 840 3796 892 ab
3854 840 4004 890 omni

2441 938 2666 987 materia
2717 937 2959 997 remotis,
2998 953 3116 1003 qme
3162 935 3280 986 sine
3325 945 3565 998 tempore
3611 941 3664 984 ct
3726 931 4006 983 intervallo

2437 1027 2816 1091 inspiciuntur.

2509 1117 2738 1167 'l'altttltlt
2771 1131 2896 1167 vero
2925 1119 3076 1167 :tbcst
3109 1125 3164 1166 ιιι
3199 1115 3423 1165 Romani
3457 1123 3511 1165 et
3542 1113 3714 1164 Latini
3745 1113 3849 1164 duo
3879 1112 4002 1177 Spi-

2438 1211 2573 1263 ritus
2619 1210 2877 1276 principia
2921 1211 3119 1259 duosve
3172 1221 3459 1274 processus
3505 1205 3894 1265 conﬁteantur,
3945 1214 4001 1255 ut

2437 1316 2530 1354 eos
2575 1315 2790 1367 quoque
2825 1299 3300 1359 :tnatltematizent,
3351 1298 3438 1362 qui
3471 1296 3591 1347 talia
3640 1295 3819 1348 dicere
3868 1309 4006 1361 prte-

2435 1402 2681 1444 sutnunt.
2734 1391 2970 1457 Denique
3004 1391 3052 1441 in
3100 1388 3446 1457 Lugduneusi
3497 1388 3747 1448 concilio,
3801 1386 4006 1438 Gneci-s

2433 1482 2751 1550 Latinisque
2775 1484 3112 1549 congregatis
3135 1521 3149 1542 ,
3202 1483 3314 1534 haec
3360 1480 3633 1533 sententia
3669 1477 4007 1544 promulgata

2433 1583 2518 1625 est
2549 1590 2563 1625 :
2595 1588 2756 1638 quam
2789 1571 3034 1638 plurimis
3060 1571 3112 1624 in
3159 1571 3317 1631 locis,
3345 1570 3546 1622 Cra-cis
3577 1567 3892 1630 Latinisque
3923 1569 4007 1618 iti-

2434 1661 2690 1728 scriptam
2740 1659 2935 1713 litteris
2987 1670 3041 1713 ct
3092 1659 3266 1724 libris,
3321 1658 3478 1712 facile
3543 1659 3633 1726 qui
3677 1656 3894 1723 qurerit,
3931 1658 4010 1706 ιιι-

2431 1754 2597 1807 venit.

2510 1843 2799 1911 Gregorius
2828 1844 2895 1907 X,
2930 1845 2980 1898 in
3015 1844 3359 1914 Lugdunensi
3399 1844 3695 1898 universali
3723 1843 3952 1895 concilio
3990 1859 4002 1892 :

2436 1933 2698 2000 lleligiosa
2729 1953 2789 1987 ac
2813 1935 2957 2002 fideli
2988 1953 3105 1988 voce
3143 1938 3567 2004 pronuntiamus,
3593 1934 3846 2003 Spiritum
3880 1951 4008 1985 sau-

2433 2037 2570 2076 ctttm
2613 2041 2676 2077 ea;
2720 2025 2879 2079 l’atre
2911 2036 2958 2078 et
2990 2025 3124 2079 Filio
3156 2037 3365 2088 a’lerne,
3400 2043 3500 2080 non
3533 2027 3689 2079 veluti
3719 2041 3782 2077 ea:
3805 2024 4005 2075 duobus

2431 2116 2723 2182 principiis,
2752 2115 2842 2168 sed
2866 2129 3007 2170 utea:
3039 2133 3165 2178 uno,
3187 2134 3288 2169 non
3313 2117 3518 2169 duabus
3546 2114 4006 2182 inspiratiouibus,

2430 2208 2509 2260 uel
2561 2208 3004 2274 processionibus,
3072 2210 3162 2262 sed
3211 2227 3314 2262 una
3359 2211 3638 2276 eademque
3697 2211 3996 2274 procedere.

2432 2300 2586 2352 Istud
2613 2320 2641 2352 α
2669 2301 2924 2368 principio
2961 2302 3196 2370 confessa
3221 2313 3293 2354 est
3313 2341 3326 2364 ,
3359 2303 3688 2367 prtcdicavit,
3718 2308 3765 2350 et
3799 2299 4005 2358 docuit,

2430 2394 2525 2445 hoc
2549 2392 2742 2456 valide,
2766 2402 2814 2445 et
2846 2396 3270 2447 constantissime
3295 2398 3450 2457 tenet,
3482 2395 3756 2463 pranticat,
3797 2393 4010 2456 conﬁte—

2433 2495 2520 2537 tur
2553 2497 2601 2538 et
2647 2492 2791 2538 docet
2838 2498 3179 2539 sacrosancta
3230 2486 3468 2539 Romana
3523 2487 3786 2548 Ecclesia,
3840 2494 4008 2534 mater

2430 2579 2666 2649 omnium
2694 2578 2955 2646 ﬁdelium,
2987 2597 3049 2631 ac
3069 2581 3368 2648 magistra;
3397 2581 3640 2643 istudque
3670 2590 3801 2630 tenet
3829 2579 4009 2627 ortho-

2431 2676 2688 2723 doa'orstnt
2747 2670 2973 2751 Patrum
3030 2689 3090 2724 ac
3134 2672 3432 2738 doctorum,
3493 2670 3801 2723 Latinorum
3855 2682 4010 2736 atque

2431 2762 2760 2827 Grmcorum,
2815 2780 2943 2818 vera
2996 2765 3379 2831 immobiltsque
3439 2769 3718 2817 sententia.
3795 2762 4003 2821 Verum,

2430 2859 2555 2925 quia
2588 2857 2829 2911 nonnulli
2870 2874 2968 2926 per
3002 2858 3364 2926 ignorantiam
3417 2858 3574 2918 huius
3622 2855 4008 2923 irrefragubilis

2431 2951 2687 3010 veritatis,
2745 2951 2801 3001 in
2838 2949 3058 3002 haereses
3111 2952 3289 3001 varias
3337 2949 3474 3016 lapsi
3515 2960 3636 3001 sunt
3687 2963 3706 3000 :
3748 2966 3862 3008 nos,
3913 2948 4009 2997 lut-

2423 3040 2663 3108 jttsmodi
2691 3041 2972 3094 Ita’resibus
3015 3058 3216 3093 omnem
3245 3042 3445 3093 aditum
3466 3045 3734 3092 obstruere
3758 3040 4004 3102 volentes,

808 3137 1102 3199 Prztrterea,
1155 3137 1198 3187 si
1238 3134 1541 3201 produt-eus
1589 3130 1824 3197 Spiritus
1873 3129 1968 3191 sit,
2022 3125 2393 3196 pl‘ocedcnsc
2427 3148 2580 3184 sacro
2623 3132 2781 3183 simul
2828 3133 3135 3185 decernente
3185 3132 3432 3192 conetlio,
3470 3133 3785 3184 damnamus
3833 3147 3894 3181 ac
3927 3146 4008 3180 re-

659 3272 662 3274 -
733 3245 854 3284 esse
883 3231 1111 3290 desinet,
1140 3238 1194 3279 et
1224 3225 1480 3293 Spiritus,
1514 3225 1659 3290 quod
1693 3221 1851 3285 hujus
1882 3218 2193 3285 proprietas
2215 3227 2321 3266 est.

736 3320 799 3373 Et
831 3322 958 3381 erit,
995 3319 1076 3372 vel
1127 3316 1399 3385 gignendo
1447 3316 1629 3378 Patre,
1655 3323 1708 3365 et
1757 3312 2029 3381 quomodo
2065 3325 2093 3362 a
2129 3308 2324 3382 Patre?

733 3414 817 3466 vel
854 3414 1170 3481 protluctor,
1225 3419 1279 3462 et
1317 3408 1590 3476 quomodo
1648 3402 1924 3471 Spiritth?
1983 3403 2088 3455 Sed
2141 3417 2325 3468 neque

735 3508 927 3558 tertius
972 3519 999 3555 a
1057 3502 1217 3556 Patre
1251 3505 1373 3563 erit,
1405 3501 1559 3564 juxta
1592 3500 1816 3550 Patrum
1851 3497 2194 3562 theologiam,
2233 3509 2322 3548 se-

731 3597 969 3650 cundum
1012 3610 1172 3663 quam
1204 3609 1268 3645 ex
1305 3594 1465 3645 Pater
1505 3606 1600 3659 per
1647 3590 1842 3642 Filium
1889 3587 2135 3656 procedit
2165 3601 2182 3640 :
2212 3587 2324 3639 sic-

732 3706 837 3758 que
869 3702 1043 3754 neque
1085 3686 1407 3754 procedens,
1449 3692 1543 3736 aut
1592 3681 1832 3748 Spiritus
1866 3680 1994 3733 erit.
2032 3678 2241 3731 Idcirco
2265 3685 2325 3729 ut

731 3781 1003 3846 obiectum
1056 3776 1372 3846 praprietati
1420 3790 1556 3836 ειη»,
1602 3773 1892 3839 producere
1943 3771 2012 3832 ab
2044 3771 2161 3837 ipso
2188 3771 2324 3823 alie-

732 3888 858 3924 nttnt
891 3871 1016 3932 erit,
1059 3869 1160 3922 etsi
1205 3867 1271 3919 sit
1306 3865 1549 3934 ejusdem
1579 3861 1900 3916 cumPatrc
1927 3871 1978 3915 et
2011 3860 2152 3914 Filio
2184 3857 2316 3912 sub-

732 3966 969 4025 stantie,
1020 3972 1077 4015 ut
1121 3979 1182 4015 ex
1219 3962 1350 4027 ipsis
1384 3959 1775 4025 essentialiter,
1819 3967 1875 4009 et
1910 3955 2074 4024 quas!
2098 3954 2168 4008 ab
2216 3969 2321 4006 una

732 4073 789 4109 re
813 4060 1103 4110 exsisteus.
1135 4055 1423 4119 ΡιὉμιιειθξι
1454 4061 1507 4103 et
1549 4050 1639 4117 qui
1674 4064 1739 4102 ex
1772 4047 1930 4101 Patre
1954 4044 2169 4101 et-Filio
2192 4060 2322 4115 pro-

717 4152 924 4207 ,cedere
970 4146 1234 4214 Spiritum
1300 4152 1550 4196 sanctum
1613 4141 1963 4204 couliteutur,
2017 4154 2198 4207 neque
2253 4153 2320 4190 ex

729 4238 892 4291 Patre
939 4239 1126 4288 dicunt
1153 4235 1453 4287 secundum
1508 4233 1900 4300 preprictatem
1951 4228 2129 4283 Patris
2165 4228 2321 4298 (lucc

727 4329 872 4378 t'ttiltt
901 4328 966 4377 ad
987 4324 1193 4378 .lt‘tlium
1226 4324 1480 4387 dicitur),
1517 4337 1694 4389 neque
1735 4337 1798 4373 ex
1828 4319 1988 4385 Filio,
2020 4324 2320 4374 secundum

729 4420 851 4473 l".lit
879 4417 1418 4482 tlt'littitionem,cjtts
1445 4415 1642 4481 quippe
1672 4416 1811 4467 ratio
1838 4414 1904 4466 ad
1933 4415 2319 4481 paternitatem

2426 3223 2710 3292 probamus
2740 3239 2941 3287 omnes,
2972 3225 3077 3291 qui
3110 3239 3300 3292 negare
3350 3225 3546 3274 audent
3587 3222 3843 3288 Spiritum
3882 3237 4006 3273 san-

2427 3328 2566 3367 ctum
2607 3329 2672 3366 ex
2708 3313 2869 3368 Patre
2898 3327 2944 3368 et
2993 3315 3137 3368 Filio
3177 3327 3372 3368 azterne
3425 3317 3722 3381 procedere,
3779 3315 3881 3366 sive
3905 3315 4006 3365 aui

2428 3409 2714 3459 temeraria
2759 3409 2988 3460 audacia
3015 3410 3294 3476 ἀθῖηηαηι
3344 3406 3602 3474 Spiritum
3632 3422 3696 3460 ex
3740 3406 3899 3459 Putre
3957 3414 4008 3458 et

2426 3497 2584 3561 Filio,
2637 3497 2794 3552 veluti
2835 3515 2899 3551 ex
2935 3498 3140 3557 duobus
3179 3500 3473 3567 principiis,
3519 3515 3622 3551 non
3660 3513 3725 3550 ea:
3754 3514 3856 3550 uno
3883 3514 4008 3564 pro-

2425 3591 2630 3645 cedere.
2812 3588 2813 3591 “

2501 3684 2607 3738 Ista
2634 3685 2702 3738 ab
2735 3687 2995 3740 omnibus
3030 3701 3096 3740 eo
3127 3685 3579 3740 convenientiluts
3630 3684 3782 3738 firma
3807 3693 3860 3736 et
3891 3693 4006 3736 r.:t.t

2425 3775 2635 3843 habita,
2689 3779 2994 3846 litterisque
3039 3758 3244 3833 Griecis
3294 3791 3347 3831 et
3388 3776 3606 3830 Latinis
3666 3776 3893 3841 scripta,
3953 3784 4009 3826 rt

2426 3872 2567 3939 apud
2604 3886 2698 3924 eos
2729 3871 2951 3933 durant.
2987 3881 3042 3926 et
3071 3870 3600 3937 COIISUIIIllthpOlltII
3629 3879 3907 3924 tunccum
3937 3866 4014 3918 le-

2425 3964 2567 4030 gatis
2593 3963 2760 4016 missa
2787 3973 2936 4015 sunt.
2973 3961 3123 4027 Quod
3149 3963 3371 4015 si‘nunc
3399 3961 3498 4014 ista
3531 3961 3730 4026 scripta
3763 3973 3866 4010 non
3894 3957 4014 4009 ubi-

2426 4067 2533 4121 que
2565 4064 2883 4116 cernuntur,
2912 4053 3017 4106 alia
3049 4053 3188 4105 ratio
3217 4061 3320 4106 est.
3378 4049 3664 4116 Quomodo
3707 4052 3852 4102 enim
3894 4064 4012 4101 ser-

2429 4154 2549 4196 vata
2580 4153 2709 4197 sunt
2738 4146 2962 4213 scripta,
2988 4160 3220 4212 quorum
3250 4159 3385 4210 Opus
3406 4152 3535 4211 post
3562 4123 4014 4196 modicum’ever-

2424 4253 2544 4292 sum
2581 4237 2705 4291 est?
2728 4236 2958 4291 Tantam
2994 4246 3172 4290 tamen
3207 4253 3271 4288 ac
3300 4243 3409 4288 tattt
3442 4234 3708 4288 celebrem
3745 4236 4011 4302 synodum

2429 4330 2575 4383 illam
2614 4340 2837 4397 propter
2857 4329 2970 4382 hac
2995 4329 3164 4382 fuisse
3217 4328 3528 4392 conﬂatam,
3574 4327 3714 4394 apud
3742 4329 4014 4394 plurimos

2427 4423 2606 4475 adltttc
2634 4423 2693 4474 iu
2725 4423 2988 4474 memoria
3014 4432 3122 4474 εει.

731 4514 1055 4567 relationem
1090 4525 1151 4561 ae
1191 4508 1551 4562 substantiam
1597 4508 1784 4571 liabet,
1816 4505 1911 4560 scd
1955 4507 2007 4559 in
2043 4519 2312 4574 quantum
2355 4484 2399 4538 Β
2502 4513 2579 4566 Ex
2611 4513 2694 4566 his
2744 4525 2925 4565 autem
2973 4511 3281 4566 euidentius
3317 4512 3372 4564 ﬁt
3404 4513 3574 4567 etiam
3625 4514 3769 4583 φιυά
3817 4484 4010 4569 [reatus

730 4620 895 4656 unum
936 4614 1060 4656 sunt
1107 4601 1268 4655 Pater
1299 4613 1351 4654 et
1383 4600 1577 4665 Filius,
1611 4603 1909 4655 secundum
1947 4601 2158 4654 scilicet
2192 4614 2319 4669 pro-

728 4697 961 4748 ducendi
998 4696 1289 4749 rationem.

803 4786 955 4838 Su-ut
993 4786 1140 4838 enim
1174 4790 1394 4853 quando
1431 4800 1526 4853 per
1581 4785 1779 4839 Filium
1821 4786 2004 4839 omnis
2042 4785 2319 4849 dicuntur,

728 4882 904 4933 unitio
957 4881 1255 4931 voluntatis
1309 4879 1642 4942 ostenditur,
1684 4889 1742 4930 ιιι
1775 4879 1850 4931 ait
1903 4894 2132 4948 magnus
2171 4877 2321 4932 Basi-

728 4971 855 5032 lius,
925 4971 995 5024 ita
1031 4980 1086 5023 et
1145 4985 1269 5023 cum
1305 4984 1373 5022 ει
1431 4967 1594 5023 Patre
1626 4985 1719 5037 per
1773 4968 1972 5023 Filium
2023 4972 2322 5035 procedere

729 5061 969 5128 Spiritus
1007 5061 1230 5123 dicitur,
1273 5059 1447 5112 unitio
1482 5056 1665 5111 Patris
1697 5068 1751 5111 et
1813 5056 1960 5121 Filii,
2017 5059 2319 5111 secundum

725 5151 1141 5207 substantiatetu
1175 5164 1494 5221 processqu
1536 5149 1776 5219 Spiritus
1807 5153 1981 5206 sancti
2034 5167 2322 5207 commen-

726 5248 926 5312 datur;
983 5245 1242 5314 quocirca
1289 5253 1344 5298 et
1414 5259 1583 5297 unum
1648 5245 1976 5313 principium
2056 5243 2319 5308 fatentur,

727 5354 1005 5408 unumque
1062 5339 1234 5408 ipsius
1268 5351 1612 5407 processum,
1667 5347 1721 5390 ιιι
1769 5338 1838 5391 ab
1875 5353 2028 5392 uno:
2063 5339 2320 5408 gignendi

725 5434 935 5488 scilicet
959 5447 1024 5486 ac
1049 5432 1306 5486 nascendi
1331 5430 1665 5485 discretione
1689 5441 1930 5484 servata.

798 5525 1122 5594 Quanquam
1156 5535 1209 5578 ct
1247 5523 1549 5578 secundum
1586 5524 1835 5593 esetnpla
1872 5525 1938 5581 de
1975 5534 2163 5580 sancta
2200 5524 2321 5581 Tri-

727 5629 897 5674 nttate
955 5633 984 5671 a
1041 5617 1248 5672 sanctis
1301 5615 1554 5671 Panibus
1610 5620 1821 5686 posita,
1871 5621 2020 5688 quod
2066 5620 2316 5682 dicimus,

723 5711 1067 5766 extrinsecus
1120 5710 1395 5779 coiigruit.
1460 5707 1574 5763 Lux
1627 5711 1773 5763 enim
1823 5721 1908 5765 est
1949 5725 2016 5764 ex
2064 5714 2179 5767 sole
2224 5727 2322 5781 per

721 5807 958 5877 radium,
995 5818 1157 5880 atque
1188 5821 1254 5863 ex
1306 5805 1460 5862 radio
1491 5803 1636 5861 velut
1662 5818 1729 5860 ex
1765 5820 1873 5861 uno
1906 5806 2176 5878 principio
2201 5821 2304 5876 εει,

2427 4607 2694 4660 Maximus
2748 4608 2881 4660 dixit
2953 4623 2967 4661 :
3018 4606 3282 4660 Romanos
3363 4609 3669 4673 conﬁtentes
3726 4626 3796 4662 ea:
3839 4609 4009 4664 Putre

2424 4712 2470 4752 et
2495 4695 2638 4752 Filio
2660 4699 2938 4766 procedere
2963 4697 3226 4766 Spiritum
3278 4710 3542 4764 sant-tum,
3573 4716 3676 4753 non
3709 4702 3901 4754 Filium
3939 4706 4017 4754 fa.

2428 4791 2529 4846 teri
2579 4792 2750 4845 sancti
2797 4791 3032 4858 Spiritus
3077 4806 3319 4845 causaru.
3377 4789 3561 4859 Neque
3610 4793 3756 4845 enim
3801 4791 4000 4846 Filium

2427 4864 2592 4941 causa
2629 4885 2975 4938 tletrudeutes
3008 4884 3110 4938 ltoc
3141 4885 3432 4947 dixerunt;
3473 4869 3568 4938 sed
3605 4901 3670 4938 ne
3707 4888 3842 4939 duas
3881 4902 4012 4938 cau-

2427 4992 2516 5032 sas
2571 4977 2946 5042 ostenderent,
3003 4975 3219 5032 Patrem
3279 4989 3333 5032 et
3397 4979 3610 5050 Filium,
3659 4981 3752 5035 sed
3782 4998 3846 5036 ex
3901 4999 4005 5034 una

2425 5085 2587 5125 causa
2622 5079 2784 5140 atque
2811 5069 3108 5139 principio,
3159 5083 3221 5123 ex
3279 5070 3435 5124 Patre
3463 5082 3516 5124 et
3543 5070 3679 5125 Filio
3711 5074 4006 5140 procedere

2427 5163 2691 5230 Spiritum
2723 5171 2996 5216 sanctum.
3023 5161 3119 5217 Isti
3157 5163 3342 5229 igitur,
3380 5173 3436 5216 ut
3477 5165 3553 5217 ait
3584 5164 3869 5225 Maximus.
3905 5183 4009 5218 non

2427 5255 2820 5310 rationabiliter
2857 5272 2996 5310 nunc
3021 5256 3320 5310 insimulati
3358 5267 3503 5322 sunt,
3542 5269 3591 5311 et
3623 5274 3766 5312 nunc
3797 5260 4010 5312 irratio-

2427 5351 2681 5407 nabiliter
2704 5350 2997 5406 calumniis
3025 5361 3285 5418 aguntur.

2503 5441 2607 5509 Qui
2665 5455 2796 5495 vero
2836 5441 3064 5495 duorum
3106 5442 3492 5511 principiorum
3529 5443 3738 5497 crimen
3779 5460 4014 5516 exagge-

2429 5544 2573 5598 rant,
2613 5535 2819 5587 addunt
2882 5534 3048 5588 etiam
3105 5533 3404 5588 dicentes:
3459 5535 3601 5600 Quia
3652 5541 3862 5606 genitor
3908 5555 4010 5592 non

2425 5627 2584 5692 idem,
2616 5626 2755 5694 quod
2786 5641 2923 5679 unus
2963 5625 3254 5714 prqductor
3280 5638 3379 5680 est.
3425 5625 3566 5680 Nam
3587 5610 3647 5682 ἐἰ
3681 5640 3814 5682 esset
3851 5630 4013 5695 idem,

2425 5723 2585 5774 etiam
2627 5728 3041 5776 converteretur.
3081 5719 3303 5773 Genitor
3333 5724 3472 5774 enim
3508 5733 3555 5775 et
3585 5727 3873 5790 productor
3903 5734 4013 5787 est,

2417 5828 2527 5874 ω
2574 5823 2764 5866 cum
2816 5820 2862 5867 et
2912 5810 3202 5880 produaor
3250 5814 3482 5884 genitvr.
3542 5812 4010 5869 ﬁci-aereum
