4472 6434
471 385 575 455 173

1558 391 1956 450 ADVERSUS
1992 395 2304 454 GRIECOS
2361 399 2506 456 LIB.
2559 400 2667 457 Ill.

3607 397 3708 459 17L

460 516 536 557 est
583 516 632 555 et
676 501 864 564 Filius,
892 503 1046 567 iuxta
1083 519 1169 556 eos
1209 503 1299 572 qui
1355 507 1511 555 etiam
1552 521 1615 556 ex
1659 504 1801 558 Filio
1848 509 2032 558 dicunt
2065 533 2105 583 Α
2140 528 2230 564 seu
2252 513 2476 578 specie),
2502 514 2594 563 sed
2619 511 2911 562 secundum
2938 507 3384 575 signiﬁcationem
3410 511 3708 576 nominum,

463 592 725 659 Spiritum
766 603 1028 654 sanctum,
1058 595 1143 659 qui
1177 595 1381 659 genitor
1411 596 1587 660 utique
1640 611 1741 646 non
1768 607 1878 659 est;
1901 614 2030 663 quo-

462 687 604 734 nium
635 700 752 735 vero
776 701 882 745 non,
936 684 1278 746 convertitur,
1324 686 1569 751 (ti/ferens
1619 698 1714 738 est.
1759 687 1947 754 Itaque
1981 699 2028 737 et

461 782 564 830 duo
598 788 750 830 erant
780 777 1313 844 prodttctores;quod
1346 779 1390 827 si
1430 782 1605 838 detur,
1646 790 1690 827 ct
1729 780 1833 830 duo
1869 782 2024 829 etiam

461 870 744 936 principia.

539 994 692 1060 Digni
727 1006 860 1044 sane
895 999 1044 1052 sunt,
1079 989 1167 1057 qui
1205 989 1309 1040 ista
1348 988 1556 1048 dicunt,
1591 997 1646 1038 ut
1687 998 1738 1039 et
1770 987 1868 1052 ipsi
1909 1000 2034 1037 eon-

466 1097 546 1139 tra
600 1086 1001 1150 interrOgentur
1054 1097 1067 1133 :
1110 1094 1177 1131 an
1208 1079 1346 1131 idem
1386 1077 1545 1129 Pater
1591 1087 1675 1129 est
1703 1077 1792 1142 qui
1849 1077 2033 1137 mittit,

465 1190 519 1230 et
553 1193 689 1229 unus
723 1174 972 1227 mittens?
998 1171 1208 1239 Quippe
1239 1170 1398 1222 Pater
1438 1179 1490 1222 et
1521 1169 1739 1221 mittens
1770 1178 1872 1230 est,
1907 1167 2032 1218 mit-

465 1277 585 1321 tens
611 1281 737 1319 vero
773 1280 877 1317 non
910 1263 1172 1316 continuo
1203 1275 1285 1313 esr
1325 1259 1504 1312 Pater.
1539 1259 1631 1312 Est
1657 1257 1799 1310 enim
1851 1266 1905 1308 et
1942 1253 2032 1306 Fi-

464 1359 570 1412 lius
622 1357 860 1418 mittens,
905 1354 996 1421 qui
1051 1367 1155 1404 non
1187 1359 1271 1404 est
1303 1349 1497 1412 Pater;
1552 1363 1724 1415 neque
1757 1348 1899 1400 enim
1933 1346 2033 1398 hoc

462 1449 818 1508 convertitur,
851 1459 1024 1512 neque
1052 1443 1150 1510 ipsi
1184 1442 1286 1493 duo
1314 1440 1578 1508 principia
1617 1439 1908 1505 eﬂttgieut;
1940 1437 2031 1504 qui

463 1541 606 1594 enim
638 1538 802 1590 mittit
831 1535 970 1603 ejus,
1031 1533 1170 1601 quod
1221 1532 1471 1590 mittitur.
1501 1547 1662 1584 causa
1696 1529 2037 1598 qubmodoli-

461 1632 551 1683 bet
600 1638 703 1689 est;
740 1627 784 1679 si
833 1635 1014 1678 autem
1057 1639 1119 1678 ex
1157 1623 1339 1686 Patre,
1382 1635 1436 1676 et
1465 1627 1732 1681 Il‘llleltlt‘,
1789 1614 2034 1673 uou'tluo

459 1719 784 1786 colliguntur
818 1713 988 1777 initia,
1017 1727 1190 1781 neque
1223 1712 1364 1764 enim
1399 1710 1554 1764 Pater
1596 1713 1830 1772 IIIithIiS,
1864 1718 1917 1761 et
1950 1707 2038 1760 Fi-

460 1811 565 1863 lius
618 1808 890 1861 diceretur
947 1805 1162 1858 mittere
1219 1801 1480 1870 Spiritum
1529 1811 1816 1863 sanctum;
1870 1816 1936 1852 nc
1983 1799 2035 1850 iu

2142 614 2195 652 ct
2231 603 2384 653 sicuti
2425 603 2576 654 nobis
2605 601 2863 669 possibile
2897 611 2978 652 est
3021 615 3113 665 per
3147 607 3257 657 lucc
3289 602 3468 672 divina
3513 604 3711 655 intelli-

2143 708 2290 759 gere,
2328 695 2493 746 nostri
2524 694 2740 747 habitus
2772 698 3182 746 conspelutliuc.

2216 805 2673 867 Quemadmodum
2709 807 2868 872 igitur
2893 806 3047 858 Pater
3072 818 3123 859 et
3150 810 3304 864 licus,
3344 825 3429 857 res
3455 825 3556 857 una
3584 810 3711 858 dua-

2141 898 2241 948 bus
2268 896 2530 948 intellecta
2563 899 2858 947 rationibus
2880 939 2891 957 ,
2926 898 3025 948 alia
3059 898 3275 964 quidem
3317 900 3711 959 universalius,

2143 985 2243 1036 alia
2273 1000 2400 1037 vero
2437 985 2819 1051 particttlatius
2849 1005 2862 1040 :
2896 989 2964 1039 ila
2998 1000 3049 1040 et
3099 991 3390 1053 productor
3434 1001 3484 1041 rt
3530 988 3712 1050 Pater,

2145 1091 2249 1128 una
2301 1074 2515 1142 quidem
2561 1092 2645 1126 res
2677 1080 2832 1130 ambo
2865 1089 3010 1142 sunt,
3047 1091 3097 1131 et
3129 1079 3296 1131 Filius
3323 1092 3374 1130 et
3423 1081 3718 1144 produt-tur

2144 1168 2414 1218 similiter.
2477 1168 2514 1217 Α
2555 1170 2706 1220 nobis
2739 1181 2915 1220 autem
2951 1171 3157 1221 tlnabus
3191 1171 3490 1223 rationibus
3524 1186 3713 1234 agnos-

2154 1255 2296 1306 citur
2343 1271 2354 1305 :
2407 1255 2574 1307 altera
2636 1258 3037 1321 particularius,
3090 1260 3256 1310 altera
3327 1259 3714 1314 universalius.

2145 1357 2202 1396 ut
2234 1346 2434 1397 dictum
2466 1355 2568 1398 est.
2616 1345 2797 1414 Neque
2826 1350 2967 1400 enim
2999 1353 3251 1416 pra-valet
3303 1353 3537 1403 humana
3574 1368 3714 1417 pau-

2144 1444 2326 1501 pertas
2378 1435 2455 1485 vel
2499 1437 2654 1488 aliter
2697 1439 2764 1489 de
2795 1440 2991 1491 divinis
3027 1443 3192 1508 loqui,
3227 1443 3306 1493 \cl
3339 1460 3446 1494 uno
3501 1447 3718 1499 nomine

2143 1533 2314 1576 totum
2342 1524 2639 1586 insinuare,
2667 1525 2924 1592 quidquid
2966 1544 3059 1594 per
3085 1530 3250 1582 multa
3289 1534 3503 1586 nomina
3559 1536 3720 1590 intel-

2145 1614 2502 1682 ligentiasque
2548 1617 3076 1682 comprehendimus.

2215 1723 2480 1788 Quocirca
2515 1725 2725 1778 duaLus
2756 1727 2974 1792 quidem
3014 1730 3381 1800 intelligentiis
3415 1748 3467 1789 et
3494 1743 3715 1794 rationi-

2145 1813 2246 1867 bus
2293 1812 2453 1867 Pater
2475 1826 2526 1868 et
2559 1816 2852 1883 productor
2881 1819 3218 1885 intelligitur,
3271 1837 3329 1876 ut
3374 1828 3574 1882 dictum
3607 1842 3718 1896 est;

464 1902 708 1971 genitore
768 1899 988 1966 quidem
1023 1905 1076 1950 et
1111 1895 1438 1964 productore
1491 1894 1631 1947 istud
1664 1894 1786 1945 erit.
1835 1889 1942 1944 Sed
1983 1890 2035 1943 id
2073 1907 2114 1961 Β
2143 1921 2246 1957 ηυ..
2282 1915 2459 1958 tamen
2496 1907 2596 1958 hoc
2621 1907 2748 1959 facit
2791 1925 2971 1960 rerum
3002 1912 3402 1971 differentiam;
3446 1920 3546 1974 hac
3572 1889 3719 1975 enini

467 1988 759 2045 dicendum
800 1986 943 2054 quod
992 1995 1045 2038 et
1098 1995 1255 2039 antea
1284 1985 1541 2047 diximus,
1574 1999 1694 2051 qua:
1724 1983 1776 2034 in
1816 1982 1922 2034 Deo
1953 1981 2036 2032 di-

463 2091 661 2135 cuntur
715 2077 805 2132 ubi
858 2093 960 2130 nou
1013 2077 1196 2133 obstat
1240 2075 1514 2128 relationis
1557 2072 1850 2140 Oppositio,
1900 2071 2038 2124 nih'l

462 2172 754 2242 prohibere
807 2168 1078 2234 personis,
1135 2182 1228 2219 seu
1288 2180 1533 2232 person:
1581 2165 1819 2215 adesse:
1887 2175 2035 2228 Inita,

471 2265 613 2328 Deus
642 2261 858 2329 quidem
891 2269 943 2312 et
976 2259 1149 2312 bonus
1171 2266 1452 2309 et‘creator
1477 2272 1490 2320 ;
1515 2255 1637 2323 quia
1667 2267 1836 2321 neque
1857 2263 2040 2320 pater-

467 2353 622 2406 nitati
660 2365 834 2418 neque
862 2348 1129 2401 nativitati
1157 2347 1366 2414 objecta
1394 2357 1538 2398 sunt.
1579 2345 1735 2397 l’ater
1767 2355 1818 2398 et
1845 2342 2033 2405 Filius,

465 2460 605 2497 unus
655 2441 797 2496 Deus
852 2450 904 2492 et
942 2449 1155 2492 creator
1203 2449 1255 2491 et
1299 2439 1473 2491 bonus
1507 2448 1624 2502 ροι;
1665 2438 1833 2490 Filius
1888 2451 2035 2496 vero,

465 2535 722 2604 quoniam
759 2530 823 2584 ad
861 2529 1075 2584 Patrem
1101 2531 1412 2597 opponitur,
1446 2547 1546 2581 non
1581 2531 1680 2582 erit
1716 2529 1854 2580 idem
1894 2527 2043 2593 geni-

464 2636 551 2680 tor
575 2640 638 2678 ac
671 2622 862 2682 Filius,
900 2634 1077 2688 neque
1105 2622 1240 2673 idem
1277 2620 1443 2673 Filius
1491 2631 1545 2673 et
1579 2621 1809 2689 genitor.
1842 2618 2061 2671 Produ-'

469 2718 632 2773 cibile
658 2731 804 2780 vero,
846 2725 901 2765 ut
936 2712 1139 2764 dietum
1177 2722 1280 2775 est,
1316 2727 1488 2780 neque
1512 2711 1816 2778 paternitati
1858 2708 2047 2777 objici-

473 2817 580 2870 tur,
618 2821 791 2872 neque
823 2805 1111 2859 na'ivitati.
1142 2804 1442 2857 Coinmune
1477 2804 1638 2872 igitur
1668 2806 1911 2872 utrisque
1941 2814 2044 2866 est,

473 2913 636 2970 atque
683 2902 824 2964 ideo,
864 2917 1002 2953 unus
1037 2901 1330 2968 productor
1363 2909 1465 2962 est,
1509 2912 1684 2964 neque
1723 2899 1867 2950 enim
1920 2914 2045 2966 pro-

468 2993 678 3047 ducere
702 2994 842 3060 quod
868 2992 1066 3045 dicitur
1097 2990 1272 3043 Patris
1303 2999 1354 3042 et
1391 2988 1508 3041 Filii
1538 2991 1917 3044 discretionem
1961 3010 2047 3047 se-

468 3086 705 3139 cundum
763 3098 874 3136 rem
919 3083 1088 3145 facit;
1128 3083 1324 3152 quippe
1378 3080 1516 3135 hanc
1561 3083 1838 3150 generatio
1891 3085 2040 3150 fecit,

468 3189 630 3246 atque
661 3176 916 3227 nativitas
965 3174 1065 3227 sibi
1104 3175 1400 3228 secundum
1448 3188 1508 3226 se
1553 3174 1794 3242 objecttc.
1847 3175 2015 3240 Quem

467 3240 754 3322 adinodutn
788 3268 950 3336 igitur
981 3267 1123 3320 idem
1160 3265 1300 3320 Deus
1333 3282 1395 3319 ac
1423 3267 1603 3330 l’ater,
1639 3277 1694 3320 et
1721 3269 1863 3322 idem
1894 3270 2033 3322 Deus
2073 3240 2117 3300 C

466 3379 530 3416 ac
577 3362 777 3424 Filius,
833 3363 903 3412 ita
961 3370 1016 3412 et
1053 3359 1191 3411 idem
1241 3359 1454 3428 genitor
1514 3375 1576 3411 ac
1629 3361 1938 3427 productor,
1991 3372 2046 3412 et

467 3470 610 3506 unus
646 3454 827 3505 itidem
849 3450 1018 3505 Filius
1054 3462 1215 3518 atque
1247 3452 1560 3518 productor.
1595 3451 1660 3504 Et
1693 3453 1849 3505 sicuti
1879 3454 2042 3518 Deus,

467 3547 558 3614 qui
593 3557 672 3599 cst
708 3545 887 3610 Pater,
919 3556 976 3598 et
1005 3542 1177 3596 Filius
1198 3560 1320 3596 cum
1357 3543 1516 3596 Patre
1539 3544 1650 3596 solo
1671 3560 1774 3597 non
1805 3545 1934 3598 facit
1963 3547 2046 3598 di-

468 3637 798 3690 scretionem
832 3636 929 3697 rei.
970 3635 1043 3688 ita
1089 3649 1263 3702 neque
1310 3635 1623 3700 productor,
1658 3638 1747 3703 qui
1779 3647 1858 3689 est
1887 3637 2048 3690 l'ater

467 3739 522 3782 et
554 3727 739 3790 Filius,
776 3743 898 3781 cum
931 3728 1096 3779 Patre
1124 3726 1237 3779 solo
1259 3725 1393 3780 duas
1417 3729 1677 3782 discretas
1704 3729 1906 3782 indicat
1937 3747 2042 3784 res.

473 3820 692 3874 Patrem
731 3821 875 3872 enim
909 3828 963 3872 et
998 3817 1379 3887 productorem
1414 3820 1699 3882 dicentes,
1752 3821 2044 3875 secundum

472 3918 525 3970 id
559 3917 799 3982 quidem,
827 3917 970 3984 quod
1001 3915 1235 3969 dicimus
1270 3911 1435 3968 Pater
1460 3951 1475 3978 ,
1509 3912 1693 3968 Patris
1745 3919 1809 3967 ad
1845 3914 2043 3968 Filium

472 4009 858 4061 discretionem
922 4007 1274 4073 intelligimus
1326 4024 1338 4058 :
1385 4007 1688 4062 secundum
1760 4007 1810 4060 id
1865 4017 2044 4060 autem

468 4098 610 4166 quod
636 4100 953 4164 productor,
982 4097 1246 4152 etFilium
1283 4115 1384 4152 una
1414 4113 1536 4152 cum
1565 4098 1747 4161 Patre,
1786 4110 2045 4166 tanquam

468 4205 629 4241 uuam
683 4203 794 4240 rem
836 4188 996 4242 simul
1047 4188 1422 4257 intelligimus.
1476 4187 1620 4243 Idem
1667 4200 1721 4243 et
1766 4190 1833 4244 de
1886 4189 2046 4243 l'attc

465 4291 520 4333 et
557 4281 622 4334 de
663 4282 931 4333 mittente.

539 4372 807 4435 Quoniam
860 4370 1022 4439 igitur
1075 4387 1192 4439 qua:
1241 4370 1390 4424 Patri
1441 4386 1504 4424 ac
1553 4371 1687 4426 Filio
1737 4374 2046 4426 communia

466 4468 617 4521 sunt,
645 4459 715 4510 ita
746 4461 810 4512 ad
855 4461 1073 4514 Patrem
1109 4462 1319 4525 solum,
1352 4462 1510 4516 sicuti
1539 4473 1604 4515 ad
1637 4463 1826 4516 ambos
1855 4478 1915 4516 se
1951 4465 2046 4516 ha-

2142 1997 2350 2049 ratione
2403 2015 2566 2051 unum
2615 1998 2781 2052 Deum
2867 2001 3075 2054 inliuita
3142 2007 3360 2060 nomina
3415 2013 3714 2064 secundum

2143 2087 2456 2142 tliil'erenles
2509 2092 2749 2158 rationes
2804 2092 2973 2158 ipsum
3025 2111 3100 2157 re,
3139 2108 3194 2148 ut
3227 2102 3480 2165 possibile
3515 2117 3619 2164 est,
3647 2109 3725 2156 si-

2144 2181 2475 2245 guilicantia,
2500 2182 2549 2234 in
2571 2183 2811 2238 infinitas
2833 2203 2917 2239 res
2941 2203 3307 2257 personasque
3332 2196 3721 2254 discernerent.

2144 2271 2408 2323 (ueterum
2451 2272 2616 2325 solam
2667 2275 2934 2327 rationum
2972 2276 3331 2331 dilTet-entiam
3372 2285 3634 2339 indutuut
3662 2309 3723 2341 ea

2145 2377 2264 2430 qua:
2303 2365 2442 2431 apud
2473 2381 2571 2417 nos
2609 2367 2821 2432 quidem
2856 2379 2982 2420 sunt
3013 2368 3314 2424 diﬂ'erentia
3337 2415 3350 2432 ,
3403 2375 3452 2425 in
3488 2377 3593 2430 lleo
3625 2398 3725 2431 an-

2149 2465 2251 2507 tem
2301 2471 2404 2508 una
2438 2456 2606 2519 ipsius
2654 2458 2953 2526 eademque
3011 2463 3314 2516 substantia
3353 2484 3364 2519 :
3408 2470 3727 2524 admirabile

2148 2562 2365 2610 nomen,
2399 2558 2452 2600 et
2475 2563 2562 2601 res
2594 2549 2675 2601 his
2700 2551 2950 2605 omnibus
2978 2559 3310 2620 respondens
3340 2575 3432 2625 per
3457 2576 3724 2614 summan-

2149 2634 2560 2702 periectionem,
2589 2647 2642 2690 et
2677 2639 3108 2707 simplicitatem,
3140 2655 3191 2697 et
3221 2648 3497 2702 unionem.
3527 2650 3722 2704 Totum

2150 2725 2294 2778 enim
2324 2727 2398 2779 in-
2427 2743 2485 2781 se
2523 2730 2636 2796 ipso
2684 2734 3134 2798 comprehensum
3190 2752 3310 2791 esse
3342 2740 3523 2804 habet,
3573 2749 3728 2810 quasi

2150 2820 2420 2886 quoddam
2452 2821 2677 2889 pelagus
2703 2827 2954 2878 essentia:
2999 2825 3350 2892 immensum,
3378 2832 3528 2897 juxta
3567 2836 3728 2889 theo-

2151 2909 2326 2977 logum
2372 2910 2714 2981 Gregorium.
2764 2915 2821 2968 lu
2865 2917 2995 2970 solis
3043 2931 3223 2972 autem
3273 2925 3732 2979 substantialibus

2153 3004 2502 3057 relativarum
2535 3022 2714 3058 rerum
2762 3005 3061 3062 diﬂ'erentia
3085 3023 3184 3065 est.
3221 3011 3417 3067 Verum
3449 3020 3731 3074 enimvero

2153 3096 2490 3149 arbitrantur
2532 3114 2748 3167 quoque
2793 3109 2847 3152 et
2873 3099 3088 3154 Patrem
3140 3114 3194 3156 ct
3222 3105 3414 3158 Filium
3468 3109 3520 3160 in
3567 3127 3731 3164 unum

2153 3185 2506 3248 eonglutinuri
2537 3203 2836 3252 personant,
2869 3191 2914 3242 si
2959 3189 3111 3244 Patri
3153 3191 3325 3246 Filius
3360 3202 3723 3263 communicet

2153 3279 2205 3329 in
2256 3282 2631 3346 productione,
2685 3283 2791 3336 sive
2834 3285 2886 3337 in
2926 3287 3212 3354 spiratione
3255 3291 3425 3340 sancti
3475 3289 3730 3357 Spiritus,

2151 3376 2286 3438 quod
2333 3388 2494 3438 neque
2531 3375 2795 3437 naturale,
2849 3393 3009 3444 neque
3084 3394 3357 3432 commune
3419 3381 3581 3432 tribus
3631 3391 3728 3442 est,

2152 3463 2412 3531 reliquum
2441 3482 2547 3517 esse
2583 3469 2759 3526 aiunt,
2797 3477 2850 3518 ut
2887 3472 3164 3534 persouaie
3199 3472 3262 3521 sit
3304 3487 3320 3522 :
3361 3483 3514 3537 atque
3539 3473 3732 3540 adjun-

2151 3567 2278 3621 gunt
2309 3559 2557 3625 quoniam
2596 3561 2919 3611 naturaiium
2958 3565 3252 3613 communio
3305 3575 3508 3616 natura:
3540 3565 3730 3615 identi-

2152 3655 2307 3695 tarem
2339 3647 2389 3697 in
2421 3648 2655 3712 personis
2690 3649 2925 3709 indicat;
2959 3660 3007 3698 ut
3040 3651 3273 3713 persoois
3298 3651 3462 3717 igitur
3495 3669 3732 3703 Commu-

2153 3738 2262 3799 nio,
2293 3740 2582 3801 personalis
2621 3740 2917 3792 identttatis
2952 3742 3310 3809 signification
3343 3746 3459 3807 erit,
3506 3755 3561 3796 ut
3608 3746 3727 3797 hinc

2153 3830 2445 3881 necessario
2515 3832 2784 3899 contingat
2857 3830 3072 3884 Patrem
3122 3841 3182 3884 ac
3240 3831 3461 3897 Filium,
3519 3849 3563 3888 et
3597 3838 3729 3889 duos

2152 3939 2261 3974 esse
2313 3924 2600 3975 secundum
2634 3927 2962 3991 pctsotmlem
3021 3943 3199 3978 eorum
3253 3923 3734 3995 ορνοδιιὶοιιεηι,εἰ

2150 4033 2312 4068 unum
2338 4033 2520 4068 rursus
2561 4029 2774 4085 propter
2823 4018 3194 4084 identitutem,
3241 4033 3287 4073 et
3315 4025 3734 4077 communionem

2152 4111 2535 4176 productionis.
2566 4111 2726 4178 Atqui
2757 4112 2802 4165 si
2825 4113 3129 4182 producere
3158 4115 3515 4166 Substantiale
3542 4113 3738 4184 [hypo-

2151 4203 2430 4274 statitzum]
2455 4217 2620 4267 esset,
2653 4205 2916 4260 haberent
2980 4207 3079 4261 ista
3143 4211 3438 4275 rationem;
3484 4215 3738 4278 quoniam

2153 4312 2281 4352 vero
2327 4297 2682 4352 substantiale
2713 4300 2760 4351 id
2793 4315 2895 4352 non
2917 4316 3060 4362 esse,
3094 4317 3252 4368 supra
3301 4303 3546 4371 plurimis
3574 4311 3740 4357 ratio-

2154 4391 2314 4444 nibus
2337 4400 2618 4444 ostensum
2638 4400 2744 4454 est,
2772 4392 2946 4444 inanis
2969 4402 3050 4445 est
3076 4395 3237 4457 ratio,
3273 4397 3524 4463 quodque
3547 4398 3743 4452 docere

2153 4483 2736 4551 debuerat,snpponit.
2775 4481 2945 4548 Nam,
2979 4494 3033 4536 ut
3073 4500 3189 4551 qua:
3222 4487 3363 4539 dicta
3399 4497 3525 4540 sunt
3551 4504 3741 4543 rursus

466 4554 595 4605 bent
620 4554 1076 4619 quemadmodum
1109 4552 1300 4615 l’ater,
1333 4563 1387 4606 et
1429 4557 1722 4621 productor
1745 4596 1759 4618 ,
1796 4571 1905 4608 nou
1939 4554 2046 4608 duo
2081 4581 2123 4635 ι)
2156 4591 2232 4642 με,

1980 4570 2046 4608 “0
2081 4581 2123 4635 1)
2156 4576 2434 4642 perspicua
2460 4576 2609 4639 liaut,
2636 4575 2735 4627 ttia
2775 4583 2984 4627 tantum
3021 4577 3182 4628 trium
3218 4591 3337 4630 esse
3366 4578 3742 4633 snbsmutialia

467 4643 597 4696 facit
628 4643 925 4710 ptiiicipia,
959 4660 1079 4696 cum
1109 4644 1160 4696 in
1190 4645 1305 4698 solo
1341 4645 1502 4699 l'atre
1536 4647 1866 4715 intelligatur
1909 4664 1921 4700 :
1975 4647 2047 4699 ita

467 4750 645 4802 neque
667 4750 787 4788 cum
822 4736 873 4786 in
904 4736 1113 4788 duobus
1135 4755 1148 4802 ;
1170 4739 1310 4804 quod
1339 4739 1383 4792 si
1412 4739 1642 4806 genitor,
1677 4749 1728 4790 et
1758 4740 2048 4806 productor

466 4843 574 4881 non
605 4830 963 4892 convertitur,
995 4844 1101 4880 non
1145 4829 1344 4882 idcirco
1381 4831 1486 4882 tiuu
1519 4842 1664 4883 sunt.
1705 4828 1836 4882 Nam
1869 4839 1927 4883 ct
1952 4829 2051 4881 l'a~

466 4929 549 4972 ter
581 4930 634 4972 et
682 4920 822 4974 Deus
875 4936 980 4972 nou
1025 4921 1384 4985 convertitur,
1423 4935 1595 4987 neque
1640 4919 1801 4972 Pater
1827 4930 1882 4973 et
1930 4918 2051 4971 mit-

469 5025 612 5078 tens,
661 5015 755 5068 sed
799 5023 978 5066 tamen
1028 5029 1204 5082 neque
1235 5013 1342 5067 duo
1388 5016 1665 5068 mittentes
1711 5023 1836 5067 sunt
1877 5028 2053 5081 neque

465 5104 574 5157 duo
609 5105 720 5168 dii,
757 5120 930 5172 neque
962 5105 1070 5158 duo
1105 5106 1460 5171 exsisteritia;
1495 5122 1660 5159 unum
1692 5108 1836 5159 cuitu
1870 5105 2051 5157 'l‘rini—

469 5205 550 5248 tas
583 5205 694 5247 tota
725 5208 832 5259 est,
871 5213 1042 5265 neque
1071 5197 1190 5251 dua:
1225 5215 1470 5266 persoua-
1517 5222 1525 5253 :
1569 5199 1707 5253 Dens
1755 5200 1898 5253 enim
1925 5215 2052 5266 per-

470 5303 660 5341 sonam
694 5306 798 5341 non
832 5290 1108 5358 designat,
1139 5293 1296 5344 sicuti
1325 5308 1500 5359 neque
1539 5294 1850 5360 productor,
1881 5313 2053 5365 neque

467 5379 713 5434 mittens.
753 5380 952 5436 Verum
984 5388 1110 5451 quia
1142 5385 1282 5438 Dens
1312 5401 1510 5438 nomen
1553 5386 1728 5440 tribus
1763 5388 1910 5440 adest
1938 5429 1950 5450 ,
1991 5409 2054 5442 eo

467 5473 611 5539 quod
658 5490 760 5527 non
816 5488 1126 5544 apponatur
1172 5477 1625 5532 substantialibus
1679 5496 1868 5534 eorum
1930 5499 2053 5548 pio-

467 5549 811 5633 p'rietatibns,
842 5568 1134 5638 productor
1159 5581 1340 5624 autem
1370 5571 1602 5634 duobus,
1632 5574 1988 5629 universalius
2024 5593 2053 5628 a

467 5659 627 5712 nobis
654 5659 814 5736 Deus,
857 5677 1017 5729 quam
1042 5665 1341 5730 productor
1383 5663 1700 5733 intelligitur
1735 5683 1746 5718 :
1783 5682 1888 5720 non
1913 5671 2054 5735 quod

465 5750 520 5803 in
574 5749 682 5804 Deo
714 5755 784 5805 sit
832 5755 1219 5819 universalius,
1273 5757 1388 5810 sive
1435 5758 1822 5823 particularius
1853 5763 2054 5828 (neque

467 5844 612 5897 enim
649 5844 796 5899 Deus
841 5862 1010 5914 genus
1049 5861 1154 5916 est,
1187 5865 1361 5919 neque
1390 5851 1439 5904 in
1489 5867 1692 5921 genere
1719 5853 2054 5922 continetur,

2158 4664 2938 4734 [hypostatica]ostendimus:
2979 4665 3155 4720 l’atris
3186 4668 3404 4734 quidem
3443 4672 3748 4736 generatio-

2158 4756 2435 4820 nem,Filii
2458 4772 2583 4810 vero
2602 4756 2961 4820 nativitatem,
2981 4759 3154 4810 sancti
3172 4771 3350 4812 autem
3369 4760 3599 4828 Spiritus
3627 4780 3746 4830 ptu-

2155 4849 2477 4909 cessionem,
2507 4864 2628 4915 quae
2656 4848 2819 4901 etiam
2855 4865 3118 4917 personas
3149 4853 3492 4916 denotantia,
3528 4871 3747 4921 proprie

2157 4939 2540 4992 substantialia
2573 4949 2699 4994 sunt
2735 4958 2746 4992 :
2785 4942 3087 5010 producere
3123 4954 3326 5005 autem.
3361 4947 3501 5000 sicut
3532 4959 3587 4998 et
3622 4958 3748 4998 nnt-

2160 5041 2293 5093 tere,
2354 5033 2572 5100 propria
2647 5034 2966 5102 simpliciter
3037 5037 3102 5088 ad
3159 5035 3354 5089 Filium
3410 5039 3742 5092 contraria.”

2161 5122 2412 5176 habentia
2445 5121 2792 5185 divisiOttem,
2845 5127 3302 5190 quemadmodum
3339 5138 3392 5180 et
3425 5145 3586 5180 causa
3624 5146 3747 5196 pru-

2159 5215 2275 5281 pria
2308 5213 2650 5282 simpliciter,
2700 5226 2753 5267 et
2787 5215 3155 5283 signiticativa
3212 5217 3332 5270 l’ilii
3365 5233 3416 5270 ct
3453 5220 3694 5286 Spllitlla
3731 5238 3742 5272 :

2160 5323 2279 5374 qua:
2333 5317 2515 5360 autem
2554 5307 2623 5360 ita
2663 5317 2786 5361 sunt
2825 5309 3064 5376 propria,
3124 5323 3181 5362 ιιι
3211 5306 3471 5374 νῧιδυιως.
3505 5329 3743 5378 sequan-

2163 5410 2268 5460 tur,
2304 5414 2531 5465 quzelue
2563 5415 2668 5452 non
2719 5410 2845 5452 sunt
2893 5402 3293 5463 substautiaha,
3342 5420 3514 5469 neque
3555 5418 3744 5468 perso-

2163 5504 2285 5540 nam
2347 5489 2630 5552 denotant,
2685 5504 2862 5558 neque
2925 5491 3063 5542 duas
3117 5506 3382 5557 perseuas
3428 5510 3589 5544 unam
3625 5512 3746 5547 esse

2163 5579 2386 5634 iaciunt.
2417 5579 2604 5649 Neque
2634 5581 2781 5634 enim
2819 5581 2984 5635 Filius
3017 5593 3070 5636 et
3106 5582 3341 5651 Spiritus
3368 5599 3593 5639 sanctus
3615 5603 3743 5649 ,unt

2163 5685 2394 5737 poisona
2430 5681 2516 5726 est
2548 5681 2770 5741 prOpter
2797 5673 3034 5727 causalis
3067 5678 3504 5730 communionem
3534 5695 3545 5736 ;
3575 5696 3751 5744 neque

2164 5763 2326 5816 Pater
2363 5774 2416 5816 et
2446 5762 2614 5818 Filius
2651 5780 2756 5818 una
2809 5780 3043 5833 persona
3082 5780 3232 5829 sunt,
3267 5781 3484 5837 propter
3515 5770 3751 5837 Spiritus

2165 5856 2339 5912 sancti
2375 5858 2725 5924 missionem,
2779 5859 2904 5928 quia
2939 5859 3129 5914 misiio
3168 5865 3454 5929 pet'sonale
3504 5879 3613 5918 non
3649 5877 3753 5920 est.
