4472 6434
773 385 885 449 1'75

2037 387 2429 446 MANUELIS
2492 391 2798 449 CALECL'E

3913 376 4014 452 ris

779 498 1040 551 Simniter
1081 478 1210 564 ergo
1244 496 1570 564 producendi
1605 495 1813 548 ratione
1845 493 2024 558 Pater,
2069 506 2122 550 et
2149 494 2337 562 Filius,
2365 503 2413 560 Λ
2444 500 2564 555 liter
2595 504 2783 567 etiam,
2839 503 2905 558 ad
2937 513 3228 571 utrumque
3262 504 3564 558 referetur:
3598 504 3780 573 Itaque
3807 518 3899 558 aut
3929 510 4003 560 si-

775 607 882 644 non
917 605 1017 642 una
1071 604 1299 658 persona
1325 598 1480 653 sunt;
1550 589 1848 656 producere
1890 589 2034 643 enim
2067 592 2326 645 substan-

771 683 897 736 tiale
929 694 1031 732 non
1064 689 1166 734 cst.

843 771 984 825 Nihil
1019 772 1198 838 itaque
1251 781 1475 822 necesse
1527 776 1612 821 est
1650 782 1810 821 unam
1846 782 2129 835 personam
2178 783 2332 833 esse;

768 865 1006 931 :ilinqttitt
1041 862 1204 914 etiam
1240 859 1482 912 mittendi
1521 858 1864 910 ratione'una
1891 874 2119 924 persona
2149 869 2332 913 erunt.

767 955 1069 1008 Commune
1091 961 1173 1005 est
1196 949 1357 1019 igitur
1380 949 1526 1004 Patri
1554 957 1609 1002 et
1636 947 1774 1001 Filio
1800 948 2133 1016 producere;
2159 964 2330 1002 unus-

765 1058 872 1111 que
909 1039 1218 1108 productor,
1266 1048 1358 1090 aut
1391 1038 1602 1104 spirans
1638 1037 1703 1088 ad
1759 1038 2115 1105 productum,
2167 1048 2220 1089 et
2250 1039 2334 1090 in-

762 1135 1046 1203 spiratnm,
1095 1132 1210 1184 sive
1263 1129 1518 1196 Spiritum
1549 1168 1563 1191 ,
1619 1128 1934 1182 relationem
1985 1129 2145 1182 habet
2191 1143 2336 1180 :na-

765 1223 950 1278 scendi
1016 1205 1227 1275 scilicet
1266 1220 1628 1288 gignendique
1685 1218 2012 1272 discretione
2091 1231 2326 1280 servata,

762 1311 877 1366 Non
920 1312 1066 1362 enim
1117 1323 1182 1361 es
1233 1306 1394 1359 Patre
1426 1321 1489 1359 ac
1533 1304 1672 1358 Filio
1701 1315 1804 1368 est,
1839 1305 1891 1359 in
1924 1317 2184 1373 quantum
2220 1305 2328 1358 duo

760 1405 991 1455 disert-ta
1041 1407 1188 1463 sunt,
1246 1401 1541 1451 secundum
1595 1397 1880 1450 relationes
1917 1411 2065 1458 suas,
2130 1397 2224 1449 sed
2280 1395 2334 1446 in

758 1501 1020 1560 quantum
1057 1503 1220 1540 ttnttttt
1251 1498 1398 1539 sunt.

828 1580 999 1633 Porro
1026 1581 1068 1632 si
1109 1581 1232 1646 quis
1280 1575 1578 1631 secundum
1609 1577 1750 1642 quod
1786 1590 1951 1628 unum
1983 1585 2128 1630 sunt.
2157 1588 2321 1628 unum

756 1672 887 1725 illud
926 1670 1147 1738 Spiritui
1209 1669 1437 1720 reddens
1460 1706 1476 1730 ,
1529 1667 1619 1734 qui
1651 1666 2184 1744 ejusdeuressentim,
2217 1665 2332 1717 vult

753 1762 916 1816 etiam
949 1760 1211 1828 Spiritum
1239 1773 1301 1809 es
1335 1771 1394 1810 se
1425 1759 1538 1822 ipso
1567 1771 1722 1819 esse;
1753 1755 1845 1809 sed
1875 1754 2328 1822 quemadmodum

2445 595 2642 647 militer
2687 597 2897 662 utrique
2935 596 3156 664 aequalis
3194 598 3320 660 erit,
3390 597 3630 665 nihilque
3663 598 3871 651 distans
3925 608 4006 650 at-

2443 693 2549 746 que
2585 681 2880 735 dissimilis.

2517 769 2622 822 Sed
2648 771 2792 822 enim
2842 771 3296 837 quemadmodum
3325 772 3484 826 Pater
3521 789 3629 826 non
3678 775 3849 840 magis
3881 789 4006 840 pcr-

2442 857 2615 912 fectus
2663 870 2747 912 est
2789 876 2948 927 qnam
3017 860 3204 925 Filius,
3248 861 3392 928 quod
3445 863 3532 914 ille
3575 878 3734 916 causa
3774 873 3875 925 est,
3909 865 4009 916 iste

2441 948 2680 1000 causalis
2724 950 2816 1012 sit,
2855 964 3028 1016 neque
3055 950 3176 1003 ideo
3224 951 3292 1002 ab
3325 951 3413 1003 illo
3456 953 3637 1015 distat,
3666 954 3768 1005 etsi
3814 967 4004 1004 secun-

2441 1039 2544 1092 dus
2590 1039 2658 1091 ab
2701 1052 2767 1092 eo
2794 1053 2969 1094 causa:
3002 1042 3208 1093 ratione
3241 1042 3441 1094 dicitur
3471 1042 3751 1108 (divinitas
3780 1045 3924 1095 enim
3955 1045 4005 1093 iu

2444 1139 2675 1194 utroque
2729 1127 2857 1194 una)
2893 1145 2906 1180 :
2946 1130 3018 1182 ita
3055 1139 3110 1182 et
3152 1129 3385 1198 Spiritus
3435 1143 3656 1185 sanetus
3701 1131 3802 1184 etsi
3849 1132 4006 1198 juxta

2441 1218 2658 1271 unicum
2689 1218 2808 1286 ejus
2832 1220 3241 1289 simplicemque
3289 1236 3602 1289 processum
3633 1238 3696 1276 ex
3733 1223 3888 1277 Patre
3912 1239 4007 1289 per

2441 1306 2637 1362 Filium
2673 1317 2776 1371 est,
2803 1319 2857 1361 et
2888 1310 2954 1362 ad
2985 1310 3200 1364 Patrem
3223 1321 3279 1365 et
3306 1309 3502 1365 Filium
3540 1311 3702 1365 veluti
3731 1312 3797 1366 ad
3837 1329 4005 1366 unum

2439 1401 2819 1465 productorem
2883 1403 3346 1470 inspirantemque
3390 1400 3643 1466 refertur,
3695 1417 3926 1470 quorum
3954 1413 4007 1455 ct

2437 1485 2676 1556 Spiritus
2707 1497 2812 1552 est,
2849 1499 2903 1543 et
2948 1490 3276 1557 spiraculum
3309 1491 3535 1555 dicitur;
3568 1505 3671 1544 non
3699 1502 3874 1545 tamen
3907 1494 4007 1543 mi—

2441 1593 2541 1632 nor
2573 1578 2728 1642 Filio,
2768 1595 2940 1649 neque
2974 1581 3132 1634 Patre
3175 1581 3349 1634 minor
3375 1582 3500 1642 erit,
3546 1582 3668 1635 licet
3699 1557 3794 1649 per
3811 1580 4002 1635 Filium

2440 1669 2589 1721 Patri
2629 1670 3008 1738 conjungatur,
3038 1671 3275 1737 alioquin
3309 1669 3557 1725 etFilius
3581 1670 3686 1724 erit
3724 1671 4005 1723 dissimilis

2436 1759 2578 1814 Patri
2605 1776 2668 1814 eo
2697 1762 2836 1827 quod
2860 1763 3096 1815 causalis
3126 1763 3231 1826 sit;
3256 1771 3309 1814 et
3340 1762 3384 1816 si
3415 1776 3519 1814 non
3557 1760 3634 1813 ita
3662 1761 3801 1816 sicut
3829 1759 4002 1828 Spiri-

756 1852 1058 1906 sectmdum
1110 1851 1403 1904 essentiam
1455 1847 1624 1900 Filius
1670 1863 1791 1899 cuin
1849 1846 2009 1899 Patre
2056 1861 2195 1898 unus
2239 1853 2324 1898 est
2361 1833 2400 1887 Β
2433 1862 2537 1914 ius,
2567 1851 2719 1919 juxta
2749 1862 2927 1906 tamen
2962 1855 3329 1922 proportionis
3354 1854 3640 1905 rationem.

754 1955 806 1997 et
832 1943 990 1998 Pater
1008 1942 1222 2010 quidem
1256 1939 1421 2008 gignit
1457 1937 1672 1996 Filium.
1709 1935 1877 1990 Filius
1911 1946 2086 1987 autem
2120 1951 2223 1987 non
2267 1950 2324 1988 se

755 2038 930 2102 ipsum
981 2033 1172 2102 gignit,
1220 2047 1327 2084 nou
1363 2042 1538 2082 tamen
1586 2031 1787 2082 ideirco
1823 2029 2046 2082 alterius
2074 2028 2324 2081 essentia

748 2142 914 2194 quam
949 2126 1107 2179 Pater
1137 2135 1221 2178 est
1253 2142 1267 2178 :
1301 2123 1372 2176 ita
1411 2135 1462 2177 et
1525 2121 1758 2188 Spiritus
1811 2131 2034 2175 sanctus
2079 2119 2321 2187 ejusdem

747 2217 997 2271 essentia:
1021 2229 1144 2268 cum
1191 2215 1351 2268 Patre
1403 2222 1456 2266 et
1497 2212 1635 2266 Filio
1666 2213 1958 2275 exsistens,
2008 2225 2072 2264 ex
2118 2223 2175 2263 se
2208 2209 2322 2279 ipso

746 2320 928 2361 tamen
961 2317 1193 2361 nonest.
1231 2305 1552 2359 Communis
1583 2304 1726 2358 enim
1763 2315 1953 2356 natura
1987 2301 2037 2354 itt
2071 2315 2315 2367 unaqua-

744 2415 852 2467 que
877 2413 1227 2468 personarum
1262 2405 1369 2459 est,
1395 2393 1687 2448 secundum
1724 2394 2112 2462 proprietatem
2139 2405 2316 2444 suam.

745 2492 800 2547 lu
837 2492 994 2546 Patre
1038 2493 1255 2560 quidem
1300 2499 1356 2541 nt
1408 2503 1438 2541 a
1491 2487 1705 2540 nemine
1761 2487 2014 2548 habente,
2050 2483 2142 2537 alii
2192 2498 2320 2536 vero

743 2586 914 2650 ipsam
948 2583 1216 2651 gignendo
1248 2580 1447 2641 dante;
1483 2576 1534 2629 in
1572 2573 1707 2628 Filio
1734 2583 1914 2628 autem
1949 2573 2224 2655 nascendo
2251 2589 2316 2626 ex

742 2675 903 2728 Patre
958 2671 1289 2739 accipiente;
1339 2668 1392 2721 ln
1435 2679 1627 2722 sancto
1675 2674 1852 2717 autem
1892 2662 2094 2734 Spiritu
2148 2665 2314 2732 ipsam

741 2764 1080 2834 procedendo
1110 2761 1378 2830 capiente,
1424 2761 1524 2813 hoc
1557 2767 1659 2819 est,
1682 2773 1745 2811 ex
1785 2757 1942 2810 Patre
1972 2771 2065 2823 per
2095 2753 2311 2808 Filium.

810 2851 868 2906 Si
905 2840 1025 2919 quis
1055 2865 1184 2919 ergo
1219 2850 1364 2903 illum
1391 2849 1552 2901 etiam
1585 2847 1881 2915 producere
1909 2847 2042 2908 vult,
2076 2854 2169 2897 aut
2213 2843 2315 2895 Pa-

738 2954 823 2998 ter
873 2945 1014 3007 erit;
1057 2951 1108 2995 ct
1151 2940 1424 3009 quomodo
1465 2955 1490 2990 a
1545 2937 1733 2991 Patre?
1763 2947 1855 2989 ant
1901 2936 2217 3002 productor,
2260 2943 2314 2988 et

738 3034 1014 3102 quomodo
1038 3030 1307 3099 Spiritus?
1343 3029 1608 3082 Processu
1641 3029 1840 3097 quippe
1873 3027 2314 3088 snblato,secnn-

737 3129 862 3179 dum
897 3141 1055 3195 quem
1109 3125 1463 3177 substantiam
1502 3121 1689 3185 habet,
1729 3122 1861 3174 ordo
1905 3130 1956 3172 et
1996 3118 2187 3172 relatio
2223 3132 2309 3170 se-

733 3221 971 3274 cundum
1024 3231 1267 3279 causam,
1309 3223 1364 3268 et
1393 3213 1629 3276 causale,
1691 3215 1973 3283 ipsumque
2027 3224 2309 3279 personam

735 3325 876 3372 esse.
934 3305 1324 3364 ima-'blletnr.
1380 3306 1492 3360 Non
1532 3307 1698 3375 igitur
1738 3307 2040 3376 producere
2094 3303 2314 3357 habebit

734 3404 888 3472 quasi
930 3401 1234 3468 oppositum
1277 3398 1624 3453 stthtantiali
1683 3399 2030 3464 proprietatis
2065 3411 2195 3448 sum.

807 3494 1010 3546 Putant
1030 3509 1122 3559 pra
1143 3501 1288 3544 terea
1315 3491 1437 3542 inte
1466 3489 1625 3541 aliain
1658 3487 2047 3542 ahsurditatem
2081 3487 2232 3554 sequi
2258 3495 2310 3538 et

732 3587 918 3637 dicunt
953 3580 1056 3635 :rSi
1107 3580 1340 3648 Spiritus
1385 3589 1598 3632 sanctus
1639 3580 1799 3632 etiam
1830 3595 1894 3632 ea:
1938 3576 2078 3630 Filio
2114 3593 2300 3645 proce-

731 3671 1016 3739 ttit,mujor
1042 3673 1249 3740 quidem
1279 3668 1482 3737 Spiritu
1520 3668 1692 3720 Filius
1721 3671 1841 3734 erit,
1869 3669 2156 3721 secundum
2181 3683 2307 3719 can-

729 3781 865 3825 sam,
899 3764 1095 3829 eritque
1137 3758 1323 3812 tertius
1357 3776 1389 3811 a
1440 3757 1623 3811 Patre.
1661 3760 1734 3811 Ac
1778 3757 1956 3810 I’ilius
1991 3757 2201 3826 quidem
2231 3757 2304 3808 si-

729 3857 906 3905 mittor
959 3850 1136 3912 l‘utri,
1181 3860 1360 3919 utpote
1408 3865 1472 3902 ea:
1519 3854 1630 3916 ipso
1670 3852 1780 3902 sine
1826 3842 1996 3902 mettio
2025 3849 2302 3909 exsistens,

727 3944 955 4010 Spiriz'us
989 3956 1107 3993 t'cro
1142 3941 1292 3992 Patri
1333 3943 1662 4002 dissimilior,
1707 3955 1868 4006 neque
1901 3940 1977 3990 ita
2005 3939 2136 3990 idem
2166 3941 2303 3990 sicut

725 4049 772 4088 tt
807 4033 1001 4088 Filius.
1041 4031 1157 4084 [Crit
1180 4033 1334 4085 etiam
1373 4030 1520 4086 FM'O
1564 4029 1754 4095 nt'ttor,
1780 4034 1966 4100 quippe
1989 4035 2077 4100 qui
2106 4050 2199 4102 per
2237 4035 2305 4086 it-

724 4131 832 4178 tun
877 4134 1134 4191 'nmjorcm
1172 4124 1498 4175 conuertitur
1556 4121 1727 4176 Patri.
1769 4122 1835 4174 Et
1883 4123 2053 4175 I'itius
2094 4125 2300 4190 quidem

725 4218 979 4268 minorem
1022 4213 1334 4264 distantiam
1385 4213 1589 4264 habebit
1638 4215 1707 4264 ad
1761 4211 2024 4274 Patrem;
2069 4212 2298 4280 Spiritus

723 4317 921 4369 autem,
951 4303 1229 4373 majorem,
1258 4305 1485 4355 maxime
1516 4319 1631 4355 cum
1660 4304 1857 4356 nullius
1886 4319 2051 4356 causa
2098 4309 2190 4359 sit.

793 4400 954 4464 Atqui
1002 4399 1100 4449 ista
1133 4409 1347 4463 quoque
1398 4395 1713 4449 doctoribus
1759 4398 2074 4463 imputanda
2118 4398 2298 4465 potius

2503 1941 2567 1994 Et
2627 1942 2786 1994 sicuti
2855 1941 3014 1995 Pater
3059 1956 3237 1996 causa
3293 1942 3500 1995 ratione
3553 1939 3687 1995 Filio
3748 1939 3918 2006 major
3974 1955 4000 1989 a

2427 2033 2700 2102 plerisque
2738 2033 2990 2086 l’atribus
3017 2033 3299 2096 asseritur,
3337 2047 3514 2100 neque
3593 2031 3796 2084 idcirco
3821 2041 4000 2082 tamen

2417 2122 2585 2176 Patre
2631 2121 2808 2174 minor
2843 2133 2926 2175 est
2979 2120 3148 2174 Filius
3205 2127 3324 2174 :ita
3353 2132 3406 2174 et
3448 2120 3633 2182 Filius,
3679 2120 3779 2172 etsi
3832 2117 4003 2185 major

2427 2211 2631 2280 Spiritu
2663 2211 2880 2274 dicitur,
2919 2228 3020 2263 non
3052 2220 3230 2262 tamen
3286 2220 3570 2279 propterea
3617 2209 3854 2279 Spirittts
3881 2207 3999 2274 ipso

2423 2303 2527 2355 erit
2560 2301 2754 2353 minor.
2794 2301 3058 2365 Qquirca
3113 2317 3339 2369 magnus
3381 2315 3600 2369 quoque
3647 2299 3872 2352 Basilius
3912 2298 3999 2350 tli-

2423 2391 2576 2443 ccltat
2615 2407 2627 2443 :
2669 2388 2785 2443 Etsi
2813 2390 2947 2443 Filio
2979 2392 3207 2443 succedit
3239 2393 3423 2444 ordine
3483 2402 3529 2442 et
3575 2389 3853 2458 dignitate,
3896 2402 3999 2440 non

2424 2495 2596 2537 tamen
2627 2485 2812 2537 cliente
2847 2494 3054 2538 natura
3082 2494 3179 2538 est.
3215 2483 3320 2536 Ista
3357 2487 3500 2539 enim
3538 2497 3756 2553 propter
3791 2498 3996 2545 causae,

2420 2587 2473 2629 et
2499 2576 2734 2629 eausalis
2759 2577 2822 2628 ad
2849 2575 3079 2629 imicem
3112 2576 3353 2629 ordinem
3390 2586 3442 2628 rt
3471 2576 3783 2630 relationem
3809 2574 4000 2629 dicun-

2429 2678 2538 2719 tur.
2581 2667 2725 2720 Ordo
2756 2677 2934 2719 autem
2972 2679 3022 2720 et
3063 2668 3128 2720 ad
3171 2669 3370 2738 aliquid
3429 2669 3833 2737 quomololibet
3895 2668 3994 2722 Ita-

2420 2759 2565 2823 bere,
2601 2769 2916 2817 naturarum
2959 2775 3062 2812 non
3098 2759 3228 2814 facit
3262 2760 3640 2816 diﬂ‘erentiam.

2490 2851 2644 2912 haut,
2685 2851 2829 2902 verbi
2881 2853 3075 2914 gratia,
3109 2867 3172 2906 eo
3200 2855 3343 2921 quod
3380 2856 3587 2908 amicus
3607 2853 3700 2914 sit.
3755 2855 3836 2908 vel
3866 2855 3996 2907 vict-

2419 2948 2541 2996 tms,
2579 2933 2656 2985 vel
2699 2933 2978 3001 magister,
3019 2934 3150 2986 nihil
3185 2935 3232 2986 iu
3271 2952 3330 2990 se
3360 2937 3536 3006 ipsum
3573 2937 3732 2990 alicui
3761 2941 3993 3002 accedit,

2420 3035 2477 3075 ut
2509 3031 2728 3092 propter
2755 3023 2994 3076 ltahitum
3034 3025 3326 3092 perfectior
3360 3029 3411 3081 in
3443 3045 3500 3082 se
3528 3029 3646 3097 ipso
3689 3032 3992 3084 secundum

2416 3116 2706 3169 essentiam
2742 3117 2825 3169 sit.
2864 3115 3048 3184 Neque
3071 3119 3115 3170 si
3142 3119 3409 3187 quispiam
3443 3121 3608 3174 lilium
3641 3137 3704 3176 ac
3735 3131 3984 3191 nepotem

2425 3208 2644 3266 haheat,
2687 3206 2880 3260 tertius
2930 3209 3165 3262 maxime
3187 3213 3312 3275 erit,
3351 3212 3432 3266 \el
3466 3213 3804 3274 similior,ve|
3836 3215 3987 3268 dissi-

2413 3297 2594 3348 milior
2620 3311 2717 3348 avo
2746 3299 3042 3350 secundum
3067 3302 3386 3364 essentiam,
3417 3319 3581 3373 quam
3619 3303 3762 3358 lilius
3794 3324 3806 3359 :
3846 3307 3989 3373 quod

2410 3385 2454 3438 si
2508 3388 2558 3437 in
2595 3389 2757 3438 rebus
2800 3386 3054 3452 humanis
3099 3390 3170 3440 ita
3219 3393 3501 3459 contingit,
3532 3394 3702 3446 multo
3729 3398 3898 3462 magis
3935 3396 3986 3447 in

2408 3477 2607 3529 divinis
2651 3477 2918 3545 personis,
2949 3479 3034 3532 ubi
3063 3496 3164 3532 una
3195 3484 3458 3536 asseritur
3489 3496 3705 3549 natura,
3750 3502 3810 3540 ac.
3852 3501 3990 3554 pra:-

2412 3578 2492 3617 ter
2535 3567 2699 3619 solam
2737 3583 2880 3634 ,qme
2923 3570 3218 3621 secundum
3252 3586 3471 3626 causam
3521 3585 3574 3628 et
3605 3578 3825 3629 eauSalc
3876 3588 3984 3640 est,

2408 3659 2786 3726 diﬂ'erentiant,
2819 3661 2960 3713 nulla
2985 3664 3088 3714 alia
3115 3665 3372 3717 discretio
3413 3677 3518 3720 est.

2476 3750 2555 3801 Ad
2586 3747 2699 3802 haec
2725 3789 2740 3810 ,
2790 3750 2934 3802 aliud
2975 3767 3190 3820 quoque
3229 3755 3598 3824 subjungunt,
3645 3767 3698 3811 et
3734 3759 3925 3813 dicunt
3966 3777 3981 3813 :

2407 3841 2469 3894 Si
2513 3841 2775 3908 perfectus
2820 3852 2896 3894 est
2940 3841 3174 3910 Spiritus
3207 3850 3378 3898 sancti
3419 3865 3448 3898 α
3494 3847 3651 3902 Patre
3685 3867 3984 3917 processus,

2403 3936 2706 4004 superﬂuus
2735 3937 2803 3988 sit
2836 3950 3044 3988 necesse
3074 3949 3155 3990 est
3198 3953 3480 4004 processus
3510 3957 3572 3994 ex
3599 3939 3756 3996 Ftl.o.
3796 3943 3858 3995 lit
3896 3944 3982 3997 hic

2406 4025 2590 4091 igitur.
2642 4026 2684 4079 si
2738 4029 2954 4094 quidem
3013 4030 3324 4092 diceretur,
3381 4031 3518 4084 duos
3567 4047 3688 4084 esse
3743 4032 3981 4100 Spiritus

2403 4119 2576 4170 sancti
2605 4134 2913 4185 processus,
2941 4119 3117 4172 locum
3145 4120 3370 4173 haberet
3396 4120 3647 4176 fortassis
3680 4125 3791 4178 lia-c
3819 4128 3979 4178 ratio.

2401 4209 2670 4260 (animum
2704 4209 2748 4262 si
2793 4210 2928 4262 duos
2959 4223 3079 4262 esse
3113 4220 3167 4262 et
3202 4210 3275 4264 illi
3326 4221 3562 4279 negant,
3597 4215 3873 4282 quietiam
3914 4233 3981 4271 ex

2400 4297 2540 4352 Ftlso
2578 4301 2874 4366 procedere
2907 4303 3203 4366 allirmant,
3229 4317 3501 4372 unumque
3537 4321 3769 4360 numero
3801 4307 3978 4362 faten-

2404 4400 2524 4453 tnr,
2571 4390 2860 4443 ridiculum
2909 4402 2990 4445 est
3044 4393 3446 4448 conclusionem
3500 4395 3702 4450 inferre
3749 4397 3833 4451 his
3883 4401 3974 4467 qui

720 4498 866 4550 sunt,
924 4486 967 4536 si
998 4486 1214 4552 quidem
1260 4486 1491 4535 ahsurdn
1557 4486 1861 4537 videantur.
1928 4484 2034 4553 Ipsi
2095 4488 2296 4555 quippe
2325 4501 2373 4562 υ
2401 4481 2822 4549 propositionem
2857 4493 3081 4552 negant.
3115 4483 3299 4537 Sancti
3330 4486 3476 4550 enim
3510 4485 3742 4554 Spiritus
3773 4491 3974 4543 cx-l'a-

720 4589 868 4639 sunt,
900 4578 989 4643 qui
1020 4574 1278 4640 Spiritum
1311 4589 1339 4626 a
1371 4571 1532 4627 Patre
1565 4577 1784 4628 tertium
1816 4578 2035 4639 docent,
2083 4587 2296 4643 sumpta

719 4669 923 4720 scilicet
956 4669 1024 4718 ab
1061 4669 1176 4734 ipso
1229 4664 1458 4718 Domino
1482 4667 1794 4730 occasione,
1829 4667 1880 4716 in
1910 4666 2170 4718 salutaris
2188 4674 2300 4718 tra-

717 4761 919 4811 ditione
943 4757 1297 4826 baptismatis,
1333 4769 1394 4808 ac
1421 4769 1515 4824 per
1535 4754 1728 4808 Filium
1760 4758 2052 4824 procedere
2073 4757 2285 4820 dicunt,

717 4864 917 4918 perque
955 4851 1129 4917 ipsum
1157 4846 1301 4900 Patri
1333 4846 1608 4914 conjungi.
1660 4844 1923 4915 Hajorem
1956 4862 2170 4917 quoque
2203 4847 2296 4902 [οἳ-

715 4941 845 4992 lium
876 4937 1081 5007 Spiritu
1128 4945 1317 4990 sancto
1365 4953 1592 5006 magnus
1641 4938 1715 4990 ait
1749 4940 2096 5031 Athan'asius.
2135 4939 2293 5005 Quod

715 5033 759 5084 si
788 5033 884 5084 ista
950 5047 976 5080 a
1011 5033 1219 5082 sanctis
1255 5029 1328 5081 tlit
1351 5039 1398 5079 ta
1436 5042 1584 5092 sunt,
1629 5032 1854 5082 munitio
1885 5029 2026 5083 nulla
2059 5046 2154 5084 eos
2199 5033 2291 5100 qtti

715 5126 814 5176 ista
848 5124 1054 5183 dicunt,
1107 5122 1416 5172 absurditas
1449 5121 1710 5188 sequitur.
1759 5119 2140 5190 Praetereaque
2172 5122 2294 5192 Spi-

717 5231 856 5271 ritus
896 5231 1116 5271 sanctus
1170 5219 1214 5268 si
1267 5233 1292 5265 a
1333 5213 1494 5265 Patre
1548 5215 1767 5281 quidem
1800 5216 1906 5267 alio
1953 5230 2228 5282 processu,
2259 5231 2287 5268 a

709 5312 849 5366 Filio
891 5323 1072 5363 autem
1108 5310 1217 5361 alio
1251 5309 1590 5376 procederet,
1629 5317 1882 5373 eSsetque
1912 5321 2198 5374 processus
2222 5323 2286 5362 ex

707 5403 967 5453 autholms
1013 5399 1236 5464 duplex.
1286 5395 1539 5450 fortassis
1582 5393 1809 5446 haberet
1846 5395 2115 5447 rationem
2168 5395 2282 5447 cul-

706 5509 835 5562 pare
883 5488 1249 5542 differentiam
1297 5501 1673 5555 processuum,
1726 5484 1870 5552 quod
1919 5486 2082 5538 etiam
2134 5485 2288 5541 dide-

705 5595 889 5637 tettter
933 5596 961 5633 a
990 5579 1152 5634 Patre
1196 5593 1250 5634 et
1277 5578 1412 5632 Filio
1441 5579 1668 5632 distaret
1707 5575 1965 5646 Spiritus,
2015 5592 2078 5631 ac
2122 5593 2285 5646 prop-

705 5687 850 5733 terea
877 5677 1076 5744 gradus
1103 5677 1153 5728 in
1183 5674 1432 5747 personis
1452 5674 1718 5742 quosdam
1737 5672 2014 5740 cogitare;
2047 5670 2129 5726 sin
2157 5685 2286 5726 vero

702 5787 842 5827 unus
887 5773 1138 5840 idemque
1170 5769 1272 5825 sibi
1303 5767 1373 5823 ab
1400 5777 1634 5838 utroque
1667 5780 1954 5836 processus
1981 5774 2088 5834 est,
2119 5767 2274 5822 simi-

2403 4583 2484 4624 tre
2512 4570 2758 4639 Filioque
2789 4568 3079 4645 processus
3123 4589 3261 4627 unus
3289 4587 3455 4644 atque
3501 4579 3642 4630 idem
3676 4589 3780 4645 est,
3816 4590 3869 4633 et
3905 4584 3973 4635 ab

2400 4675 2632 4730 utroque
2662 4643 2902 4732 perfecte
2939 4665 3202 4730 procedit,
3229 4643 3381 4731 juxta
3413 4683 3507 4720 eos
3529 4671 3618 4735 qui
3646 4643 3794 4723 illum
3823 4674 3972 4726 dixe-

2397 4764 2526 4806 runt
2571 4768 2636 4808 ex
2693 4754 2848 4808 Patre
2899 4771 2994 4823 per
3025 4755 3220 4808 Filium
3256 4760 3570 4822 procedere.
3610 4759 3670 4813 Et
3708 4769 3966 4830 quoniam

2398 4846 2742 4913 procedentis
2773 4855 2857 4900 est
2892 4848 3031 4900 ratio
3062 4862 3126 4900 ex
3163 4848 3320 4900 Patre
3356 4865 3478 4903 esse
3520 4867 3625 4918 per
3675 4859 3912 4921 genitum
3953 4871 3967 4908 :

2397 4955 2567 5007 neque
2596 4937 2756 4993 Pater
2784 4941 2932 4993 solus
2967 4940 3225 5008 producet
3261 4941 3521 5010 Spiritum
3560 4958 3810 5000 sanctum
3847 4950 3965 5018 (ne-

2394 5048 2500 5100 que
2529 5033 2668 5084 enim
2711 5034 3010 5100 procedens
3045 5045 3208 5096 esset,
3246 5036 3288 5087 si
3338 5047 3483 5090 esset
3516 5037 3636 5092 sine
3686 5042 3862 5094 tnedio
3900 5058 3962 5096 ex

2395 5123 2617 5192 primo),
2655 5138 2832 5190 neque
2857 5121 3025 5177 l-‘iltus
3061 5125 3232 5192 solus,
3263 5141 3365 5180 non
3395 5129 3537 5182 enim
3572 5130 3844 5187 diceretur
3872 5151 3967 5204 per

2395 5216 2592 5269 Filium
2639 5231 2704 5270 ex
2755 5215 2914 5269 Patre
2947 5222 3264 5285 procedere,
3310 5223 3404 5274 sed
3442 5232 3522 5275 est
3571 5238 3633 5275 ex
3680 5225 3840 5280 Patre
3873 5243 3968 5296 per

2393 5306 2590 5361 Filium
2631 5318 2685 5362 et
2732 5322 2797 5361 ex
2848 5307 3010 5374 Filio,
3041 5313 3194 5379 quasi
3227 5327 3290 5365 ex
3328 5328 3434 5366 una
3465 5329 3544 5378 re,
3581 5327 3637 5370 ut
3667 5332 3808 5386 saepe
3849 5320 3961 5389 jant

2392 5401 2596 5452 dictum
2624 5408 2707 5456 εει
2735 5415 2751 5455 :
2783 5399 2926 5465 ideo,
2955 5417 3180 5472 magnus
3209 5419 3423 5474 quoque
3453 5407 3781 5466 Athanasius
3808 5412 3961 5465 dixit:

2392 5489 2601 5545 Idcirco
2639 5506 2702 5544 es
2740 5491 2902 5546 Patre
2932 5495 3209 5560 procedere
3247 5498 3464 5566 dicitur,
3485 5503 3730 5570 quoniam
3762 5519 3794 5556 α
3820 5501 3964 5561 Filio

2390 5595 2502 5646 est;
2530 5584 2688 5639 aliter
2719 5589 2862 5639 enim
2901 5589 3203 5655 procedens
3228 5603 3336 5644 non
3369 5603 3508 5646 esset
3537 5633 3552 5660 ,
3600 5598 3693 5650 sed
3742 5609 3834 5651 aut
3866 5614 3963 5653 ne-

2388 5691 2494 5746 que
2532 5690 2765 5745 persona
2811 5688 2979 5740 esset.
3032 5680 3077 5733 si
3127 5681 3306 5736 dicere
3345 5682 3426 5739 fas
3466 5688 3560 5750 sit,
3611 5700 3704 5743 aut
3739 5688 3958 5746 Filius:

2389 5769 2638 5840 quamvis
2670 5769 2783 5825 haec
2809 5769 3117 5829 sbstmtitas
3155 5783 3207 5830 et
3251 5777 3732 5838 eosnihilouiiuus
3760 5797 3961 5855 seque-
