4472 6434
458 431 562 493 ΓΠ

1564 432 1968 491 ADVERSUS
2010 432 2323 491 CILECOS
2369 436 2494 491 LIB
2554 434 2663 491 lll.

3622 433 3722 495 178

455 551 544 591 tur
579 553 749 599 :_nani
779 540 822 594 si
853 540 1088 608 perfette
1121 559 1147 595 a
1184 543 1341 595 Patre
1374 542 1607 594 mittitur
1647 542 1884 607 Spiritus
1912 556 2036 592 saii-
2070 552 2111 605 Λ
2143 556 2361 608 quoque
2391 542 2687 608 producere
2716 550 2937 610 cogunt,
2971 542 3048 593 vel
3084 557 3139 594 se
3169 544 3340 607 ipsum
3390 539 3470 593 vel
3496 540 3723 593 alteium

456 638 601 692 ctus,
643 632 976 697 superﬂuum
1030 634 1155 696 erit,
1185 644 1238 686 et
1272 649 1299 683 :i
1338 632 1471 684 Filio
1519 632 1701 692 mitti;
1741 632 1826 685 sin
1862 639 2040 683 autem

458 716 796 785 illtperfrcte,
863 737 970 775 nou
1013 738 1141 791 ergo
1199 723 1467 787 perfectus
1513 732 1595 775 est
1645 721 1824 774 Pater.
1887 720 1950 772 Et
1997 720 2040 770 si

456 811 699 877 perfecte
730 815 911 864 omnia
949 829 978 866 a
1029 812 1190 867 Patre
1223 827 1406 867 creata
1457 824 1618 875 sunt,
1653 814 1784 881 quid
1818 826 2043 865 necesse

456 902 559 955 fuit
589 904 768 959 dicere
800 922 813 957 ε
842 904 1030 959 Omnia
1066 923 1158 974 per
1183 923 1349 975 ipsum
1378 908 1522 975 facta
1552 918 1672 958 sunt
1695 908 1718 959 ?
1744 908 1829 957 sin
1861 917 2039 957 autem

457 995 774 1061 imperfecte
800 1036 815 1058 ,
849 1008 1038 1051 contra
1077 999 1290 1052 Patrem
1329 999 1645 1067 blasplienia
1682 998 2039 1051 nihilominus

452 1098 547 1137 ora
574 1086 851 1141 lambunt.
883 1087 1012 1153 Sed,
1038 1091 1275 1144 absurda
1311 1106 1407 1145 eos
1442 1092 1754 1145 necessario
1794 1104 2036 1156 sequun-

456 1186 570 1239 tur,
609 1179 702 1244 qui
740 1180 878 1234 duos
909 1196 1198 1247 processus
1226 1193 1459 1246 ponunt.

526 1266 719 1328 Porro.
750 1269 842 1336 qui
880 1285 1043 1324 uuam
1078 1280 1291 1325 tantum
1328 1289 1509 1327 rerum
1556 1274 1811 1327 omnium
1828 1274 2041 1342 produ-

454 1356 693 1410 ctiiineiii
729 1359 1064 1415 conﬁtentur
1091 1375 1157 1414 ex
1185 1360 1345 1416 Patie
1377 1378 1474 1430 per
1508 1362 1706 1416 Filium
1744 1364 1796 1415 in
1831 1364 2040 1431 Spiritu

450 1461 663 1509 sancto.
696 1464 968 1518 unamque
997 1452 1337 1517 missionem,
1363 1463 1419 1508 et
1449 1454 1816 1522 largitionem,
1850 1464 1903 1508 et
1936 1455 2036 1507 da-

455 1551 655 1594 tioneui
702 1544 879 1597 sancti
929 1544 1168 1614 Spiritu'
1236 1561 1302 1600 ex
1352 1547 1531 1613 Patre,
1580 1557 1636 1602 ct
1697 1546 1834 1601 Filio
1911 1549 2039 1615 (una

449 1619 651 1699 quippe
684 1633 943 1699 datione,
977 1644 1033 1689 et
1065 1636 1353 1706 largitione
1399 1639 1540 1692 mitti
1573 1655 1602 1691 a
1641 1639 1919 1703 theologis
1949 1652 2038 1689 as-

449 1723 698 1790 seritur);
729 1740 897 1778 unum
930 1743 1148 1802 quoque
1181 1729 1537 1796 iuspirantem
1566 1734 1915 1797 conliteutur,
1937 1731 2042 1785 dif-

452 1811 687 1865 ferentia
718 1814 786 1867 ad
826 1817 1057 1871 Invicem
1100 1829 1315 1873 servata
1349 1837 1363 1873 :
1400 1834 1494 1874 eos
1540 1820 1677 1873 nihil
1707 1822 1901 1874 durum
1948 1831 2041 1874 aut

2148 635 2432 699 Spiritum,
2466 642 2557 685 aut
2578 632 2794 696 Filium;
2830 635 2873 687 si
2904 644 3083 699 autem
3109 649 3172 688 ex
3206 635 3504 695 substantia
3531 633 3718 703 [hypo-

2147 723 2300 795 stasi]
2328 724 2586 790 quoniam
2622 724 2737 777 dure
2768 722 3083 779 substantiae
3116 735 3261 788 sunt,
3284 724 3476 787 Patris,
3506 734 3557 777 et
3584 726 3720 784 Filii,

2145 820 2188 870 si
2217 815 2434 882 quidem
2465 816 2529 868 ex
2561 816 2738 869 Patris
2771 817 3066 869 substantia
3098 828 3200 875 est,
3230 826 3437 869 constat
3467 816 3722 883 qimiii-im

2145 923 2208 961 ex
2243 906 2404 959 Patre
2437 907 2551 959 solo
2593 924 2608 961 :
2638 908 2909 976 quomodo
2956 908 3121 975 igitur
3159 921 3221 959 ex
3260 908 3433 959 Filio?
3465 909 3507 960 si
3544 915 3724 957 autent

2144 1014 2205 1050 ex
2238 999 2353 1051 Filii
2382 999 2819 1061 subst:iiiti'i,aut
2846 1015 2886 1052 sl
2914 1000 3289 1053 listunttalinin
3321 1000 3570 1049 confusio
3594 999 3720 1058 et‘il,

2146 1102 2240 1143 aut
2281 1092 2387 1145 duo
2413 1092 2699 1159 principia,
2744 1092 2885 1144 sicut
2916 1101 2968 1144 et
3007 1090 3324 1145 substantiae
3354 1087 3724 1160 [-liypostaseﬂ

2145 1181 2263 1233 (line
2296 1199 2310 1234 :
2357 1182 2450 1235 sed
2486 1183 2629 1235 enim
2672 1185 2763 1250 qui
2815 1184 2911 1235 ista
2943 1183 3154 1241 dicuiit‘.
3184 1182 3437 1235 arbitrari
3478 1182 3729 1232 ridentur

2146 1272 2291 1323 aliud
2328 1272 2549 1341 quidem
2583 1266 2880 1326 secundum
2914 1287 2971 1325 se
3004 1287 3126 1325 esse
3161 1272 3547 1331 substantiam,
3585 1270 3729 1321 aliud

2148 1380 2274 1417 vero
2308 1367 2606 1419 essentiam
2647 1366 2909 1431 z'istaque
2937 1364 3242 1417 secundum
3277 1379 3388 1415 rem
3421 1379 3448 1415 a
3496 1378 3553 1414 se
3583 1362 3729 1414 inri-

2145 1470 2262 1508 cem
2293 1455 2530 1508 dill‘erre.
2553 1442 2667 1506 iloc
2691 1464 2870 1506 autem
2901 1463 2956 1506 et
2988 1452 3179 1507 falsum
3205 1453 3444 1507 simulet
3476 1453 3732 1518 blasplie‘

2147 1563 2293 1600 nium
2326 1561 2446 1600 esse
2472 1560 2535 1599 ex
2566 1546 2941 1612 superioribus
2972 1556 3255 1601 ostensum
3286 1554 3392 1607 est,
3429 1544 3733 1611 adjectum.

2145 1653 2252 1705 que
2299 1638 2594 1691 secundum
2633 1650 2796 1702 quam
2835 1637 3146 1699 rationem,
3190 1634 3337 1687 aliud
3390 1635 3687 1687 essentiam
3715 1675 3729 1692 ,

2144 1731 2289 1783 aliud
2320 1729 2709 1790 substantiam,
2744 1736 2839 1779 aut
2878 1743 2981 1780 non
3016 1726 3159 1780 idem
3196 1729 3253 1780 in
3289 1726 3397 1779 lico
3426 1740 3547 1778 esse
3582 1726 3737 1777 theo-

2148 1823 2249 1891 logi
2276 1822 2575 1882 allirmant;
2604 1819 2697 1874 sed
2725 1818 3013 1872 dicendum
3038 1828 3139 1877 est.
3169 1827 3481 1871 sanctorum
3508 1817 3731 1885 vestigia

452 1916 705 1969 asperum
732 1906 1005 1971 sequitur.
1040 1907 1203 1989 Idem,
1222 1916 1277 1961 et
1305 1908 1358 1961 in
1394 1923 1651 1977 processu
1695 1908 1871 1962 sancti
1911 1908 2035 1977 Spi—
2070 1923 2113 1979 [ι
2144 1912 2581 1979 theologiamque
2611 1912 2909 1978 sequendo,
2940 1925 3002 1964 ex
3038 1908 3217 1963 Patris
3249 1920 3303 1962 et
3334 1908 3452 1961 Filii
3486 1908 3727 1963 essentia

454 1995 591 2061 ritus
622 1996 955 2062 dicendum;
992 2000 1135 2053 sicut
1181 2001 1332 2055 enim
1365 2039 1381 2063 ,
1417 2001 1558 2067 quod
1593 2000 1818 2073 dicitur,
1853 2003 2035 2054 omnia

453 2086 598 2140 facta
630 2101 754 2141 esse
786 2103 884 2157 per
905 2088 1124 2154 Filium,
1148 2078 1442 2147 voluntatis
1471 2094 1731 2145 unitatem
1764 2108 2041 2149 commen-

452 2180 545 2230 dat
576 2218 589 2229 .
623 2179 694 2231 ita
719 2190 771 2231 et
795 2196 892 2248 per
921 2181 1113 2234 Filium
1146 2185 1442 2252 procedere
1468 2184 1731 2253 Spiritum
1764 2198 2038 2251 sanctum,

454 2276 717 2323 unitatem
751 2273 1132 2329 substantialis
1190 2290 1480 2345 processus
1510 2278 1649 2347 ejus,
1672 2281 2045 2348 productionis

455 2356 891 2431 processiouisve
926 2368 1241 2423 demonstra
1254 2380 1265 2421 ι
1278 2364 1309 2424 ,λ
1603 2422 1611 2433 ,

527 2458 724 2510 Putant
754 2469 1014 2525 praeterea
1059 2475 1286 2517 necesse
1314 2479 1456 2525 esse,
1489 2466 1839 2532 compositum
1872 2464 2045 2532 Spiri-

458 2559 569 2600 tuir.
602 2561 847 2602 sanctum
887 2553 1156 2619 confiteri,
1190 2555 1270 2608 hia
1296 2558 1387 2615 qui
1409 2558 1558 2610 illum
1594 2569 1644 2611 et
1670 2574 1735 2611 ea:
1759 2559 1895 2612 Filio
1927 2575 2047 2624 pro-

457 2644 635 2695 cedere
664 2645 898 2712 fatentur
919 2661 938 2698 :
966 2647 1226 2714 istudquo,
1261 2650 1383 2717 quia
1431 2652 1495 2703 ab
1536 2652 1774 2720 utrisque
1812 2648 2049 2726 arripere

458 2752 667 2789 necasse
713 2748 828 2801 est;
874 2740 1130 2791 siautem
1177 2743 1282 2795 duo
1330 2755 1477 2807 sttui,
1526 2762 1561 2797 a
1612 2747 1803 2813 quibus
1834 2746 2044 2811 accipit,

458 2831 678 2882 omnino
708 2847 772 2883 ea:
804 2833 1009 2885 duobus
1042 2836 1360 2900 compositus
1397 2839 1522 2890 erit.
1652 2819 1661 2830 ’
1944 2832 1951 2849 ’

536 2921 641 2975 Sed
676 2922 779 2975 hoc
810 2940 1029 2992 quoque
1049 2927 1286 2994 primum
1320 2930 1533 2995 quidem
1568 2930 1774 2981 sanctis
1800 2928 2050 2981 Patrihu:

461 3011 827 3078 objiciendum
866 3014 986 3068 fuit.
1020 3015 1084 3069 lli
1133 3018 1281 3072 enim
1332 3027 1495 3082 sunt,
1525 3020 1617 3087 qui
1656 3020 1708 3073 id
1736 3020 1879 3088 quod
1918 3020 2050 3073 dici-

464 3109 553 3153 tur
584 3117 599 3153 :
635 3102 717 3157 De
757 3121 870 3157 meo
901 3107 1158 3172 accipiet,
1189 3111 1401 3174 pro‘eo.
1436 3109 1578 3177 quod
1624 3121 1742 3172 est,
1779 3127 1843 3162 ea:
1884 3109 2047 3171 Filio,

2145 2020 2269 2059 esse
2302 2002 2566 2070 Spiritum
2599 2010 2874 2065 sanctum,
2911 2010 2968 2054 iit
3022 2016 3085 2054 ex
3116 2000 3485 2069 superioribus
3529 2002 3735 2052 consti-

2148 2096 2233 2149 tit.
2273 2094 2441 2148 Porro
2475 2092 2652 2147 Patris
2682 2092 2921 2147 essentia
2960 2091 3139 2145 Patris
3173 2106 3401 2158 persona
3431 2102 3535 2150 est,
3572 2092 3732 2143 sieiiti

2146 2189 2267 2244 Filii
2299 2187 2534 2243 essentia
2556 2227 2571 2251 ,
2601 2185 2718 2239 Filii
2752 2185 2934 2239 itidem
2970 2199 3201 2252 persona
3254 2195 3357 2245 est,
3414 2200 3511 2252 per
3561 2183 3741 2235 Pati-is

2149 2297 2344 2334 nomen
2369 2295 2432 2333 ac
2459 2276 2581 2332 Filii
2607 2278 2932 2331 Sulistaiitiis
2956 2274 3399 2346 [liypostasilius]
3425 2275 3738 2337 insinuatis;

2146 2372 2311 2425 Pater
2338 2375 2484 2426 enim
2529 2381 2584 2425 et
2626 2370 2795 2423 Filius
2828 2371 3260 2423 substaiitiaruiii
3315 2380 3440 2422 sunt
3476 2369 3738 2430 nomina;

2149 2482 2245 2532 per
2269 2481 2468 2521 nomen
2497 2475 2675 2520 autem
2702 2465 2985 2535 cSSClttitl‘,
3008 2462 3245 2517 essentia
3283 2463 3393 2531 ipsa
3423 2470 3741 2529 κρίνω-ωηο.

2151 2556 2337 2624 Neque
2383 2555 2528 2609 cnim
2584 2556 2820 2609 essentia
2874 2565 2959 2609 est
3008 2555 3125 2607 sine
3179 2552 3509 2611 substantia,
3562 2565 3737 2617 neque

2143 2648 2458 2706 substantia
2493 2649 2613 2703 sine
2638 2648 2873 2701 essentia
2899 2664 2913 2711 ;
2959 2661 3083 2698 nam
3118 2654 3171 2698 et
3200 2646 3509 2698 substantia
3530 2643 3746 2713 ~dicitur

2152 2757 2444 2797 commune
2468 2756 2589 2795 cum
2623 2742 2875 2807 proprio;
2911 2756 3014 2792 non
3055 2748 3263 2801 tamen,
3300 2740 3426 2806 quia
3460 2739 3621 2789 unius
3661 2752 3746 2789 cet

2153 2834 2411 2889 essentia?
2441 2848 2563 2886 cuin
2606 2832 2770 2886 Patre
2805 2820 3030 2886 et'Filio
3059 2832 3297 2900 Spiritus
3341 2839 3586 2891 sanctus,
3626 2830 3747 2881 ideo

2155 2942 2379 2982 necesse
2405 2936 2489 2980 est
2518 2926 2718 2995 ipsum,
2750 2925 2830 2977 vel
2875 2939 2935 2978 se
2985 2926 3185 2991 ipsum,
3235 2924 3317 2972 vel
3375 2921 3615 2983 Filium,
3664 2926 3743 2971 vel

2155 3022 2318 3074 alium
2351 3019 2619 3087 Spiritum
2654 3020 2973 3085 producere.
3002 3017 3217 3069 Dictum
3252 3014 3449 3083 quippe
3478 3026 3582 3075 est,
3612 3019 3773 3082 quo-'

2158 3112 2299 3163 niaiii
2326 3120 2517 3162 natura
2544 3118 2805 3177 operatur
2827 3109 2977 3177 juxta
3004 3107 3392 3175 proprietatem
3422 3122 3665 3175 personae
3691 3108 3741 3158 in

463 3207 828 3261 exposuerunt
865 3214 878 3248 :
919 3197 1122 3266 quique
1173 3214 1201 3249 a
1250 3196 1433 3265 Patre,
1481 3214 1531 3253 et
1587 3200 1732 3260 Filio,
1776 3204 2048 3270 accipere,
2086 3216 2127 3287 Α
2158 3218 2261 3272 qua
2287 3211 2391 3256 est.

466 3292 632 3351 atque
662 3290 852 3337 audire
883 3289 1157 3343 dixerunt.
1193 3293 1249 3343 i‘it
1277 3307 1439 3359 supra
1478 3294 1781 3345 docuimus.

539 3377 763 3440 Deinde,
790 3395 959 3447 neque
978 3382 1091 3447 ipse
1107 3384 1340 3449 Spiritus
1362 3394 1582 3436 sanctus
1606 3384 1747 3436 aliud
1767 3387 2059 3453 exsisteus,

466 3470 611 3522 aliud
633 3486 660 3521 a
683 3470 719 3523 P
741 3482 866 3533 ιιι-υ,
892 3482 945 3526 et
968 3473 1102 3526 Filio
1121 3476 1336 3543 accipit;
1356 3479 1469 3531 sive
1488 3478 1630 3531 aliud
1656 3479 1874 3545 quidem
1900 3493 1935 3529 ιε
1968 3480 2063 3531 Pa-

467 3569 571 3615 tre.
604 3562 746 3615 aliud
771 3574 948 3615 autem
975 3582 1001 3617 a
1029 3564 1181 3631 Filio,
1212 3568 1325 3622 sive
1365 3569 1643 3636 igiturpor
1674 3585 1732 3623 se
1770 3586 1892 3636 quis
1920 3584 2060 3623 σοπη-

464 3661 785 3715 positionem
808 3655 939 3715 vult,
958 3656 1087 3709 nihil
1118 3658 1259 3710 aliud
1285 3674 1445 3726 quam
1477 3661 1767 3713 essmtiaiii
1794 3673 1842 3713 et
1870 3672 2062 3714 esseet

464 3743 607 3806 quod
629 3753 734 3808 εει,
772 3746 1001 3813 aci~ipit-
1035 3763 1156 3803 esse
1194 3764 1346 3813 vero,
1375 3763 1427 3804 et
1456 3753 1691 3806 essentia
1736 3754 1909 3807 sancti
1940 3754 2061 3821 Spi-

469 3833 627 3897 ritus,
650 3846 703 3886 et
721 3839 861 3901 quod
886 3846 969 3892 est
1015 3856 1178 3893 unum
1201 3844 1328 3909 quid
1353 3843 1456 3895 lam
1478 3856 1531 3896 et
1554 3847 1675 3909 s'iiq
1698 3844 1776 3896 lex
1805 3854 1886 3898 est
1911 3862 1924 3873 ·
1949 3847 2061 3898 sive

469 3937 687 3993 propter
720 3944 813 3979 eos
848 3933 934 3997 qui
965 3935 1115 3997 dant,
1153 3944 1248 3989 aut
1275 3937 1601 4004 producunt,
1638 3953 1805 3990 unum
1834 3947 1917 3991 est
1953 3937 2057 3989 Pa-

470 4026 552 4069 ter
585 4029 633 4070 et
667 4018 855 4074 Filius.
902 4020 1018 4075 Non
1052 4024 1195 4076 enim
1233 4026 1283 4077 in
1337 4037 1599 4093 quantum
1632 4030 1736 4079 duo
1770 4024 1931 4089 sunt,
1964 4028 2059 4080 sed

469 4111 524 4163 in
574 4122 836 4178 quantum
902 4130 1066 4166 unum
1113 4131 1177 4168 ex
1248 4117 1411 4169 Patre
1451 4125 1505 4167 et
1549 4118 1682 4171 Filio
1714 4128 1793 4170 est
1825 4118 2061 4184 Spiritus

469 4216 729 4269 sanctus,
771 4207 871 4260 sed
904 4210 1363 4275 quemadmodum
1397 4211 1565 4264 Filius
1608 4219 1753 4264 totus
1807 4226 1870 4265 ex
1923 4223 2055 4271 toto,

474 4297 545 4348 ita
580 4306 634 4348 et
664 4296 899 4365 Spiritus
933 4308 1079 4352 totus
1108 4315 1169 4354 ex
1203 4310 1313 4355 toto
1361 4302 1645 4356 asseritur.
1692 4301 1875 4368 Neque
1912 4305 2055 4356 aliud

470 4390 689 4455 quidem
714 4400 882 4443 totum
915 4390 1097 4453 Pater,
1131 4392 1273 4445 aliud
1304 4406 1485 4447 autem
1510 4404 1680 4448 totum
1728 4394 1913 4453 Filius.
1961 4398 2054 4449 sed

471 4497 639 4535 unum
676 4491 844 4535 totum
876 4495 957 4535 est
988 4484 1141 4553 juxta
1183 4486 1302 4540 tidei
1338 4487 1681 4554 positionem,
1712 4488 1963 4554 gignendi
1996 4502 2056 4540 ac

2238 3296 2423 3361 Itaque
2456 3292 2670 3347 Patrem
2708 3293 2933 3361 quidem
2970 3308 3031 3345 ac
3076 3270 3268 3347 filiuni
3299 3333 3312 3355 ,
3362 3309 3471 3346 sive
3512 3295 3744 3346 Mentem

2169 3401 2229 3443 ac
2267 3385 2499 3439 Verbum
2527 3426 2543 3449 ,
2580 3400 2719 3450 quin.
2743 3384 2966 3446 rclative
2999 3387 3252 3436 dii-untur
3287 3388 3582 3438 secundum
3615 3401 3712 3454 pro
3733 3414 3744 3422 -

2167 3479 2455 3544 prietateiu
2489 3493 2667 3541 suam,
2697 3476 3048 3544 ethpirituni
3077 3480 3278 3531 habere
3307 3478 3573 3543 sequitur:
3615 3493 3747 3544 [ποθ

2168 3572 2341 3633 prium
2369 3570 2515 3622 enim
2564 3570 2708 3637 quod
2743 3569 2974 3623 Mentem
3008 3570 3280 3637 sequitur,
3312 3580 3394 3622 est
3428 3587 3491 3621 ex
3533 3585 3593 3622 se
3625 3572 3741 3637 ipsa

2169 3661 2413 3730 proferre
2433 3660 2666 3716 Verbum
2689 3663 2808 3716 sine
2831 3662 3028 3725 medio,
3054 3661 3348 3715 secundum
3380 3661 3745 3729 intelligentiae

2166 3757 2505 3819 processuiu'.
2528 3755 2699 3807 Aliter
2722 3754 2864 3807 cnim
2890 3770 3043 3807 mens
3071 3756 3191 3806 sine
3213 3751 3388 3807 Verbo
3430 3764 3596 3813 esset,
3619 3751 3744 3806 Ver-

2163 3844 2403 3911 liumque
2434 3844 2551 3897 sine
2580 3853 2759 3896 mente
2791 3859 2953 3912 porro
2987 3844 3305 3913 iutelligibili
3338 3859 3401 3896 ac
3439 3844 3693 3897 rationali
3728 3884 3741 3904 ,

2166 3937 2471 4003 cujusmodi
2522 3939 2755 4005 primum
2796 3953 2858 3991 ac
2892 3953 3165 3991 summum
3208 3939 3350 3993 Deus
3400 3949 3482 3993 est
3510 3980 3523 3998 .
3578 3941 3745 3991 eti-ain

2168 4030 2427 4095 Spiritum
2466 4029 2665 4083 habere
2716 4031 2986 4097 sequitur,
3024 4046 3184 4098 quem
3239 4032 3571 4084 voluntatem
3599 4070 3612 4091 ,
3652 4046 3747 4081 seu

2165 4120 2509 4183 i-liai'itatciu,
2538 4134 2629 4171 seu
2660 4118 3070 4185 quoiiiodolibet
3102 4135 3221 4171 eam
3256 4121 3377 4186 quis
3412 4133 3608 4172 vocare
3657 4133 3750 4166 ve-

2166 4213 2245 4271 lit,
2280 4227 2306 4263 a
2340 4210 2605 4279 theologis
2634 4210 2861 4275 dictum,
2893 4226 3053 4277 supra
3090 4219 3449 4265 monstratum
3468 4218 3552 4261 est
3580 4224 3592 4259 :
3617 4222 3759 4277 quo-

2166 4302 2307 4355 niam
2343 4301 2579 4370 Spiritus
2612 4311 2841 4355 sanctus
2871 4316 2938 4355 ex
2970 4300 3147 4354 Mente
3190 4318 3284 4367 per
3332 4298 3567 4355 Verbum
3589 4340 3604 4361 ,
3662 4316 3748 4353 se-

2164 4394 2400 4449 cundum
2447 4394 2732 4446 cbaritads
2774 4409 3086 4461 processum
3137 4398 3354 4463 prodit,
3403 4408 3564 4462 quem
3600 4392 3745 4446 enini

2166 4486 2316 4540 Meus
2350 4500 2442 4553 per
2466 4483 2703 4538 Verbum
2739 4484 3018 4553 intelligit,
3054 4485 3199 4538 liuuc
3236 4496 3287 4539 et
3317 4484 3512 4554 diligit,
3534 4496 3583 4537 et
3614 4485 3746 4543 vult;

472 4575 731 4627 nascmidi
757 4574 1086 4631 discretione
1115 4588 1351 4631 servata.
1376 4578 1530 4630 Nullo
1552 4594 1680 4649 ergo
1714 4583 1870 4631 modo
1904 4597 2049 4631 ciiiii-
2094 4604 2133 4654 μ
2168 4589 2328 4639 atque
2362 4577 2517 4630 aliter
2545 4584 2602 4628 ut
2633 4575 2725 4639 sit,
2758 4577 3019 4645 possibile
3052 4594 3157 4630 non
3198 4587 3304 4630 est.
3340 4578 3415 4629 Ita
3453 4579 3616 4646 igitur
3651 4594 3749 4628 vo-

473 4668 799 4734 pasitimiein
833 4671 1074 4737 cogitare
1124 4671 1286 4731 licet,
1321 4687 1629 4739 quanquam
1677 4674 1892 4725 etiamsi
1937 4668 2057 4742 plus

474 4774 635 4825 quam
688 4771 798 4819 tres
851 4778 1093 4828 personae
1150 4774 1294 4817 esset
1342 4764 1482 4816 Deus
1512 4806 1525 4826 ,
1574 4759 1725 4817 'nulla
1764 4769 2061 4819 iiecersitas

474 4836 890 4921 εοηψυεὶἰιοηιε
923 4865 1091 4919 esset,
1118 4858 1333 4925 etquod
1361 4866 1659 4910 extremum
1696 4860 2060 4930 [)I'Ut't'sslttllis

476 4948 670 5000 ordine
704 4963 730 4999 a
764 4949 990 5016 Singulis
1014 4949 1305 5013 acciperet.
1342 4948 1459 5002 Non
1484 4951 1625 5002 cnim
1652 4950 1895 5002 tlatttiuru
1932 4952 2061 5003 ntul-

484 5037 740 5100 titudiiie,
771 5040 867 5091 sed
915 5055 977 5091 ex
1022 5054 1212 5092 eorum
1247 5041 1338 5107 qui
1376 5042 1529 5103 dant,
1572 5055 1894 5106 eoi-unique,
1940 5059 2060 5107 qua:

482 5132 685 5193 insunt,
720 5131 1024 5186 differentia
1055 5169 1069 5191 ,
1098 5133 1418 5198 Compositio
1453 5130 1763 5199 judicatur;
1795 5133 1836 5185 si
1877 5142 2055 5185 autem

477 5238 600 5291 qua:
623 5226 842 5286 dantur,
864 5223 1171 5277 dill‘eieutia
1209 5234 1358 5283 sunt,
1390 5234 1443 5277 et
1465 5239 1583 5288 qua:
1615 5226 1819 5287 insunt,
1846 5226 2062 5279 ditl‘erre

481 5330 707 5369 necesse
743 5324 825 5369 i-st
860 5329 874 5366 :
907 5329 1072 5381 atque
1106 5316 1177 5367 ita
1210 5314 1569 5382 compositum
1613 5318 1750 5379 erit,
1804 5319 1945 5384 quod
1994 5335 2057 5371 ex

483 5409 791 5476 liujusniodi
824 5408 1119 5469 t‘uttslaliit,
1160 5408 1304 5474 quod
1343 5408 1395 5459 iu
1430 5419 1619 5462 sancto
1664 5409 1870 5477 Spiritu
1936 5428 2062 5464 nus-

482 5516 647 5569 quam
689 5504 844 5553 habet
886 5504 1085 5553 locum.

560 5591 625 5645 Et
660 5593 710 5643 nl
752 5608 985 5656 quoque,
1033 5608 1187 5656 quasi
1240 5592 1547 5648 inevitabile
1577 5595 1886 5661 percontari
1941 5610 2031 5662 per

485 5692 618 5749 gunt
650 5696 665 5732 ε
702 5679 882 5733 Utrum
921 5698 984 5734 ea;
1007 5684 1237 5736 esseiiiiu
1277 5702 1345 5736 aii
1371 5701 1436 5738 ea:
1466 5687 1757 5740 substantia
1787 5704 1861 5741 esi
1886 5688 2060 5756 Spii‘i.

489 5784 571 5824 tus
610 5773 860 5822 sanctus?
892 5771 943 5822 Si
977 5774 1121 5825 enim
1152 5790 1213 5825 ex
1251 5779 1512 5842 essentia,
1548 5779 1672 5843 quia
1700 5780 1939 5847 ejusdem
1972 5798 2059 5833 rs-

488 5863 681 5917 sunim
703 5873 912 5916 estconi
934 5863 1094 5916 Patre
1128 5877 1176 5919 et
1210 5865 1342 5920 Filio
1367 5866 1601 5933 Spiritus
1621 5881 1858 5933 sanctus,
1882 5870 2056 5932 ipsum

2170 4670 2369 4728 lui'itas,
2413 4670 2524 4723 sive
2549 4683 2723 4730 amor,
2748 4679 2802 4721 et
2830 4670 3047 4722 dilectio
3080 4685 3143 4721 ex
3182 4668 3360 4722 Monte
3392 4686 3487 4737 per
3513 4669 3746 4721 Veibum

2163 4762 2375 4826 prodit;
2405 4748 2748 4829 pra-cogitatu
2813 4747 3029 4828 (ιυῗιιωιδ
3067 4776 3322 4827 processu
3352 4778 3417 4814 cx
3454 4761 3633 4813 Mente
3653 4776 3748 4828 per

2168 4850 2422 4911 Verbum,
2459 4850 3179 4918 quemadmodum.causam
3206 4863 3332 4907 ante
3363 4854 3578 4906 causale
3610 4870 3750 4920 pra-i-

2163 4945 2386 5013 iiigitari
2439 4945 2710 5005 dicimus,
2767 4944 2869 4996 etsi
2925 4945 3086 4997 simul
3142 4953 3403 4997 assii-ritur
3440 4962 3453 4998 :
3486 4948 3748 5012 quoiiiam

2166 5037 2307 5086 aliud
2342 5035 2557 5099 quidem
2596 5035 2945 5087 continenter
2973 5050 3038 5086 ex
3072 5035 3267 5099 primo,
3302 5034 3446 5087 aliud
3493 5051 3623 5089 vero
3652 5053 3748 5103 per

2167 5124 2216 5177 Id
2252 5126 2392 5192 quod
2418 5134 2503 5175 est
2541 5126 2887 5177 continenter
2910 5139 2976 5177 ex
3009 5126 3207 5192 primo.

2235 5219 2597 5286 Quanquam,
2645 5220 2748 5270 etsi
2786 5218 3017 5283 primam
3064 5233 3285 5271 causnm
3330 5220 3548 5273 Patrem
3588 5235 3749 5274 voca-

2169 5329 2308 5375 iiiiis,
2337 5320 2391 5364 et
2418 5321 2809 5377 Consequentur
2846 5308 3104 5369 Verbum.
3145 5309 3363 5372 Filium,
3399 5310 3593 5365 Filium
3621 5312 3747 5381 qui-

2165 5407 2285 5459 dem
2332 5405 2448 5459 sine
2496 5404 2671 5457 niedio
2705 5420 2766 5455 ex
2793 5400 2959 5455 Patre
3004 5404 3150 5456 ii.i5i-i
3186 5405 3441 5468 dicimus,
3479 5406 3744 5474 Spiritum

2169 5515 2295 5551 vero
2318 5510 2569 5552 sani-iuni
2593 5513 2655 5547 cx
2681 5496 2838 5547 Patre
2873 5509 2966 5561 per
2995 5494 3182 5547 Filium
3211 5496 3529 5563 procedere.
3563 5496 3746 5565 Itaque

2169 5595 2315 5645 Patri
2349 5601 2399 5642 ct
2430 5590 2583 5650 Filio,
2627 5587 3035 5655 qiioiiiodolibet
3069 5589 3190 5655 quis
3227 5588 3437 5641 diiiiias
3484 5604 3747 5656 peisonas

2169 5700 2366 5737 iurare
2411 5681 2558 5743 velit,
2611 5684 2906 5733 secundum
2957 5694 3311 5745 peisonzirum
3359 5680 3743 5733 substantiales

2169 5784 2548 5845 ιηωριιιιιίιιυδ,
2583 5781 2747 5824 etiam
2778 5770 3034 5836 Spiritum
3070 5770 3289 5831 habere,
3324 5770 3589 5837 sequitur.
3621 5772 3741 5825 Ideo

2165 5884 2216 5923 et
2247 5868 2479 5933 Spiritus
2517 5865 2687 5917 Patris
2726 5877 2787 5914 ac
2822 5861 2943 5913 Filii
2982 5860 3222 5927 Spiritus
3255 5864 3469 5924 dicitur,
3521 5873 3572 5914 et
3613 5863 3740 5931 Spi-
