4472 6434
817 418 929 480 179

2077 421 2472 484 MANUELIS
2507 421 2812 482 CALRCE

811 525 1052 579 raculmn
1102 524 1277 581 Patris
1316 540 1370 580 ct
1421 527 1564 589 Filii.
1608 531 1732 594 quia
1779 540 1832 582 et
1883 531 2043 598 hujus
2097 544 2385 598 proressus
2415 537 2456 590 Λ
2491 529 2544 581 in
2573 529 2925 591 Filioautcm.
2953 529 3224 593 iiliariter.
3247 531 3350 584 hoc
3370 533 3777 594 cstcattsalitcr.
3797 532 4058 586 nascendi

811 617 1084 679 epiraculo
1107 618 1461 682 assimilatur,
1486 620 1785 673 secundum
1809 621 2192 679 Athanasium.
2221 630 2385 686 atque

810 708 878 761 ad
905 706 1120 761 Patrem
1169 717 1222 760 rt
1244 707 1438 762 Filium
1464 709 1689 764 relative
1715 712 1935 771 dicitur.
1966 721 2024 765 ut
2049 711 2386 765 demonstra-

812 810 924 850 tum
957 810 1073 862 est;
1103 799 1265 852 veluti
1302 804 1601 867 procedens
1628 810 1684 854 et
1718 800 2042 869 inspiratum
2079 801 2144 854 ad
2179 801 2386 868 produ-

809 897 1020 941 rentem
1055 897 1217 955 atque
1251 889 1611 957 inspirantcm
1659 908 1673 943 ε
1721 891 2033 957 indicatque
2065 899 2119 942 et
2143 888 2286 957 quod
2319 905 2384 942 ev

811 977 972 1032 Patre
1041 979 1285 1047 genitum
1328 990 1447 1041 est.
1513 990 1572 1034 ut
1623 981 1786 1035 etiam
1840 984 1906 1034 ad
1974 980 2186 1035 Patrem
2225 989 2386 1048 atque

814 1067 1010 1120 Filium
1046 1070 1266 1128 relatio.
1295 1073 1449 1136 quasi
1483 1071 1535 1122 in
1573 1087 1736 1123 unum
1765 1072 2181 1138 producentetn.
2215 1072 2384 1131 inspi-

811 1170 1130 1226 rantemque
1162 1160 1458 1213 reducatur
1484 1201 1499 1223 .
1530 1176 1691 1228 quam
1727 1164 1796 1214 ob
1824 1174 2044 1214 causam
2070 1149 2102 1220 ,⁸
2119 1161 2284 1213 etiam
2318 1160 2382 1212 ad

811 1249 1038 1302 invicem
1072 1248 1234 1301 simul
1280 1250 1610 1316 cogitantur,
1643 1250 1940 1305 secundmn
1971 1251 2253 1304 relatiOnis
2285 1251 2383 1304 ha-

807 1339 976 1392 bitum
1015 1358 1028 1394 :
1064 1356 1188 1393 natu
1238 1342 1330 1407 qui
1379 1341 1640 1410 Spiritttm
1677 1343 1844 1401 dicit.
1884 1357 2006 1397 eum
2034 1341 2195 1395 simul
2229 1342 2383 1408 cujus

805 1439 890 1485 est
921 1431 1163 1495 Spiritus
1196 1433 1527 1500 cogitatione
1555 1433 1992 1499 comprehendit.
2024 1433 2099 1485 Ita
2133 1426 2262 1500 ergo
2290 1448 2380 1485 ne-

803 1521 1049 1574 cessario
1099 1536 1441 1590 consequens
1485 1533 1591 1583 est.
1651 1530 1948 1576 secundum
1999 1520 2384 1574 substantiales

804 1627 992 1666 eorum
1022 1615 1404 1683 proprietates.
1438 1613 1654 1667 Patrem
1696 1629 1757 1668 ac
1789 1613 1984 1666 Filium
2030 1613 2268 1672 habere.
2321 1627 2383 1664 ac

806 1706 1042 1771 mittere,
1070 1707 1124 1761 et
1153 1721 1411 1760 emanare
1446 1707 1710 1776 Spiritum
1735 1717 2002 1779 sanctutn.
2028 1713 2383 1758 attestantur-

802 1810 910 1862 que
943 1791 1030 1850 his
1053 1796 1306 1851 Ecclesim
1332 1797 1594 1866 magistri.
1625 1796 1920 1865 Gregorius
1950 1797 2168 1865 quidem
2201 1793 2380 1848 Theo-

2489 622 2815 688 proprietate
2841 621 3070 688 adjecta,
3100 620 3254 688 juxta
3298 622 3602 676 nativitatis
3636 623 3969 684 terminum;
4000 621 4056 675 in

2487 718 2673 761 sancto
2708 717 2885 761 autem
2908 707 3114 775 Spiritu
3144 711 3473 777 processive.
3500 709 3601 763 hoc
3625 717 3708 764 est
3729 710 4051 770 causaliter.

2487 809 2698 851 servata
2736 801 2836 853 sibi
2875 801 3205 868 proprietate
3239 815 3550 868 processus.

2556 891 3028 954 Quemadmodum
3079 891 3242 960 igitur
3275 891 3434 945 Pater
3479 905 3584 946 non
3620 900 3763 946 esset
3793 892 3978 952 Pater.
4008 894 4054 946 si

2486 979 2650 1031 etiam
2674 977 2812 1032 Filio
2845 977 3016 1032 Filius
3041 990 3209 1041 esset.
3235 980 3305 1032 ita
3333 981 3477 1033 enim
3507 991 3653 1035 esset
3677 991 3730 1035 et
3759 981 3930 1035 It‘ilins
3958 981 4060 1034 Pa-

2489 1079 2589 1131 ter.
2635 1083 3101 1138 personarumque
3131 1069 3384 1124 confusio
3410 1080 3764 1135 sequeretur:
3801 1083 3852 1124 et
3886 1081 4057 1130 certe.

2487 1174 2610 1211 cum
2646 1174 2749 1211 una
2783 1159 2854 1211 sit
2883 1160 3072 1222 Patri.
3126 1175 3189 1215 ac
3215 1160 3352 1213 Filio
3383 1163 3624 1215 essentia
3665 1179 3680 1215 :
3714 1172 3770 1216 ct
3801 1164 4062 1228 quoruml-

2489 1250 2702 1304 modum
2736 1250 2904 1305 Fililll
2942 1267 3048 1305 non
3076 1263 3222 1307 esset
3253 1252 3422 1306 Filius
3461 1253 3565 1309 nisi
3611 1263 3754 1307 esset
3788 1269 3849 1305 es
3898 1252 4060 1307 Patre

2487 1341 2605 1396 sine
2647 1345 2847 1405 medio.
2875 1344 2929 1397 id
2959 1357 3063 1407 est.
3103 1346 3405 1412 nascendo;
3441 1347 3515 1399 ita
3550 1354 3604 1400 et
3648 1345 3882 1412 Spiritus
3927 1360 4058 1399 san-

2487 1444 2606 1485 ctus
2654 1447 2760 1485 non
2804 1445 2948 1487 esset
2996 1433 3230 1499 Spiritus
3284 1436 3390 1488 nisi
3454 1446 3602 1496 esset
3644 1450 3710 1487 es
3765 1433 3928 1489 Patre
3964 1449 4061 1500 per

2490 1519 2747 1577 Verbum.
2777 1523 2912 1578 Nam
2945 1527 2989 1577 si
3016 1541 3080 1579 es
3119 1526 3280 1578 Patre
3314 1535 3457 1579 esset
3490 1527 3607 1577 sine
3643 1524 3806 1580 Verbi
3852 1526 4052 1588 medio,

2487 1616 2758 1667 nascendo
2796 1624 2940 1668 esset
2966 1655 2983 1679 ,
3020 1624 3071 1670 rt
3102 1627 3518 1684 consequenter.
3574 1616 3764 1670 Filius.
3801 1614 3866 1669 Et
3915 1616 4062 1672 sicut

2484 1704 2654 1759 Filius
2690 1722 2753 1759 es
2783 1707 3169 1760 communione
3203 1721 3410 1761 natura
3459 1711 3524 1759 ad
3578 1705 3833 1768 Patrem.
3883 1721 4061 1774 neque

2485 1795 2702 1852 Patrem
2735 1813 2835 1853 nec
2868 1801 3103 1869 seipsnm
3135 1800 3331 1870 gignit.
3362 1799 3414 1853 id
3456 1801 3655 1870 quippe
3689 1809 3836 1854 esset
3867 1806 4063 1868 pra-ter

803 1885 961 1953 logos
998 1888 1188 1942 dicens
1222 1903 1239 1940 :
1276 1889 1393 1942 Non
1433 1893 1570 1943 enim
1605 1891 1820 1942 decebat
1857 1889 1934 1944 uel
1967 1886 2176 1942 Filium
2218 1886 2379 1942 Patri
2416 1866 2460 1923 Β
2487 1887 2610 1944 Filii
2637 1866 2964 1957 terminum.
2986 1905 3084 1960 per
3115 1866 3277 1960 quem
3310 1866 3656 1959 personaest
3679 1932 3695 1954 .
3728 1891 3800 1944 ita
3829 1866 3886 1944 et
3930 1889 4058 1957 Spi-

805 1978 887 2031 vcl
921 1977 1182 2046 Spiritum
1217 1977 1360 2032 Filio
1391 1996 1619 2048 unquam
1649 1982 1851 2033 deesse.

876 2071 1109 2125 Sanctus
1147 2072 1474 2125 Anastasius
1509 2073 1884 2126 Antiochcnus
1923 2073 1974 2125 in
2011 2073 2127 2140 ipso
2157 2088 2256 2128 suo
2282 2072 2382 2128 do-

804 2165 1050 2230 gmatico
1086 2165 1222 2220 libro
1253 2182 1267 2217 :
1299 2166 1534 2233 Spiritus
1564 2175 1802 2226 sanctus.
1834 2165 1930 2227 ait.
1961 2183 2077 2217 cum
2121 2164 2303 2226 Patre.
2331 2175 2382 2219 et

802 2254 951 2308 Fiz'io
998 2257 1159 2309 simul
1210 2267 1473 2325 apparet,
1515 2258 1673 2310 veluti
1706 2273 1824 2309 eum
1864 2267 2056 2320 mente,
2107 2265 2158 2311 et
2204 2257 2382 2310 rerbo.

803 2347 1175 2403 Damasceuus
1217 2364 1440 2418 quoque
1482 2351 1559 2403 ait
1612 2366 1627 2402 :
1683 2349 1899 2414 Oportet
1939 2357 2119 2402 autem
2157 2345 2381 2402 Verbum

798 2442 961 2493 etiam
991 2438 1248 2507 Spiritum
1280 2441 1488 2495 habere.

875 2530 1132 2598 Magnum
1180 2533 1308 2586 item
1359 2532 1622 2588 Basiliam
1669 2532 2012 2586 ostendimus
2059 2531 2114 2585 in
2151 2530 2380 2597 quodam

800 2620 1064 2676 adversus
1096 2623 1423 2677 Eunomium
1457 2625 1700 2694 capitqu
1731 2624 1998 2678 dicentem
2020 2641 2053 2697 ,ε
2097 2620 2218 2676 Nisi
2259 2620 2384 2691 Spi-

799 2711 961 2764 ritum
987 2727 1052 2764 ea:
1082 2710 1188 2766 Deo
1214 2713 1343 2764 dicit
1367 2712 1654 2781 quispiam.
1688 2728 1752 2765 ne
1785 2709 2010 2765 Verbum
2042 2712 2273 2781 quidem.

875 2804 1142 2868 Quoniam
1178 2805 1342 2873 igitur
1371 2805 1650 2874 proprium
1680 2814 1766 2859 est
1805 2819 2042 2873 sequens
2074 2804 2385 2860 necessario

2487 1983 2627 2037 ritus
2656 1992 2876 2039 sanctus
2903 1999 2998 2052 per
3021 1994 3231 2038 natura-
3261 1985 3327 2037 ad
3351 1981 3565 2038 Patrem
3599 1992 3654 2036 rt
3677 1981 3873 2036 Filium
3907 1981 4062 2034 iden-

2489 2078 2796 2140 titatem,et
2825 2077 3285 2141 communionem.
3319 2075 3732 2144 productionem
3765 2088 3872 2128 non
3904 2073 4064 2126 babe-

2487 2169 2597 2233 bit;
2628 2169 2826 2236 quippe
2853 2168 2989 2220 alias
3007 2167 3222 2222 desinet
3251 2182 3372 2222 esse
3403 2166 3703 2235 procedens
3727 2164 3984 2233 Spiritus:
4006 2171 4065 2217 et

2486 2261 2600 2317 sive
2630 2260 2897 2330 gignendo
2928 2259 3090 2312 Patrr
3116 2259 3242 2321 erit.
3276 2267 3332 2313 et
3364 2258 3632 2324 quomodo
3666 2272 3696 2311 a
3723 2255 3923 2310 Patre?
3948 2256 4063 2309 sive

2486 2354 2804 2422 prodttctor.
2853 2365 2908 2408 et
2945 2340 3215 2422 quomodo
3262 2349 3539 2420 Spiritus?
3593 2365 3947 2417 prorsusquc.
4012 2350 4058 2402 si

2484 2444 2701 2513 quidem
2729 2440 2891 2498 caiisa
2915 2444 2987 2498 sit
3015 2443 3136 2497 Filii
3163 2483 3178 2508 ,
3209 2452 3604 2511 consequenter
3640 2441 3741 2494 erit
3790 2455 3857 2494 ex
3898 2442 4063 2494 Patre

2487 2534 2656 2589 Filius
2683 2549 2778 2602 per
2817 2533 3100 2603 Spiritum,
3134 2534 3433 2602 tertiusque
3463 2534 3570 2586 erit
3599 2547 3625 2583 a
3652 2530 3834 2593 Patre.
3875 2545 4065 2584 secnn.

2486 2630 2616 2684 dum
2657 2627 2995 2694 personalem
3040 2627 3324 2693 ordinem;
3352 2625 3494 2694 quod
3527 2624 3772 2693 proiecto
3800 2632 3885 2678 est
3920 2636 4060 2691 pra:-

2490 2729 2571 2774 ter
2594 2717 2716 2773 Filii
2745 2733 2809 2772 ac
2837 2715 3076 2788 Spiritus
3107 2717 3425 2771 terminum.

2559 2809 2641 2880 Αι,
2659 2821 2839 2875 neque
2865 2807 2948 2860 sui
2986 2806 3157 2874 ipsius
3196 2819 3363 2859 causa
3406 2816 3530 2859 esse
3563 2810 3759 2871 potest.
3795 2801 3878 2856 Nil
3912 2802 4059 2857 enirn

799 2896 1044 2951 Verbum
1097 2907 1150 2949 et
1195 2897 1459 2965 Spiritum
1510 2897 1712 2950 habere
1755 2915 1768 2951 :
1812 2897 1997 2952 omnia
2047 2906 2228 2950 autem
2265 2911 2385 2963 quae
2491 2903 2666 2971 ipsum
2701 2901 2782 2954 sui
2825 2897 2998 2967 ipsius
3033 2912 3195 2950 causa
3237 2905 3340 2951 est.
3374 2893 3875 2950 Contradictionem
3913 2893 4058 2946 enirn

798 2991 968 3042 Pater
1000 2990 1204 3051 habet.
1255 2989 1416 3043 habet
1450 3000 1505 3043 et
1533 2988 1733 3054 Filius;
1769 2989 1870 3044 nisi
1904 3004 2038 3055 vero
2083 2988 2246 3044 Pater
2281 2989 2386 3043 ha~
2489 2995 2564 3050 ita
2594 2991 2912 3051 continebit,
2944 2990 3238 3044 secundum
3273 2987 3437 3042 idem.
3469 2985 3654 3054 Neque
3689 2985 3914 3038 alteris
3944 2983 4065 3052 Spi-

799 3081 948 3145 beat,
982 3095 1080 3133 nec
1110 3080 1276 3133 Filius
1311 3081 1514 3146 habet;
1548 3081 1630 3134 sin
1662 3093 1844 3135 autem
1872 3096 1980 3135 non
2015 3082 2177 3135 habet
2209 3095 2386 3149 neque
2489 3087 2628 3141 ritus
2686 3098 2849 3139 causa
2900 3095 3022 3136 esse
3075 3089 3271 3149 potest.
3319 3077 3434 3134 Hac
3481 3077 3628 3133 enim
3680 3077 3910 3138 ratione.
3954 3089 4062 3129 non

798 3173 1039 3225 Verbum
1064 3172 1190 3236 erit,
1220 3185 1397 3238 neque
1414 3186 1476 3224 ex
1497 3169 1695 3236 Patre;
1729 3182 1946 3239 Oportet
1976 3171 2122 3224 enim
2146 3168 2381 3224 Verbum
2405 3197 2456 3262 ρ
2491 3195 2564 3232 εει

2295 3185 2381 3222 um
2405 3197 2456 3262 ρ
2491 3186 2635 3232 esset
2654 3174 2894 3229 Trinitas
2931 3173 3070 3226 Deus
3104 3187 3119 3225 :
3151 3170 3440 3238 simulque.
3473 3183 3573 3223 nec
3605 3169 3762 3222 nobis
3788 3166 3923 3220 fides
3952 3173 4061 3219 tra-

796 3266 963 3320 etiam
1004 3264 1203 3320 habere
1235 3262 1520 3333 Spiritum.
1550 3272 1612 3316 ιιι
1649 3264 1953 3317 rectissime
1983 3262 2240 3332 magister
2270 3259 2384 3329 ('58)
2422 3258 2455 3262 θ
2487 3269 2619 3323 didii
2643 3267 2929 3336 spiritum.
2955 3265 3040 3317 vel
3066 3262 3150 3319 sui
3181 3262 3370 3331 ipsius,
3398 3261 3480 3315 vel
3510 3259 3774 3329 Spiritum
3802 3258 4061 3326 Spiritus.

799 3360 955 3413 dixit.
991 3357 1045 3412 Si
1075 3358 1221 3413 enim
1249 3356 1513 3426 Spiritum
1548 3371 1612 3410 ex
1642 3355 1773 3420 Deo,
1798 3365 1852 3410 et
1881 3355 2043 3411 Patre
2068 3355 2198 3409 dicit
2231 3356 2387 3424 quis—
2485 3364 2564 3419 Ne

2312 3356 2387 3408 ίε·
2485 3364 2693 3432 Nempe
2730 3361 2875 3417 enim
2908 3360 2955 3416 si
2986 3357 3310 3412 Trinitatem
3337 3354 3750 3415 excesseritnus.
3783 3351 3916 3406 nihil
3946 3367 4067 3422 pro-

799 3451 965 3519 piam.
1003 3466 1068 3504 ne
1101 3449 1340 3505 Verbum
1366 3450 1620 3519 quidem;
1653 3448 1910 3517 quoniam
1941 3461 2072 3500 vero
2100 3447 2260 3500 Pater
2292 3447 2386 3500 lia-
2487 3454 2715 3516 habebit,
2749 3460 2803 3505 et
2830 3452 3101 3521 quintam,
3131 3454 3188 3501 et
3212 3453 3420 3501 sextam
3453 3457 3740 3512 personam
3781 3442 3834 3494 iu
3867 3441 4068 3496 divinis

800 3543 891 3592 bet
917 3549 968 3594 et
1005 3539 1174 3593 l-‘ilius
1203 3539 1387 3595 babct.
1425 3535 1659 3593 Sanctus
1688 3539 1832 3591 enim
1861 3537 2101 3607 Spiritus
2128 3553 2252 3591 cum
2282 3535 2386 3590 Pa-
2487 3556 2756 3608 αιιωι-ειιο,

801 3643 905 3695 tre.
955 3643 1010 3685 et
1059 3630 1194 3685 Filio
1226 3630 1387 3684 simul
1435 3638 1684 3701 apparet.
1722 3629 1891 3684 veluti
1944 3643 2068 3683 cum
2119 3638 2298 3681 mente
2327 3635 2386 3682 et
2561 3633 2685 3688 Hac
2732 3632 2896 3704 igitur
2940 3631 3102 3693 velle.
3151 3627 3431 3684 hominum
3464 3633 3550 3681 est
3574 3665 3591 3691 ,
3622 3637 3748 3694 qua
3774 3623 3843 3678 de
3872 3629 4067 3677 sancta

795 3723 986 3786 νοτίων
1050 3737 1113 3777 ac
1162 3722 1460 3778 secundum
1505 3719 1757 3776 eumdem
1805 3718 2026 3774 ιιιοάυιιι
2051 3758 2067 3784 ο
2123 3718 2203 3772 Sic
2239 3717 2384 3777 enim
2487 3726 2758 3783 Trinitate
2784 3734 2911 3781 sunt
2945 3724 3164 3786 tradita.
3195 3721 3413 3777 anierre
3441 3720 3753 3780 nitentium.
3786 3718 4069 3786 ipsamque

799 3814 973 3866 sancti
1020 3814 1193 3866 aiunt.
1247 3811 1454 3867 Deinde
1497 3808 1836 3865 concludens
1867 3805 2076 3883 infert:
2112 3801 2384 3869 Quomodo
2487 3835 2520 3872 ε
2552 3835 2565 3873 ι

2303 3803 2384 3856 ’ἀο
2487 3835 2520 3872 e
2552 3819 2774 3889 regione
2821 3814 3339 3886 blaspbetuantium.
3375 3812 3560 3880 Neque
3601 3809 3747 3866 enim
3781 3808 4069 3864 multitudo

795 3907 965 3977 igitur
995 3906 1232 3974 separari
1263 3912 1483 3973 possunt
1505 3901 1911 3971 inseparabilia.
1938 3898 2162 3953 Verbum
2186 3897 2383 3951 scilicet
2487 3925 2556 3981 pe

2301 3904 2383 3948 αι
2487 3924 2846 3981 personarum
2875 3916 2992 3973 est.
3026 3907 3125 3961 sed
3154 3919 3329 3976 usque
3355 3905 3424 3958 ad
3453 3902 3785 3958 Trinitatem
3809 3910 4067 3970 progres-

798 4015 862 4053 sa:
899 3997 1027 4060 Deo.
1061 4008 1111 4052 et
1142 3996 1374 4065 Spiritus
1409 4011 1475 4050 est
1510 3994 1619 4049 Deo
1644 4011 1738 4061 per
1763 3992 2012 4049 Filium!
2182 4007 2185 4010 '
2488 4017 2564 4058 sui

1644 4011 1738 4061 per
1763 3992 1812 4047 F
1817 3995 1966 4047 ilium
1985 3995 2012 4049 τ
2182 4007 2185 4010 '
2488 4017 2581 4058 sus
2610 4010 2696 4056 est
2728 4013 3008 4054 numerus.

871 4088 1102 4154 Magnus
1132 4089 1258 4142 item
1310 4086 1646 4142 Athanasius
1675 4071 1753 4139 ait
1787 4102 1801 4139 :
1834 4083 2104 4149 Quoniam
2143 4082 2384 4150 Spiritus
2565 4090 2834 4159 Quocirca
2882 4099 2965 4145 est
2995 4087 3215 4159 quidem
3265 4085 3503 4156 Spiritus
3539 4094 3765 4141 sanctus
3795 4097 3860 4137 ex
3892 4081 4074 4137 Patris

794 4200 900 4237 non
934 4193 1006 4236 est
1032 4193 1182 4236 extra
1222 4178 1470 4235 Verbum.
1509 4178 1575 4234 Et
1606 4193 1822 4234 rursum
1851 4197 1863 4232 :
1913 4174 2060 4230 Eu'el
2088 4176 2249 4231 etiam
2282 4175 2387 4227 ίικ·
2489 4200 2554 4242 ac
2582 4183 2705 4239 Filii
2733 4182 3000 4244 essentia.
3034 4183 3151 4238 sive
3174 4196 3242 4237 es
3274 4178 3588 4236 substantia
3613 4177 3793 4233 Patris
3823 4191 3890 4230 ac
3919 4173 4070 4242 Filii,

794 4274 1048 4343 possibile
1100 4274 1157 4327 iu
1217 4270 1502 4327 Trinitatis
1544 4271 1719 4341 gloria
1767 4268 2031 4337 Spiritum
2069 4266 2383 4356 glori/5933i.
2490 4275 2792 4331 secundum
2831 4273 3090 4328 traditam
3112 4271 3404 4336 rationem,
3426 4285 3533 4324 non
3571 4269 3624 4322 in
3655 4273 3920 4338 quantum
3953 4265 4073 4320 dum

796 4369 899 4423 nisi
929 4382 1205 4437 processus
1245 4367 1454 4419 ratione
1495 4374 1627 4417 esset
1676 4379 1741 4417 ea:
1791 4361 1900 4416 Deo
1936 4377 2028 4427 per
2056 4353 2386 4431 Filium."De
2491 4372 2562 4424 ιιι

2307 4353 2386 4431 υο
2491 4367 2813 4424 substantia
2851 4374 3012 4430 sunt.
3051 4364 3146 4420 sed
3197 4379 3260 4420 ea
3305 4363 3539 4424 rstioue.
3578 4376 3684 4431 qua
3731 4375 3895 4413 unum
3943 4367 4073 4412 sunt

796 4459 1031 4514 naturali
1073 4458 1192 4527 ejus
1232 4456 1690 4524 substantialique
1740 4466 2000 4523 processu
2043 4451 2264 4504 verbnm
2297 4449 2386 4503 hic
2489 4461 2651 4516 Ριιοι-
2677 4466 2733 4514 ει
2768 4456 2964 4522 Filius,
3001 4456 3350 4525 ρωάιοοωιο
3398 4453 3634 4517 scilicet,
3665 4451 3814 4520 quod
3853 4449 4075 4516 utrique

794 4551 1030 4607 faciebat
1065 4558 1311 4610 saturtus,
1364 4546 1665 4602 secundum
1693 4559 1856 4616 quem
1883 4553 1970 4600 est
2004 4551 2171 4635 atque
2201 4540 2382 4635 subsi-
2414 4579 2461 4635 υ
2488 4563 2780 4605 commune
2816 4557 2940 4610 est,
2975 4557 3034 4600 ut
3067 4559 3209 4615 expc
3241 4543 3357 4611 jam
3387 4541 3671 4635 diximus;
3707 4551 3872 4611 atque
3905 4529 4031 4594 hinc
4054 4577 4074 4605 ,

793 4647 888 4699 stit
929 4643 1168 4715 Spiritus
1197 4652 1443 4695 sanctus.
1481 4639 1607 4695 Non
1634 4648 1712 4692 est
1754 4636 1891 4691 enim
1923 4647 2074 4691 extra
2115 4634 2379 4700 Verbum;
2419 4632 2442 4635 ⁷
2490 4654 2667 4708 neque
2697 4637 3088 4707 eouglutiuatio
3118 4637 3227 4692 erit
3268 4636 3448 4691 Patris
3498 4644 3558 4690 et
3592 4632 3757 4700 Filii;
3793 4648 3895 4689 rrec
3923 4632 4076 4689 enim

793 4750 1055 4808 tanquam
1089 4737 1133 4791 si
1169 4736 1378 4791 diceret
1411 4751 1424 4787 :
1463 4731 1578 4787 Non
1610 4731 1864 4787 subsistit
1891 4729 2019 4785 sine
2039 4727 2221 4785 Verbo
2243 4744 2259 4793 ς
2285 4743 2384 4797 per
2492 4731 2854 4788 substantiale
2875 4740 2982 4795 est.
3015 4731 3352 4798 producere;
3383 4743 3562 4797 neque
3605 4742 3714 4787 una
3757 4725 4072 4782 substantia

793 4835 971 4902 ipsum
1001 4833 1145 4883 enim
1179 4829 1428 4899 procedit
1485 4841 1550 4880 ex
1598 4823 1784 4879 Patre.
1822 4823 1949 4879 llaec
1981 4823 2165 4891 itaque
2214 4821 2292 4875 sic
2324 4834 2387 4875 se
2493 4833 2578 4880 est
2628 4822 2794 4880 Pater
2821 4835 2878 4880 et
2912 4821 3121 4889 Filius;
3156 4835 3332 4892 neque
3370 4822 3478 4876 duo
3525 4809 3791 4888 principia
3820 4856 3837 4883 ,
3869 4815 4076 4887 quippe

794 4927 1019 4986 habent.
1050 4935 1105 4978 et
1134 4938 1256 4990 quae
1290 4921 1395 4976 alia
1428 4923 1493 4974 de
1525 4921 1628 4974 hoc
1662 4919 1922 4986 praedicta
1956 4924 2086 4972 sunt
2128 4930 2142 4968 :
2191 4924 2385 4969 sancto
2496 4933 2639 4972 unus
2668 4917 2973 4987 producens
3001 4926 3105 4971 est.
3131 4915 3234 4981 Qui
3259 4914 3408 4969 enim
3443 4912 3784 4983 producitur.
3818 4925 3882 4965 ex
3914 4908 4077 4964 Patre

793 5029 976 5072 autem
1014 5016 1267 5086 Spiritui.
1303 5014 1605 5069 secundum
1632 5027 1788 5068 suam
1817 5011 2231 5068 substantialem
2260 5024 2391 5080 pro-
2495 5025 2592 5076 per
2619 5007 2817 5063 Filium
2858 5007 3200 5080 producitur,
3232 5015 3292 5061 et
3338 5004 3585 5075 procedit
3639 5017 3752 5058 uno
3787 5016 4071 5073 processu.

793 5109 1107 5178 prietatem,
1133 5107 1379 5176 sequitur
1403 5121 1471 5159 es
1503 5103 1691 5159 Mente
1728 5118 1822 5172 per
1840 5101 2085 5160 Verbum
2118 5120 2262 5161 esse.
2288 5103 2392 5159 llic
2493 5101 2682 5170 Neque
2711 5099 2833 5156 Filii
2865 5102 3032 5156 causa
3066 5107 3187 5165 est;
3221 5097 3325 5152 hoc
3351 5097 3496 5152 enim
3546 5104 3744 5165 prater
3781 5092 4079 5148 terminum
4149 5152 4154 5156 _

790 5201 941 5254 enim
969 5209 1055 5254 est
1088 5199 1462 5269 procedentis.
1493 5196 1580 5250 vel
1605 5194 1845 5265 Spiritus
1878 5198 2166 5261 terminus.
2193 5211 2391 5252 secun-

791 5296 922 5347 dum
957 5307 1119 5361 quem
1163 5291 1328 5345 etiam
1377 5298 1435 5343 ut
1477 5289 1790 5344 subsistens
1832 5289 1946 5354 sit,
1994 5292 2294 5344 secundum
2332 5304 2391 5345 se

795 5400 1031 5458 persona
1082 5384 1265 5439 habet.
1321 5382 1434 5439 Una
1472 5383 1712 5453 denique
1763 5394 1818 5438 et
1864 5383 2060 5438 eadem
2106 5385 2389 5450 essentia.

797 5481 1000 5542 i‘atris.
1024 5475 1079 5534 e't
1103 5477 1250 5543 Filii,
1279 5487 1334 5532 et
1353 5475 1596 5546 Spiritus
1628 5476 1804 5533 sancti
1840 5492 1854 5530 :
1879 5477 1932 5532 in
1958 5476 2118 5532 Patre
2143 5477 2388 5548 quidem.

795 5581 1020 5640 paterno
1059 5578 1181 5635 est,
1221 5568 1328 5624 hoc
1359 5576 1468 5631 est.
1502 5567 1622 5625 sine
1652 5583 1819 5625 causa
1843 5607 1860 5634 .
1894 5567 2106 5639 adjecta
2140 5569 2390 5638 proprie-

797 5672 909 5718 tate
960 5659 1259 5731 gignendi,
1309 5659 1611 5716 secundum
1675 5659 2020 5731 paternitatis
2059 5658 2381 5723 terminum;

866 5848 980 5922 (38)
1018 5847 1271 5906 Basilius.

2493 5193 2700 5264 proprii
2739 5205 3029 5262 processus
3051 5200 3158 5245 est.
3193 5189 3314 5259 lpse
3355 5188 3560 5258 quippe
3599 5198 3700 5254 per
3739 5181 3934 5238 Filium
3964 5194 4071 5241 est.

2490 5285 2679 5357 Neque
2701 5284 2788 5340 sui
2815 5284 3012 5354 ipsius.
3043 5281 3183 5337 nihil
3211 5280 3360 5335 enim
3388 5279 3564 5348 ipsum
3595 5277 3680 5332 sui
3711 5276 3885 5350 ipsius
3907 5290 4083 5331 causa

2487 5388 2591 5436 est.
2620 5377 2810 5448 Neque
2835 5389 3083 5448 persona
3117 5374 3382 5436 alterius;
3422 5369 3669 5426 Trinitas
3703 5370 3849 5426 enim
3888 5383 4078 5440 penso-

2489 5487 2680 5528 narutn
2719 5471 2863 5526 Deus
2883 5478 2990 5524 est.
3018 5467 3182 5538 Atqui
3212 5481 3315 5523 nec
3343 5465 3482 5521 Filio
3512 5471 3598 5520 est
3620 5464 3818 5518 minor.
3852 5461 3985 5517 Nam
4020 5469 4080 5517 et

2489 5565 2664 5620 Filius
2708 5561 2946 5620 causalis
2984 5561 3283 5623 easistens,
3327 5573 3393 5614 ac
3425 5556 3704 5616 secundus
3731 5571 3768 5610 a
3795 5554 3959 5612 Patre
3987 5569 4080 5610 se-

2493 5657 2733 5714 cundum
2761 5654 3105 5728 personaletn
3135 5653 3421 5720 ordinem;
3456 5666 3565 5708 non
3612 5649 3739 5707 ideo
3767 5660 3948 5706 tanien
3979 5647 4083 5705 Pa-
