4472 6434
514 424 614 491 181

1617 434 2018 495 ADVERSUS
2048 432 2363 491 GR.‘ECOS
2397 435 2524 492 LIB
2586 434 2673 492 lli

3689 428 3791 491 182

517 550 602 592 tre
630 538 810 593 minor
840 548 923 596 est
949 582 963 607 ,
1000 555 1067 596 ne
1115 542 1276 595 Pater
1306 538 1523 611 quidem
1569 542 1864 612 profectior
1895 540 2103 593 idcirco
2132 545 2176 601 Α
2206 542 2330 595 erit.
2364 540 2458 593 sed
2492 540 2681 603 Filius,
2719 550 2771 592 nt
2809 541 3011 591 dictum
3044 550 3123 592 ρει
3161 580 3169 589 .
3206 540 3427 607 duoqu
3453 539 3544 590 ﬁlii
3582 539 3634 591 in
3663 539 3790 592 Tri-

514 639 617 694 cst,
655 633 915 700 quoniam
953 648 1019 687 ex
1074 632 1230 687 nullo
1275 644 1377 688 cst.
1436 633 1545 687 Ista
1596 634 1740 685 enim
1798 632 2098 686 secundum

512 722 904 776 substantiales
938 724 1231 778 relationes
1280 736 1404 779 sunt
1429 764 1444 789 ,
1476 740 1599 794 quze
1636 736 1952 779 naturarum
1991 740 2100 778 non

512 812 775 866 inducunt
809 813 1195 869 differentiam.

589 903 683 960 His
733 906 898 974 igitur
937 907 1010 961 ita
1045 909 1369 975 enucleatis,
1418 924 1482 962 ac
1536 910 1698 966 Patre
1756 912 1977 979 quidem
2008 916 2100 965 ex

516 992 664 1048 nullo
689 994 1013 1060 exsistente,
1044 994 1182 1049 Filio
1212 1009 1390 1051 autem
1421 1014 1483 1052 ex
1529 1015 1637 1053 uno
1661 1008 1715 1053 et
1748 1000 1864 1051 solo
1913 999 2096 1066 Patre,

513 1095 705 1137 sancto
727 1096 910 1138 autem
942 1086 1149 1154 Spiritu
1183 1104 1247 1142 ex
1286 1091 1461 1158 primo
1494 1106 1591 1159 per
1617 1092 1874 1155 medium,
1905 1086 2097 1146 tertius

511 1189 609 1240 per
646 1175 883 1228 medium
935 1179 1113 1244 primo
1145 1181 1514 1249 coniungitur.
1556 1182 1676 1234 Filii
1728 1183 1929 1251 quippe
1980 1199 2097 1237 me-

510 1265 676 1318 diatio
706 1275 761 1318 et
801 1266 903 1320 sibi
942 1268 1042 1336 ipsi
1072 1270 1331 1338 unigeniti
1379 1274 1636 1325 honorem
1670 1285 1871 1337 servat,
1900 1284 1955 1328 et
1980 1276 2099 1343 Spi-

512 1356 676 1408 ritum
708 1359 945 1411 naturali
978 1361 1044 1412 ad
1079 1360 1294 1414 Patrem
1331 1362 1519 1418 habitu
1566 1365 1789 1420 minime
1818 1368 2053 1421 excludit

513 1457 566 1498 ut
601 1448 677 1500 ait
707 1447 1008 1518 Gregorius
1035 1451 1335 1521 Nyssenus;
1369 1456 1561 1523 sicque
1590 1457 1741 1525 juxta
1778 1461 1957 1527 magni
1993 1460 2096 1511 Ba-

511 1540 617 1592 silii
652 1542 1007 1608 sententiam,
1043 1554 1093 1595 et
1129 1546 1445 1600 substantia:
1485 1546 1857 1621 [hypostases]
1893 1566 2094 1605 conce-

509 1632 734 1698 duntur,
765 1643 814 1687 et
845 1636 996 1703 piunt
1025 1637 1169 1691 unici
1205 1638 1547 1708 principatus
1579 1642 1773 1712 dogma
1807 1659 1913 1696 non
1950 1646 2098 1697 deci-

508 1720 605 1774 dit.
637 1722 817 1791 Atque
864 1726 935 1777 ita
985 1740 1168 1780 sermo
1206 1729 1366 1782 nobis
1410 1729 1476 1783 ad
1525 1731 1851 1799 principium
1886 1732 2091 1795 rediit;

508 1822 715 1884 quippe
748 1832 874 1871 cum
924 1828 1129 1871 sanctae
1164 1819 1454 1875 Trinitatis
1503 1822 1697 1875 ordine
1744 1824 2094 1878 inchoat/eri-

509 1925 656 1972 mus,
694 1912 760 1963 ad
794 1912 970 1980 ipsum
999 1927 1219 1967 rursum
1249 1915 1493 1969 ordinem
1524 1918 1895 1985 pervenimus.

580 2002 635 2055 Si
673 2004 834 2073 igitur
869 2005 953 2058 his
977 2005 1049 2058 ita
1086 2008 1390 2071 concessis,
1426 2009 1560 2062 nihil
1594 2010 1814 2079 quidem
1848 2026 1911 2064 ex
1938 2013 2093 2077 ratis,

509 2108 672 2167 atque
696 2101 969 2153 communi
1012 2100 1137 2155 ﬁdei
1169 2103 1521 2158 confessione
1559 2107 1967 2173 comprehensis
1994 2109 2096 2161 tol-

512 2191 661 2256 litor,
717 2192 954 2261 fideique
1000 2195 1286 2264 principiis
1337 2211 1398 2249 ac
1448 2206 1759 2251 sanctorum
1803 2202 2095 2255 sententiis

508 2285 689 2358 omnia
725 2296 1060 2351 consonant;
1090 2284 1391 2355 eorumque
1418 2292 1511 2358 qui
1554 2305 1617 2343 ex
1663 2291 1845 2354 Patre,
1874 2304 1928 2346 et
1957 2291 2095 2349 Filio

509 2354 770 2445 Spiritum
806 2388 1056 2433 sanctum
1098 2380 1447 2447 conﬁtentur,
1485 2385 1686 2436 veritas
1740 2386 1993 2454 utrinque
2036 2403 2095 2441 se

508 2471 704 2539 aperit,
737 2487 803 2525 ex
834 2474 1078 2541 propriis
1111 2473 1321 2528 scilicet
1364 2490 1429 2529 ac
1459 2478 1759 2531 secundum
1793 2494 1851 2532 se
1895 2482 2096 2548 produ-

506 2566 611 2618 ctis
644 2565 951 2621 rationibus
984 2580 1000 2619 :
1040 2567 1196 2621 nobis
1235 2568 1451 2636 quidem
1490 2572 1539 2623 id
1570 2574 1716 2640 quod
1747 2572 1906 2626 initio
1938 2574 2097 2653 insti-

507 2665 813 2718 tueramus,
845 2657 1006 2712 ﬁnem
1034 2660 1288 2729 accipiet.
1324 2661 1551 2717 Constat
1583 2679 1732 2727 vero,
1765 2680 1860 2719 eos
1890 2666 1986 2734 qui
2028 2680 2095 2720 ex

507 2748 667 2802 Patre
701 2749 819 2803 solo
851 2749 1186 2807 conﬁtentur
1236 2753 1499 2820 Spiritum
1538 2765 1788 2811 sanctmn
1814 2799 1829 2821 ,
1864 2759 2097 2812 veritate

504 2840 802 2908 frustrari;
841 2860 1019 2913 Ipsum
1050 2846 1194 2900 enim
1240 2846 1529 2902 Trinitatis
1559 2850 1810 2904 ordinem
1855 2852 2053 2905 tollunt
2080 2893 2094 2915 ,

508 2949 607 3003 per
634 2950 795 3002 quem
827 2936 969 2991 alius
1000 2939 1222 3007 quidem
1266 2949 1368 3003 est,
1413 2955 1478 2995 ex
1525 2942 1701 3011 primo
1757 2954 1922 3013 atque
1970 2946 2098 2999 hinc

508 3026 761 3085 miscent.
787 3036 842 3081 et
867 3028 1213 3084 confundunt
1246 3031 1569 3097 discretum,
1596 3044 1650 3088 et
1676 3037 2099 3103 supersubstan-

509 3114 636 3167 tiale
655 3130 878 3178 nomen,
902 3126 956 3171 et
986 3132 1099 3172 rem
1136 3117 1337 3183 Patris,
1363 3121 1502 3185 Filii,
1537 3136 1586 3175 et
1618 3122 1859 3191 Spiritus
1892 3129 2093 3190 sancti,

2209 633 2379 684 nitate
2411 640 2594 688 erunt.
2629 632 2759 685 nihil
2794 631 3103 685 differentes:
3142 648 3166 682 ιι
3217 648 3273 684 se
3308 635 3536 692 invicem
3564 670 3578 690 .
3626 642 3791 697 atque

2207 725 2275 776 ita
2311 724 2530 776 habitus
2562 723 2625 775 ad
2666 724 2934 786 invicem,
2974 740 3035 775 ac
3073 721 3331 775 discretio
3365 722 3621 784 tolletur;
3666 724 3783 774 sola

2202 816 2349 868 enim
2382 830 2562 869 causa:
2593 816 2933 883 causalisque
2969 817 3175 868 ratione
3204 854 3217 873 ,
3273 814 3487 866 divinas
3534 814 3777 867 discerni

2203 921 2464 973 personas
2506 922 2534 958 a
2572 908 2779 962 sanctis
2814 908 3147 974 accepimus,
3197 919 3250 959 et
3298 906 3473 959 Verbo
3528 924 3555 957 a
3618 924 3787 959 causa

2202 1000 2497 1063 Subdiviso,
2526 1012 2768 1053 sanctam
2801 998 3118 1053 Trinitatem
3144 1000 3208 1051 ad
3247 1015 3304 1052 sc
3336 1000 3505 1065 ipsam
3550 1001 3601 1050 in
3638 1000 3789 1052 nullo

2202 1089 2306 1142 nisi
2340 1093 2685 1145 concorditer
2715 1090 2935 1143 habere.
2986 1091 3057 1143 Ita
3107 1091 3271 1159 igitur
3307 1090 3637 1144 beatissima:
3668 1091 3791 1143 Tri-

2204 1182 2388 1234 nitatis
2434 1182 2633 1235 seriem
2684 1193 2846 1249 atque
2897 1183 3187 1235 insolubile
3245 1183 3458 1237 ordinis
3507 1182 3786 1235 vinculum

2203 1272 2497 1335 auferunt,
2537 1274 2885 1340 singulasque
2936 1275 3244 1326 divinarmn
3283 1290 3678 1340 personarum,
3733 1286 3789 1330 et

2202 1366 2463 1431 dignitate
2495 1381 2759 1433 congrua,
2784 1375 2837 1419 et
2873 1366 3093 1434 propria
3124 1365 3425 1418 substantia
3458 1383 3553 1434 per
3579 1383 3643 1420 ea
3670 1383 3790 1436 qum

2201 1458 2404 1519 d.cunt,
2438 1459 2717 1526 deponunt
2752 1476 2765 1510 :
2802 1459 2916 1511 sive
2953 1459 3171 1527 penitus
3223 1460 3505 1525 dejiciuut.
3558 1460 3789 1527 Oblique

2200 1560 2382 1603 autem
2421 1550 2731 1615 huiusmodi
2762 1550 3095 1618 blasphemia
3134 1550 3329 1602 Filium
3368 1552 3627 1618 respicit,
3666 1568 3787 1621 quae

2199 1652 2252 1694 et
2288 1642 2389 1693 alia
2428 1642 2661 1709 plurima
2698 1642 2934 1694 absurda
2972 1657 3156 1695 secum
3199 1644 3389 1695 trahit.
3434 1643 3552 1696 Uno
3589 1646 3737 1696 enim
3768 1685 3783 1703 .

2201 1731 2397 1799 inquit,
2436 1748 2718 1795 concesso,
2774 1732 3008 1799 plurima
3059 1734 3239 1799 inepta
3283 1744 3602 1800 sequuntur.
3640 1736 3700 1785 lit
3742 1736 3788 1788 si

2200 1826 2344 1878 enim
2375 1840 2470 1878 ore
2502 1840 2607 1876 non
2652 1825 2753 1877 ista
2790 1824 3150 1888 conﬁtentur,
3186 1841 3355 1893 neque
3385 1841 3441 1878 se
3475 1828 3547 1880 ita
3578 1830 3789 1881 sentiro

2202 1924 2546 1977 asseverant,
2581 1917 2743 1969 etiam
2775 1916 2818 1967 si
2854 1916 3050 1979 nolint,
3085 1916 3137 1969 in
3171 1933 3235 1967 eo
3277 1920 3689 1984 prrtrahuntttt‘.
3726 1920 3791 1971 lit

2200 2009 2246 2061 si
2288 2008 2487 2061 Filium
2525 2010 3052 2063 consubstantialem
3091 2010 3448 2074 conﬁtentur,
3485 2012 3570 2062 illa
3605 2023 3785 2064 tamen

2200 2099 2387 2153 dicunt
2425 2116 2489 2153 ex
2524 2101 2728 2169 quibus
2762 2103 2862 2154 hoc
2898 2101 3127 2154 tollitur.
3179 2101 3367 2166 Neque
3403 2104 3551 2154 enim
3589 2104 3788 2157 sutlirit

2200 2194 2434 2245 absurda
2471 2208 2669 2261 negare
2695 2234 2709 2257 ,
2745 2194 2823 2245 vel
2858 2195 2959 2246 ista
2996 2209 3092 2246 ore
3133 2210 3241 2247 non
3275 2195 3478 2259 dicere,
3515 2210 3684 2264 Seque
3716 2197 3790 2249 ita

2200 2286 2429 2347 sentire,
2468 2286 2760 2355 denegare,
2797 2286 2901 2339 nisi
2936 2297 2988 2340 et
3028 2287 3117 2339 illa
3162 2289 3349 2339 dicere
3383 2302 3636 2348 caveant,
3670 2290 3789 2358 qui-

2200 2379 2300 2433 bus
2342 2379 2570 2449 positis,
2606 2379 2921 2432 necessario
2972 2378 3204 2432 absurda
3246 2388 3568 2446 sequantur.
3612 2380 3746 2433 Nam
3774 2422 3788 2443 ,

2201 2470 2350 2523 verbi
2385 2470 2559 2538 gratia
2587 2510 2600 2528 .
2641 2468 2914 2531 Sabellius
2948 2470 3164 2538 quidem
3202 2485 3260 2524 se
3306 2471 3591 2535 judaizare
3624 2474 3794 2525 denu-

2199 2559 2384 2629 gabat,
2427 2560 2521 2612 sed
2569 2559 2876 2612 divinarum
2910 2574 3266 2628 personarum
3304 2559 3637 2614 Trinitatem
3685 2578 3793 2615 non

2202 2650 2520 2711 admittens,
2557 2651 2610 2704 in
2640 2650 2692 2703 id
2717 2690 2730 2710 .
2763 2650 2845 2704 vel
2889 2650 3093 2705 invitus
3148 2652 3550 2721 impellebatur.
3586 2654 3651 2708 Et
3694 2654 3793 2707 Ju-

2199 2744 2300 2797 daei
2346 2743 2563 2812 quidem
2609 2744 2881 2796 honorare
2926 2758 2985 2797 se
3036 2742 3206 2797 Deum
3246 2746 3607 2808 arbitrantur,
3646 2746 3792 2799 illius

2201 2850 2263 2889 se
2293 2837 2490 2905 legem,
2530 2845 2589 2889 ut
2636 2835 2745 2889 illis
2792 2835 2898 2889 lata
2949 2846 3056 2898 est.
3116 2836 3273 2907 sequi
3327 2848 3655 2900 asserentes,
3698 2840 3793 2894 sed

2201 2928 2274 2981 ita
2310 2929 2624 2998 Scripturas
2658 2937 2945 2999 exponunt
2969 2972 2983 2996 ,
3021 2940 3079 2984 ttt
3113 2932 3192 2985 eis
3237 2933 3318 2985 lex
3357 2948 3530 2999 neque
3560 2934 3640 2985 vel
3678 2949 3794 2990 tuo-

2200 3022 2323 3074 dice
2358 3020 2553 3090 prosit.
2584 3019 2772 3089 Neque
2815 3022 2961 3075 enim
3011 3024 3224 3077 salvare
3273 3036 3484 3094 potest,
3536 3039 3583 3080 et
3624 3027 3792 3081 llenm

2200 3128 2301 3181 per
2336 3127 2399 3167 ea
2432 3128 2552 3183 quae
2585 3114 2807 3176 dicunt,
2844 3115 3193 3171 inhonorant.
3226 3118 3330 3181 Qui
3363 3120 3505 3172 enim
3555 3137 3659 3172 non
3696 3120 3789 3173 ho-

506 3204 887 3274 Spiritumque
917 3219 1166 3263 sanctum
1200 3226 1265 3265 ex
1296 3209 1459 3266 Patre
1490 3228 1610 3267 esse
1649 3214 1768 3268 sine
1803 3217 1979 3271 medio
2008 3219 2093 3270 di-
2121 3227 2165 3285 α
2201 3216 2270 3255 "0

2026 3219 2093 3270 ιί-
2121 3227 2165 3285 α
2201 3212 2359 3255 norat
2407 3202 2628 3265 Filium.
2680 3219 2859 3269 neque
2889 3205 3103 3259 Patrem
3138 3208 3371 3261 honorat
3396 3226 3409 3271 ;
3433 3221 3487 3262 et
3518 3227 3529 3262 :
3563 3212 3665 3273 Qui
3690 3226 3792 3263 non

504 3309 712 3361 centes,
742 3299 921 3368 ipsum
948 3301 1111 3354 etiam
1145 3302 1383 3370 proprie,
1415 3318 1478 3357 ac
1502 3307 1946 3360 substantialiter
1972 3325 2097 3363 esse

506 3391 773 3461 Spiritum
809 3392 1091 3458 auferunt;
1120 3394 1336 3449 sublato
1365 3397 1564 3465 quippe
1592 3398 1942 3453 substantiali
1975 3402 2097 3470 ejus

504 3486 966 3555 processu,juxta
997 3485 1341 3553 procedentis
1374 3489 1666 3555 rationem,
1705 3490 1788 3543 vel
1830 3508 1938 3545 non
1968 3510 2096 3563 pro-

504 3577 706 3630 cedens
731 3578 832 3631 erit
861 3575 1121 3646 Spiritus,
1143 3578 1224 3631 vel
1251 3578 1404 3647 juxta
1431 3581 1731 3635 nativitatis
1754 3598 2094 3651 processum,

504 3667 677 3722 Filius
706 3671 850 3733 erit,
882 3671 1184 3725 secundum
1220 3686 1387 3742 quem
1437 3672 1608 3727 Filius
1652 3688 1715 3727 ex
1762 3669 1924 3729 Patre
1976 3678 2098 3733 sine

505 3763 687 3815 medio
718 3765 984 3818 nascitur.

578 3851 748 3907 Porro
786 3853 1022 3909 Verbum
1072 3855 1165 3910 Dei
1207 3858 1545 3925 unigenitum
1574 3898 1590 3925 ,
1635 3862 2099 3933 signaculumque

502 3947 782 4001 uniforme
830 3947 1031 4015 Patris,
1066 3959 1233 4020 atque
1284 3952 1621 4008 immobilem
1669 3955 2097 4011 incommutabi-

501 4040 722 4109 lemque
754 4042 1008 4109 ﬁguram,
1039 4053 1092 4097 et
1122 4057 1246 4097 eum
1283 4045 1376 4114 qui
1406 4060 1471 4099 ex
1507 4044 1667 4101 Patre
1707 4056 1855 4102 totus
1890 4064 1954 4103 ex
1987 4058 2099 4104 toto

501 4132 745 4200 perfecte
765 4132 1095 4200 resplendet,
1124 4134 1745 4206 incommutabilemque
1776 4139 2095 4206 imaginem,

502 4235 557 4275 ct
580 4221 758 4277 Patris
782 4224 1179 4292 deﬁnitionem,
1210 4242 1272 4280 ac
1298 4226 1558 4293 Verbum,
1578 4230 1816 4284 maxime
1840 4242 2098 4300 paterno-

498 4331 621 4369 rum
640 4316 901 4370 bonorum
925 4317 1261 4381 fraudantes,
1307 4318 1610 4383 identitate,
1654 4337 1774 4389 quae
1808 4323 1964 4378 illiad
1997 4323 2099 4377 Pa-

502 4420 640 4463 trem
678 4420 782 4472 (πει,
816 4420 1191 4479 perpetuaque
1217 4413 1523 4465 constantia
1566 4414 1898 4478 excludunt;
1948 4421 2091 4487 quod

502 4502 716 4554 Arianae
742 4502 1040 4571 impietatis
1068 4513 1169 4557 est.
1211 4502 1274 4556 Et
1310 4506 1572 4573 quoniam
1606 4508 1697 4577 qui
1728 4524 1834 4563 non
1859 4510 2093 4565 honorat

2203 3295 2372 3347 credit
2403 3294 2564 3361 Filio,
2605 3312 2708 3349 non
2738 3296 2935 3350 ridebit
2978 3298 3166 3362 vitam,
3198 3302 3288 3352 sed
3339 3302 3421 3354 ira
3472 3301 3569 3355 Dei
3614 3312 3791 3355 ntanct

2200 3403 2360 3456 super
2389 3405 2532 3453 eum,
2566 3397 2625 3442 ἰι
2654 3391 2730 3443 ait
2760 3390 2876 3457 ipse
2905 3391 3167 3445 Dominus
3202 3393 3242 3445 '.

2273 3477 2500 3532 Constat
2532 3495 2595 3533 ex
2628 3479 2714 3533 his
2766 3496 2896 3541 una,
2934 3496 3042 3534 nou
3096 3497 3317 3549 parvam
3377 3484 3614 3551 aliquam
3672 3500 3794 3538 esse

2201 3571 2563 3626 ditio-entiam
2588 3587 2777 3626 eorum
2813 3572 2906 3642 qui
2942 3587 3008 3626 ex
3037 3573 3194 3629 Patre
3225 3584 3278 3629 et
3314 3575 3472 3637 Filio,
3495 3580 3698 3647 quique
3725 3595 3793 3633 cz

2200 3665 2369 3721 Patre
2398 3665 2517 3720 solo
2547 3666 2809 3731 Spiritum
2860 3676 3109 3720 sanctum
3176 3671 3469 3735 procedere
3528 3671 3795 3724 sentiunt.

2201 3756 2261 3811 In
2294 3757 2407 3825 ipsa
2444 3773 2677 3826 namque
2705 3759 2825 3812 fidei
2860 3758 3793 3828 initia,sanctorumquedoctrinam

2204 3851 2562 3912 intuentibus,
2603 3851 2739 3905 nihil
2776 3851 2881 3905 erit
2914 3850 3197 3905 differens.
3234 3852 3609 3907 Communitcr
3645 3856 3788 3907 enim

2203 3945 2305 4000 bos
2336 3945 2447 3999 Deo
2482 3944 2866 4013 conjungentc,
2902 3946 2967 3998 de
3019 3944 3119 3997 hoc
3172 3960 3363 3997 omnes
3419 3938 3793 4004 consentiam,

2205 4035 2282 4091 llli
2313 4039 2533 4106 quidem
2584 4048 2639 4091 et
2684 4038 2890 4091 eisdem
2943 4048 3160 4093 utentes
3195 4039 3558 4105 dictionibus;
3597 4043 3648 4094 hi
3694 4060 3793 4094 au-

2204 4138 2311 4182 tem
2354 4143 2452 4195 per
2497 4129 2632 4182 alias
2680 4129 3078 4197 tequivalentes
3132 4132 3197 4181 ad
3258 4133 3507 4184 eumdem
3548 4139 3795 4188 veritatis

2203 4223 2367 4275 ﬁnem
2409 4223 2825 4275 contendentes.
2867 4220 3068 4284 Veluti,
3096 4223 3139 4275 si
3172 4225 3293 4290 quis
3330 4227 3586 4293 patriam,
3621 4230 3797 4283 solum

2204 4315 2469 4383 patrium,
2524 4330 2620 4367 seu
2655 4331 2861 4367 rcetam
2896 4316 3116 4379 lineam,
3152 4333 3386 4385 mquam,
3424 4320 3506 4372 vel
3538 4322 3797 4389 parilem,

2204 4409 2288 4460 vel
2323 4422 2538 4467 novem.
2564 4423 2645 4459 ter
2669 4407 2769 4459 tria
2795 4408 2938 4461 dicat
2969 4425 2983 4472 ;
3012 4409 3266 4476 nullaque
3291 4412 3430 4478 apud
3454 4411 3796 4480 Scripturam

2206 4512 2476 4562 sanctam,
2518 4510 2849 4563 sanctosque
2883 4500 3070 4555 Patres
3104 4503 3380 4556 invenitur
3405 4508 3713 4571 contentio,
3748 4510 3794 4561 si

496 4593 719 4656 mam“,
759 4609 858 4647 nec
897 4595 1110 4650 pan-em
1154 4598 1411 4663 ιιοηοηιι,
1446 4610 1503 4652 ιιι
1541 4600 1659 4670 ipse
1686 4600 1949 4656 Dominus
1972 4605 2046 4657 ait
2079 4570 2177 4661 :1)
2204 4594 2327 4662 quis
2381 4596 2445 4645 ad
2500 4593 2670 4646 solam
2723 4594 2796 4647 rei
2844 4594 3120 4648 intueatur
3169 4597 3459 4650 veritatem
3494 4615 3508 4651 :
3561 4603 3699 4655 adeo
3740 4614 3799 4654 ut

498 4686 607 4750 Qui
636 4688 768 4739 ridet
798 4704 897 4750 me,
933 4688 1070 4741 videt
1096 4700 1146 4741 et
1178 4689 1397 4743 Patrem
1428 4708 1447 4745 :
1471 4695 1720 4761 quoniam
1754 4698 1955 4753 omnia.
1981 4715 2098 4766 qua:

495 4778 648 4828 habet
676 4778 856 4845 Pater,
881 4797 995 4832 mea
1023 4782 1211 4842 sunt’;
1238 4798 1413 4851 neque
1441 4783 1657 4839 Patrem
1682 4798 1897 4853 natura,
1920 4798 1976 4843 et
2007 4806 2097 4844 ve-

495 4886 618 4924 rum
647 4873 864 4925 Patrem
895 4914 909 4936 ,
946 4890 1007 4924 ac
1042 4873 1350 4943 perlectum
1379 4888 1643 4947 cogentur
1677 4882 1954 4945 conﬁteri,
1990 4885 2091 4938 nisi

494 4964 644 5019 Patri
687 4966 879 5019 similis
931 4966 1106 5022 Filius
1142 4969 1247 5031 sit,
1284 4980 1449 5037 atque
1483 4972 1534 5024 in
1572 4987 1632 5026 se
1668 4973 1785 5040 ipso
1826 4972 2043 5028 Patrem
2074 5017 2088 5039 ,

495 5058 645 5109 unde
673 5058 964 5125 processit,
995 5058 1239 5127 perfecte
1273 5060 1474 5113 indicet
1504 5079 1516 5113 :
1545 5075 1743 5130 praeter
1767 5065 1939 5115 solum
1968 5082 2091 5119 esse

496 5148 737 5211 Patrem,
766 5150 921 5214 juxta
952 5166 1272 5205 sanctorum
1305 5154 1656 5208 sententiam.
1686 5156 1821 5209 Nam
1849 5159 1941 5225 qui
1970 5158 2096 5227 Spi-

497 5241 664 5293 ritum
709 5248 961 5295 sanctum
999 5242 1049 5295 in
1106 5242 1244 5298 Filio
1292 5261 1397 5299 non
1450 5248 1758 5316 conspicit,
1807 5264 1986 5317 neque
2041 5252 2093 5304 in

498 5330 662 5384 Patre
693 5334 1016 5402 conspiciet.
1046 5332 1148 5400 Qui
1177 5336 1323 5389 enim
1361 5339 1506 5391 videt
1531 5337 1753 5397 Filium.
1781 5352 1834 5394 et
1875 5340 2092 5396 Patrem

494 5421 669 5477 videt.
704 5423 838 5488 lino,
870 5426 1025 5495 juxta
1065 5445 1319 5497 magnum
1353 5431 1740 5498 Athanasium,
1778 5438 2036 5504 quoniam
2064 5452 2092 5488 a

497 5513 663 5569 Patre
693 5520 987 5585 procedere
1022 5522 1225 5576 dicitur
1246 5564 1261 5588 ,
1307 5525 1429 5579 ideo
1471 5530 1730 5596 quoniam
1762 5545 1791 5580 a
1823 5530 1959 5585 Filio
1987 5541 2091 5591 est.

494 5608 589 5675 qui
636 5623 759 5661 eum
789 5624 910 5664 esse
956 5623 1117 5682 negat
1162 5630 1227 5669 cx
1281 5614 1439 5681 Filio,
1493 5634 1666 5688 neque
1705 5636 1733 5673 a
1767 5621 1927 5676 Patre
1974 5639 2095 5679 esse

495 5699 869 5758 conﬁtebitur.
918 5703 971 5758 Id
1009 5706 1052 5760 si
1091 5708 1164 5762 ita
1213 5710 1352 5773 erit,
1386 5713 1610 5768 omnino
1648 5731 1753 5768 non
1791 5720 2094 5783 procedens

571 5881 591 5911 ⁸
646 5879 802 5937 Joau.
863 5901 975 5954 XIV,
1006 5887 1075 5955 9,
1108 5887 1245 5956 XVI,
1292 5893 1372 5947 ιδ.
1455 5893 1473 5923 ⁹
1503 5892 1661 5948 Joan.
1701 5911 1780 5960 tu,
1819 5894 1905 5949 56.

2206 4703 2325 4754 qum
2358 4702 2385 4738 a
2424 4688 2632 4740 sanetis
2659 4687 2937 4752 omnibus,
2968 4696 3129 4755 atque
3161 4689 3228 4741 ab
3252 4690 3499 4757 utrisque
3523 4694 3795 4757 partibus,

2204 4780 2291 4846 pie
2353 4776 2693 4844 ﬁdeliterque
2739 4776 2885 4828 dicta
2919 4787 3070 4840 sunt,
3106 4776 3210 4828 sibi
3248 4778 3480 4831 invicem
3508 4794 3628 4831 esse
3661 4795 3793 4831 con-

2203 4886 2361 4932 sona,
2407 4874 2694 4936 sacrisque
2749 4868 2946 4921 litteris
2975 4883 3219 4938 congrua
3273 4870 3434 4924 fateri
3484 4874 3798 4924 necessario

2201 4978 2486 5031 cogamur.

2271 5055 2496 5118 Verum,
2526 5072 2622 5123 pro
2660 5054 2925 5107 utentium
2970 5055 3337 5120 expositione,
3382 5071 3478 5111 seu
3528 5073 3799 5125 przcsum-

2204 5150 2410 5218 ptione,
2443 5164 2543 5202 seu
2582 5148 2882 5212 voluntate,
2915 5163 3009 5203 seu
3039 5149 3143 5201 alia
3176 5150 3371 5217 quavis
3404 5150 3710 5203 intentione
3740 5150 3795 5203 itt

2207 5254 2402 5307 totum,
2439 5252 2493 5294 et
2524 5241 2768 5306 omnino,
2817 5241 2961 5308 quod
3018 5244 3236 5304 dicitur,
3293 5241 3496 5303 diﬁ'ert,
3543 5258 3794 5310 prorsus-

2204 5352 2310 5405 que
2384 5336 2730 5389 manifestam
2794 5335 3247 5389 contradictiouis
3314 5351 3547 5405 pugnam
3605 5337 3791 5388 habet.

2209 5434 2405 5503 Liquet
2437 5442 2616 5483 autem
2648 5428 2700 5480 id
2731 5429 2875 5495 quod
2926 5428 3001 5480 illi
3047 5428 3266 5495 quidem
3305 5428 3528 5479 tertium
3568 5443 3595 5478 ει
3635 5428 3797 5480 Patre

2208 5528 2471 5595 Spiritum
2526 5523 2856 5575 conﬁtentur
2898 5520 3050 5590 juxta
3101 5521 3443 5589 pcrsonaiem
3506 5520 3796 5582 ordinem;

2207 5634 2259 5676 et
2306 5620 2393 5688 qui
2427 5618 2587 5672 aliter
2630 5615 2891 5677 sentiunt,
2943 5630 3037 5669 eos
3074 5616 3257 5667 divino
3302 5613 3557 5668 reluctari
3610 5613 3795 5665 ordini

2205 5716 2517 5771 existimant
2553 5733 2565 5767 :
2600 5730 2705 5771 non
2761 5726 2875 5764 eam
2927 5711 3298 5766 observantes.
3331 5722 3493 5777 quain
3576 5718 3800 5776 accepe-
