4472 6434
794 405 896 468 183

2011 419 2113 477 MA
2127 420 2167 476 Ν
2180 419 2407 481 UELIS
2438 424 2743 484 ωηολε

3918 430 4027 500 ιιι

788 525 906 610 rant
933 530 1178 571 normam
1201 517 1632 588 glorificationis,
1663 537 1852 592 verum
1886 526 2036 578 vocis
2061 535 2350 603 captantes
2383 537 2423 590 Α
2484 543 2838 600 apertissima:
2892 534 3334 591 contratlietlonis
3378 545 3528 594 sunt.
3583 537 3650 594 lt
3692 539 3792 610 ipsi
3843 551 4024 596 autem

787 607 1098 661 novitati-nt.

854 696 971 757 Isti,
1002 699 1298 754 secundum
1327 717 1355 754 a
1385 702 1544 758 Patre
1572 720 1694 760 esse
1723 707 1902 763 aiunt.
1930 709 2107 777 Atque
2134 710 2208 764 illi
2235 710 2356 778 qni-

783 787 904 839 dem
929 787 1125 843 Filium
1153 806 1217 844 es
1246 791 1406 845 Patre
1433 795 1549 849 sine
1596 797 1774 850 medio
1805 799 1950 852 nasci
2003 801 2357 861 confitentur,

783 888 948 944 atque.
983 879 1116 932 Filio
1147 895 1470 951 pra‘ponnnt
1502 885 1786 954 Spiritum.
1815 887 1920 943 Eos
1939 891 2189 945 vitandos
2213 895 2359 945 ari-i-

782 977 1021 1033 trantur,
1075 983 1130 1026 ut
1168 970 1352 1041 aperte
1388 978 1574 1045 pietati
1623 980 1975 1044 reluctantes,
2009 996 2170 1050 quam
2205 986 2354 1038 scili-

779 1069 869 1111 cet
905 1062 1062 1114 nobis
1124 1062 1378 1118 Dominus
1416 1069 1636 1120 tradidit
1668 1069 1720 1122 iu
1759 1072 2015 1127 salutaris
2064 1073 2360 1142 baptisma-

779 1151 855 1206 tis
907 1155 1217 1207 traditione.
1256 1157 1348 1208 Isti
1385 1173 1536 1218 vero,
1597 1163 1733 1215 nihil
1767 1164 2059 1232 prohibere
2089 1166 2274 1220 dicunt
2303 1177 2357 1217 et

777 1241 974 1294 Filium
1009 1247 1191 1296 diri-re
1231 1265 1294 1299 es
1322 1249 1648 1315 productore
1681 1268 1776 1319 per
1811 1255 2133 1320 productum
2169 1254 2352 1318 nasci:

776 1346 940 1404 atque
988 1337 1063 1390 illi
1099 1338 1314 1404 quidem
1347 1337 1468 1392 Filii
1511 1342 1895 1397 mediationem
1931 1359 2052 1395 cum
2097 1345 2352 1398 Ecclesiae

773 1427 1052 1489 magistris
1084 1428 1442 1494 confitentur;
1476 1432 1584 1492 isti,
1619 1433 1760 1486 hanc
1805 1433 2091 1487 manifeste
2132 1445 2350 1497 negant.

774 1516 842 1566 Et
875 1515 950 1568 illi
975 1519 1192 1581 quidem
1221 1534 1284 1572 ex
1313 1519 1472 1572 Patre
1490 1537 1586 1586 per
1608 1520 1803 1575 Filium
1848 1525 2144 1591 procedere
2172 1535 2226 1577 et
2258 1539 2354 1591 per

776 1620 922 1668 Ctllll,
957 1609 1047 1672 qui
1100 1617 1205 1669 est,
1255 1611 1602 1664 continenter
1643 1629 1703 1665 ex
1744 1614 1922 1680 primo
1969 1629 2091 1666 esse
2127 1616 2356 1666 credunt

777 1693 1041 1762 Spiritum
1075 1709 1346 1752 sanctum.
1404 1700 1466 1753 Ili
1504 1711 1711 1765 autem,
1753 1718 1815 1754 ex
1873 1705 1993 1778 solo
2029 1702 2208 1766 Patre,
2248 1706 2355 1758 hoc

2462 633 2649 687 aperte
2677 625 2937 687 iudicant,
2971 641 3078 680 non
3110 642 3328 696 parvam
3347 642 3469 684 esse
3487 629 3871 697 diﬂerentiam,
3895 632 4024 688 dum

2459 711 2732 766 abstinent
2758 714 2830 768 ah
2848 717 3108 780 invicem,
3127 733 3298 786 seque
3313 718 3543 775 invicem
3571 721 3864 789 impietatis
3888 723 4026 777 insi-

2458 799 2666 852 mulant
2697 820 2712 855 :
2741 818 2974 870 suosque
3003 805 3198 873 singuli
3216 806 3442 859 aliorum
3473 809 3911 863 communionem
3936 811 4026 863 fe-

2458 909 2606 957 ιρι-θ.
2641 905 2696 948 et
2730 896 2900 950 vitare
2930 896 3244 962 admonent,
3269 910 3331 953 ut
3368 901 3682 966 perniciem,
3710 911 3766 954 et
3799 911 4023 969 pestem.

2463 985 2592 1038 l'tra
2619 995 2798 1040 autem
2827 1002 2955 1052 pars
2982 988 3363 1043 communibus
3394 989 3700 1044 rationibus
3757 989 3902 1054 ldei,
3931 991 4029 1042 Pa-

2460 1081 2710 1142 trumque
2749 1076 3032 1144 theologia:
3069 1078 3340 1140 eoneiuat,
3387 1093 3453 1131 ea
3514 1079 3887 1145 superioribus
3912 1080 4024 1131 cla-

2455 1165 2564 1216 ruit
2591 1179 2890 1232 eorumque
2918 1168 3265 1220 conscientiae
3295 1167 3639 1236 relinquitur,
3665 1169 3756 1234 qui
3783 1169 3883 1222 ista
3921 1169 4027 1220 lec-

2458 1253 2725 1314 turisunt,
2748 1254 2849 1307 sub
2873 1254 2981 1310 Deo
3002 1263 3159 1317 teste,
3176 1267 3226 1310 et
3251 1266 3441 1310 cuncta
3473 1257 3837 1324 inspectante:
3868 1259 4025 1310 modo

2453 1343 2720 1411 quispiam
2749 1348 2896 1398 omni
2920 1348 3321 1412 anticipatione,
3349 1358 3401 1402 et
3421 1348 3776 1402 irrationabili
3809 1349 3934 1401 odio
3957 1364 4020 1400 es

2454 1436 2639 1490 animo
2659 1437 2908 1503 depulso,
2941 1453 3114 1505 neque
3137 1455 3245 1492 una
3264 1440 3441 1504 aliqua
3468 1441 3734 1509 particula
3762 1452 3817 1494 et
3832 1455 3899 1494 ca
3933 1456 4030 1492 ne-

2453 1525 2720 1590 gligenter
2751 1527 3008 1593 perlecta,
3035 1529 3129 1582 sed
3166 1530 3420 1583 omnibus
3465 1534 3760 1597 prudenter
3787 1539 3841 1582 et
3871 1540 4025 1583 caute

2453 1613 2722 1677 decursis,
2747 1615 2955 1668 medius
3004 1618 3289 1669 atnharum
3339 1621 3571 1683 partium
3607 1620 3768 1686 index
3821 1623 4026 1681 sedeat,

2453 1712 2616 1768 atque
2680 1704 2749 1756 ita
2800 1705 2868 1758 de
2916 1707 3169 1759 omnibus
3224 1711 3546 1762 sententiam
3607 1709 3767 1763 ferat.
3827 1712 4026 1777 Aperta

773 1797 878 1849 ιιςι,
911 1777 1028 1843 sine
1075 1791 1253 1843 medio
1295 1793 1466 1873 ipsym
1503 1796 1799 1862 procedere
1838 1777 2127 1848 ailirineni,
2178 1799 2352 1860 Atque.
2385 1833 2429 1891 Β
2455 1795 2600 1845 enim
2622 1794 2742 1846 fidei
2792 1797 2927 1848 ratio
2952 1807 3377 1864 sanctorumque
3393 1799 3635 1853 doctrina
3654 1805 3897 1867 exposita
3921 1809 4026 1853 est.

773 1879 846 1930 illi
866 1880 1081 1947 quidem
1119 1898 1308 1946 unum,
1333 1893 1387 1933 et
1421 1887 1921 1947 intemporalem,et
1951 1898 2212 1940 aeternum
2233 1885 2356 1954 Spi-

769 1975 905 2026 ritus
937 1990 1272 2042 precessum.
1307 1979 1600 2030 sucundum
1649 1993 1808 2045 quem
1850 1991 1912 2030 es
1943 1975 2102 2032 Patre
2155 1993 2250 2046 per
2272 1975 2359 2030 Fi-

769 2063 900 2116 lium
934 2067 1264 2132 procedit,et
1297 2069 1377 2120 his
1404 2072 1492 2136 qui
1529 2073 1826 2122 secundum
1865 2081 2074 2137 tempus
2104 2079 2356 2138 possunt,

768 2161 1100 2225 agnoscitur,
1149 2160 1430 2224 fatentur;
1495 2176 1598 2214 non
1653 2163 1796 2212 enim
1858 2162 2037 2229 prodit
2108 2162 2160 2214 in
2223 2170 2357 2214 tem-

769 2265 902 2317 pore
946 2253 1089 2320 quod
1149 2255 1394 2320 procedit
1462 2269 1527 2306 ex
1597 2253 1727 2315 Deo,
1763 2254 1978 2306 etiamsi
2017 2253 2068 2304 in
2113 2262 2355 2320 tempore

768 2345 1018 2396 videatur
1078 2346 1314 2410 Operari.
1377 2345 1441 2398 lli
1507 2355 1734 2408 autem,
1792 2348 1936 2412 quod
1999 2358 2093 2411 per
2159 2341 2351 2396 Filium

769 2435 972 2488 dicitur
1020 2436 1342 2505 procedere,
1387 2437 1738 2504 temporalem
1793 2437 2082 2504 quemdam
2129 2448 2351 2501 proces-

765 2543 887 2579 sum
918 2529 1204 2595 designare
1239 2529 1427 2582 dicunt
1461 2545 1474 2581 :
1509 2543 1572 2582 ac
1607 2531 1900 2594 procedere
1921 2525 2182 2588 Verbum,
2206 2527 2350 2593 quod

764 2629 956 2668 omnes
990 2614 1225 2684 Spiritus
1257 2617 1430 2669 sancti
1453 2617 1779 2670 substantitu
1810 2616 2232 2686 significativum
2257 2631 2352 2670 ac-

766 2717 1051 2775 ceperunt,
1102 2717 1161 2760 ιιι
1199 2708 1426 2777 intelligi
1495 2711 1673 2769 datur,
1724 2708 1823 2776 ipsi
1875 2707 2190 2769 diﬂitentur,
2221 2711 2348 2761 dum

770 2811 1090 2862 processum
1121 2797 1272 2850 illum
1293 2799 1649 2864 temporalem
1673 2799 1855 2852 dicere
1879 2805 2144 2866 coguntur
2169 2816 2183 2852 :
2217 2797 2346 2865 quin

770 2885 904 2940 hinc
940 2901 1157 2956 quoque
1207 2887 1346 2941 Filio
1388 2899 1442 2940 et
1479 2887 1707 2956 Spiritui
1743 2888 2061 2956 temporalia
2095 2889 2343 2954 quietiam

765 2976 1024 3030 acci‘dere
1061 2996 1073 3029 :
1113 2978 1186 3029 illi
1216 2978 1468 3046 quidem,
1497 2983 1665 3040 dare;
1699 2978 1824 3031 huic
1876 2989 2076 3040 autem,
2118 2979 2242 3030 dari
2279 2980 2346 3030 ab

765 3065 856 3119 illo
888 3076 1051 3133 atque
1078 3069 1239 3128 mitti,
1278 3067 1464 3121 dicere
1494 3077 1777 3138 cogentur.

2465 1884 2639 1950 Atque
2658 1883 2729 1935 ita
2755 1894 2933 1951 utquo
2971 1883 3160 1939 flerent
3179 1889 3468 1952 apertiora,
3491 1889 3680 1943 eadem
3712 1891 3794 1942 his
3817 1899 4028 1957 terque,

2461 1989 2522 2027 ar
2541 1973 2755 2042 saepius,
2776 1978 3004 2044 repetita
3027 1987 3151 2030 sunt
3178 1979 3454 2047 :nihilqne
3475 1981 3770 2041 curiosum,
3801 1981 3883 2032 vel
3913 1995 3999 2032 aut
4017 2011 4030 2020 -

2467 2061 2724 2115 Izitionem
2756 2078 2818 2117 ac
2848 2064 3165 2130 jactantiam
3225 2067 3475 2120 redolens
3505 2069 3558 2120 in
3597 2069 3901 2132 huiusmodi
3932 2084 4030 2135 ap-

2459 2162 2613 2220 paret
2665 2155 3004 2222 expositione
3047 2173 3060 2208 :
3114 2172 3289 2222 neque
3341 2159 3539 2225 aliquid
3591 2159 4025 2228 syllogismorum

2459 2243 2777 2313 adjuncth
2843 2256 2976 2301 est:
3016 2248 3116 2302 nisi
3154 2249 3355 2317 aliquid
3405 2259 3608 2317 aperte,
3665 2259 3720 2302 et
3763 2251 3906 2317 quod
3960 2252 4028 2301 ah

2457 2339 2710 2392 omnibus
2766 2353 3078 2394 concessum
3121 2350 3288 2404 esset,
3338 2351 3679 2410 sequeretur.
3727 2339 3924 2410 Verum
3961 2355 4025 2394 ea

2458 2429 2590 2497 ipsis
2641 2431 2942 2487 Saluatoris
2985 2433 3187 2495 verbis,
3231 2447 3528 2495 eorumque
3570 2433 4027 2502 expositionibus,

2456 2533 2509 2573 nt
2539 2537 2567 2574 a
2597 2525 2804 2578 sanctis
2839 2523 3090 2578 Patribus
3113 2525 3337 2594 digestm
3371 2535 3519 2588 sunt,
3559 2535 3813 2579 constant
3844 2525 4022 2579 omnia

2456 2613 2707 2680 praedicta
2739 2633 2753 2669 :
2789 2631 2857 2668 ne
2887 2615 3010 2684 quis
3055 2631 3154 2670 nos
3207 2617 3258 2667 in
3288 2617 3636 2682 persuasione
3663 2615 3910 2686 humana:
3937 2629 4021 2666 sa-

2456 2704 2673 2770 pientia
2700 2721 2915 2760 crucem
2941 2706 3143 2761 Christi
3194 2722 3457 2760 cvacnarc
3510 2709 3670 2771 dicat,
3705 2709 4025 2776 inanemque

2455 2795 2895 2862 praedicationem
2945 2796 3146 2857 facere.
3180 2798 3226 2849 si
3288 2799 3386 2851 has
3438 2800 3676 2867 argutias
3707 2811 4021 2867 persequar,

2453 2900 2572 2953 qua!
2625 2889 3038 2944 adolescentulis
3086 2903 3302 2956 Quoque
3350 2899 3493 2942 notte
3546 2899 3691 2953 sunt,
3749 2890 3872 2944 inde
3908 2889 4022 2956 glo-

2451 2980 2587 3033 riam
2613 2981 2909 3048 inanesque
2943 2980 3284 3034 rumusculos
3321 2994 3614 3047 aucupans.

2523 3071 2656 3137 Quis
2685 3071 2826 3123 enim
2856 3071 3070 3140 ignorat
3100 3071 3265 3123 Deum
3304 3083 3476 3137 neque
3509 3085 3676 3136 genus
3705 3085 3826 3123 esse
3850 3085 4024 3138 neque

836 3160 1011 3226 Atque
1039 3161 1112 3212 illi
1135 3161 1350 3228 quidem
1371 3162 1546 3215 Patris
1567 3162 1748 3214 omnia
1771 3162 2191 3231 propria,atque
2211 3176 2349 3230 prm-
2379 3157 2426 3218 C
2458 3163 2717 3232 speciem,
2762 3177 2937 3230 neque
2970 3163 3021 3214 in
3055 3163 3140 3214 his
3186 3162 3317 3230 ipsis
3340 3163 3627 3221 contineri.
3676 3162 3768 3215 sed
3805 3163 4020 3214 initium

761 3266 922 3320 Cipua
955 3250 1149 3304 Filium
1183 3251 1386 3304 habere
1417 3263 1689 3315 asserunt,
1715 3263 1910 3322 prmter
1929 3254 2102 3308 solum
2130 3255 2341 3308 Patrem

759 3358 919 3400 esse:
949 3358 1074 3397 esse
1104 3353 1286 3395 autem
1336 3342 1529 3398 Filium
1559 3346 1676 3399 sine
1718 3348 2047 3414 patet-nitate
2085 3347 2222 3404 sola.
2255 3354 2340 3398 at-

759 3449 866 3502 que
900 3437 950 3488 in
974 3450 1040 3489 eo
1064 3436 1181 3488 solo
1207 3433 1467 3501 differre;
1499 3437 1602 3490 alia
1637 3447 1816 3491 autem
1842 3439 2050 3500 Omnia,
2081 3437 2156 3490 illi
2191 3453 2341 3491 com-

764 3530 1022 3594 muniter,
1055 3539 1104 3582 et
1143 3530 1348 3598 alisque
1381 3529 1484 3581 ulla
1539 3529 1799 3583 varietate
1829 3531 2040 3584 adi-sse.
2068 3528 2130 3581 Hi
2160 3541 2340 3582 autem

769 3621 869 3671 ista
905 3619 1195 3673 manifeste
1223 3631 1443 3689 negant.
1490 3620 1552 3674 Et
1587 3622 1899 3686 illiquident
1935 3621 2195 3688 genitoris
2224 3620 2343 3688 Spic

756 3712 922 3766 ritum
950 3715 1116 3767 etiam
1149 3711 1341 3765 Filium
1377 3712 1576 3766 habere
1619 3713 1962 3777 Confitentur,
1990 3712 2221 3778 proprim
2249 3727 2343 3762 na-

755 3813 895 3856 tura:
957 3804 1179 3864 bonum,
1215 3803 1670 3868 quemadmodum
1709 3812 1760 3852 et
1809 3800 1993 3853 Pater.
2045 3799 2107 3852 lii
2155 3811 2338 3853 autem

758 3887 958 3944 habere
984 3891 1202 3958 quidem
1257 3890 1428 3951 illum,
1464 3893 1557 3943 sed
1611 3908 1728 3945 non
1754 3893 1946 3945 eodem
1983 3892 2162 3950 modo,
2202 3908 2339 3945 eon-
2370 3907 2381 3919 ·

755 3983 1007 4036 tendunt.
1042 3984 1314 4052 Atqueilli
1349 3984 1572 4052 quidem
1610 3983 1875 4053 Spiritum
1909 4002 1972 4038 ea
2000 3983 2122 4038 Filii
2149 4001 2338 4039 essen-

753 4075 849 4140 tia,
878 4087 978 4142 pro
1012 4087 1078 4128 eo
1106 4074 1250 4142 quod
1275 4082 1379 4138 est,
1405 4088 1469 4129 es
1507 4073 1807 4128 substantia
1828 4072 2173 4145 [bypostasi],
2192 4073 2341 4128 afﬁr-

753 4175 900 4217 mant
925 4179 1046 4218 esse
1072 4182 1086 4216 :
1116 4165 1258 4217 sicut
1287 4174 1338 4219 et
1362 4164 1506 4232 quod
1533 4180 1598 4218 ex
1631 4165 1812 4218 Patris
1837 4165 2072 4219 essentia
2089 4166 2340 4220 substan-

748 4258 878 4309 tiam
919 4264 1203 4325 ponentes,
1232 4264 1286 4310 et
1315 4256 1671 4310 substantiam
1694 4257 1912 4325 quidem
1933 4259 2050 4311 sine
2072 4259 2332 4322 essentia,

746 4358 1046 4402 i-ssnntzain
1087 4362 1214 4399 vero
1241 4347 1360 4400 sine
1390 4344 1697 4401 substantia
1727 4349 1909 4402 dicere
1933 4358 2220 4418 coguntur.
2253 4348 2332 4402 illi

745 4442 888 4510 quod
905 4442 1104 4496 dicitur
1127 4455 1191 4493 ex
1215 4439 1334 4493 Filii
1362 4441 1620 4505 essentia,
1644 4456 1860 4494 causam
1887 4443 2103 4510 signare
2123 4445 2328 4506 dicunt,

743 4538 788 4588 si
815 4544 867 4589 et
891 4533 1032 4603 quod
1060 4533 1262 4587 dicitur
1289 4547 1351 4586 ex
1377 4531 1557 4586 Patris
1584 4537 1848 4598 essentia,
1882 4536 2240 4606 similiterque
2263 4554 2327 4591 ex

743 4625 883 4679 Filio
906 4625 1067 4679 sicuti
1091 4625 1255 4678 etiam
1275 4638 1338 4678 ea
1361 4622 1543 4688 Patre,
1579 4625 1841 4692 Spiritum
1871 4628 2186 4694 procedere.
2215 4628 2326 4693 Isti,

741 4726 799 4772 et
833 4717 991 4771 talde
1050 4715 1410 4770 reluctantur.
1446 4713 1552 4777 Illi,
1590 4717 1705 4769 sola
1753 4733 1931 4773 causae
1988 4722 2333 4792 causalisque

746 4810 980 4870 ratioae,
1021 4807 1236 4861 divinas
1265 4806 1508 4862 discerni
1540 4810 1606 4861 ab
1656 4809 1886 4864 invicem
1927 4827 2208 4881 personas.
2243 4815 2330 4878 lli,

744 4917 851 4954 non
902 4901 1015 4954 sola
1054 4899 1267 4952 dicunt.
1319 4898 1398 4952 Illi
1455 4900 1865 4965 generationem
1921 4902 2115 4965 solam,
2151 4902 2330 4959 Patris

747 4992 1110 5048 substantialis
1137 5000 1368 5057 ponunt.
1410 4991 1470 5044 lli
1499 5003 1735 5061 quatuor
1772 4993 1917 5049 illius
1951 4995 2330 5051 substantialia

744 5102 867 5141 esse
901 5086 1109 5144 volunt.
1155 5101 1218 5139 ex
1246 5085 1446 5150 quibus
1504 5087 1595 5147 sit,
1634 5087 1921 5156 ingenitum
1955 5105 2085 5150 esse,
2129 5097 2180 5140 et
2218 5091 2330 5143 sine

745 5179 1031 5248 principio.
1070 5178 1148 5231 Illi
1184 5180 1491 5245 producere
1533 5180 1895 5234 sttbstantiale
1933 5181 2078 5234 nulla
2117 5182 2328 5236 ratione

743 5287 866 5326 esse
891 5273 1113 5336 dicunt;
1136 5280 1325 5325 contra
1357 5271 1433 5332 hi,
1455 5273 1816 5327 substantialc
1841 5287 2181 5339 asserentes;
2217 5275 2327 5329 hel-

747 5368 858 5418 lnm
900 5366 1046 5419 enim
1095 5365 1538 5434 pertinacissime
1589 5368 1918 5435 suscipiunt.
1967 5367 2068 5429 Illi,
2121 5383 2226 5421 non
2258 5385 2324 5424 ex

742 5459 858 5510 solo
891 5456 1051 5510 Patre
1085 5454 1382 5525 procedere
1422 5455 1700 5523 fatentur;
1741 5458 1828 5514 isti
1863 5473 1928 5514 ex
1971 5459 2088 5515 solo
2115 5472 2169 5514 et
2201 5476 2324 5516 seu.

739 5552 904 5615 tiunt,
924 5561 978 5604 et
997 5550 1264 5606 scribunt.

811 5641 1022 5695 Omitto
1050 5645 1196 5698 enim
1241 5660 1362 5713 qua:
1396 5646 1447 5698 in
1492 5646 1792 5715 praemissis
1829 5646 2237 5702 evidentissitne
2264 5662 2322 5700 se

735 5733 964 5800 ingerit,
994 5737 1199 5790 rat-iant
1226 5739 1513 5806 utrinsqrs
1542 5739 1712 5804 partis
1731 5753 1990 5809 pugnant,
2023 5748 2188 5806 atque
2218 5737 2320 5790 dif-

732 5825 1045 5894 ferentiam,
1102 5841 1157 5882 et
1192 5845 1310 5899 qua:
1361 5846 1425 5884 et
1455 5833 1537 5883 his
1582 5841 1917 5901 Sequuntur;
1977 5845 2096 5900 qum
2133 5831 2318 5885 omnia

2451 3255 2562 3322 ipse
2587 3268 2712 3308 cunt
2736 3255 2804 3307 sit
2828 3254 3090 3317 omnium,
3124 3261 3286 3320 atque
3309 3254 3560 3305 omnibus
3593 3269 3816 3322 prorsus
3841 3254 4020 3308 excel-

2448 3345 2746 3399 lentissime
2764 3347 3032 3406 emiuens,
3058 3345 3393 3399 documentis
3409 3347 3662 3399 omniluts
3691 3345 4023 3413 superiorem

2447 3434 2601 3486 esse?
2629 3432 2737 3487 Etsi
2775 3434 2916 3486 enim
2944 3433 3111 3486 Deum
3140 3449 3258 3488 esse
3292 3435 3564 3495 novimus,
3585 3434 3712 3503 quid
3740 3445 3919 3488 tamen
3951 3436 4023 3488 sit

2449 3527 2793 3594 ignoramus;
2827 3539 2930 3577 non
2967 3535 3168 3587 tamen,
3212 3525 3466 3591 quoniam
3510 3525 3638 3593 qttid
3692 3527 3763 3580 sit
3804 3527 4023 3594 ignora-

2455 3633 2575 3671 mns
2603 3619 2723 3671 ideo
2748 3617 3164 3686 profundissima
3195 3620 3512 3683 ignorantize
3532 3629 3689 3673 nocte
3705 3620 4024 3687 caligantes,

2447 3711 2579 3764 nihil
2613 3710 2836 3764 omnino
2866 3711 2933 3763 de
2969 3709 3078 3763 Deo
3102 3722 3288 3764 nostro
3311 3711 3514 3764 scimus
3541 3729 3554 3763 :
3593 3727 3769 3779 neque
3792 3726 3922 3777 ergo
3945 3721 4023 3763 ta-

2447 3813 2585 3861 tum,
2621 3810 2682 3853 ut
2709 3810 2792 3852 est
2843 3800 2987 3854 scire
3015 3815 3189 3868 neque
3222 3802 3435 3869 penitus
3476 3801 3682 3854 nescire
3714 3817 3830 3863 nos.
3875 3805 4024 3869 luge-

2447 3908 2551 3946 nue
2579 3893 2846 3952 fatemur;
2883 3891 2929 3946 si
2968 3897 3111 3946 enim
3160 3891 3294 3946 nihil
3331 3895 3552 3948 omnino
3583 3893 3809 3955 scimus,
3841 3893 4023 3947 inanis

2443 3987 2549 4038 erit
2579 3985 2709 4037 fides
2736 3993 2957 4048 nostra;
2986 3994 3040 4038 et
3061 3984 3106 4037 si
3131 3984 3343 4038 divinos
3380 3984 3502 4038 illos
3533 4000 3869 4052 arranosque
3893 4002 4020 4044 iro-

2444 4090 2631 4131 ccssus
2684 4076 3032 4140 confitemur,
3061 4076 3339 4146 quomodo
3383 4087 3563 4131 tamen
3599 4077 3650 4129 id
3699 4078 3794 4139 sit,
3847 4091 4022 4144 neque

2444 4169 2649 4230 dicere,
2703 4182 2877 4236 neque
2913 4167 3215 4237 intelligere
3251 4183 3563 4238 possumus,
3593 4178 3651 4222 ut
3689 4169 3799 4238 ipse
3832 4184 3891 4222 se
3940 4167 4022 4237 ip-

2441 4275 2559 4314 sum
2597 4259 2736 4314 Dens
2768 4260 2940 4314 novit.

2511 4351 2780 4406 Caeterum
2833 4351 3178 4406 nativitatem
3216 4353 3435 4421 quidem
3481 4351 3735 4414 alterum,
3781 4351 4014 4405 alterum

2441 4458 2573 4497 vero
2607 4444 3050 4510 processionem;
3081 4451 3136 4498 et
3165 4444 3314 4497 illum
3342 4444 3559 4512 quidem
3584 4443 3848 4512 genitum,
3873 4442 4018 4496 hunc

2439 4547 2620 4592 autem
2658 4538 3077 4604 procedentem;
3112 4546 3167 4592 et
3195 4536 3344 4589 illum
3380 4533 3604 4601 Filium,
3652 4536 3796 4589 hunc
3841 4534 4018 4600 Spiri-

2441 4638 2577 4690 tum,
2617 4628 2878 4694 illumque
2918 4628 3039 4680 sine
3078 4627 3259 4681 medio
3297 4641 3360 4679 ex
3400 4626 3600 4695 primo,
3655 4626 3801 4680 hunc
3832 4635 4013 4679 autem

2437 4733 2534 4787 per
2576 4733 2698 4771 eum
2746 4718 2925 4784 ipsum
2959 4717 3050 4786 qui
3085 4725 3169 4771 est
3203 4717 3548 4770 continenter
3575 4731 3640 4772 ex
3679 4716 3855 4784 primo
3872 4730 4013 4778 esse,

2435 4826 2558 4864 cum
2589 4824 2618 4863 a
2669 4810 2774 4863 fide.
2800 4810 2914 4879 ipsa
2952 4818 3007 4864 et
3037 4822 3068 4862 a
3112 4809 3319 4863 sanctis
3349 4807 3601 4862 Patribus
3631 4811 3704 4863 ita
3737 4808 4016 4878 acceperi-

2438 4915 2577 4954 mus.
2608 4899 2904 4955 credimus.
2941 4897 3155 4961 Quibus
3186 4897 3466 4963 subjeetis,
3507 4897 3833 4954 Trinitatem
3877 4914 4011 4952 con-

2436 4992 2670 5054 fitemur,
2717 5005 2894 5058 neque
2960 5000 3180 5060 prepter
3235 5004 3496 5058 personas
3569 4990 3832 5042 unitatem
3877 4989 4015 5042 divi-

2433 5087 2642 5149 dentes,
2687 5097 2860 5151 neque
2905 5097 3169 5150 personas
3223 5093 3445 5151 propter
3476 5082 3736 5149 unitatem
3783 5080 4014 5134 confun-

2431 5179 2638 5234 dentes.

2502 5271 2620 5325 Non
2680 5271 2825 5325 enim
2884 5285 3006 5322 cum
3065 5269 3132 5322 de
3189 5268 3341 5321 hisce
3402 5267 3652 5322 doctores
3711 5265 4008 5328 disserunt,

2429 5362 2634 5418 Christi
2661 5375 2879 5416 crucem
2911 5368 3202 5422 evacuant,
3251 5359 3523 5424 fidemque
3560 5358 3613 5410 in
3646 5355 4008 5426 persuasione

2430 5457 2683 5509 humana:
2716 5455 2998 5522 sapientia
3037 5453 3369 5507 aununtiant
3397 5469 3412 5506 :
3443 5467 3775 5521 quanquam,
3811 5451 3903 5520 qui
3932 5453 4004 5504 ita

2427 5549 2687 5618 loquitur,
2725 5548 2769 5602 si
2815 5547 3040 5601 omnino
3071 5546 3416 5617 syllogismos
3445 5555 3500 5599 et
3533 5544 4001 5598 ratiocinationem

2429 5644 2590 5708 tollit,
2637 5643 2874 5710 primum
2906 5641 3125 5709 quidem
3172 5639 3317 5707 quod
3350 5640 3601 5692 humana:
3647 5647 3848 5690 naturzc
3879 5650 4005 5704 pto-

2426 5737 2601 5804 priutu
2637 5744 2742 5797 cst,
2778 5733 3168 5800 hominumque
3207 5730 3271 5783 ad
3304 5731 3534 5784 invicem
3566 5735 3880 5783 consuetam
3911 5727 3994 5777 lo-

2425 5825 2697 5882 cutionem
2730 5834 2781 5878 ct
2811 5824 3247 5879 communionem
3277 5837 3438 5877 unam
3465 5820 3640 5877 aufert
3674 5840 3686 5875 :
3727 5819 3995 5890 culpabit-
