4472 6434
478 396 581 463 185

1548 401 1950 466 Αοηῐιευε
1986 405 2302 470 ΘΒΞΕΟΞ
2331 411 2482 472 LlB.
2521 411 2640 474 ῐίῐ.

3601 421 3705 488 186

469 525 578 577 que
621 511 840 606 beatum
879 511 1104 606 Paulum
1154 527 1248 571 eos
1286 515 1679 586 increpantem.
1707 520 1800 591 qui
1839 534 1936 588 per
1963 533 2026 574 ea
2060 521 2110 581 Α
2133 535 2254 590 qua:
2283 522 2352 578 de
2382 523 2485 578 title
2514 539 2769 582 concessa
2804 535 2949 592 sunt,
2985 541 3105 597 qtue
3131 539 3317 606 aperte
3369 531 3569 601 scripta
3597 550 3701 585 tum

468 616 591 670 qua
622 601 879 658 videntur
915 605 986 659 de
1015 605 1124 659 Deo
1152 607 1405 676 colligere
1430 608 1804 664 ratiocinando
1838 610 2036 676 nequi-

471 695 688 754 verunt,
716 699 772 743 et
792 692 858 746 de
878 694 1142 746 creaturis
1161 694 1477 751 Creatorem
1496 710 1730 754 noscere
1751 700 1817 754 “t
1843 699 2038 769 Culpa-

474 776 551 830 bit
572 787 626 832 et
655 780 936 848 theologos
949 783 1066 836 sive
1087 783 1158 838 de
1184 785 1658 847 substantialibus.
1678 787 1794 842 sive
1819 790 1884 841 de
1904 791 2038 844 divi-

475 870 560 922 nis
594 872 937 936 processibus
959 874 1321 940 disserentes;
1349 876 1644 932 Salvatoris
1687 879 2038 936 nihilominus

475 963 798 1014 sas-tentiam
822 963 998 1029 tollet,
1021 965 1334 1033 Scripturas
1378 967 1656 1036 iubentem
1685 972 2035 1035 perscrutari.

545 1050 731 1117 Neque
762 1055 908 1107 enim
938 1056 1230 1110 obscurum
1267 1068 1371 1122 est.
1418 1074 1566 1124 eum,
1607 1063 1701 1128 qui
1726 1061 2039 1128 Scripturas

477 1151 875 1207 perscrutatur,
901 1145 1226 1213 colligendo.
1249 1158 1306 1202 et
1331 1149 1707 1206 ratiocinando
1729 1151 1992 1205 lecturum
2021 1171 2036 1208 :

477 1233 604 1296 quin
632 1233 806 1300 ipsum
837 1250 1052 1304 quoque
1079 1239 1399 1301 Dominum,
1429 1242 1520 1307 qui
1551 1242 1846 1310 diligenter
1864 1245 2027 1312 inspi-

479 1323 587 1374 ciat
611 1324 921 1378 ratiocinari
963 1327 1379 1389 auimadrertet.
1436 1344 1561 1396 puta
1594 1347 1717 1385 cum
1748 1332 1934 1396 inlcrt,
1963 1334 2042 1386 tli-

479 1426 608 1465 cens
637 1431 652 1467 :
686 1413 752 1467 Si
794 1425 966 1470 utens
1021 1434 1113 1487 ego
1135 1422 1188 1473 iu
1219 1420 1383 1488 digito
1446 1425 1539 1476 Dei
1579 1423 1735 1489 ejicio
1757 1427 2040 1489 det-onis,

478 1502 709 1570 profecto
737 1507 966 1565 peruenit
995 1511 1047 1562 in
1075 1525 1164 1563 sos
1192 1526 1406 1578 regnum
1437 1511 1531 1565 Dei
1581 1515 1621 1544 ¹¹
1647 1531 1661 1577 ;
1701 1523 1754 1567 et
1784 1533 1797 1568 :
1839 1515 1900 1568 Si
1937 1514 2040 1567 Sa-

484 1604 634 1644 tanas
663 1592 923 1648 Satanam
950 1598 1116 1664 ejicit.
1153 1615 1274 1670 ergo
1299 1601 1500 1655 divisus
1530 1612 1644 1665 est;
1676 1620 1828 1658 omne
1862 1617 2038 1658 autem

480 1701 696 1752 regnum
721 1687 776 1740 iu
797 1705 855 1741 se
877 1691 990 1756 ipso
1012 1691 1261 1751 divisum.
1287 1693 1561 1746 desolatur
1585 1695 1668 1757 ";
1699 1707 1753 1748 et
1789 1711 2000 1748 rursum
2026 1712 2039 1746 :

481 1775 668 1844 Itaque
688 1793 791 1830 non
820 1789 898 1831 est
922 1791 1248 1834 mortuorum
1276 1783 1435 1844 Deus,
1458 1786 1549 1837 sed
1579 1786 1812 1838 rivorum
1845 1785 1908 1837 ".
1937 1786 2000 1838 Et
2027 1803 2040 1838 :

481 1866 540 1920 Si
572 1870 673 1934 lilii
701 1869 968 1924 Abraham
1013 1876 1217 1932 essetis.
1260 1891 1422 1943 opera
1454 1876 1718 1928 Abraham
1747 1879 1988 1945 faceretis
2024 1894 2039 1934 :

480 1974 616 2012 nunc
657 1969 833 2014 autem
867 1965 1105 2029 qtta'ri't's
1155 1981 1236 2018 me
1279 1965 1600 2033 interﬁcere;
1627 1968 1721 2018 ltoc
1775 1967 2042 2020 Abraham

476 2064 578 2102 non
616 2049 736 2114 fecit
773 2051 849 2113 “;
884 2062 935 2106 et
967 2051 1069 2108 :Si
1094 2071 1215 2122 ergo
1253 2071 1364 2121 vos,
1392 2073 1510 2109 cum
1543 2059 1658 2110 sitis
1698 2058 1848 2119 mali,
1880 2061 2044 2110 nostis

475 2141 610 2193 bona
629 2141 758 2194 data
779 2144 907 2196 dure
932 2146 1057 2208 [iliis
1080 2135 1259 2200 vestris
1295 2164 1313 2200 :
1333 2160 1531 2216 quanto
1559 2152 1724 2216 magis
1751 2148 1909 2202 Pater
1939 2166 2046 2203 rec-

475 2242 553 2284 ter
583 2233 822 2297 celestis,
876 2251 998 2289 cum
1028 2236 1100 2289 sit
1139 2237 1334 2302 bonus,
1375 2240 1512 2293 bona
1544 2241 1692 2293 dabit
1752 2241 2045 2309 petentibus

474 2336 593 2374 eum
629 2323 714 2376 "l
756 2334 812 2378 et
848 2341 967 2394 qute
1001 2327 1147 2381 talia.

552 2412 774 2480 Deinde,
809 2425 862 2470 et
894 2433 954 2472 se
996 2419 1168 2486 ipsum
1198 2421 1463 2474 destruet.
1527 2418 1661 2473 Nam
1719 2435 1837 2485 qua!
1861 2429 2046 2473 contra

481 2507 949 2561 ratiocinationem
996 2511 1155 2573 dixit,
1215 2513 1327 2565 iure
1381 2512 1754 2564 ratiocinando
1801 2512 2046 2566 ait:nisi

480 2597 602 2664 quis
632 2613 756 2651 eum
789 2615 893 2652 non
922 2603 1257 2664 ratiocinari,
1284 2603 1375 2656 sed
1411 2619 1438 2654 a
1469 2605 1679 2655 ratione
1709 2605 1929 2657 deViarc
1951 2619 2047 2672 po-

481 2693 589 2744 tius
622 2693 726 2746 ista
763 2693 1030 2748 dicentem
1081 2696 1387 2756 pronuntiet
1419 2711 1433 2748 :
1465 2697 1608 2763 quod
1652 2696 1697 2749 si
1741 2696 2050 2763 huiusmodi

481 2783 955 2838 ratiocinationem
988 2785 1038 2836 in
1077 2784 1188 2837 Deo
1224 2795 1432 2839 tantum
1477 2785 1750 2847 proltihet,
1797 2798 2049 2836 cunctam

481 2885 798 2930 sanctorum
844 2879 1088 2931 destruet
1120 2878 1448 2947 theologiam
1476 2893 1490 2930 :
1518 2887 1573 2932 et
1603 2893 1721 2930 eam
1753 2878 1808 2930 in
1855 2880 2050 2946 primis

484 2986 648 3035 quam
688 2981 875 3025 contra
909 2973 1287 3027 hrcrcticorum
1319 2989 1540 3029 errores
1574 2973 1897 3025 dimicantes
1930 2975 2053 3024 dili-

489 3064 724 3130 gentius,
749 3065 1110 3134 subtiliusque
1163 3068 1628 3135 conscripserunt.
1659 3064 1901 3140 solisque
1923 3080 2052 3118 scn-

2141 625 2290 679 sunt.
2321 619 2595 685 peribunt.

2209 705 2433 770 Verum,
2483 709 2533 763 si
2593 711 2712 776 quis
2768 711 2987 771 dixerit.
3047 710 3106 764 Si
3149 710 3398 776 possibile
3453 713 3520 764 sit
3559 714 3702 765 inve-

2140 797 2242 851 niri
2270 797 2630 865 syllogismum
2671 800 3065 852 concludentem
3103 800 3164 852 dc
3204 799 3514 865 Scripturis.
3545 804 3703 854 etiam

2138 904 2204 941 ex
2259 887 2400 942 Filio
2452 906 2563 942 esse
2623 890 2877 955 Spiritum
2945 905 3207 952 sanctum,
3259 903 3309 944 et
3367 900 3544 944 ambas
3607 896 3706 945 lm-

2140 980 2336 1032 bermm
2375 982 2788 1046 propositiones.
2829 980 2964 1032 hunc
2993 996 3108 1048 ego,
3145 993 3202 1033 st
3231 983 3440 1034 veritati
3475 985 3705 1035 maxime

2140 1083 2529 1142 congruentem,
2591 1075 2932 1126 libentissime
2983 1073 3337 1139 susciperent;
3381 1075 3523 1125 hunc
3583 1090 3705 1137 pm-

2143 1164 2284 1217 lecto
2314 1165 2364 1217 iu
2402 1165 2486 1218 Itis
2510 1178 2627 1231 qua:
2657 1165 2800 1217 dicta
2838 1173 2988 1227 sunt,
3022 1164 3224 1232 liquido
3252 1163 3517 1230 reperiet;
3542 1161 3708 1213 Filius

2141 1255 2341 1323 quippe
2374 1269 2440 1308 ex
2475 1256 2634 1309 l’stre
2673 1255 2973 1321 accipiens,
3026 1263 3080 1307 et
3109 1254 3357 1311 audiens.
3394 1253 3462 1304 ah
3492 1270 3557 1306 co
3585 1268 3707 1305 esse

2144 1344 2328 1396 habet.
2356 1342 2591 1396 Sanctus
2615 1353 2796 1397 autem
2855 1343 3090 1410 Spiritus
3113 1359 3140 1394 a
3167 1342 3306 1396 Filio
3336 1346 3505 1404 audit,
3539 1354 3591 1396 et
3625 1359 3713 1393 ac-

2142 1434 2293 1501 cipit.
2327 1432 2563 1497 Spiritus
2610 1445 2832 1486 sanctus
2859 1447 2988 1497 ergo
3019 1447 3048 1485 a
3075 1433 3209 1485 Filio
3241 1448 3364 1486 esse.
3401 1435 3583 1485 habet.
3617 1432 3711 1483 llic

2145 1523 2319 1592 major
2355 1524 2572 1590 quidem
2607 1524 2910 1590 propositio
2942 1524 3062 1576 lidei
3112 1524 3382 1576 sententia
3419 1533 3503 1574 est
3549 1539 3563 1569 ε

2146 1629 2247 1666 nor
2278 1625 2458 1667 autem
2493 1629 2509 1666 :
2536 1615 2661 1682 quia
2693 1612 2930 1680 Spiritus
2971 1624 3184 1666 sanctus
3209 1630 3239 1664 α
3274 1611 3416 1665 Filia
3453 1615 3640 1664 necitvit
3666 1621 3714 1662 ct

2147 1707 2431 1758 audit:et
2476 1705 2579 1757 ista
2638 1706 2706 1758 de
2765 1705 3047 1772 principiis
3104 1704 3251 1766 lldei,
3307 1703 3716 1769 Salvatorisquc.

2149 1792 2436 1846 sententiis
2485 1799 2593 1846 est.
2642 1790 2719 1844 ita
2753 1792 2916 1859 igitur
2946 1792 3145 1848 sancti.
3181 1799 3240 1844 ut
3293 1801 3569 1844 ostensum
3609 1797 3715 1842 est.

2152 1885 2289 1938 hanc
2335 1869 2655 1938 sententiam
2707 1892 3099 1951 exposuerunt.
3156 1882 3365 1936 Idcirco
3398 1891 3451 1933 et
3491 1882 3556 1932 ah
3599 1865 3718 1946 ipso

2154 1975 2300 2028 illum
2336 1989 2455 2029 esse
2488 1974 2685 2028 habere
2713 1974 2902 2026 dicunt
2935 1982 2988 2026 ut
3022 1974 3110 2041 qui
3146 1976 3211 2025 ah
3253 1976 3368 2038 ipso
3395 1971 3722 2037 act-ipiat,ct

2152 2066 2360 2127 audiat,
2396 2073 2559 2132 atque
2591 2066 2904 2127 annuntiet;
2937 2073 2988 2117 et
3021 2079 3142 2117 esse
3166 2079 3230 2116 cx
3272 2062 3426 2123 Filio,
3457 2071 3511 2114 et
3543 2078 3604 2115 ex
3652 2077 3718 2110 cn

2153 2157 2392 2225 prodire.
2423 2165 2475 2209 et
2514 2170 2610 2222 per
2643 2157 2846 2224 ipsum,
2879 2165 2932 2208 et
2973 2170 3038 2208 ex
3078 2156 3195 2223 ipso
3231 2155 3548 2223 procedere.
3578 2163 3628 2203 et
3674 2153 3720 2205 si

2153 2247 2281 2316 quid
2316 2247 2618 2310 huiusmodi
2643 2247 2953 2314 praedictum
2987 2257 3089 2298 est.
3115 2247 3279 2314 igitur
3303 2262 3422 2296 cum
3443 2247 3723 2312 qttﬂtsilttttl

2155 2339 2518 2408 syllogismum
2571 2339 2787 2400 habeat.
2826 2339 3175 2392 contentione
3229 2339 3474 2400 desistat,
3515 2336 3723 2400 t-cliqt'o

2155 2433 2298 2484 enim
2333 2432 2454 2483 huic.
2487 2431 2692 2481 similes
2716 2432 2950 2495 adjicere.
2988 2431 3202 2483 omitto.

2230 2524 2538 2582 Enimvero,
2591 2523 2636 2574 si
2679 2525 2895 2588 quidem
2947 2537 3162 2573 omnem
3217 2519 3727 2590 syllogismumqui

2159 2631 2264 2667 nou
2300 2615 2489 2667 ambas
2527 2614 2593 2666 de
2621 2615 2916 2680 St'l’ipilil'is
2942 2613 3344 2678 propositiones
3378 2612 3561 2673 habet,
3587 2611 3724 2662 falsa

2161 2718 2311 2772 putat
2345 2707 2729 2773 .concludere;
2763 2716 2818 2755 ct
2877 2706 2990 2766 ipse
3020 2704 3155 2756 falso
3185 2705 3513 2767 suspicatur.
3545 2711 3598 2755 et
3636 2701 3732 2753 Rc-

2160 2798 2338 2848 cicsize
2390 2799 2701 2863 utag'nSttns,
2735 2795 2824 2857 qui
2859 2795 3058 2847 talibus
3107 2809 3203 2858 pro
3256 2795 3483 2844 veritate
3515 2791 3566 2842 iit
3622 2790 3732 2842 Deo

2161 2883 2239 2934 usi
2275 2892 2398 2932 sunt
2438 2881 2833 2943 calumniatur;
2875 2882 2974 2934 hoc
3004 2891 3179 2934 autem
3207 2890 3442 2944 constat,
3475 2880 3613 2945 quod.
3646 2893 3732 2930 se—

2162 2972 2396 3026 cundum
2439 2972 2733 3025 essentiam
2771 2988 2831 3023 ex
2864 2972 3046 3039 aliquo
3083 2971 3346 3030 nascitur.
3379 2971 3619 3037 ejusdem
3643 2986 3733 3024 es-

2161 3067 2352 3118 sentia:
2375 3079 2494 3122 cum
2525 3067 2778 3131 gignente
2809 3074 2890 3118 est
2929 3062 3322 3118 :Filiusantcm
3348 3080 3410 3116 ex
3447 3064 3604 3116 Patre
3638 3079 3705 3114 na

3614 1524 3714 1574 nti-

481 3154 631 3210 sihus
661 3157 964 3210 divinarum
1014 3173 1196 3212 rerum
1225 3173 1479 3220 examen,
1510 3168 1569 3212 ιιι
1619 3159 1839 3224 intelligi
1871 3157 2049 3211 datur.
2081 3179 2126 3236 α
2163 3159 2357 3219 scitur,
2400 3155 2565 3208 Fiiins
2606 3171 2735 3222 ergo
2768 3156 3011 3222 ejusdem
3046 3157 3295 3208 essential!
3328 3165 3435 3217 est,
3460 3155 3615 3221 cujus
3645 3155 3738 3207 illo

480 3248 779 3315 penuittit;
815 3249 1084 3314 aliterque
1137 3264 1243 3302 non
1279 3264 1344 3304 ex
1394 3248 1558 3304 Patre
1591 3249 1707 3302 solo
1759 3251 2055 3318 procudere

481 3351 674 3410 putare
729 3341 998 3409 Spiritum
1051 3352 1301 3396 sanctum
1352 3343 1745 3397 documentum
1791 3343 2052 3401 admittit.

489 3431 633 3497 quod
673 3440 731 3482 ttt
767 3432 840 3483 ita
873 3445 996 3485 esse
1040 3433 1291 3498 probent,
1325 3435 1473 3485 omni
1507 3433 1718 3496 studio,
1745 3441 1799 3486 et
1841 3432 2056 3506 ingenio

481 3523 770 3576 nituntur:
809 3538 932 3576 eum
989 3538 1118 3579 vero
1147 3525 1310 3577 etiam
1351 3540 1412 3576 ex
1467 3524 1602 3578 Filio
1643 3540 1904 3580 asserere.
1951 3541 2054 3576 non

482 3629 636 3679 :cquo
676 3615 1049 3679 probationem
1086 3616 1334 3675 admitti;
1369 3618 1412 3669 si
1456 3619 1602 3670 enim
1641 3617 1774 3670 illud
1807 3618 1873 3670 de
1902 3616 2056 3670 Scri-

481 3705 676 3774 pluris,
715 3715 773 3757 ut
800 3715 976 3773 putat,
1016 3705 1150 3759 nihil
1193 3721 1483 3777 peragens.
1528 3709 1820 3763 ostendere
1846 3708 2056 3768 nititur,

487 3795 659 3848 multo
679 3797 873 3865 magis,
904 3799 996 3866 qui
1030 3797 1178 3850 illum
1200 3798 1367 3851 etiam
1386 3813 1451 3853 ex
1484 3797 1624 3852 Filio
1644 3799 1797 3858 dicit.
1818 3813 1885 3853 ex
1911 3797 2060 3853 Scri—

483 3888 659 3956 ptnris
703 3901 768 3943 ac
795 3891 1132 3952 doctoribus,
1165 3891 1522 3960 omnibusque
1555 3907 1736 3946 secum
1777 3907 1882 3944 una
1921 3907 2060 3961 pug-

486 3977 762 4040 nantibus,
815 3981 1088 4045 copiosius
1127 3981 1177 4033 id
1211 3991 1264 4034 et
1298 3982 1640 4036 manifestius
1667 3983 1904 4037 docebit.
1944 3983 2061 4037 Non

485 4069 652 4137 igitur
683 4072 879 4125 malum
905 4073 1128 4130 omnino
1174 4084 1281 4133 est.
1315 4077 1566 4143 probare,
1593 4076 1686 4130 sed
1709 4091 1814 4130 non
1847 4076 1913 4131 ad
1939 4092 2064 4145 pro-

482 4163 723 4228 positum
745 4163 979 4231 propriis
1009 4165 1080 4216 ιιιί
1115 4165 1418 4233 principiis,
1457 4149 1521 4221 ac
1563 4176 1753 4232 putare
1782 4168 1941 4220 fidem
1965 4183 2058 4221 na-

489 4253 757 4307 turalibus
792 4257 964 4308 initiis
995 4257 1237 4325 probari.
1280 4258 1331 4312 id
1363 4258 1564 4312 malum
1597 4270 1654 4313 et
1691 4260 2061 4330 perniciosum

482 4354 591 4398 ρει.

563 4435 749 4503 Itaque
799 4437 848 4489 is
880 4436 1098 4502 quidem
1147 4437 1238 4504 qui
1283 4440 1455 4490 utitur
1500 4441 1882 4497 communibus
1940 4443 2060 4497 ῦςξεὶ

2157 3248 2246 3316 qui
2281 3249 2485 3314 genuit.
2518 3247 2578 3299 l-It
2613 3248 2702 3300 hic
2739 3248 2903 3314 igitur
2927 3247 3101 3299 mittor
3122 3261 3186 3299 ex
3225 3248 3427 3300 nostris
3457 3256 3732 3306 assumpta

2158 3356 2283 3388 ιρι-ιι
2310 3350 2423 3398 est;
2462 3340 2603 3407 quod
2632 3339 2776 3390 cuitu
2810 3340 3069 3407 gignitur.
3090 3337 3329 3404 ejusdem
3350 3339 3599 3392 essentia!
3630 3349 3739 3398 cst,

2157 3430 2310 3490 cuius
2364 3428 2453 3480 iile
2501 3429 2590 3496 qui
2629 3429 2823 3496 gignit;
2872 3443 2976 3481 non
3022 3439 3198 3480 tamen
3238 3430 3358 3480 ideo
3393 3429 3738 3498 syilngistnus

2171 3521 2365 3573 falsum
2396 3521 2447 3572 in
2479 3520 2586 3572 Deo
2621 3521 2916 3582 concludit,
2951 3531 3004 3574 et
3034 3521 3074 3572 si
3127 3521 3217 3573 Dei
3249 3521 3417 3573 Filius
3443 3520 3608 3587 periei
3633 3525 3740 3573 tius

2157 3623 2210 3666 et
2235 3614 2590 3679 excellentius
2638 3612 2876 3679 ejusdem
2935 3615 3185 3664 cssetttize
3233 3629 3355 3665 cum
3395 3612 3556 3663 l’atre
3608 3627 3739 3665 cou-

2161 3704 2412 3772 Spit‘illll';
2449 3674 2672 3755 materia
2714 3705 2931 3768 quippe,
2961 3715 3008 3753 et
3046 3705 3226 3753 omnia
3267 3719 3386 3770 qut-
3411 3715 3739 3768 sequuntur,

2163 3797 2288 3848 inde
2307 3795 2618 3862 longissime
2646 3808 2856 3848 remota
2877 3807 3024 3848 sunt.
3050 3792 3184 3847 Nam
3206 3795 3304 3846 nisi
3339 3794 3740 3862 propositiones

2163 3903 2282 3956 q-tae
2300 3889 2368 3941 de
2401 3889 2606 3942 uestris
2649 3898 2960 3949 sumuntur,
3000 3902 3106 3938 non
3164 3893 3414 3952 possunt,
3458 3885 3743 3950 quodcun-

2163 3996 2270 4049 que
2298 3990 2581 4054 qumralur
2618 3982 2675 4033 in
2710 3979 2843 4043 Deo,
2872 3981 3019 4033 sicut
3051 3989 3137 4033 est
3163 3979 3474 4042 ostendere,
3504 3993 3570 4030 eo
3601 3979 3742 4042 «μοι

2164 4071 2394 4126 Creator
2416 4071 2685 4126 creaturis
2707 4070 3027 4140 longissime
3047 4069 3300 4126 excellat.
3325 4069 3603 4127 conclusio
3634 4069 3742 4135 jam

2165 4166 2298 4220 falsa
2333 4177 2438 4230 est,
2489 4179 2649 4232 atque
2696 4166 2967 4219 contraria
3001 4166 3130 4218 :tsic
3159 4163 3303 4218 enim
3348 4163 3564 4214 veritati
3601 4159 3746 4212 veri-

2169 4272 2250 4316 tas
2286 4260 2670 4317 rulttetaretur.
2709 4267 2758 4310 et
2799 4258 3080 4310 veritatem
3110 4255 3250 4308 Deus
3287 4256 3485 4307 Veritas
3520 4256 3744 4310 collido,-

2170 4362 2271 4415 ret,
2300 4362 2356 4403 ut
2405 4363 2581 4420 neque
2629 4365 2694 4404 ex
2729 4348 3039 4403 visihiiibus
3082 4347 3374 4401 invisibilia
3418 4347 3562 4399 illius
3613 4361 3746 4397 cnn-

2169 4443 2530 4505 spiccrentur.
2569 4455 2741 4507 neque
2771 4438 3091 4492 Creatorem
3123 4454 3185 4490 ex
3217 4447 3483 4492 creaturae
3507 4435 3752 4503 pulchri-

487 4525 798 4595 priucipiis.
827 4527 972 4580 circa
1005 4530 1054 4579 id
1086 4529 1226 4596 quod
1263 4531 1500 4594 quotidie
1528 4533 1812 4600 queritur.
1837 4536 2062 4590 cum-de
2096 4509 2141 4564 θ
2172 4535 2357 4585 tudine
2403 4531 2831 4598 specularemur.
2869 4531 2975 4584 ista
3013 4531 3156 4584 enim
3206 4530 3377 4594 magis
3419 4537 3669 4579 arcerent
3720 4542 3750 4578 a

485 4614 600 4671 Deo
623 4618 958 4684 proponitur,
993 4622 1377 4691 concessisque
1405 4631 1718 4676 sanctorum
1751 4628 2061 4681 sententiis.

487 4710 686 4776 quibus
710 4710 988 4777 subjectis.
1010 4713 1158 4766 nullo
1179 4730 1245 4770 ex
1271 4716 1354 4770 liis
1379 4733 1498 4781 qua:
1511 4729 1626 4769 rata
1651 4728 1796 4780 sunt,
1829 4719 2061 4782 sublato,

488 4803 759 4856 concinne
783 4805 1089 4866 concludit;
1123 4806 1263 4859 sicut
1305 4809 1548 4878 antiquis
1573 4805 1825 4880 [’atribus
1847 4811 1911 4863 de.
1931 4827 2067 4864 con-

491 4894 840 4947 snhstantiali
872 4895 1262 4951 disserentihns
1307 4900 1665 4968 plurimisque
1700 4902 1820 4954 aliis
1853 4904 1918 4957 de
1965 4903 2069 4958 lide

491 4985 889 5054 (IllafsliOllibliS
932 4988 1611 5054 contingit:uihilnminus
1654 5004 1706 5044 et
1753 4994 1900 5047 illam
1930 5011 2059 5046 con-

489 5077 790 5132 clnsionem
825 5076 1128 5145 Scriptura:
1180 5095 1303 5134 esse
1342 5084 1695 5140 sententiam.
1725 5099 1788 5137 ex
1828 5084 1935 5137 illis
1964 5090 2070 5139 sci-

489 5171 623 5226 licet
667 5173 949 5241 principiis
992 5176 1343 5242 pendentem.
1376 5177 1690 5244 CIIISieqm“,
1735 5178 1880 5232 ttnde
1907 5180 2068 5232 ducta

493 5271 580 5316 est
621 5266 896 5332 propriam
937 5265 1237 5330 fatendum,
1273 5267 1535 5337 illamque
1573 5269 1935 5336 theologicam
1969 5284 2070 5322 vo-

490 5356 807 5420 csndam,et
827 5372 894 5412 ex
916 5359 995 5413 eis
1018 5345 1139 5428 qusi
1154 5371 1282 5415 sunt
1297 5375 1326 5414 ιι
1353 5360 1831 5429 revelatione,csse
1851 5380 1864 5414 :
1882 5377 2076 5432 quem-

497 5448 789 5504 admodum
840 5453 1180 5516 geometric'z
1248 5451 1628 5507 conclusiones
1693 5467 1723 5508 a
1788 5455 2074 5524 principiis

496 5542 808 5608 geometriae
850 5558 960 5596 non
993 5524 1309 5612 derianteii;
1353 5546 1613 5616 alioquin
1652 5547 1878 5618 plurima
1898 5565 1962 5601 ex
1993 5550 2076 5603 his

574 5718 620 5752 ⁸⁸
645 5716 800 5775 Rom.
838 5736 880 5781 t.
932 5720 1022 5775 26.

1135 5723 1174 5754 ¹¹
1208 5719 1344 5778 Luc.
1379 5739 1456 5786 at.
1483 5724 1576 5780 QD.
1621 5752 1628 5756 -
1686 5725 1895 5781 “ibid.
1950 5723 2035 5779 i3.

499 5805 596 5846 xm.
631 5790 713 5843 ll.
1510 5829 1513 5832 .

2171 4627 2421 4686 veritate,
2455 4625 2519 4675 ad
2561 4639 2746 4693 quam,
2796 4639 2892 4690 per
2921 4639 2981 4676 ea
3022 4623 3270 4675 homines
3306 4622 3575 4673 adducere
3606 4620 3750 4670 Vtile-

2173 4717 2285 4770 liat.
2321 4716 2498 4783 Atque
2531 4717 2628 4766 ista
2666 4715 2922 4773 dicimus.
2957 4729 3060 4766 nmt
3098 4715 3240 4780 quod
3285 4713 3336 4765 in
3379 4712 3753 4780 superioribus

2173 4808 2609 4880 syllogismorum
2664 4819 2783 4858 arte
2834 4808 2912 4857 usi
2975 4807 3170 4858 simus.
3233 4804 3389 4871 quasi
3451 4818 3549 4855 nos
3607 4817 3754 4853 nunc

2174 4913 2408 4969 purgare
2458 4899 2771 4964 cupientes;
2825 4897 3177 4965 prtediximus
3231 4898 3376 4950 enim
3435 4905 3750 4949 sanctorum

2176 4993 2318 5045 dicta
2374 5005 2474 5044 nos
2536 4991 2860 5056 simpliciter
2918 4992 3271 5057 exposuisse;
3342 4994 3438 5042 sed
3499 4988 3756 5055 quoniam

2175 5083 2442 5152 plerique,
2477 5081 2642 5135 veluti
2673 5083 2714 5134 si
2747 5098 2774 5134 a
2802 5082 3198 5136 disseretttibus
3233 5094 3555 5132 concessum
3591 5087 3757 5140 esset,

2181 5175 2345 5228 Deum
2405 5175 2745 5229 naturalibus
2795 5174 3076 5243 principiis
3117 5174 3444 5238 subjectum,
3503 5186 3600 5240 per
3647 5171 3761 5222 lucc

2179 5269 2364 5320 dicere
2402 5267 2606 5336 aliquid
2640 5275 2922 5333 putantur,
2957 5265 3428 5334 simpl-ieiorcsque
3459 5264 3759 5330 decipiunt.

2183 5357 2289 5414 Sed
2327 5361 2487 5431 hujus
2529 5375 2748 5430 quoque
2791 5360 3083 5413 voluminis
3133 5359 3416 5428 prolixitas
3455 5356 3759 5418 cohibenda

2182 5463 2286 5508 est.
2335 5451 2572 5521 Cetera,
2621 5452 2732 5507 Deo
2777 5453 3096 5523 miserante.
3157 5453 3405 5523 sequenti
3464 5464 3660 5520 quarto
3711 5457 3765 5502 et

2183 5547 2373 5601 ultimo
2404 5547 2543 5602 libro
2570 5546 2925 5601 disseremus.

2155 5723 2411 5780 "Matth.
2460 5739 2597 5791 χιιι,
2650 5725 2740 5780 32.
2866 5721 3095 5780 “Joan.
3171 5723 3403 5789 rut,37.
3504 5720 3758 5776 "Matth.
