4472 6434
1976 446 2374 507 MANUEIJS
2399 448 2706 509 CALEC/E

3878 407 3975 513 18s

1778 727 2140 814 LIBER
2218 725 2813 830 QUARTUS.

778 989 1049 1055 Quoniam
1084 993 1542 1062 igitur,.juvante
1569 992 1807 1056 Christo,
1854 1006 1920 1045 ac
1970 992 2107 1046 duce
2161 993 2277 1058 ipsa
2313 992 2355 1048 Α
2382 989 2566 1043 steculi

707 1082 933 1147 pietate,
987 1082 1249 1148 Spiritum
1289 1090 1538 1135 sanctum
1591 1083 1754 1135 etiam
1796 1096 1861 1134 ex
1920 1081 2056 1134 Filio
2104 1098 2291 1150 proce-

708 1172 857 1235 dere,
886 1184 1157 1226 veracner
1189 1174 1475 1239 probatum
1520 1183 1622 1231 cst.
1658 1174 1854 1226 mirum
1887 1173 2131 1242 profecto
2170 1189 2289 1227 esse

709 1279 815 1316 non
870 1266 1046 1328 debet,
1087 1266 1131 1317 si
1186 1265 1239 1317 in
1291 1264 1553 1335 Symbolo
1586 1267 1892 1320 communis
1944 1267 2066 1318 ﬁdei
2123 1267 2291 1319 dictio

711 1359 801 1409 i’la
846 1358 1054 1422 adjecta
1096 1367 1213 1421 est;
1258 1361 1351 1413 sed
1396 1361 1445 1411 id
1483 1361 1662 1427 potius
1692 1360 1980 1426 diligenter
2010 1361 2292 1425 inquiren-

710 1450 835 1499 dum
876 1460 979 1511 est,
1013 1464 1214 1503 verane
1250 1466 1319 1504 an
1355 1451 1487 1502 falsa
1522 1450 1595 1504 sit
1663 1451 1752 1504 illa
1785 1451 2037 1513 adiectio.
2072 1451 2205 1506 Nam
2237 1464 2292 1508 et

708 1543 799 1606 qui
858 1542 1191 1595 additiouem
1261 1543 1630 1605 interdixere,
1720 1545 2082 1612 adjectiouem
2145 1547 2289 1610 ﬁdei,

708 1647 1077 1702 corruptaque
1140 1637 1390 1705 dogmata
1454 1638 1806 1692 conscribere
1870 1641 2289 1706 prohibuerunt.

712 1724 849 1779 Nam
895 1729 945 1779 in
987 1728 1263 1795 Ephesina
1306 1729 1513 1798 synodo
1565 1728 1796 1791 :Lecto,
1843 1731 2045 1798 inquit,
2099 1730 2293 1785 Niceni

708 1824 927 1877 concilii
978 1823 1249 1894 ngbolo,
1296 1826 1647 1878 communiter
1692 1826 2000 1889 decernunt,
2045 1828 2163 1893 jam
2199 1846 2291 1881 ηε·-

709 1918 837 1967 mini
893 1916 1051 1969 licere
1103 1918 1259 1982 ﬁdem
1310 1916 1473 1969 aliam
1520 1920 1871 1981 conscribere,
1905 1930 1997 1972 aut
2034 1920 2291 1989 proferre,

708 2017 801 2059 aut
833 2009 1040 2061 tradere
1074 2011 1152 2062 Itis
1193 2012 1283 2075 qui
1326 2026 1391 2062 ea:
1418 2010 1647 2071 ludum,
1681 2014 1761 2064 vel
1793 2012 2058 2079 gentibus,
2090 2028 2201 2075 seu,
2230 2026 2295 2063 ea:

709 2099 817 2150 alia
854 2100 1038 2161 quin-is
1074 2100 1262 2153 Ita‘resi
1292 2102 1359 2152 ad
1412 2100 1708 2154 Ecclesium
1742 2104 1997 2167 veniunt;
2051 2104 2143 2171 qui
2174 2119 2293 2156 vero

707 2190 803 2240 hoc
841 2194 1253 2255 prmsumpserit,
1278 2195 1389 2245 lucc
1417 2202 1466 2245 et
1504 2194 1598 2245 illa
1632 2196 1871 2258 patiatur
1902 2196 2040 2263 (59).

786 2282 970 2335 Fidem
1010 2286 1177 2336 aliam
1223 2286 1498 2339 dixerunt.
1533 2286 1730 2340 Eadem
1769 2302 1899 2339 vero
1931 2287 2209 2355 liquidius,
2240 2297 2295 2340 et

709 2379 1055 2431 manifestius
1088 2379 1224 2437 alias
1256 2379 1497 2447 qualibet
1547 2382 1876 2435 necessitate
1911 2384 2289 2449 pronuntiare,

710 2473 1216 2525 contradicentilms
1252 2473 1577 2541 quibusdam
1632 2475 1915 2531 catholica:
1973 2476 2118 2540 ﬁdei,
2162 2474 2295 2529 nihil

713 2567 885 2633 ipsam
926 2566 1080 2619 ﬁdem
1116 2568 1331 2619 unicam
1368 2568 1557 2622 violat.
1604 2566 1722 2621 Non
1758 2569 1920 2630 igitur
1948 2585 2294 2623 communem

713 2659 871 2711 ﬁdem
907 2657 1208 2721 declarare,
1260 2659 1613 2713 interdictum
1663 2670 1783 2724 est;
1823 2662 1943 2725 sed,
1990 2663 2073 2715 vel
2109 2662 2294 2726 aliam,

711 2751 794 2801 vel
836 2752 1168 2803 contrariam
1221 2752 1501 2814 inducere,
1553 2762 1613 2805 ut
1667 2752 1798 2817 ipsa;
1833 2769 2051 2823 quoque
2106 2755 2300 2809 littera:

712 2846 1025 2904 testantur;
1060 2843 1175 2895 sive
1207 2843 1545 2910 quibuslibet
1581 2845 1897 2901 hominibus
1947 2847 2297 2903 interdictum

714 2940 818 2989 est,
878 2946 945 2983 ne
1007 2934 1237 2998 quisque
1298 2934 1531 3001 horum,
1593 2937 1793 3003 passim
1860 2940 2138 3006 proprium
2198 2941 2299 2995 sibi

717 3020 1030 3091 Symbolum
1068 3026 1441 3099 conscribens.
1471 3040 1526 3081 et
1549 3029 1763 3097 aliquos
1797 3046 1826 3084 a
1863 3034 2141 3086 connnuni
2171 3049 2304 3088 con-

714 3117 947 3169 l'esstoue
970 3132 1252 3181 separans,
1282 3134 1403 3171 cum
1430 3121 1529 3171 hoc
1565 3121 1820 3189 deceptos
1844 3123 2106 3192 baptizet,
2138 3128 2301 3180 ﬁant-

710 3222 816 3271 que
845 3208 1242 3269 conventicula,
1270 3211 1571 3277 cujusmodi
1618 3222 1746 3264 tunc
1809 3215 2044 3282 plurima
2080 3217 2303 3273 ﬁebant.

787 3299 952 3350 Porro
984 3301 1099 3367 ipsa
1142 3300 1379 3354 Ecclesia
1415 3303 1516 3355 sibi
1552 3304 1951 3372 ipsi,docendi,
1993 3317 2157 3377 atque
2185 3311 2309 3366 aliis

715 3390 977 3449 uit-laudi.
1044 3408 1166 3458 qua:
1231 3409 1356 3445 vera
1421 3397 1551 3458 sint,
1597 3406 1652 3449 et
1704 3398 1980 3462 salubria,
2034 3401 2309 3455 licentiam

715 3494 1148 3557 potestatemque
1182 3502 1287 3538 non
1322 3488 1570 3541 abstulit.
1598 3489 1713 3541 Non
1746 3491 1917 3553 enim,
1960 3497 2307 3561 postmodum

716 3578 870 3630 novis
927 3578 977 3629 in
1034 3578 1152 3631 dies
1207 3580 1563 3643 hlaSphemiis
1611 3586 2025 3648 exorientibus,
2080 3590 2132 3641 in
2187 3589 2308 3642 ﬁdei

2330 2331 2370 2383 Β

2650 992 2953 1060 futurum‘.
3022 993 3079 1047 Si
3154 995 3320 1063 igitur
3400 997 3595 1065 primis
3643 998 3982 1054 sufﬁcienter

2393 1084 2766 1150 habentibus,
2830 1088 2896 1141 ad
2947 1091 3344 1144 occurrendum
3426 1091 3687 1158 periculis
3733 1094 3983 1147 omnibus

2396 1175 2614 1241 futuris,
2672 1179 2817 1231 nulla
2882 1188 3069 1248 postea
3130 1181 3434 1236 necessitas
3495 1182 3691 1235 fuisset
3746 1185 3977 1237 concilia

2394 1270 2623 1336 cogendi
2656 1288 2670 1324 :
2704 1273 2949 1325 eamdem
3020 1275 3100 1327 sic
3163 1290 3381 1343 quoque
3416 1284 3737 1344 potestatem
3770 1285 3983 1344 tempo-

2395 1363 2545 1416 ribus
2579 1367 2833 1419 omnibus
2873 1366 3172 1421 Ecclesiam
3238 1369 3461 1430 habere,
3518 1370 3813 1434 putandum
3874 1380 3981 1430 est,

2397 1456 2664 1525 aliterque
2690 1458 2789 1511 hac
2819 1459 3071 1512 libertate
3098 1460 3334 1521 sublata,
3369 1475 3474 1512 non
3501 1475 3664 1528 parva
3688 1460 3989 1513 detrimen-

2397 1558 2472 1609 ta,
2497 1551 2592 1604 sed
2615 1565 2881 1602 summam
2904 1552 3196 1617 perniciem
3219 1554 3368 1620 sequi
3394 1554 3833 1615 necessario,nisl
3857 1553 3987 1605 lice-

2400 1652 2480 1696 ret
2504 1641 2652 1696 Ecch
2670 1644 2762 1695 size
2786 1643 2852 1695 de
2871 1643 2971 1696 ﬁde
2994 1653 3257 1704 statuere,
3281 1646 3538 1707 scribere,
3561 1654 3722 1711 atque
3738 1644 3990 1697 deﬁnire.

2469 1731 2545 1785 Ex
2575 1732 2867 1799 praeteritis
2900 1734 3159 1801 cognitis,
3200 1734 3545 1800 perspicuum
3588 1745 3673 1787 est
3713 1750 3817 1787 non
3845 1733 3991 1797 adje-

2396 1826 2636 1881 ctiouem
2660 1825 2944 1887 dictionis,
2975 1825 3067 1878 sed
3109 1825 3335 1877 alterius
3366 1827 3487 1878 ﬁdei
3528 1827 3988 1892 conscriptionem

2400 1916 2666 1979 interdici,
2696 1916 3105 1985 Erclesiamqne
3140 1934 3247 1970 non
3274 1918 3376 1971 srbi
3408 1918 3533 1986 ipsi,
3563 1918 3654 1969 sed
3678 1917 3993 1969 hominibus

2399 2011 2628 2080 singulis
2669 2013 2734 2063 de
2802 2010 2906 2063 ﬁde
2960 2013 3237 2065 statuendi
3319 2012 3588 2064 ademisse
3642 2020 3988 2072 potestatem.

2398 2101 2586 2169 Neque
2614 2103 2759 2155 enim
2793 2104 2845 2155 in
2868 2103 2987 2156 ﬁdei
3024 2102 3275 2157 terminis
3305 2102 3563 2170 deinceps
3594 2117 3625 2155 a
3659 2102 3831 2156 sueris
3863 2116 3995 2153 ron-

2400 2194 2539 2247 ciliis
2596 2195 3007 2258 quomodohbet
3081 2196 3274 2248 fuis<et
3340 2194 3657 2263 adjectum,
3701 2194 3747 2249 si
3814 2210 3877 2248 ea
3934 2209 3994 2247 se

2400 2296 2673 2354 potestate
2728 2286 3020 2353 privasset.
3069 2289 3242 2340 Aliter
3289 2266 3458 2346 enim.
3503 2289 3593 2355 qui
3646 2288 3748 2340 ista
3784 2289 3992 2348 dicunt,

2400 2392 2494 2429 eos
2525 2376 2713 2439 etiam,
2770 2377 2860 2441 qui
2925 2378 2977 2429 in
3034 2377 3237 2432 Niceno
3292 2379 3529 2432 concilio
3587 2391 3992 2437 convenerunt.

2400 2465 2741 2519 anathemati
2771 2468 3128 2535 subiicerent,
3150 2469 3240 2538 qui
3272 2485 3379 2522 non
3414 2485 3586 2538 pauca
3621 2471 3989 2538 apostolorum

2400 2557 2647 2627 symbolo
2708 2558 3059 2623 addiderunt,
3082 2568 3139 2614 et
3182 2578 3277 2617 eos
3322 2564 3414 2630 qui
3460 2565 3806 2631 postmodum
3848 2564 3993 2619 Cou-

2403 2652 2758 2721 stantinopoli
2840 2653 3269 2717 convenientes,
3326 2662 3381 2708 et
3454 2656 3551 2723 ipsi
3634 2657 3996 2711 nihilmninus

2403 2739 2610 2795 Niceno
2655 2742 2915 2813 Symbolo
2957 2743 3221 2813 adiecisse
3256 2746 3686 2812 comprobantur
3714 2748 3995 2813 quaedam:

2404 2836 2655 2901 qu'ndam
2692 2836 2819 2889 item
2860 2836 3173 2900 abstulisse,
3200 2837 3418 2891 nemine
3450 2838 3821 2901 insimulantc,
3865 2841 3994 2908 quia

2405 2928 2484 2980 sic
2514 2926 2686 2978 visum
2737 2939 2841 2979 est.
2875 2925 3080 2996 Nempe
3124 2937 3179 2981 et
3222 2928 3427 2996 rehqua
3465 2929 3722 2995 deinceps
3766 2931 3994 2984 concilia

2408 3018 2544 3072 alias
2591 3019 2753 3072 aliter
2809 3018 3077 3088 adjecisse
3136 3018 3338 3087 aliqua,
3388 3021 3472 3074 vel
3512 3021 3833 3075 immutasse
3879 3024 4001 3089 quis

2411 3112 2641 3174 nesciat,
2719 3127 2846 3165 cum
2909 3112 2992 3165 ha:
3040 3111 3128 3165 vel
3178 3110 3284 3167 illae
3331 3114 3687 3169 necessitates
3738 3130 4003 3183 casusque

2409 3201 2791 3265 requirerent?

2481 3290 2655 3345 Porro
2715 3294 3076 3347 conciliorum
3115 3295 3181 3349 de
3230 3295 3334 3350 ﬁde
3366 3296 3678 3351 sanctiones
3715 3312 3890 3366 teque,
3940 3313 4006 3352 ac

2414 3384 2729 3452 Symbolum
2771 3402 3116 3454 suscrpumus.
3144 3402 3264 3456 quze
3297 3389 3348 3441 in
3394 3390 3510 3458 ipso
3539 3390 3837 3458 complexae
3869 3406 4003 3444 ron~

2417 3478 2683 3533 tinentur.
2718 3480 2823 3534 Sed
2860 3490 2912 3533 et
2937 3495 3059 3533 cum
3090 3482 3283 3534 beatus
3314 3480 3515 3535 Paulus
3549 3482 3693 3535 dicat
3731 3501 3743 3535 :
3779 3482 4008 3537 Etiamsi

2415 3572 2632 3641 angelus
2665 3573 3128 3641 evaiigelizaverit,
3155 3583 3348 3641 prwter
3373 3572 3446 3635 id,
3480 3574 3620 3640 quod
3650 3576 4005 3645 erangelizavi

717 3670 969 3724 terminis
1010 3672 1122 3740 (.50,
1154 3671 1435 3737 adjiceret,
1491 3690 1611 3742 qua;
1663 3676 1801 3743 βίος,
1848 3678 2013 3743 impio
2046 3694 2151 3746 que
2201 3680 2313 3733 dis.
2342 3670 2385 3727 C
2418 3667 2581 3733 vobis,
2613 3670 2893 3721 anathema
2915 3669 2985 3721 sit
3020 3670 3061 3732 ',
3096 3667 3567 3721 consubstantiale
3595 3675 3778 3720 tamen
3816 3668 4007 3721 Patres

717 3774 1003 3816 cernerent
1032 3779 1045 3827 ;
1091 3772 1183 3815 aut
1212 3765 1355 3816 enim
1405 3767 1769 3819 necessarium
1802 3778 1886 3821 est
1912 3770 2161 3823 conﬁteri
2196 3785 2316 3823 ont-

720 3855 829 3912 nia.
868 3868 995 3907 tunc
1021 3856 1355 3910 confessioni
1391 3857 1511 3912 ﬁdei
1552 3860 1869 3925 plenissime
1902 3862 2133 3930 adjecta,
2160 3872 2213 3915 et
2247 3862 2315 3916 ad

722 3950 935 4002 futuras
970 3951 1236 4004 novitates
1265 3967 1346 4001 vo:
1369 3968 1456 4004 um
1483 3952 1737 4006 sufﬁcere
1755 3957 2020 4008 arcendas
2048 3974 2062 4019 ;
2089 3965 2143 4009 et
2174 3970 2318 4021 post-

721 4044 823 4097 bac
851 4044 1051 4097 futuris
1086 4047 1332 4098 conciliis
1366 4047 1589 4099 minime
1620 4049 1866 4102 licerede
1892 4049 1993 4101 ﬁde
2021 4058 2264 4104 statuere
2299 4072 2314 4105 :

723 4146 811 4185 aut
841 4134 1143 4187 Ecvlesiam
1183 4135 1338 4186 initio
1365 4137 1585 4202 quidem
1623 4138 1865 4202 potuisse
1888 4140 1951 4191 de
1975 4140 2316 4207 dogmatibus

722 4236 986 4289 statuere,
1019 4237 1068 4278 ct
1102 4228 1204 4278 alia
1228 4227 1445 4292 quidem
1480 4228 1702 4289 addere,
1733 4229 1836 4279 alia
1868 4229 2121 4298 auferre;
2161 4243 2316 4299 post-

725 4333 813 4367 mo
839 4321 943 4367 lum
979 4333 1129 4381 vero,
1149 4320 1287 4370 hanc
1322 4319 1575 4372 amisisse
1610 4328 1960 4385 potestatem.
1987 4325 2055 4374 At
2083 4326 2313 4392 primum

725 4410 856 4463 illud
911 4412 1126 4475 quidem
1167 4427 1353 4464 verum
1385 4426 1489 4464 non
1518 4427 1674 4475 esse,
1710 4422 1832 4480 post
1869 4415 1982 4469 haec
2022 4429 2142 4469 acta
2178 4434 2316 4469 ron-

725 4505 848 4557 cilia
904 4514 1214 4557 tcsfantur:
1265 4520 1384 4573 qua:
1436 4505 1702 4573 profecto,
1733 4524 2006 4577 nunquam
2034 4490 2318 4567 convenis-

726 4608 871 4659 sent,
917 4599 960 4649 si
991 4599 1162 4663 prima
1203 4600 1289 4652 illa
1337 4601 1609 4653 semnlalis
1677 4601 1876 4655 futuris
1923 4606 2055 4658 satis
2100 4606 2319 4659 obvias-

727 4700 883 4752 t'ent;
939 4690 1026 4740 llci
1087 4691 1232 4742 enim
1283 4702 1368 4745 est
1427 4692 1606 4745 futura
1659 4709 2024 4761 pr:enoscere.
2092 4697 2315 4768 Singula

728 4797 858 4832 vero
892 4785 1142 4843 concilia,
1168 4784 1231 4836 ad
1264 4798 1500 4850 praesens
1532 4785 1834 4852 periculum
1869 4788 2103 4851 intenta,
2127 4804 2317 4845 contra

728 4874 1013 4929 ltmreticos
1061 4887 1321 4942 pugnant,
1373 4892 1480 4929 non
1540 4876 1781 4930 futurum
1835 4880 2144 4948 propellunt
2206 4883 2319 4937 Hoc

727 4968 871 5018 enim
914 4967 1178 5019 incertum
1210 4980 1313 5021 est.
1347 4967 1482 5021 lllud
1521 4984 1685 5030 vero,
1722 4971 1910 5031 instat,
1944 4982 1997 5025 et
2030 4984 2207 5041 urget.
2236 4974 2315 5029 Ex

727 5057 928 5125 quibus
976 5068 1030 5111 et
1088 5060 1215 5114 illud
1259 5071 1495 5123 constat,
1528 5072 1712 5128 postea
1763 5064 1991 5116 concilia
2028 5065 2234 5120 utiliter
2263 5077 2317 5120 et

728 5153 1047 5207 necessario
1098 5153 1265 5209 fuisse
1298 5158 1552 5215 conﬂata,
1584 5157 1799 5226 quoties
1833 5156 2088 5212 Ecclesiae
2126 5176 2315 5215 neces-

728 5246 863 5299 sitas
902 5258 1141 5311 urgeret.
1183 5247 1388 5313 Nempe
1434 5248 1577 5301 enim
1620 5249 1867 5302 eamdem
1913 5251 2019 5303 vim
2060 5251 2317 5306 Ecclesia:

731 5354 837 5391 non
876 5354 1113 5407 semper,
1157 5354 1219 5391 ac
1267 5340 1516 5392 similiter
1550 5341 1743 5393 adesse
1776 5342 2127 5407 existimare,
2173 5358 2318 5412 mys-

734 5432 867 5483 teria
923 5432 1046 5485 lidei
1099 5432 1399 5485 tollentium
1448 5441 1552 5495 est,
1606 5432 1841 5485 maxime
1886 5448 2007 5484 cum
2072 5432 2323 5486 Salvator

730 5524 948 5586 dixerit,
1005 5539 1065 5578 se
1132 5541 1249 5577 cum
1297 5525 1395 5576 ilia
1467 5541 1630 5592 usque
1688 5525 1756 5577 ad
1814 5527 2322 5579 consummationem

809 5638 822 5667 ⁸
865 5636 1057 5691 Matth.
1118 5654 1310 5703 xxvut,
1357 5639 1446 5695 ‘20.
1528 5642 1547 5670 '
1575 5639 1754 5693 Galat.
1789 5656 1849 5700 tt,
1884 5640 1937 5692 8.

807 5752 921 5821 (39)
950 5753 1022 5833 D_e
1054 5756 1301 5833 hoeloco
1339 5758 1555 5833 concilii
1588 5757 1890 5833 Ephesiui,
1949 5759 2063 5829 lege
2113 5758 2317 5813 Bellar-

737 5824 944 5882 mitnnn
976 5825 1015 5879 l.
1050 5840 1087 5879 ιι
1126 5825 1201 5878 De
1230 5824 1548 5891 Christofc.
1581 5824 1672 5883 ‘29.

810 5896 925 5965 (4'60)
954 5896 1374 5955 Delinitionibus
1396 5909 1448 5954 et
1478 5901 1735 5955 (κει-ρης..

2418 3761 2773 3829 adjecerunt,
2832 3777 2954 3815 cum
3027 3777 3188 3816 nemo
3239 3771 3365 3815 ante
3426 3762 3545 3816 illos
3614 3762 3752 3815 hanc
3812 3762 4005 3815 dictio-

2419 3870 2540 3908 ncm
2590 3855 2876 3908 tradiderit
2926 3854 3062 3924 (4|).
3100 3854 3310 3909 Idcirco
3364 3855 3529 3907 etiam
3562 3869 3589 3906 a
3627 3854 4009 3909 contradicen-

2422 3948 2564 4002 tibus
2618 3947 2758 4001 hanc
2790 3963 2896 4002 non
2932 3947 3167 4001 inveniri
3213 3948 3265 4000 in
3304 3946 3475 4002 sacris
3513 3946 3668 4001 libris
3699 3948 4010 4016 argueban-

2420 4050 2526 4093 tur.
2565 4039 2899 4092 Addiderunt
2926 4047 3127 4099 tameu,
3160 4037 3357 4091 litterae
3380 4051 3599 4090 sensum
3630 4038 4007 4101 conferentes,

2419 4142 2473 4182 et
2520 4141 2713 4183 contra
2764 4128 3111 4183 adversarios
3150 4137 3465 4182 constanter
3495 4129 3821 4181 dimicantes
3852 4128 4009 4194 juxta

2422 4222 2730 4289 theologum
2769 4221 3115 4289 Gregorium,
3147 4223 3241 4289 qui
3274 4222 3348 4273 ait
3386 4238 3399 4274 :
3438 4217 3561 4272 Non
3619 4222 3683 4273 de
3730 4220 3917 4284 verbis,
3964 4229 4012 4273 et

2421 4316 2716 4368 nominibus
2746 4331 3065 4383 pugnamus,
3101 4314 3388 4366 dummodo
3418 4313 3639 4383 syllabae
3672 4312 3741 4364 ad
3774 4316 4009 4365 eamdem

2422 4411 2822 4479 intelligentiam
2863 4410 3059 4477 (erant.
3096 4409 3161 4460 Et
3204 4416 3354 4461 certe
3393 4422 3502 4460 non
3559 4414 3780 4473 propter
3829 4404 4014 4472 hujus-

2424 4503 2567 4555 modi
2624 4500 2984 4568 adjectionem
3036 4497 3188 4551 Pauli
3246 4495 3621 4561 subjiciuntur
3655 4493 4012 4547 anathemati.

2422 4594 2652 4647 Prorsus
2706 4608 2837 4647 vero
2899 4592 3143 4662 synodus
3205 4590 3387 4644 omnis
3428 4605 3528 4658 pro
3586 4587 4015 4655 reprehensione

2420 4689 2860 4754 blaSphemorum
2889 4695 3239 4753 congregata,
3276 4683 3401 4735 ﬁdei
3439 4681 3731 4736 terminum
3767 4679 4014 4746 exponit,

2419 4795 2518 4849 per
2569 4778 2621 4831 id
2676 4780 2819 4847 quod
2871 4776 3156 4829 veteribus
3207 4774 3479 4827 dictiones
3535 4772 3830 4831 adduntur,
3877 4785 4013 4822 nova

2422 4854 2675 4937 dogmala
2709 4883 2985 4922 resecans.
3013 4866 3091 4920 lta
3120 4867 3265 4919 enim
3299 4880 3357 4918 sc
3378 4880 3466 4917 res
3494 4864 3679 4916 habet.
3716 4860 3771 4913 Si
3798 4862 4014 4927 quidem

2422 4972 2567 5017 esset
2613 4961 2897 5030 possibile,
2930 4961 3049 5014 sine
3098 4958 3279 5025 aliqua
3331 4954 3774 5010 contradictione
3826 4968 4013 5006 eormn

2424 5056 2517 5125 qui
2576 5068 2916 5109 cmnmunem
2971 5052 3127 5105 ﬁdem
3180 5064 3501 5119 Oppugnare
3544 5048 3755 5107 volunt,
3792 5059 4016 5098 manere

2428 5149 2726 5205 Ecclesiam
2781 5148 2832 5199 in
2885 5146 3124 5214 antiquis
3168 5145 3453 5212 principiis
3518 5145 3822 5199 immotam,
3870 5140 4014 5191 nulla

2426 5243 2618 5298 fuisset
2651 5241 2953 5294 necessitas
3005 5239 3212 5307 aliquid
3270 5235 3684 5305 quomodolihet
3737 5235 4014 5302 adjicere;

2426 5338 2520 5392 sed
2554 5334 2867 5390 suﬁ‘ecissct
2907 5333 2977 5387 ad
3015 5330 3418 5387 confessionem
3466 5329 3616 5396 lidei,
3647 5316 4015 5395 compositum

2430 5446 2458 5483 a
2494 5431 2698 5483 sanctis
2726 5427 2997 5497 apostolis
3031 5428 3099 5480 ab
3124 5425 3282 5480 initio
3310 5423 3629 5495 Symbolum
3665 5421 3829 5476 breve
3854 5418 4018 5476 simul

2431 5540 2494 5579 ac
2522 5523 2771 5594 simplex.

2503 5756 2616 5823 (Η)
2642 5754 2985 5810 Contrarium
3023 5764 3239 5821 apparet
3267 5767 3332 5806 ex
3356 5751 3460 5805 illis
3498 5763 3617 5818 qute
3634 5747 3795 5802 docet
3817 5742 4020 5797 Bellar-

2437 5831 2616 5882 minus
2642 5843 2677 5881 ιι
2716 5826 2792 5880 Dc
2820 5825 3055 5889 Christo,
3095 5841 3142 5878 c.
3174 5825 3226 5877 5.
