4472 6434
1558 412 1962 479 ADVERSUS
1994 420 2309 487 αηλεοοει
2335 429 2482 495 LIB.
2504 434 2606 499 IV.

3592 446 3696 516 190

695 512 803 620 “2'
801 515 1241 620 .1",'°_"T‘"'“’
1283 515 1448 620 Arii"
1482 521 1580 576 Dei
1603 519 1808 620 Filium
1857 525 2031 620 mm”
2060 541 2122 598 Αν
2207 538 2273 594 εί
2300 541 2392 608 σιειί
2439 541 2641 613 lgiliiesi
2667 548 2901 614 Primum
2929 566 3317 620 convenerunt,
3349 559 3470 616 fidei
3507 512 3692 620 terr—nli-

462 604 698 657 essentia
730 603 1021 658 detrudere
1063 608 1430 674 praeumpsit,
1477 612 1618 679 quod
1666 613 1719 667 in
1756 618 2029 682 apostolo-

462 710 581 748 rum
641 696 890 764 symbolo
934 695 1195 764 scriptum
1240 705 1428 766 aperte
1472 715 1580 757 non
1613 703 1807 769 fuerat,
1838 705 2032 761 Filium

464 787 704 852 ejusdem
735 787 987 838 essentir
1015 801 1140 841 cum
1177 784 1340 843 Patre
1375 804 1494 846 esse
1528 808 1542 846 :
1578 805 1698 847 cum
1727 795 2032 860 huiusmodi

465 889 728 929 venenum
755 890 851 940 per
878 891 1072 945 corpus
1097 878 1352 933 Ecclesiae
1377 893 1642 950 serperet.
1678 898 1848 950 eaque
1871 885 2037 953 pestis

466 965 836 1021 ciiurderctur
892 969 948 1022 in
993 970 1195 1038 plures,
1253 973 1344 1038 qui
1410 971 1461 1025 in
1516 971 1674 1027 Nirea
1732 989 2036 1029 convenere

463 1058 676 1118 Patres,
729 1061 998 1122 veritatis,
1064 1075 1128 1115 uc
1194 1061 1428 1114 ﬁdelium
1487 1078 1671 1116 eurum
1735 1065 2034 1128 habentes,

467 1147 727 1216 Symbolo
758 1150 864 1202 alio
888 1152 1218 1219 composito,
1246 1153 1294 1205 ei
1329 1154 1781 1208 consubstantiole
1820 1157 2039 1210 addide-

463 1250 622 1301 runt;
675 1248 840 1308 atque
889 1249 1012 1294 ante
1058 1242 1236 1294 omnia
1294 1244 1487 1295 sucula
1540 1241 1734 1296 Filium
1785 1261 1850 1298 ea:
1884 1245 2040 1300 Patre

464 1331 715 1396 genitum,
745 1348 854 1384 non
902 1331 1126 1398 factum.
1157 1342 1205 1384 et
1263 1347 1331 1385 es
1389 1333 1496 1386 Deo
1541 1349 1682 1393 vero,
1723 1333 1886 1387 Deum
1927 1351 2039 1389 esse

462 1436 659 1481 serum,
719 1431 774 1473 et
827 1435 948 1489 qua
1033 1429 1159 1475 tunc
1221 1422 1573 1490 adjecerunt,
1621 1438 1747 1476 cum
1809 1425 2037 1490 apostoli

466 1520 657 1564 natum
680 1511 1022 1566 solummodo
1049 1526 1114 1566 ex
1143 1510 1306 1565 Patre
1337 1513 1631 1566 dixissent.

536 1601 706 1654 Erant
772 1602 875 1655 ista
944 1602 1062 1665 sic;
1144 1603 1540 1671 videbaturque
1616 1612 1743 1655 tunc
1821 1603 2037 1658 abunde

463 1692 669 1745 munita
701 1692 860 1749 fides,
879 1706 997 1742 cum
1023 1706 1192 1756 parvo
1218 1701 1338 1756 post
1370 1703 1612 1764 tempore
1638 1700 1830 1746 contra
1863 1695 2037 1747 sancti

462 1780 699 1846 Spiritus
723 1783 1064 1836 divinitatem
1091 1795 1152 1832 se
1177 1783 1348 1836 creuit
1375 1783 1646 1849 impietas.
1676 1783 1840 1836 Erant
1868 1785 2034 1843 enim,

462 1875 554 1942 qui
601 1875 843 1928 dicerent
882 1866 1120 1928 'sanctos
1156 1875 1209 1927 in
1243 1875 1403 1928 Nicea
1461 1874 1650 1927 Patres
1718 1875 1921 1941 optime
1975 1873 2040 1928 de
2072 1865 2115 1920 Β

467 1961 571 2015 fide
604 1963 881 2023 statuisse,
907 1971 964 2014 et
991 1960 1201 2015 Patrem
1235 1962 1451 2031 quidem
1484 1961 1654 2015 Deum
1677 1964 2037 2031 prmdirassc;

464 2051 660 2106 Filium
714 2053 841 2104 item
876 2053 990 2118 pari
1026 2052 1184 2106 Iau-ie
1225 2054 1557 2117 itouorasse;
1594 2052 1852 2118 Spiritum
1905 2068 2036 2107 vero

465 2153 714 2196 sanctum
758 2158 861 2195 non
903 2141 1208 2208 appellasse
1250 2142 1439 2194 Deum.
1467 2139 1851 2196 Conveneruut
1883 2143 2036 2197 Con-

467 2233 822 2299 stantinopoli
880 2234 1092 2293 Patres,
1135 2241 1187 2286 et
1241 2232 1371 2286 illud
1425 2226 1770 2297 quod'nunc
1822 2233 2041 2302 legitur,

467 2325 775 2394 symbolum
815 2331 1258 2390 composuerunt.
1312 2323 1559 2389 Cumque
1603 2322 1792 2377 Niccni
1825 2325 2041 2378 concilii

463 2413 660 2469 Patres
684 2414 882 2479 solum,
905 2422 953 2466 et
980 2414 1032 2464 iu
1063 2412 1320 2485 Spiritum
1340 2423 1605 2478 sanctum,
1629 2415 1854 2468 credere
1881 2416 2046 2468 dixis-

415 2547 418 2550 .
469 2515 612 2567 sent,
651 2505 894 2574 nihilque
919 2505 1249 2573 adiecissent
1278 2507 1546 2574 amplius;
1579 2506 1691 2569 isti,
1736 2522 1856 2574 qua!
1888 2506 2041 2575 plura

467 2608 595 2652 sunt
631 2597 812 2651 addita
865 2607 1236 2660 apposui-runt
1277 2597 1344 2651 de
1377 2598 1550 2651 sancti
1585 2596 1820 2664 Spiritus
1866 2599 2042 2650 domi-

469 2689 694 2743 natione
742 2696 798 2741 et
847 2688 1070 2741 deita'e.
1113 2687 1296 2755 Neque
1336 2687 1510 2740 solum
1564 2687 1915 2747 ad-lidcrunt,
1952 2689 2046 2740 sed

467 2772 824 2834 detraserunt
873 2779 1062 2833 etiam.
1101 2775 1259 2852 Nam,
1294 2793 1415 2832 cum
1459 2778 1728 2832 disi~sent
1759 2779 1857 2840 illi,
1886 2779 2048 2833 Geui-

470 2883 584 2926 ltmt
629 2887 693 2924 ea:
736 2869 913 2932 Patre,
960 2868 1238 2933 videlicet,
1289 2884 1356 2922 ex
1406 2868 1582 2923 Patris
1642 2871 1904 2933 essentia,
1960 2872 2049 2924 ἱςιὶ

469 2961 646 3014 solum
693 2975 758 3012 ea:
797 2958 958 3012 Patre
997 2958 1224 3027 genitum
1270 2958 1603 3012 retinuerunt
1638 2977 1652 3013 :
1689 2973 2050 3028 magnamque

469 3053 700 3107 omnino
758 3050 1120 3104 diﬂ'ercntiam
1184 3051 1237 3102 in
1304 3051 1479 3104 tribus
1539 3050 1622 3103 ltia
1684 3051 1978 3118 Symbolis,
2008 3053 2052 3105 si

469 3146 637 3202 verba
689 3134 745 3197 et
803 3144 1022 3197 nomina
1080 3142 1348 3198 attcudts.
1384 3140 1650 3194 invenies.
1695 3140 1812 3194 Non
1870 3152 2048 3195 tamen

469 3235 698 3305 obeam
739 3232 1120 3294 diﬂerentiam,
1153 3232 1234 3284 vel
1269 3231 1360 3298 q-ti
1404 3233 1455 3283 in
1508 3230 1672 3286 Nicca
1727 3246 2049 3296 convenere,

471 3328 631 3382 aliam
671 3328 853 3388 fidem,
903 3340 1064 3394 quam
1101 3325 1169 3377 ab
1216 3324 1492 3390 Apostolis
1526 3324 1856 3391 acceperint.
1902 3339 2050 3376 com-

472 3420 718 3489 posuisse
748 3417 1158 3476 existimantur,
1209 3417 1289 3468 vel
1318 3416 1410 3484 qui
1444 3427 1631 3480 postea
1658 3415 2051 3470 Constantino-

472 3511 578 3580 poli
628 3510 869 3573 fuerunt,
904 3517 1100 3576 praeter
1149 3506 1368 3560 Patrum
1439 3507 1618 3566 fidem,
1661 3508 1750 3575 qui
1792 3507 1845 3559 iu
1889 3505 2050 3560 Nirea

470 3603 712 3665 fuerant,
746 3609 1056 3656 senserunt.
1092 3598 1351 3652 Tes'atur
1393 3597 1690 3662 Gregorius
1722 3597 2050 3663 Tltoologus,

470 3694 562 3761 qui
608 3693 735 3748 huic
781 3691 991 3761 synodo
1043 3688 1316 3747 interfuit.
1351 3689 1404 3741 in
1437 3690 1600 3756 epist.
1627 3673 1699 3739 ad
1738 3689 2052 3740 tlletlouimn

471 3787 552 3839 sic
610 3785 858 3838 scribens
891 3797 905 3835 :
943 3779 1056 3835 Nos
1106 3778 1238 3833 nihil
1283 3795 1511 3845 unquam
1571 3779 1692 3846 ﬁdei
1760 3796 1791 3831 a
1858 3781 2056 3835 sanctis

477 3875 731 3930 Patribus
753 3875 841 3945 qui
871 3874 926 3928 in
957 3872 1120 3931 Nirea
1153 3887 1434 3926 cauerurre
1466 3885 1559 3937 pro
1606 3872 1826 3923 delenda
1856 3873 2059 3923 Ariona

473 3969 660 4024 lueresi
688 3969 1008 4034 rourpositc,
1031 3968 1083 4019 in
1115 3967 1313 4018 hovm‘re
1340 3965 1414 4018 rei
1440 3963 1791 4031 pra-tulimus,
1815 3964 1890 4018 rei
1913 3980 2054 4032 prmo

473 4066 610 4132 ferre
657 4075 974 4127 possumus;
1022 4058 1112 4110 sed
1169 4055 1320 4112 illius
1367 4055 1515 4123 ﬁdei,
1576 4057 1862 4109 miserante
1916 4056 2058 4117 Deo,

471 4170 678 4218 sumus,
703 4160 863 4220 atque
900 4152 1118 4203 erimus.
1156 4148 1219 4202 id
1242 4158 1418 4201 autem
1445 4146 1774 4200 solummodo
1810 4147 2059 4200 elucida—

471 4246 665 4308 rimus,
706 4241 846 4310 quod
885 4242 948 4295 de
985 4251 1168 4295 sancto
1203 4239 1406 4309 Spiritu
1441 4241 1614 4292 minus
1647 4238 2063 4307 dirtumfuorat,

471 4353 535 4392 eo
574 4336 712 4400 quod
746 4347 867 4386 tunc
920 4330 1222 4400 hujusmodi
1278 4333 1502 4401 quieuit:
1541 4342 1684 4384 mata
1732 4347 1834 4382 non
1870 4330 2062 4396 fuerit,

473 4429 594 4493 quia
623 4429 780 4481 ullius
816 4426 1108 4479 diuinitatis
1135 4425 1268 4478 scire
1295 4431 1493 4491 oportet
1520 4420 1726 4475 Patrem
1751 4431 1796 4474 et
1829 4419 2057 4484 Filium,

473 4531 526 4574 et
555 4517 814 4581 Xpirimm
849 4525 1086 4570 sanctum
1111 4556 1128 4582 ,
1161 4515 1323 4569 Deum
1356 4516 1512 4568 etiam
1529 4511 1797 4593 (Spiritum
1829 4513 2070 4583 fatendo.
2109 4545 2151 4600 ο

558 4611 614 4665 lu
669 4605 1107 4675 Chalcedonensi
1163 4619 1379 4674 quoque
1435 4602 1669 4658 concilio
1722 4604 2062 4670 congregati,

477 4705 578 4771 pro
611 4703 695 4755 bis
728 4700 894 4754 veluti
934 4699 1205 4752 rationem
1230 4695 1542 4757 reddentcs,
1573 4693 1674 4745 hos
1712 4707 1884 4759 neque
1918 4693 2069 4757 adje-

479 4792 624 4847 cisse
657 4791 807 4843 aiunt
864 4788 986 4842 fidei
1030 4785 1357 4842 Niceuorum
1412 4781 1831 4852 Patrum,quasi
1865 4797 2063 4834 novum

482 4884 788 4951 quidpiam;
815 4891 869 4935 et
900 4879 1112 4934 varium
1158 4876 1428 4939 dicentes;
1461 4889 1656 4940 neque,
1686 4874 1830 4942 quod
1859 4873 1927 4926 ab
1959 4873 2064 4926 illis

479 4975 659 5029 fuerat
710 4973 999 5038 relictum,
1034 4972 1134 5024 hos
1184 4968 1517 5038 implevisse,
1550 4967 1644 5020 sed
1708 4966 1947 5023 illorum,
1997 4964 2065 5017 de

483 5076 676 5123 sancto
700 5064 912 5134 Spiritu
943 5061 1379 5138 intelligentiam,
1409 5069 1599 5114 contra
1640 5073 1734 5113 cos
1770 5059 1861 5125 qui
1917 5057 2066 5109 illius

487 5159 915 5214 dominationem
943 5141 1171 5209 auferre
1201 5154 1540 5213 nitebantur,
1573 5149 1870 5218 Scriptum
1914 5147 2069 5201 testi-

487 5249 689 5305 moniis
723 5245 918 5302 fecisse
957 5245 1280 5314 planiorem.
1314 5242 1571 5296 Videntus
1604 5224 1783 5293 autem
1813 5249 1868 5292 et
1898 5239 2071 5305 ipsos,

486 5344 582 5412 qui
618 5342 726 5397 illic
778 5346 1174 5400 murenerunt,
1202 5333 1460 5406 Sytnboio
1507 5331 1721 5388 Niceno
1767 5328 2070 5384 addidisse.

488 5430 628 5488 Nam
677 5445 800 5487 eum
847 5428 947 5492 iiii,
979 5425 1124 5481 Patri
1167 5423 1366 5480 Filium
1399 5421 1924 5479 consubstantialem
1953 5426 2074 5473 tau-

489 5525 773 5581 tmumodo
818 5521 1088 5584 dixerint,
1136 5515 1231 5573 isti
1288 5514 1666 5570 addiderunt:
1706 5509 2073 5567 Coasubstaa-

489 5615 671 5671 tioium
711 5612 866 5669 Patri
914 5609 1201 5666 secundum
1244 5608 1519 5672 deitatem,
1558 5601 2073 5660 consubstantialem

492 5707 678 5764 nobis.
725 5703 1008 5762 secundum
1053 5702 1478 5765 humanitatem,
1544 5696 1808 5768 Eutychis
1858 5696 1911 5749 in
1977 5695 2079 5748 hoc

494 5800 807 5869 opinionem
835 5795 1204 5867 corrigentes.

2135 635 2711 716 num__exposuerunt,
2743 650 2854 702 quo
2905 638 2997 692 Dei
3057 640 3301 698 Genitrix
3342 647 3495 701 beata
3529 650 3693 716 Virgo

2137 714 2482 808 praedicatur.
2516 719 2681 789 Virgo
2714 727 2856 779 enim
2903 730 3239 786 solummodo
3270 737 3416 788 beata
3459 739 3509 790 in
3545 714 3694 808 sym-

2135 799 2259 907 bolo
2298 807 2563 872 appellata
2593 811 2790 866 fuerat.
2827 815 2941 868 Etsi
3001 821 3143 870 enim
3199 822 3454 890 Sytnbolo
3497 829 3547 880 id
3575 799 3700 882 'ad-

2130 904 2330 986 jcctum
2362 913 2468 953 non
2492 913 2592 962 est,
2622 904 2973 961 nihilominus
3001 909 3238 978 Symboii
3263 920 3547 972 terminum
3581 922 3695 986 (με)

2137 985 2284 1038 illum
2313 1003 2655 1054 veneramur,
2691 995 2997 1062 ltnjusmodi
3052 1004 3386 1069 Vocabulum.
3443 985 3696 1079 ίιιίηεηηέ

2137 1091 2358 1131 sensqu
2417 1090 2475 1134 ut
2530 1085 2828 1138 ret-tissime
2864 1090 3101 1152 positum
3131 1096 3507 1161 suscipientes,
3539 1114 3698 1169 atque

2137 1171 2458 1227 conﬁtentes
2503 1190 2518 1226 :
2571 1190 2768 1242 eosque
2796 1179 2889 1245 qui
2925 1181 3051 1232 illud
3088 1195 3304 1250 negant,
3333 1202 3697 1249 exsecrantes,

2137 1263 2335 1330 quibus
2377 1266 2523 1319 circa
2577 1267 2888 1336 Symbolum
2932 1288 3036 1326 non
3080 1290 3338 1341 majorcm
3362 1283 3698 1334 ostendimus

2138 1357 2392 1424 rigorem,
2426 1376 2588 1428 quam
2623 1363 2870 1419 universa
2925 1369 3167 1436 synodus
3213 1385 3311 1438 pro
3359 1374 3701 1425 revincendis

2141 1447 2491 1515 blasphemiis
2541 1467 2890 1523 emigregata.
2924 1457 3156 1526 fideique
3191 1462 3479 1515 terminum
3536 1480 3702 1531 expo-

2142 1555 2298 1602 nens,
2331 1551 2385 1595 et
2415 1557 2511 1611 per
2562 1559 2654 1597 cas
2705 1561 2840 1612 quas
2897 1550 3140 1616 antiquis
3193 1553 3378 1614 addit,
3411 1555 3702 1622 dictiones,

2142 1645 2277 1684 nova
2310 1632 2566 1701 dogmata
2599 1636 2910 1692 elimiuans.

2215 1722 2720 1790 Magnuspraaterea
2744 1730 2974 1784 Basilius
2994 1732 3046 1784 in
3077 1731 3281 1802 Regula
3320 1735 3386 1788 ad
3416 1739 3708 1791 monachos

2142 1825 2451 1868 sanctorum
2498 1816 2717 1870 Patrum
2767 1819 2947 1882 ﬁdem,
2981 1838 3134 1890 quas,
3179 1833 3237 1877 ut
3269 1826 3381 1891 ipse
3427 1829 3520 1891 ait,
3555 1829 3709 1895 fran-

2141 1906 2285 1965 dari,
2318 1907 2710 1978 adulterarique
2743 1927 2845 1964 non
2893 1926 3086 1977 posset,
3119 1931 3242 1968 cum
3283 1931 3343 1970 se
3381 1894 3706 1973 traditurum

2141 1997 2508 2064 polliceretur.
2543 2002 2800 2065 plurima,
2833 2020 2953 2071 quae
3000 2006 3052 2058 in
3111 2009 3233 2060 lidei
3283 2007 3540 2079 Symbolo
3589 2020 3715 2064 sunt

2141 2095 2356 2158 posita,
2406 2092 2611 2153 omisit,
2667 2104 2719 2145 et
2768 2096 2832 2148 de
2862 2108 3054 2150 sancto
3081 2097 3284 2164 Spiritu
3336 2101 3490 2162 nihil,
3540 2117 3715 2171 neque

2143 2183 2283 2248 quod
2318 2198 2381 2237 ex
2419 2182 2599 2242 Patre.
2635 2202 2805 2255 neque
2844 2193 2983 2253 quod
3021 2206 3115 2256 per
3141 2191 3332 2245 Filium
3372 2198 3713 2260 procederet,

2143 2274 2315 2334 dixit;
2345 2278 2436 2326 sed
2484 2287 2690 2330 tantum
2729 2289 2783 2331 et
2821 2282 2870 2332 in
2905 2280 3163 2348 Spiritum
3211 2297 3463 2338 sanctum
3514 2302 3570 2340 se
3603 2303 3719 2341 cre-

2145 2370 2273 2422 dere
2297 2369 2502 2434 dicens,
2536 2370 2758 2435 adici-tis
2784 2375 3106 2436 quibusdam
3139 2377 3434 2443 Scriptura:
3466 2381 3716 2431 testimoo

2149 2461 2253 2512 niis
2297 2459 2365 2514 de
2409 2471 2598 2516 sancto
2639 2463 2866 2531 Spiritu,
2894 2480 2958 2518 ex
3002 2464 3164 2519 Patre
3219 2469 3389 2535 ipsum
3426 2474 3720 2535 procedere

2149 2551 2370 2604 omnino
2403 2553 2566 2606 tacuit
2604 2570 2619 2606 :
2655 2569 2775 2605 eum
2829 2557 2959 2610 nihil
3006 2558 3269 2624 adjicere,
3303 2575 3477 2628 neque
3505 2561 3721 2615 demere

2149 2648 2538 2711 prepositisset,
2595 2649 2914 2701 existimans
2968 2650 3052 2702 his
3109 2666 3228 2718 qua:
3275 2651 3528 2715 dixisset,
3557 2653 3718 2706 etiam

2151 2754 2271 2804 qum
2304 2739 2511 2797 ιτιςρὶντυ
2544 2741 2948 2804 comprehendi.

2226 2829 2298 2881 Ex
2340 2831 2421 2882 bis
2458 2832 2734 2895 perspicue
2764 2842 2994 2892 constat,
3027 2847 3120 2883 eos
3154 2833 3243 2898 qui
3275 2833 3494 2886 auferre
3518 2835 3721 2902 aliquid

2154 2916 2237 2968 vel
2270 2917 2466 2967 addere
2499 2918 2908 2979 prohibuerunt,
2931 2935 3036 2970 non
3053 2921 3409 2985 adiectionem
3443 2923 3722 2993 dictionis,

2157 3008 2253 3060 seti
2287 3007 2407 3060 ﬁdei
2437 3009 2660 3059 alterius
2687 3011 2979 3063 editionem
3012 3014 3245 3066 vetuisse
3274 3033 3288 3076 ;
3330 3016 3565 3084 alioquin
3605 3019 3727 3070 nul-

2158 3097 2266 3151 lum
2302 3110 2445 3154 esset
2466 3100 2764 3154 concilium
2798 3117 2824 3152 a
2857 3102 3082 3156 crimine
3115 3104 3377 3160 immune.
3410 3107 3638 3161 Constat
3675 3118 3730 3163 rt

2079 3190 2124 3252 C
2158 3191 2285 3243 illud
2325 3207 2450 3250 una,
2507 3193 2647 3258 quod
2691 3193 2924 3245 fidelium
2963 3195 3180 3263 quidem
3211 3199 3488 3265 proprium
3534 3201 3604 3253 sit
3632 3202 3732 3253 ad-

2159 3283 2317 3342 dere,
2349 3285 2602 3337 novitatis
2626 3296 2802 3338 autem
2833 3287 3174 3340 inventorum
3211 3290 3276 3340 ad
3308 3305 3412 3342 non
3447 3292 3732 3360 scriptum.

2160 3380 2332 3446 adque
2382 3382 2559 3447 priora
2606 3397 2909 3448 recurrere,
2943 3383 3220 3450 religionis
3248 3385 3456 3440 sciiicet
3483 3389 3732 3452 obtentu,

2162 3472 2497 3541 iniquitatem
2531 3475 2689 3525 simul
2719 3478 2953 3542 operire,
2984 3485 3147 3544 atque
3177 3479 3523 3534 introducere
3557 3483 3736 3534 niten-

2162 3564 2332 3626 tium;
2361 3565 2554 3630 quippe
2586 3565 2966 3619 lucreticorum
3016 3568 3236 3635 singuli,
3271 3570 3361 3634 qui
3411 3571 3546 3625 alias
3578 3572 3736 3626 aliam

2166 3655 2285 3707 ﬁziei
2344 3657 2746 3719 corruptionem
2793 3657 3078 3719 invexere,
3132 3660 3342 3710 merito'
3383 3661 3738 3723 adjcctioncm

2164 3755 2484 3807 vetuerunt,
2515 3763 2582 3802 ne
2633 3763 2730 3816 per
2759 3763 2878 3801 eam
2919 3763 3015 3802 sua
3061 3750 3300 3802 versutia
3353 3762 3674 3819 argueretur
3722 3771 3737 3808 :

2166 3856 2324 3909 quam
2347 3841 2557 3894 scilicet
2577 3843 2748 3894 sancti
2765 3840 2954 3895 Patres
2979 3851 3169 3896 contra
3188 3843 3404 3896 illorum
3425 3845 3740 3909 perniciem,

2168 3945 2226 3987 ut
2271 3935 2707 4000 potentissimum
2757 3934 3212 3988 medicamentum
3241 3936 3690 3997 etcogitaverunt
3726 3953 3740 3989 :

2167 4035 2222 4080 et
2271 4042 2376 4094 qua
2428 4026 2675 4080 infideles
2721 4036 2882 4095 atque
2935 4027 3130 4094 impius
3177 4042 3205 4078 a
3253 4027 3356 4094 piis
3391 4026 3747 4095 fidelibusque

2169 4119 2564 4182 discernerent,
2599 4134 2662 4172 ac
2712 4135 2810 4187 per
2839 4133 2961 4172 eam
3011 4118 3268 4173 Erclcsiae
3297 4134 3431 4185 pura
3467 4129 3521 4173 et
3555 4119 3749 4173 imma-

2172 4211 2347 4266 cuiata
2385 4209 2516 4264 ﬁdes
2544 4226 2696 4263 serva
2708 4225 2782 4264 rct
2794 4227 2876 4263 ur.

2244 4302 2418 4370 Atque
2465 4301 2726 4355 adversus
2769 4317 2865 4355 eos
2899 4302 2988 4366 qui
3022 4302 3210 4356 dicunt
3242 4315 3357 4365 cos,
3389 4302 3480 4370 qui
3517 4301 3748 4368 primum

2173 4394 2241 4461 de
2284 4394 2384 4450 ﬁde
2429 4402 2734 4448 statuerunt
2763 4402 2816 4448 et
2847 4393 3192 4457 definierunt,
3245 4394 3412 4446 fuisse
3443 4393 3751 4446 sanctiores

2179 4496 2231 4538 et
2264 4486 2604 4540 honestiores
2626 4485 2709 4538 his
2727 4486 2814 4554 qni
2849 4499 3061 4552 semper
3091 4483 3294 4550 aliquid
3325 4483 3609 4551 adjiciunt,
3649 4497 3750 4551 pro

2182 4595 2239 4633 se
2271 4579 2422 4648 ipsis.
2458 4589 2510 4632 et
2541 4593 2639 4647 pro
2674 4577 2904 4630 veritate
2962 4577 3221 4630 rationem
3253 4574 3488 4628 reddunt
3523 4575 3750 4636 silentii,

2168 4672 2407 4740 priorum
2433 4670 2648 4722 Patrum
2668 4683 2885 4723 causam
2909 4664 3223 4728 inferentes,
3249 4667 3369 4719 illos
3404 4666 3610 4719 scilicet
3633 4665 3757 4719 ideo

2171 4760 2302 4817 nihil
2334 4759 2536 4814 dixisse
2587 4759 2714 4827 quia
2759 4757 2996 4810 nondum
3057 4740 3233 4807 tanta“
3255 4757 3510 4822 nequitia:
3546 4751 3756 4806 zizania

2167 4866 2352 4911 essent
2380 4860 2567 4905 emrta
2599 4871 2612 4905 :
2640 4851 2779 4920 quod
2817 4851 2860 4904 si
2896 4850 3056 4902 modo
3094 4849 3167 4901 illi
3206 4846 3483 4909 adessent,
3512 4846 3593 4898 vel
3622 4856 3750 4898 tunc

2171 4945 2481 5012 bujusmouli
2512 4943 2868 5012 pullulasscnt
2918 4941 3199 5001 scandala,
3231 4940 3345 4991 hrec
3389 4938 3490 5004 ipsi
3542 4950 3759 5004 qucque

2164 5037 2512 5106 adjecissent.
2540 5034 2697 5087 sicuti
2719 5031 2877 5085 modo
2901 5048 3000 5084 nos
3014 5029 3264 5090 facimus,
3289 5044 3349 5081 ac
3375 5028 3520 5080 nullo
3538 5027 3760 5079 omnino

2174 5130 2395 5183 nomine
2461 5126 2892 5182 abstinuissent,
2930 5136 3024 5190 per
3083 5118 3228 5189 quod
3287 5119 3498 5185 linguas
3551 5125 3761 5170 vestras

2170 5233 2425 5275 coercere
2473 5217 2797 5289 potuissent.
2839 5213 2915 5268 Ita
2953 5213 3182 5280 denique
3216 5209 3416 5263 Νἱρςτειιί
3454 5209 3638 5261 Patres
3665 5209 3761 5257 ad-

2171 5310 2322 5381 jecto
2351 5306 2794 5362 consubstantiali
2827 5305 3094 5357 adversus
3122 5302 3310 5355 Arium
3358 5300 3586 5369 ejusque
3612 5313 3766 5352 com-

2177 5402 2346 5475 plices
2381 5409 2649 5456 steterunt
2683 5415 2697 5451 :
2733 5399 2821 5451 iiio
2850 5396 3068 5467 quidem
3103 5397 3168 5448 ad
3205 5409 3309 5447 non
3347 5395 3603 5460 scriptam
3635 5407 3767 5447 eon-

2183 5492 2462 5567 fugiente',
2513 5492 3008 5561 apostolorumque-
3051 5489 3394 5542 sanctitatem
3450 5484 3766 5554 obiiciente,

2184 5591 2273 5660 qui
2324 5589 2379 5644 in
2425 5603 2523 5642 suo
2565 5583 2824 5658 Symboio
2851 5584 2918 5638 de
2955 5584 3057 5637 hoc
3099 5581 3230 5634 nihil
3263 5578 3710 5648 conscripserunt
3750 5593 3766 5630 :

2187 5684 2295 5742 illis
2324 5697 2450 5740 vero
2478 5680 2734 5737 dictionis
2764 5677 3124 5746 adjectionem
3152 5674 3283 5728 nihil
3311 5688 3432 5729 esse
3453 5671 3525 5726 ab
3553 5671 3767 5725 illorum

2187 5775 2493 5834 intentione
2547 5775 2781 5830 alienum
2840 5779 3026 5826 contra
3080 5767 3462 5828 inferentibus.
3496 5762 3766 5820 Caeterum

572 5910 688 5984 (η)
729 5909 920 5981 Ὀρον,
973 5915 1262 5976 statutum,
1315 5904 1708 5971 deﬁnitionem,
1773 5901 1977 5958 clarius
2029 5899 2134 5958 hoc
2166 5911 2332 5966 quam
2364 5889 2942 5969 vocaptignr.tcrmtni,
2975 5901 3083 5958 quo
3131 5886 3398 5955 interpres
3425 5889 3507 5938 cst
3534 5893 3687 5934 usus.
