4472 6434
476 379 578 441 193

1569 381 1972 442 ADVERSUS
2008 381 2319 440 (ΞΠ.Ἐοθὸ
2356 382 2501 441 LIB.
2554 385 2647 442 ιν.

3599 387 3703 449 ιρι

470 505 571 539 non
618 490 747 542 est?
790 491 855 541 Λι
898 503 1122 555 magnus
1159 491 1228 540 ait
1270 489 1614 551 Athanasius,
1650 493 1891 555 possibile
1943 507 2041 541 non
2070 495 2117 551 Α
2150 491 2271 541 hinc
2317 493 2462 542 Solus
2517 494 2582 542 de
2623 493 2736 543 solo
2797 493 3064 555 creditur,
3119 494 3316 547 idcirco
3346 505 3398 547 et
3441 494 3700 561 Spiritum

472 594 577 630 esse
622 580 672 629 iu
713 578 986 631 Trinitatis
1022 579 1216 646 gloria,
1251 579 1506 646 Spiritum
1555 591 1792 632 amictum
1840 581 2040 648 glori/i-

471 669 604 726 rort'.
643 668 742 719 msi
793 670 1119 735 procedendo
1154 670 1217 721 sit
1258 685 1322 721 ex
1356 669 1519 722 Patre
1562 686 1650 733 per
1683 668 1880 721 Filium
1904 685 1922 731 ,°
1947 669 2038 721 sed

470 771 523 811 et
549 761 773 826 septima
801 763 1059 829 synodus.
1096 769 1150 814 et
1181 759 1436 812 Tarasius
1468 760 1773 827 patriarcha
1808 760 2040 812 sanctis-

472 849 661 912 simus,
708 859 763 901 et
809 859 1123 903 sanctorum
1185 850 1398 918 plurimi
1443 852 1494 901 itt
1532 850 1653 902 tidei
1681 866 1789 903 sua:
1823 849 2038 902 coofes-

470 937 621 992 sione
673 955 740 992 es
812 938 976 994 Patre
1036 957 1129 1008 per
1178 939 1370 992 Filium
1428 941 1719 1008 praetulere
1776 940 2038 1008 Spirltum

469 1039 712 1080 Sanctum
764 1029 1194 1081 insinuaverunt.

540 1119 836 1180 Ceterum,
893 1120 937 1171 si
996 1120 1119 1185 quis
1170 1120 1300 1172 illud
1349 1120 1718 1185 evangelicum
1765 1137 1778 1172 :
1837 1119 1940 1182 Qui
1979 1134 2042 1170 ea:

481 1208 641 1261 Patre
679 1211 932 1273 procedit,
982 1209 1065 1262 his
1090 1212 1180 1276 qui
1225 1211 1387 1261 etiam
1440 1226 1502 1262 ex
1561 1209 1694 1262 Ftlio
1749 1209 2041 1277 procedere

471 1298 730 1365 Spiritum
792 1299 1019 1360 dicunt,
1069 1299 1328 1365 ohjiciat,
1381 1314 1484 1350 non
1549 1299 1656 1350 illis
1713 1300 2040 1350 contrariam

470 1389 691 1451 Opponit
729 1400 938 1439 vocem.
991 1387 1170 1456 Neque
1236 1389 1404 1450 enim,
1436 1389 1480 1440 si
1531 1404 1596 1441 ex
1649 1386 1785 1440 Filio
1830 1398 1933 1451 est,
1974 1405 2038 1441 ex

473 1476 633 1532 Patre
693 1492 812 1532 esse
871 1479 1118 1544 desinet;
1150 1492 1324 1546 neque
1366 1480 1470 1532 ista
1525 1479 1754 1534 invicem
1807 1480 2039 1547 objecta,

472 1569 705 1622 invicem
744 1578 1082 1635 pervertunt.
1107 1570 1244 1633 ltno,
1272 1580 1330 1622 ut
1368 1568 1606 1636 pluribus
1650 1570 1952 1631 docuimus,
1977 1585 2042 1622 ex

469 1656 629 1710 Patre
655 1673 775 1711 esse
801 1658 943 1724 quod
991 1657 1212 1721 dicitur,
1240 1673 1362 1712 esse
1395 1657 1558 1713 etiam
1587 1673 1651 1712 ex
1690 1658 1828 1713 Filio
1856 1659 2046 1712 subin-

472 1751 630 1818 gerit.
667 1747 772 1802 Sed
807 1764 983 1817 neque
1027 1765 1090 1803 es
1122 1748 1285 1803 Patre
1321 1763 1419 1816 per
1444 1748 1637 1802 Filiutn
1683 1750 1979 1817 procedere
2006 1765 2044 1802 -a

2141 587 2414 642 sanctum,
2446 583 2700 647 quoniam
2744 596 2809 634 ex
2839 583 2994 635 Patre
3029 585 3320 648 proet-dere
3359 582 3559 635 dictum
3599 595 3702 644 cst,

2139 685 2203 721 ex
2227 670 2360 732 solo,
2397 672 2498 738 ipsi
2561 672 2871 736 adjiciunt:
2927 673 3158 740 primunt
3211 673 3452 740 quidetn,
3513 682 3568 724 et
3604 675 3704 739 ipsi

2140 760 2460 826 adjicientes
2512 747 2872 832 arguuntur,i
2906 778 3080 831 neque
3115 765 3257 832 digni
3301 774 3427 816 sunt
3464 765 3553 830 qui
3609 780 3703 813 att-

2140 849 2374 912 diantur,
2407 867 2527 904 cum
2568 853 2886 907 insimulant
2907 868 3001 906 eos
3040 855 3127 920 qui
3169 870 3231 907 ex
3262 854 3395 907 Filio
3429 855 3592 906 etiam
3621 856 3703 904 di-

2139 950 2270 994 cunt
2297 941 2614 1009 adjectionis
2637 957 2823 996 causa.
2851 941 3064 999 Eisdem
3113 945 3256 996 enim
3288 954 3342 996 et
3375 945 3474 1008 ipsi
3508 954 3704 994 tenen-

2141 1040 2228 1084 tur
2263 1032 2724 1085 oltnosii.Deinde
2764 1043 3048 1100 cogentur,
3085 1035 3129 1086 si
3161 1034 3492 1100 unigenitum
3515 1032 3705 1084 Ftliun.

2143 1131 2200 1174 ut
2231 1123 2404 1174 solum
2444 1137 2508 1175 ex
2547 1123 2662 1176 solo
2691 1124 3042 1186 conﬁtentur,
3079 1124 3373 1176 secundum
3410 1124 3708 1174 nativitatis

2147 1214 2460 1273 terminum.
2520 1215 2591 1265 ita
2640 1221 2694 1266 et
2749 1213 3009 1280 Spiritum
3067 1223 3351 1274 sanctum,
3385 1212 3592 1264 subtatzt
3643 1227 3708 1263 ex

2147 1299 2307 1352 Patre
2366 1301 2714 1368 processione
2753 1315 2849 1368 per
2881 1300 3115 1360 Filium,
3159 1301 3494 1368 unigenitum
3554 1299 3708 1351 lateri

2143 1390 2338 1444 Filium
2366 1399 2422 1443 ιιι
2450 1391 2622 1443 solum
2648 1407 2712 1444 ex
2745 1392 2881 1453 solo,
2915 1393 3366 1458 quemadmodum
3413 1389 3580 1442 Ftlitts
3623 1407 3711 1441 so-

2145 1482 2229 1534 lus
2263 1496 2326 1534 es
2352 1482 2469 1534 solo
2493 1491 2606 1544 erit;
2628 1497 2801 1550 neque
2822 1483 2966 1535 enim
2997 1498 3062 1536 es
3087 1483 3202 1536 Solo
3234 1493 3438 1534 tantum
3459 1480 3711 1544 dicimus,

2145 1573 2240 1624 sed
2270 1571 2599 1640 unigenitum
2632 1585 2846 1639 quoque
2874 1572 3089 1625 Filiuttt.
3121 1570 3322 1638 Nempe
3348 1573 3487 1623 enim
3527 1584 3715 1638 quent-

2146 1662 2432 1715 admodum
2485 1663 2535 1714 itt
2575 1665 2749 1716 sacris
2776 1665 2970 1716 litteris
3001 1664 3146 1716 solus
3199 1679 3349 1716 verus
3393 1661 3550 1715 Pater
3577 1661 3708 1714 dici-

2150 1761 2258 1815 tur,
2290 1765 2344 1805 et
2366 1753 2488 1818 quia
2525 1751 2692 1806 Nemo
2722 1755 2858 1806 nevit
2902 1752 3135 1817 Filium,
3189 1755 3289 1806 nisi
3331 1753 3519 1814 Pater,
3553 1768 3712 1818 neque

473 1838 671 1891 sanctis
695 1838 968 1891 diceretur
1006 1854 1020 1890 :
1053 1839 1342 1906 siquidem
1377 1837 1478 1892 ista
1515 1839 1785 1892 contraria
1817 1839 2044 1892 invicem
2079 1822 2123 1876 Β
2154 1840 2388 1904 Patrem,
2422 1844 2524 1894 nisi
2559 1843 2722 1895 Filius
2749 1844 2786 1872 ¹¹
2813 1857 2827 1906 ;
2856 1853 2909 1895 t-t
2939 1861 2952 1896 :
2988 1842 3090 1906 Qui
3123 1843 3287 1894 credit
3321 1844 3372 1894 in
3398 1857 3493 1898 me.
3530 1846 3627 1892 non
3657 1841 3711 1890 in

473 1936 677 1980 essent.
701 1927 837 1979 Nam
867 1928 910 1980 si
944 1942 1006 1980 es
1031 1927 1191 1980 Patre
1221 1928 1334 1981 solo
1368 1928 1568 1981 dictum
1594 1927 1802 1989 fuisset,
1826 1927 2050 1983 haberet

481 2019 750 2072 rationem
802 2019 1112 2086 hujusntodi
1183 2018 1440 2087 objectio.
1479 2020 1742 2084 Quoniam
1799 2036 1923 2074 vero
1977 2036 2045 2074 ex

477 2108 638 2163 Patre
673 2121 880 2162 tantum
920 2109 1128 2164 dictum
1165 2119 1268 2175 est,
1306 2110 1406 2164 hoc
1429 2122 1607 2162 autem
1638 2120 1692 2165 et
1720 2110 1787 2164 ab
1805 2112 2046 2180 utrisque

475 2217 574 2270 pro
618 2201 870 2257 confesso
928 2205 1182 2264 trahetur,
1229 2217 1686 2272 supervacaneum
1738 2213 1821 2258 est
1885 2213 2046 2271 atque

477 2293 856 2359 vanissimum,
882 2294 1084 2349 omisso
1114 2307 1200 2358 eo,
1220 2295 1361 2363 quod
1386 2293 1552 2360 prius,
1585 2304 1645 2348 ut
1674 2295 2046 2362 ostenderent,

475 2398 672 2438 curare
709 2385 1033 2451 debuerant,
1066 2399 1132 2440 ex
1161 2385 1278 2439 solo
1311 2384 1520 2438 scilicet
1545 2383 1704 2438 Patre
1736 2389 2045 2450 procedere,

476 2479 621 2546 quod
673 2481 1005 2531 contrarium
1055 2487 1138 2531 est
1168 2477 1238 2541 ei,
1277 2476 1418 2546 quod
1472 2487 1576 2539 est,
1615 2491 1679 2530 es
1714 2475 1852 2530 Filio
1878 2493 2001 2532 esse
2035 2497 2046 2532 :

479 2583 546 2622 ex
577 2566 739 2623 Patre
790 2568 1085 2636 procedere
1115 2569 1258 2637 quod
1286 2569 1506 2632 dicitur,
1536 2569 1690 2636 quasi
1748 2584 2050 2638 repugnans

477 2657 680 2714 ducere
712 2660 798 2713 his
831 2659 923 2728 qui
955 2660 1060 2714 hoc
1097 2659 1408 2712 nullatenus
1441 2673 1657 2727 negant.

547 2746 823 2803 Concessa
849 2763 977 2817 ergo
1021 2753 1089 2801 ab
1137 2748 1418 2816 utriusque
1455 2746 1717 2816 Spiritum
1765 2766 1830 2802 ex
1890 2750 2052 2804 Patre

478 2843 791 2911 procedere,
821 2839 1178 2909 reliquasjatn
1203 2842 1498 2894 sententias
1523 2841 1920 2909 inspiciendum
1948 2854 2052 2906 est,

478 2932 682 3001 quibus
711 2933 886 3001 magis
936 2932 1299 2986 conveniant:
1330 2933 1508 2996 hisne,
1536 2936 1624 3001 qui
1660 2949 1722 2986 ex
1755 2935 1867 2988 solo
1895 2933 2054 2988 Parte

478 3021 778 3090 procedere
831 3020 1019 3074 dicunt
1053 3021 1316 3090 Spiritum
1363 3033 1611 3075 sanctum
1643 3062 1656 3084 ,
1693 3037 1759 3075 att
1790 3041 1914 3076 vero
1971 3027 2055 3078 his

2149 1950 2229 1986 me
2262 1935 2448 1996 credit,
2482 1933 2569 1986 sed
2602 1935 2655 1985 in
2675 1950 2812 1996 eum,
2844 1936 2932 2002 qui
2972 1936 3111 1986 misit
3152 1934 3317 1997 me";
3350 1941 3400 1985 ct
3426 1951 3439 1985 :
3467 1931 3587 1984 Mea
3614 1933 3712 1981 do-

2150 2023 2290 2074 trina
2319 2039 2419 2074 non
2455 2031 2530 2074 est
2557 2038 2670 2075 mea
2699 2022 2774 2083 ¹³;
2809 2038 2980 2089 neque
3015 2004 3390 2090 cetttpellimur
3429 2022 3558 2073 solts
3593 2036 3714 2087 per—

2151 2115 2303 2167 sonis
2347 2114 2403 2166 in
2453 2114 2648 2181 quibus
2687 2113 2992 2180 hujusntodi
3033 2115 3254 2166 delinire
3301 2113 3585 2172 dicuntur,
3615 2115 3717 2162 ista

2151 2202 2501 2278 distribuere;
2555 2204 2646 2258 sed
2691 2205 2835 2257 solus
2864 2205 3070 2272 quidem
3103 2219 3292 2265 vertis,
3334 2212 3386 2255 ct
3426 2201 3610 2262 Patri,
3665 2212 3718 2252 ct

2152 2290 2291 2347 Filio
2361 2273 2724 2362 etingruenlcr
2777 2305 3022 2362 aptatur;
3071 2294 3224 2361 quasi
3283 2307 3384 2344 non
3449 2290 3718 2359 objectutn

2151 2387 2367 2439 illorum
2395 2386 2842 2440 substantialibus
2870 2386 3288 2454 prOprietatibus
3309 2385 3459 2453 (44);
3487 2398 3720 2451 cognos-

2151 2497 2276 2535 cere
2297 2494 2478 2533 autettt
2513 2478 2765 2540 Patrem,
2818 2490 2871 2532 ct
2903 2477 3120 2539 Filium,
3157 2487 3209 2530 et
3239 2477 3307 2529 ab
3342 2477 3424 2529 eis
3480 2475 3719 2542 agnosci,

2153 2574 2315 2624 etiam
2350 2570 2578 2639 Spiritui
2603 2577 2793 2623 sancto
2822 2569 3210 2632 distribuitur;
3262 2582 3325 2620 eo
3355 2568 3496 2634 quod
3547 2565 3724 2631 oltjec-

2155 2674 2264 2717 tum
2301 2680 2404 2716 non
2440 2666 2511 2717 sit
2544 2667 2687 2716 scire
2719 2665 2860 2716 illius
2903 2662 3243 2716 substantiali
3279 2661 3624 2729 proprietati,
3660 2674 3724 2710 ac

2156 2757 2222 2808 de
2263 2741 2386 2808 aliis
2419 2756 2690 2808 similiter.
2725 2755 2824 2809 Ubi
2859 2755 2998 2808 enim
3056 2771 3161 2807 non
3214 2757 3392 2808 obstat
3449 2754 3728 2806 relationis

2158 2847 2429 2913 oppositio
2454 2885 2468 2907 ,
2526 2846 2654 2896 ttiltil
2708 2844 2962 2911 prohibet
2997 2846 3137 2912 quod
3174 2845 3371 2895 dicitur
3405 2858 3723 2910 congtucte.

2157 2937 2234 2990 Ita
2276 2952 2452 3003 neque
2485 2936 2527 2988 si
2562 2953 2589 2988 a
2625 2934 2784 2987 Patre
2825 2937 3100 2988 diceretur
3154 2937 3447 3003 procedere
3495 2934 3729 3000 Spit-itus

2157 3041 2380 3082 sanctus
2415 3037 2468 3087 ct
2499 3028 2785 3079 adderetur
2819 3027 2954 3088 solo,
2978 3025 3152 3078 Valide
3177 3038 3354 3093 posset
3378 3028 3475 3076 hoc
3508 3036 3555 3076 cl
3590 3023 3729 3075 Filio

478 3112 571 3180 qui
597 3113 740 3166 hunc
764 3125 830 3166 es
865 3110 1026 3166 Patre
1056 3112 1418 3176 conﬁtentur,
1482 3129 1544 3165 ac
1586 3112 1757 3166 Filio?
1786 3114 1848 3167 lli
1887 3116 2058 3184 siqui-
2085 3154 2128 3209 Ε
2164 3123 2369 3188 negari.
2417 3119 2568 3173 Nunc
2623 3132 2797 3172 autent
2848 3121 3063 3187 quando
3119 3119 3441 3186 simpliciter
3484 3136 3512 3172 a
3571 3116 3731 3169 Patro

478 3207 603 3266 dem
652 3204 814 3272 illud,
870 3206 1013 3275 quod
1043 3206 1280 3258 dicitur:
1324 3204 1397 3258 De
1437 3224 1546 3258 meo
1587 3209 1802 3278 accipiet
1841 3209 1896 3270 ⁸;
1951 3220 2003 3262 et
2043 3229 2056 3263 :

479 3296 644 3363 Quem
681 3313 773 3366 ego
809 3298 1012 3349 mittant
1040 3297 1102 3363 ‘;
1150 3311 1203 3351 et
1235 3313 1249 3350 :
1297 3296 1557 3364 Spiritum
1602 3306 1832 3352 ret-atatis
1861 3301 1923 3365 ';
1970 3316 2058 3354 et:

480 3388 656 3443 Mittet
694 3391 855 3442 Pater
891 3391 945 3442 in
978 3391 1183 3443 nomine
1233 3407 1342 3443 meo
1369 3391 1388 3420 ⁸
1419 3409 1433 3454 ;
1486 3403 1539 3445 et
1573 3410 1583 3443 :
1631 3392 1760 3460 Ego,
1804 3404 1852 3446 et
1901 3396 2064 3446 l’ater

482 3499 647 3535 unum
681 3499 862 3534 sumus
889 3483 942 3547 ';
1002 3491 1057 3535 et
1085 3497 1098 3532 :
1131 3482 1347 3546 Omnia,
1397 3500 1513 3553 quw
1555 3485 1709 3537 habet
1751 3487 1909 3538 Pater
1949 3503 2061 3537 mea

482 3573 677 3637 sunt';
704 3584 755 3626 et
789 3590 801 3624 :
832 3571 890 3626 Si
929 3573 982 3624 in
1011 3572 1173 3640 digito
1208 3572 1304 3626 Dei
1339 3576 1452 3627 sive
1478 3577 1528 3625 in
1561 3575 1761 3642 Spiritu
1797 3576 1884 3626 Dei
1913 3579 2062 3642 ejit'io

482 3665 745 3718 dwmonia
768 3665 812 3719 ’.
876 3662 1184 3733 Insnfﬂavit
1245 3674 1293 3716 et
1337 3665 1472 3717 dixit
1495 3705 1510 3730 ,
1540 3667 1772 3730 Arripite
1801 3667 2061 3729 Spiritum

481 3768 722 3810 sanetum
749 3757 816 3820 ‘°,
847 3768 902 3812 et
933 3765 1193 3812 sexcenta
1227 3757 1354 3810 talia
1376 3798 1391 3823 ,
1442 3773 1555 3811 sua:
1609 3760 1804 3811 habent
1851 3761 2058 3812 contes-

483 3850 626 3903 si0ni
671 3864 929 3903 consona.
971 3849 1064 3904 His
1094 3851 1277 3913 enim,
1313 3859 1369 3902 ut
1421 3855 1675 3916 superins'
1719 3851 1921 3905 dicutnt
1955 3862 2061 3917 cst,

485 3943 730 4010 magistri
775 3942 1034 3996 Ecclesia:
1090 3943 1292 3996 inducti
1325 3980 1340 4005 ,
1393 3945 1683 4010 praedicuts
1739 3942 1805 3996 de
1851 3943 2057 4012 Spiritu

483 4042 674 4087 sancto
716 4033 891 4087 tulere
917 4034 1240 4097 sententias,
1275 4045 1328 4086 et
1375 4047 1465 4099 per
1494 4032 1689 4086 Filium
1724 4044 1777 4086 et
1806 4048 1871 4086 ex
1917 4033 2062 4088 Filio

483 4128 783 4194 procedere
824 4128 1074 4180 disetunt
1103 4140 1118 4188 ;
1175 4126 1266 4191 qui
1325 4137 1502 4177 autem
1538 4139 1602 4178 ex
1633 4126 1747 4178 solo
1780 4126 1937 4179 Patre
1970 4142 2082 4192 vo-,

484 4220 604 4275 lunt
638 4219 842 4283 dicere,
869 4216 1074 4270 nttllutn
1106 4217 1331 4270 omnino
1361 4230 1458 4282 pro
1498 4230 1556 4269 se
1593 4216 1794 4271 habent
1825 4219 2066 4272 testimo-

484 4315 668 4375 nium;
706 4312 835 4372 imo,
892 4318 947 4381 et
988 4308 1240 4378 pra-dicta
1293 4309 1476 4360 omnia
1521 4307 1622 4362 sibi
1685 4311 2063 4376 adversantur,

483 4407 776 4470 hostesque
808 4401 1008 4454 habent
1037 4413 1256 4453 sanctos
1288 4398 1500 4463 Patres,
1531 4399 1624 4467 qui
1663 4399 1753 4453 illa
1789 4403 1869 4456 sic
1899 4418 2065 4470 expo-

480 4504 736 4550 Suerttnt.

557 4588 710 4653 Quod
737 4587 784 4641 si
822 4586 874 4640 id
906 4585 1196 4654 objiciunt,
1225 4583 1486 4650 scriptum
1523 4598 1627 4635 ttott
1654 4598 1792 4647 esse,
1821 4601 1884 4636 ea:
1909 4584 2063 4650 Filio,

483 4681 718 4746 primum
750 4677 989 4745 quidem,
1041 4671 1113 4725 De
1159 4689 1270 4748 meo
1320 4673 1575 4738 accipiet,
1613 4683 1666 4723 et
1702 4673 1887 4724 omnia
1944 4688 2066 4740 qua:

484 4776 632 4827 dtcta
662 4780 819 4831 sunt,
843 4767 911 4821 ad
949 4767 1092 4820 istud
1125 4766 1376 4828 tendunt,
1412 4779 1513 4817 ntst
1560 4766 1782 4818 vocibus
1815 4765 2067 4816 maximis

484 4864 854 4919 clamantibus
885 4860 1123 4922 sanctis,
1164 4859 1379 4910 illorum
1421 4872 1580 4910 aures
1612 4849 1826 4926 penitus
1864 4858 2064 4911 obsur-

489 4959 720 5011 duerunt
746 4972 762 5020 ;
792 4954 1203 5020 deinde,neque
1234 4965 1297 5003 es
1329 4951 1447 5003 solo
1475 4948 1633 5002 Patre
1665 4949 1927 5018 scriptum
1959 4961 2066 5003 est.

489 5048 677 5115 Itaque
703 5061 809 5098 noo
833 5045 1002 5112 magis
1033 5058 1132 5111 pro
1164 5058 1248 5111 se,
1277 5057 1439 5110 quam
1467 5052 1655 5094 contra
1681 5054 1763 5106 se,
1795 5054 1904 5094 tton
1945 5055 2066 5096 esse

490 5143 753 5209 Scriptum
786 5137 1065 5206 objtcittnt.

564 5233 618 5286 SI
669 5241 875 5290 autem,
932 5230 1187 5298 quoniam
1231 5225 1398 5278 Filius
1442 5241 1505 5278 cx
1556 5223 1715 5278 Patre
1764 5225 1985 5290 dicitur,
2017 5236 2071 5281 ct

1613 5361 1632 5389 '
1658 5360 1786 5413 ibid.

1102 5363 1122 5392 ⁸
1144 5363 1299 5415 Joatt.
1334 5378 1421 5427 xv,
1446 5362 1537 5425 ‘26,

1051 5434 1094 5465 "
1127 5433 1282 5487 Joan.
1309 5449 1402 5497 ax,
1422 5432 1509 5485 21.

569 5369 586 5395 ‘
606 5367 764 5420 .Ittatt.
797 5382 907 5430 ΧΗ,
940 5365 1023 5419 15.

492 5439 597 5504 28;
631 5439 760 5491 an.
787 5453 859 5500 λι,
880 5436 968 5489 20.

563 5579 676 5647 (tt)
709 5579 820 5634 Hoc
851 5579 961 5632 vult
992 5579 1172 5632 dicere
1207 5592 1315 5647 esse
1359 5580 1529 5629 solum
1560 5580 1734 5628 rerum
1763 5588 1890 5647 non
1950 5589 2074 5627 esse

533 5646 831 5704 ersuitatctn
870 5652 1256 5719 proprietatem
1301 5646 1498 5709 Patris,
1539 5661 1604 5698 ac
1659 5646 1883 5719 proinde
1909 5647 2070 5719 etiam

533 5665 831 5704 ιετδυηαιριιι
870 5665 1256 5719 proprietatem
1301 5665 1498 5709 rillNI,
1539 5665 1604 5698 ut:
1659 5665 1883 5714 μτυιιιυῠ
1909 5665 2070 5697 ειιιιιιι

492 5665 634 5776 ii'tlto
679 5737 1008 5788 competere,
1067 5734 1171 5772 non
1209 5723 1459 5771 obstante
1504 5716 1768 5788 vocabulo
1799 5730 1971 5768 verus.
2008 5715 2074 5767 lit

508 5791 761 5847 stmtliter
809 5786 1088 5862 Spirttuut
1128 5798 1372 5844 sanctum
1406 5801 1703 5857 agnoscere
1758 5786 1970 5840 l’atrettt
2014 5799 2068 5838 ct

1865 5360 1883 5389 ⁸
1911 5358 2067 5416 Joan.
2095 5377 2204 5424 κιν,
2222 5363 2312 5414 26.

1593 5432 1632 5461 ³⁸
1657 5430 1848 5485 Matth.
1882 5447 1958 5497 ιι,
1986 5431 2074 5486 27.

2166 3214 2364 3265 dictum
2416 3223 2497 3264 est
2530 3251 2543 3275 ,
2579 3227 2751 3278 tteque
2794 3212 3060 3276 adjeCtutn
3099 3221 3182 3262 est
3221 3211 3332 3261 solo
3358 3251 3371 3272 ,
3413 3225 3532 3262 cum
3567 3211 3728 3260 etiam

2167 3292 2486 3371 producere,
2523 3312 2579 3354 ut
2614 3302 2875 3352 ttativtttti
2922 3316 3027 3353 non
3074 3301 3360 3352 adversum
3397 3301 3557 3350 etiam
3595 3297 3731 3350 Filio

2165 3396 2475 3455 conveniat,
2529 3411 2590 3446 ac
2633 3405 2916 3460 propterea
2974 3407 3259 3444 cotttmune
3307 3406 3426 3443 esse
3466 3389 3608 3441 Patri
3671 3407 3733 3442 ac

2166 3481 2305 3538 Filio
2339 3486 2653 3551 ittstticiatur
2677 3524 2692 3547 ,
2722 3486 3101 3537 Stultissimum
3139 3483 3466 3536 omnimodis
3499 3496 3577 3535 cst
3614 3499 3736 3532 vcr-

2167 3583 2291 3630 ltum
2335 3592 2550 3643 rapere,
2585 3592 2649 3628 ac
2681 3591 2774 3642 per
2826 3577 2924 3628 hoc
2967 3574 3162 3627 Filium
3204 3591 3232 3626 a
3269 3572 3446 3625 Patras
3491 3590 3734 3625 commu-

2165 3671 2329 3718 nione
2369 3666 2670 3718 set-ludere.

2236 3756 2421 3826 Atq'ui,
2455 3758 2536 3809 vel
2570 3756 3243 3823 dispensationisintplens
3273 3766 3634 3817 sacramenta,
3657 3757 3738 3807 vel

2167 3848 2446 3915 discipulis
2509 3861 2771 3912 parcens,
2817 3845 2899 3898 sui
2961 3860 3067 3897 non
3107 3847 3350 3897 tttetttittit
3383 3883 3395 3905 ,
3429 3847 3567 3911 quod
3602 3846 3740 3896 forte

2167 3941 2367 4006 majora
2404 3941 2472 3992 de
2502 3939 2594 3991 illo
2625 3955 2728 3989 nott
2762 3948 3054 4005 caperent:
3083 3956 3101 3988 ι
3145 3937 3318 3989 Multa
3350 3941 3507 4000 enim,
3544 3937 3738 4003 inquit,

2164 4034 2328 4084 habeo
2361 4030 2500 4084 vobis
2524 4031 2714 4093 dicere,
2745 4035 2832 4081 sed
2863 4045 2962 4080 non
2992 4032 3201 4097 potestis
3230 4041 3441 4096 portare
3459 4030 3692 4089 modo“;
3717 4049 3734 4075 ι

2165 4130 2270 4179 sive
2300 4129 2368 4177 ad
2404 4125 2718 4191 principium
2756 4138 2908 4175 suum
2961 4125 3137 4175 omnia
3179 4124 3439 4189 referens,
3473 4142 3502 4174 a
3552 4140 3651 4192 quo
3692 4136 3741 4175 ct

2165 4222 2272 4285 ipse
2309 4229 2406 4282 est,
2437 4229 2483 4270 et
2519 4234 2616 4270 sua
2643 4217 2839 4274 omnia,
2890 4225 2947 4267 ut
2972 4217 3046 4267 ait
3092 4216 3376 4282 theologus
3402 4215 3735 4281 Gregorius;

2167 4317 2281 4368 sive
2313 4314 2500 4372 etiam,
2534 4312 2676 4377 quod
2711 4319 2764 4358 et
2806 4309 3114 4360 necessario
3156 4309 3204 4359 id
3235 4309 3567 4360 credendum
3597 4323 3741 4360 esset

2171 4413 2396 4472 propter
2450 4413 2719 4454 suntntant
2765 4399 2832 4450 ad
2891 4396 3106 4448 Patrem
3156 4399 3556 4464 aequalitatem,
3598 4399 3742 4450 istud

2099 4480 2141 4534 Ῑ)
2172 4496 2355 4548 dicere
2393 4493 2598 4546 omisit.
2659 4490 2830 4543 Filius
2860 4492 3052 4558 quippe
3095 4487 3272 4541 Patris
3321 4500 3421 4552 est,
3461 4488 3747 4557 Patrisque

2174 4585 2418 4641 deﬁnitio
2453 4594 2505 4637 et
2545 4582 2803 4636 Verbum.

2244 4676 2566 4743 Quanquam
2597 4689 2661 4726 ex
2698 4673 3072 4742 superioribus
3106 4669 3388 4723 sententiis
3411 4671 3742 4720 tantttmdottt

2173 4767 2501 4829 valentibus,
2531 4780 2702 4832 neque
2739 4767 2838 4815 hoc
2865 4763 3086 4815 omnino
3124 4762 3358 4813 tacuisse
3390 4760 3746 4826 tleprehcttdi-

2176 4871 2261 4913 tur
2292 4875 2306 4912 :
2343 4873 2529 4912 verum
2581 4857 2724 4926 quod
2773 4856 2861 4908 isti
2896 4856 3159 4908 instanter
3192 4865 3411 4917 negant,
3470 4853 3742 4918 pret-dicat.

2173 4951 2307 5005 Nam
2375 4950 2671 5017 Scriptura:
2719 4947 2918 5013 duplex
2966 4946 3158 4998 ntodus
3223 4953 3307 4996 est
3363 4943 3577 4994 dicendi
3626 4959 3747 5010 quae

2175 5043 2327 5096 velit.
2383 5045 2491 5096 Aut
2550 5042 2694 5093 cnint
2740 5040 2892 5105 puris
2937 5037 3278 5107 propriisque
3333 5033 3749 5094 ttontinibus,ut

2179 5150 2300 5189 cum
2332 5133 2575 5197 Patrem,
2608 5144 2660 5187 et
2701 5130 2929 5193 Ftliunt,
2977 5141 3031 5185 et
3066 5128 3329 5197 Spiritutn
3367 5135 3610 5180 sanctum
3651 5141 3748 5176 tto-

2181 5229 2388 5291 mittat;
2426 5230 2540 5281 sive
2587 5243 2707 5279 cunt
2741 5241 2806 5279 ex
2854 5235 3039 5294 aperte
3078 5224 3262 5283 dictis,
3319 5220 3403 5273 his
3447 5221 3610 5271 etiam
3661 5236 3750 5271 se.

2856 5357 3051 5412 ﬂ.lottn.
3080 5357 3308 5423 xvt,15.
3387 5357 3406 5386 ³
3433 5353 3621 5406 Matth.
3651 5370 3752 5414 Mt,

3256 5431 3295 5457 ”
3324 5427 3479 5482 Joatt.
3513 5438 3620 5487 att,
3664 5429 3746 5476 ιιι.

2387 5364 2405 5392 ⁷
2431 5361 2585 5415 Joatt.
2617 5377 2666 5425 .\',
2689 5361 2774 5415 50.

2157 5435 2197 5462 ¹¹
2220 5432 2379 5486 Joan.
2412 5449 2508 5493 xtl.
2541 5433 2627 5486 ιι.
2713 5429 2922 5485 "Juatt.
2960 5430 3172 5497 "1,16.

2175 5573 2371 5626 Filium
2405 5586 2456 5627 et
2486 5575 2551 5628 ab
2593 5553 2951 5644 illis‘agttosci
2986 5572 3277 5626 convenire
3323 5574 3485 5626 etiam
3521 5569 3750 5639 Spiritui

2174 5659 2366 5699 saneto
2399 5664 2462 5699 eo
2485 5649 2626 5712 quod
2672 5651 2804 5698 scire
2833 5646 2911 5696 \el
2962 5647 3181 5711 agnosci
3227 5662 3330 5699 nun
3359 5655 3426 5698 stt
3451 5649 3754 5711 petsouatts

2177 5719 2476 5786 proprietas.~
2504 5719 2740 5785 Sptritus
2763 5717 2960 5778 sancti,
