4472 6434
797 353 902 418 195

2049 360 2457 423 MANUELIS
2496 361 2803 421 CALECE

3958 357 4060 431 1'96

792 466 1015 533 quentia
1050 465 1234 532 elicit;
1263 468 1718 537 quemadmodum
1766 472 2239 526 consubstantialis
2272 485 2367 526 no-
2399 482 2445 534 Α
2548 468 2613 522 Ει
2652 487 2797 525 nunc
2823 452 3044 540 quoque
3089 471 3218 526 licet
3266 471 3319 526 in
3357 473 3614 543 Sytnbolo
3648 476 3909 544 scriptum
3946 492 4056 530 non

793 571 948 619 men,
991 565 1048 609 ut
1083 557 1381 626 Scriptura:
1425 574 1728 628 congruum
1781 562 2147 630 intelligentia
2198 562 2374 615 credi-

794 655 906 697 tum
965 657 1067 709 est,
1128 650 1272 715 quod
1330 650 1578 717 plurimis
1628 661 1817 718 aperte
1866 653 2061 719 positis
2093 652 2373 705 videretur

787 737 939 805 juxta
980 737 1391 801 intelligentiam
1448 742 1762 794 neceSsario
1793 755 2120 808 congruere.
2153 740 2368 794 Dictum

791 828 938 879 enim
980 838 1065 882 est
1094 846 1106 879 :
1143 827 1253 895 ligo
1279 838 1325 881 et
1356 828 1517 882 Pater
1538 846 1697 882 unum
1717 847 1901 884 stimus
1921 831 1967 861 ι’
1987 849 2001 892 ,
2023 840 2077 884 et
2109 848 2121 883 :
2152 829 2367 893 Omnia,

789 933 906 983 qua‘
942 918 1104 971 Pater
1144 919 1292 985 facit,
1313 922 1425 974 luce
1465 931 1513 973 et
1546 920 1718 974 Filius
1765 922 1893 989 facit
1937 921 2179 974 similiter
2203 922 2246 951 “
2271 963 2284 983 ,
2316 933 2371 975 et

789 1025 910 1074 qua:
940 1009 990 1060 iu
1026 1010 1168 1063 hanc
1193 1010 1422 1063 formam
1460 1012 1665 1078 scripta
1690 1024 1837 1065 sunt.
1876 1012 1943 1065 Et
1967 1024 2116 1065 certe
2146 1012 2251 1074 his,
2279 1012 2367 1078 qui

788 1100 958 1153 solam
992 1101 1270 1153 intuentur
1310 1103 1567 1166 litteram,
1602 1105 1879 1156 contraria
1914 1103 2231 1168 viderentur
2265 1103 2364 1166 illi,

788 1191 935 1257 quod
973 1202 1158 1256 aperte
1182 1192 1380 1244 dictum
1416 1201 1497 1246 est
1528 1209 1541 1244 :
1574 1191 1738 1245 Pater
1767 1194 1944 1260 major
1966 1208 2047 1245 me
2066 1202 2142 1246 est
2165 1194 2228 1246 ".
2258 1192 2367 1247 Sed

793 1290 994 1342 tamen,
1049 1281 1305 1346 quoniam
1360 1296 1423 1335 ex
1461 1281 1546 1335 his
1605 1297 1726 1350 qua:
1772 1293 1961 1351 aperte
2006 1283 2151 1337 dicta
2183 1295 2361 1347 erant,

787 1374 1099 1425 necessario
1144 1372 1599 1426 consubstantiale
1652 1375 2011 1442 sequebatur,
2054 1385 2111 1428 et
2150 1390 2362 1441 verum,

784 1472 839 1514 et
866 1462 1160 1528 Scriptura:
1195 1479 1495 1517 consonum
1524 1480 1645 1519 esse
1667 1507 1682 1528 ,
1712 1466 2010 1518 indieatunt
2043 1476 2149 1520 est.

857 1552 1037 1607 Simili
1067 1569 1197 1623 ergo
1229 1557 1441 1611 ratione
1479 1568 1533 1610 et
1565 1558 1706 1625 quod
1739 1557 1946 1611 dicitur
1972 1560 2137 1612 etiam
2170 1576 2197 1611 a
2226 1559 2365 1613 Filio

782 1658 904 1696 esse
932 1643 1193 1711 Spiritutn
1223 1656 1492 1708 sanctum,
1528 1661 1633 1700 non
1664 1647 1883 1715 quidem
1920 1649 1987 1702 ad
2024 1649 2284 1712 litteram,
2310 1657 2365 1703 et

780 1744 967 1802 apt-rte
1004 1734 1056 1788 in
1087 1735 1369 1804 Scriptura
1405 1736 1641 1803 positum
1674 1747 1778 1800 est,
1812 1738 1905 1791 sed
1921 1731 1997 1789 'ea
2029 1754 2151 1807 qua:
2177 1748 2363 1807 aperte

781 1827 922 1879 dicta
979 1838 1131 1888 sunt,
1188 1828 1458 1895 sequitur.
1486 1828 1617 1892 Quze
1656 1843 1839 1884 autem
1874 1844 2134 1884 concessa
2166 1844 2231 1883 ex
2271 1845 2364 1883 ne-
2396 1818 2438 1872 Β
2471 1830 2553 1879 rio
2613 1828 2666 1879 in
2708 1842 2931 1896 magnas
2982 1826 3350 1880 absurditates
3396 1827 3764 1882 incidentibus
3815 1848 3828 1882 :

778 1920 1035 1971 cessitate
1074 1929 1380 1984 sequuntur
1403 1958 1416 1982 ,
1455 1929 1508 1971 et
1544 1919 1633 1971 illa
1672 1934 1799 1973 vera
1850 1921 1961 1974 sint
1996 1935 2225 1975 necesse
2256 1926 2362 1975 est.

779 2006 1243 2071 Quemadmodum
1295 2009 1348 2060 in
1400 2009 1698 2076 disciplinis
1749 2011 2176 2076 conclusiones,
2242 2026 2363 2078 quae

780 2099 1045 2165 principia
1083 2109 1409 2167 sequuntur.
1444 2100 1714 2168 Scriptum
1748 2103 1949 2171 quippe
1988 2111 2099 2156 est:
2132 2101 2366 2169 Spiritus

778 2192 1033 2245 rrritatis.
1069 2192 1137 2269 At
1168 2193 1367 2244 veritas
1403 2189 1572 2246 Filius
1601 2203 1719 2255 est;
1767 2205 1821 2247 ct
1860 2193 1929 2247 ab
1958 2208 2023 2247 eo
2057 2196 2262 2258 audire,
2312 2205 2367 2251 et

778 2285 1037 2349 accipere,
1089 2295 1144 2338 et
1182 2289 1340 2351 mitti,
1389 2297 1445 2341 et
1502 2287 1771 2355 imufﬂari
1822 2287 2055 2349 dicitur;
2093 2302 2214 2355 qum
2247 2304 2368 2356 pro-

778 2377 918 2430 l'ectu
953 2378 1135 2431 omnia
1162 2380 1419 2434 Ecclesia:
1452 2381 1699 2449 magistri
1734 2380 1862 2433 dum
1889 2390 2249 2448 eXpunerent,
2273 2395 2368 2448 per

777 2469 973 2523 Filium
1009 2474 1303 2540 procedere
1323 2474 1598 2535 dixerunt,
1623 2481 1679 2526 et
1714 2471 1923 2536 abillo,
1951 2486 2100 2535 esse,
2136 2473 2362 2537 habere,

777 2571 835 2612 ttt
867 2563 934 2614 ab
969 2563 1083 2629 ipso
1111 2565 1495 2632 accipientem,
1524 2576 1576 2616 et
1611 2578 1673 2616 ex
1726 2564 1843 2631 ipso
1874 2578 1996 2618 esse
2018 2602 2033 2628 ,
2066 2579 2129 2618 ac
2170 2577 2366 2632 proeti-

777 2652 929 2713 dere,
970 2663 1023 2706 et
1051 2669 1169 2721 quae
1205 2657 1462 2722 prtedicta
1505 2668 1652 2707 sunt.

846 2746 901 2795 Si
936 2745 1104 2807 enim,
1139 2749 1397 2814 quoniam
1435 2746 1618 2800 \‘Clilis
1653 2745 1796 2799 dicta
1830 2762 1940 2800 non
1978 2755 2125 2809 sunt,
2163 2745 2365 2798 intelli-

771 2838 1007 2900 gentiam
1064 2852 1278 2905 qnoque
1316 2837 1531 2890 illorum
1580 2837 1929 2905 repellamus,
1976 2837 2205 2904 plurima
2239 2850 2365 2903 pro-

776 2928 919 2980 lecto
974 2936 1031 2980 et
1063 2928 1397 2988 necessaria,
1430 2938 1483 2981 et
1513 2942 1776 2981 concessa
1810 2967 1823 2988 ,
1872 2936 1928 2980 ut
1984 2928 2190 2979 dictum
2251 2936 2359 2989 est,

770 3019 1048 3082 ejiciemus
1083 3035 1094 3070 :
1138 3020 1232 3073 Sed
1266 3033 1320 3073 et
1356 3020 1534 3088 ipsum
1580 3017 1860 3073 Trinitatis
1895 3032 2115 3079 nomen,
2156 3025 2203 3069 et
2239 3017 2365 3068 sub-

2478 561 2548 612 sit
2576 563 2640 614 de
2664 561 2868 629 Spiritu
2898 574 3109 627 sancto,
3142 565 3282 631 quod
3311 564 3455 619 Deus
3488 580 3646 620 verus
3690 572 3755 619 de
3790 568 3897 621 Deo
3929 583 4060 622 vero

2479 656 2573 715 sit,
2620 654 2664 706 si
2721 668 2844 706 cum
2899 654 2947 704 id
2975 654 3183 707 veniret
3240 655 3293 706 in
3328 656 3550 708 dubium
3578 692 3592 716 ,
3631 655 3868 709 Ecclesia
3907 658 4055 711 illum

2478 758 2723 797 errorem
2759 743 3022 812 repellere
3051 751 3307 812 satagens
3353 746 3454 797 hoc
3486 744 3742 815 Symbolo
3774 747 4057 815 adjicere',

2479 837 2714 900 putanda
2763 850 2869 887 non
2925 844 3071 887 esset
3108 835 3505 901 blasphemare.
3566 834 3697 888 {\am
3740 836 3784 889 si
3836 837 4057 906 quidem

2477 924 2661 976 omnia
2695 934 2880 992 aperte
2912 925 3116 992 scripta
3169 933 3387 987 essent,
3428 926 3571 979 nulla
3622 927 3845 981 haeresis
3898 944 4058 997 caput

2477 1011 2724 1064 attollere
2756 1012 2998 1065 auderet.
3032 1012 3185 1065 Nune
3218 1022 3395 1066 autem
3428 1025 3639 1081 oportet
3669 1030 3721 1068 et
3751 1020 3978 1070 Inercses
4006 1021 4057 1072 in

2479 1102 2636 1155 nobis
2656 1119 2798 1165 esse,
2820 1107 3408 1174 propterqnorumdam
3433 1107 3755 1174 nequitiam,
3771 1117 3823 1159 ut
3848 1110 4058 1175 probati

2477 1192 2745 1245 Inanil'esti
2780 1195 2930 1247 liant.
2949 1194 3054 1247 Sed
3074 1204 3128 1248 et
3145 1193 3472 1250 Scrutamini
3488 1195 3814 1265 Scriptores,
3852 1200 3937 1253 dic
3967 1214 4057 1252 utn

2475 1298 2581 1336 non
2619 1292 2786 1347 esset,
2812 1284 2855 1338 si
2885 1286 3065 1337 omnia
3100 1285 3275 1339 lucide
3320 1297 3373 1339 et
3403 1298 3588 1355 aperte
3612 1289 3813 1355 scripta
3846 1299 4053 1342 essent.

2543 1374 2619 1426 Ita
2654 1374 2817 1442 igitur
2840 1384 2894 1427 et
2921 1375 3044 1427 lidei
3074 1362 3374 1445 principiis,
3401 1388 3453 1432 et
3482 1376 3776 1445 Scriptura:
3812 1379 4059 1432 testimo-

2472 1464 2578 1519 niis
2608 1480 2714 1517 non
2749 1466 2919 1518 solum
2956 1466 3089 1519 nihil
3122 1467 3572 1533 prohibentibus,
3608 1483 3818 1533 verum,
3857 1481 3909 1522 et
3940 1469 4063 1538 pln-

2473 1557 2668 1610 ritnutn
2688 1556 3023 1624 iuvantibus,
3054 1568 3235 1626 atque,
3271 1559 3371 1611 hoc
3403 1571 3587 1626 aperte
3614 1560 4053 1624 ostendentibus,

2470 1647 2858 1716 magistrisque
2889 1646 3148 1702 Ecclesiae
3188 1648 3288 1701 hoc
3313 1648 3561 1717 plurimis
3594 1650 3646 1701 in
3678 1650 3811 1703 locis
3868 1663 4061 1718 aperte

2470 1738 2884 1801 asserentibus;
2918 1737 3132 1806 hisque,
3175 1738 3264 1803 qui
3297 1749 3487 1791 contra
3534 1748 3756 1807 negant,
3793 1754 4055 1794 necessa-

3887 1829 4055 1882 tradi-

2470 1927 2663 1986 tasque
2693 1918 2919 1971 omnino
2953 1918 3019 1971 de
3050 1927 3236 1969 sancta
3268 1914 3538 1969 Trinitate
3565 1919 3804 1971 rationes
3833 1920 4055 1972 convel-

2467 2010 2720 2073 lenttbus,
2776 2025 2896 2076 qua:
2931 2010 3113 2061 omnia
3169 2009 3413 2077 pluribus
3469 2010 3620 2077 plura
3680 2013 4055 2065 demonstrata

2467 2113 2593 2155 sunt
2623 2120 2636 2156 :
2668 2117 2730 2156 ex
2754 2101 2895 2155 Filio
2918 2114 3132 2169 quoque
3156 2101 3449 2167 procedere
3474 2099 3737 2169 Spiritum
3769 2112 4048 2166 Sanctum,

2470 2204 2713 2262 tempore
2746 2201 2995 2260 urgente,
3041 2192 3095 2244 in
3134 2191 3391 2261 Symliolo
3430 2190 3702 2260 adjectum
3744 2203 3846 2244 est.
3881 2192 4051 2245 Aiunt

2468 2283 2636 2345 enim,
2689 2282 2945 2348 quoniam
3004 2290 3123 2348 post
3200 2282 3431 2350 primam
3494 2282 3763 2350 synodum
3828 2283 4053 2337 heresis

2468 2378 2737 2441 qttmdam,
2758 2390 2877 2441 quae
2900 2373 3038 2427 Filio
3058 2375 3238 2427 Patris
3272 2388 3470 2426 nomen
3496 2374 3815 2441 applicaret,
3843 2374 4051 2439 Cra-ce,

2466 2465 2791 2535 υἱοπατορία
2832 2466 2969 2518 dicta
2994 2465 3296 2533 pnllulavit,
3331 2465 3520 2519 dicens
3552 2481 3566 2519 :
3602 2464 3804 2519 Filium
3838 2466 4054 2521 Patrem

2466 2572 2576 2609 rue
2613 2554 2844 2623 Spiritus
2883 2557 3093 2619 sancti,
3128 2552 3326 2625 ipsum'
3352 2573 3471 2611 rero
3516 2556 3774 2624 Spiritum
3816 2569 4053 2623 nepotem

2467 2644 2672 2700 Patris.
2701 2649 3045 2715 Quapropter
3077 2647 3342 2702 Damasus
3369 2685 3384 2709 ,
3417 2648 3509 2715 qui
3542 2658 3669 2701 tunc
3706 2639 3825 2703 erat
3853 2646 4054 2702 Roma-

2465 2754 2570 2792 ttus
2603 2741 2906 2808 episvopus,
2969 2749 3159 2793 coactu
3207 2740 3468 2806 concilio,
3517 2738 3776 2809 Symbolo
3824 2742 4051 2809 adjecit,

2465 2847 2530 2884 ex
2572 2831 2709 2884 Filio
2740 2832 3019 2898 procedere
3051 2830 3313 2899 Spiritum
3364 2841 3647 2894 sanctum;
3679 2832 3787 2886 illis
3824 2832 4056 2885 'seilicet

2465 2923 2740 2975 obsistens
2762 2960 2777 2985 ,
2810 2923 2902 2988 qui
2952 2922 3198 2975 dicerent
3230 2962 3245 2983 ,
3280 2937 3404 2974 eum
3446 2938 3512 2975 ea:
3566 2919 3710 2975 Filio
3746 2923 3917 2977 nasci.
3947 2922 4052 2988 Qui

2463 3015 2607 3067 enim
2643 3029 2706 3066 cx
2739 3013 2899 3068 Patre
2936 3028 3029 3081 per
3060 3012 3257 3067 Filium
3301 3015 3563 3083 procedit,
3594 3024 3648 3068 et
3677 3032 3741 3069 ex
3776 3016 3958 3079 Patre,
3999 3026 4053 3070 ct

768 3114 1045 3174 stantium,
1076 3124 1123 3164 ct
1146 3128 1421 3181 personas,
1466 3112 1877 3179 ingenitumque,
1910 3110 2054 3177 quod
2090 3110 2145 3162 in
2194 3107 2358 3163 Patre
2389 3149 2429 3206 ρ
2466 3106 2601 3159 Filio
2643 3107 2937 3174 procedere
2973 3108 3173 3161 dicitur
3202 3151 3217 3173 ,
3263 3124 3331 3161 ex
3368 3106 3508 3163 Filio
3561 3107 3803 3176 profecto
3833 3110 4053 3176 genitus

768 3203 987 3264 dicitur,
1042 3214 1097 3255 et
1150 3201 1628 3267 consubstantiale,
1675 3202 1800 3271 quia
1851 3203 2116 3266 seriptum
2170 3209 2357 3268 aperte

768 3310 873 3346 nun
911 3304 1014 3357 est,
1042 3295 1201 3347 simul
1239 3294 1540 3362 ejit-ietnus.
1577 3293 1764 3359 Atqui,
1795 3292 1840 3345 si
1887 3291 2009 3358 quis
2046 3289 2356 3344 litterarum

767 3386 918 3438 sonis
948 3386 1205 3451 assideat,
1243 3400 1417 3451 neque
1456 3386 1507 3437 in
1562 3376 1822 3454 Symbo'lo
1867 3381 2173 3434 communis
2234 3380 2357 3432 lidei

765 3477 1068 3530 Salvatotis
1084 3477 1144 3528 de
1180 3487 1373 3529 sancto
1412 3476 1618 3542 Spiritu
1653 3473 1982 3528 sententiam
2009 3470 2356 3525 coacorditer

765 3572 968 3625 habere
998 3569 1377 3622 conlitebitur.
1409 3567 1522 3621 lllic
1555 3568 1699 3619 enim
1750 3580 1782 3618 a
1832 3563 1996 3617 Patre
2055 3563 2355 3630 procedere

764 3663 993 3725 dic‘tur;
1033 3662 1119 3713 hic
1156 3672 1334 3712 autem
1368 3672 1433 3711 ex
1494 3656 1658 3710 l’atre
1699 3658 2017 3725 procedere.
2054 3654 2149 3707 Sin
2177 3667 2354 3707 autem

764 3755 849 3807 hic
881 3767 984 3806 act
1019 3769 1080 3805 ea;
1114 3767 1379 3820 quantum
1418 3752 1483 3804 ad
1518 3750 1931 3818 intelligentiam
1979 3747 2113 3800 nihil
2151 3744 2353 3808 dilierl,

758 3863 857 3900 cur
887 3857 939 3898 et
971 3862 1035 3898 ex
1068 3857 1122 3898 et
1154 3860 1247 3911 per
1278 3843 1407 3896 nihil
1445 3842 1512 3895 ab
1563 3840 1797 3894 invicem
1845 3839 2061 3892 dill'eri'e
2101 3854 2205 3890 non
2255 3838 2339 3889 di-

760 3957 971 4001 tamus,
1004 3956 1125 3992 cum
1168 3954 1234 3990 ex
1274 3935 1435 3989 Patre
1480 3949 1574 4003 per
1620 3932 1818 3986 Filiqu
1859 3931 2158 4001 procedere
2225 3928 2346 3998 Spi-

762 4037 922 4087 tittnn
956 4042 1205 4085 sanctum
1240 4031 1528 4084 audiamus
1563 4044 1577 4081 :
1617 4027 1852 4080 maxime
1898 4041 2023 4079 eum
2077 4035 2128 4078 ct
2175 4023 2351 4077 saneti

758 4125 950 4180 l’atres
999 4124 1386 4177 nnivcrsalitcr
1415 4139 1509 4190 per
1557 4130 1610 4174 et
1645 4133 1710 4173 ea:
1753 4118 1887 4172 nihil
1925 4117 2144 4171 diﬂ'crre
2185 4117 2238 4169 in
2269 4116 2352 4167 di-

759 4233 899 4271 vnns
932 4218 1153 4271 deiiaite
1198 4216 1387 4270 velint.

834 4310 1032 4364 Verum
1058 4308 1185 4377 quid
1222 4323 1448 4363 necesse
1478 4316 1580 4369 est,
1603 4306 1747 4360 circa
1774 4302 2195 4373 jtrtchsitiones
2225 4309 2351 4355 tan-

759 4403 978 4456 [ηυδε-ιιι
1022 4403 1264 4454 valentes
1293 4401 1381 4453 diu
1412 4398 1697 4453 immorari
1726 4437 1741 4463 ,
1777 4398 1998 4466 quando
2027 4406 2081 4450 et
2129 4406 2351 4451 sanctus

2462 3214 2584 3253 esse
2619 3214 2727 3251 non
2780 3210 2984 3266 potcsu
3018 3198 3074 3251 Ιιι
3106 3210 3291 3252 saneta
3322 3200 3466 3253 enim
3505 3200 3775 3253 Trinitate
3802 3240 3815 3263 ,
3849 3202 3940 3267 qui
3984 3218 4050 3255 ex

2461 3294 2638 3362 primo
2667 3293 2785 3346 sine
2822 3292 2999 3345 medio
3026 3302 3130 3354 est,
3169 3290 3341 3346 Filius
3389 3302 3473 3345 est
3526 3292 3679 3361 juxta
3740 3294 4051 3349 nativitatis

2461 3382 2893 3451 praeessionem.
2939 3380 3178 3450 Spiritus
3210 3393 3387 3435 autem
3435 3393 3661 3436 sanctus
3713 3397 3778 3435 ex
3814 3395 4049 3450 utroque

2459 3476 2750 3535 cxsistcns,
2778 3472 3030 3527 videlicet
3062 3487 3124 3525 ex
3163 3472 3324 3525 Patre
3351 3489 3444 3541 per
3477 3472 3695 3536 Filium,
3724 3472 3878 3539 juxta
3926 3489 4054 3527 san-

2460 3580 2608 3620 ctum
2636 3566 2920 3637 Cyrillum,
2949 3576 3149 3635 praeter
3175 3566 3478 3620 nativitatis
3513 3573 3801 3620 terminum
3829 3570 4047 3634 prodit;

2459 3661 2765 3727 procedens
2788 3660 2933 3711 enim
2969 3666 3144 3711 estex
3186 3660 3365 3731 primo
3409 3675 3502 3727 per
3537 3658 3797 3712 medium.
3843 3658 4049 3712 l.lcirco

2457 3750 2758 3818 adjectiune
2788 3753 2889 3806 hac
2923 3751 3366 3806 contradicentes
3398 3751 3614 3819 repulit.

2528 3846 2871 3900 Attestantur
2897 3846 2979 3899 Itis
3010 3845 3207 3914 partim
3237 3844 3448 3912 antiqui
3475 3844 3733 3898 ECclesia:
3767 3844 4034 3913 magistri,

2459 3937 2733 3991 interdum
2765 3956 2859 3992 eos
2895 3938 3238 4001 refellentes,
3276 3939 3367 4004 qui
3393 3937 3653 4006 Spiritum
3700 3938 3781 3991 vel
3832 3948 4049 3991 creatu-

2459 4046 2596 4097 ram,
2629 4031 2711 4085 vel
2745 4030 2866 4086 Filii
2894 4031 3059 4084 litium
3096 4031 3403 4104 dicebant,‘
3433 4039 3489 4082 ιιι
3550 4045 3779 4099 magnus
3810 4027 4047 4084 Basilius

2456 4140 2579 4178 cum
2615 4125 2745 4178 dicit
2778 4142 2793 4178 :
2843 4123 2962 4177 Non
3001 4124 3123 4191 quia
3182 4139 3283 4175 non
3318 4126 3384 4176 sit
3439 4137 3503 4175 ex
3536 4121 3640 4176 Deo
3671 4138 3765 4189 per
3820 4120 4049 4187 Filium,

2456 4228 2511 4270 et
2544 4231 2665 4284 qua:
2698 4216 2847 4278 talia,
2884 4232 2980 4284 per
3007 4232 3129 4284 quae
3176 4214 3371 4268 Filium
3415 4214 3539 4269 Filii
3577 4230 3698 4268 esse
3749 4225 3969 4283 negant,
3999 4199 4053 4270 et

2456 4324 2553 4378 per
2593 4306 2787 4361 Filium
2814 4310 3113 4377 procedere
3145 4307 3366 4372 dicunt;
3396 4307 3598 4375 partim
3636 4321 3759 4361 \eto
3789 4315 3841 4362 ct
3873 4308 4051 4360 histu-

2454 4401 2599 4454 ricus
2636 4401 2855 4466 quidam
2879 4409 3241 4467 cognomento
3284 4398 3468 4466 Scylix
3505 4397 3642 4467 (45),
3676 4400 3729 4450 itt
3762 4413 3849 4461 ea,
3884 4414 4047 4467 quam

756 4498 1099 4561 apertissime
1154 4492 1411 4545 audimus
1464 4491 1730 4553 dicentes,
1770 4488 1897 4557 quia
1933 4502 2054 4541 esse
2088 4488 2284 4541 habeat
2313 4507 2339 4539 a
2376 4498 2419 4554 ι)
2449 4494 2665 4563 scripsit
2696 4493 2945 4555 historia,
2982 4493 3274 4545 additiunis
3311 4502 3364 4544 et
3412 4505 3630 4544 cansnn
3656 4529 3670 4553 ,
3714 4502 3769 4543 et
3826 4499 4043 4559 tempus

753 4588 916 4652 l-iltu,
950 4599 1004 4640 ct
1054 4603 1115 4637 ex
1154 4589 1270 4653 ipso
1296 4585 1409 4649 sit,
1457 4594 1621 4648 atque
1663 4580 1966 4651 procedat?
1996 4579 2183 4647 Itaque
2238 4580 2347 4632 iliis

750 4682 992 4749 quidem,
1033 4695 1153 4746 qua;
1184 4681 1234 4730 ιιι
1268 4677 1572 4744 Scripturis
1612 4683 1800 4744 aperte
1829 4684 1955 4728 sunt
1986 4674 2184 4739 posita,
2223 4688 2348 4726 cum

750 4775 838 4844 pia
871 4771 1159 4827 devotione
1204 4769 1536 4824 credendum
1575 4777 1676 4821 cst.
1723 4768 1854 4832 ριιω
1910 4780 2043 4819 vero
2100 4764 2188 4818 illa
2241 4779 2349 4817 non

750 4867 909 4928 dixit,
964 4880 1071 4917 non
1095 4872 1223 4917 sunt
1277 4861 1685 4930 pra-cipitanter
1739 4857 2088 4925 abjicienda;
2126 4857 2233 4910 nisi
2295 4855 2350 4908 in

747 4958 1143 5014 cismanifcsta
1177 4956 1487 5010 absurditas
1524 4951 1988 5021 deprehendatur,
2028 4966 2149 5018 qua:
2197 4965 2349 5005 com-

747 5057 928 5107 tnnuis
969 5052 1093 5105 lidei
1152 5047 1560 5104 confessionem
1621 5045 1877 5114 perimat.
1929 5042 2086 5106 Quod
2141 5041 2186 5094 si
2258 5042 2357 5094 ab-

747 5146 935 5209 fuerit,
976 5154 1031 5199 et
1064 5145 1167 5197 ista
1210 5143 1295 5211 pie
1329 5150 1456 5195 sunt
1488 5136 1822 5193 admittenda
1852 5177 1867 5202 ,
1894 5137 2152 5200 maxime,
2188 5135 2353 5189 etiam

748 5238 1079 5292 necessitate
1105 5244 1354 5307 cogente,
1383 5242 1603 5302 propter
1630 5246 1723 5285 eos
1760 5234 1853 5298 qui
1889 5229 2011 5283 lidei
2062 5228 2353 5282 veritatem

748 5334 952 5387 \iolarc
985 5330 1304 5393 moliuntur,
1346 5324 1611 5381 imitando
1647 5326 1699 5376 in
1725 5339 1788 5378 ea
1826 5338 1883 5376 re
1910 5333 2126 5375 veteres
2162 5319 2347 5373 docto-

746 5443 853 5491 res,
886 5426 978 5495 qui
1014 5426 1065 5478 in
1105 5426 1266 5477 rebus
1324 5421 1508 5475 arduis
1554 5418 1983 5487 urgentibusque
2014 5413 2342 5469 necessariis

742 5519 1121 5577 additionibus
1183 5529 1235 5571 et
1261 5515 1669 5585 Setipturarum
1707 5512 1887 5565 suisui
1944 5511 2348 5583 tnaxitnecon-

742 5616 1157 5687 gruis,-grcgent
1178 5610 1381 5666 Christi
1404 5609 1671 5677 dissipare
1691 5608 1929 5659 nitentes
1960 5604 2326 5671 dispulerunt.

815 5731 857 5763 "
886 5731 1042 5785 Joan.
1069 5744 1125 5789 χ,
1184 5728 1273 5781 ⁸50.
1391 5726 1435 5756 ⁸⁶
1469 5723 1629 5778 loan.
1676 5737 1728 5781 v,
1766 5722 1850 5775 l9.

1934 5718 1976 5749 "
2013 5716 2173 5770 Joan.
2219 5733 2332 5782 XIV,
2356 5717 2448 5770 28.

2452 4587 2727 4655 exposuit.
2767 4586 2903 4656 Stint
2934 4588 3061 4637 item
3094 4586 3183 4652 qui
3209 4584 3396 4639 dieant
3424 4585 3688 4651 quosdam
3720 4600 3781 4636 ex
3817 4584 3929 4637 Atii
3957 4597 4051 4637 ve-

2455 4682 2637 4742 sania,
2670 4694 2797 4733 cum
2835 4679 3037 4731 vellent
3070 4676 3192 4730 Filii
3241 4674 3582 4742 maiestatem
3645 4674 3990 4738 imminuere,
4020 4691 4050 4733 α

2455 4772 2571 4826 solo
2606 4772 2766 4826 l’atre
2815 4774 3081 4841 Spiritum
3117 4784 3364 4826 sanctum
3410 4770 3629 4837 prodire
3687 4768 3915 4824 dixisse.
3942 4770 4045 4835 Qui

2457 4880 2583 4916 cum
2640 4862 2839 4917 vellent
2873 4863 3242 4930 l;i:t5pltenzatn
3274 4863 3589 4932 opinionem
3620 4864 3756 4915 tueri
3791 4879 3803 4914 ι
3836 4864 4050 4928 pictatis

2454 4958 2623 5010 armis
2650 4967 2839 5011 contra
2874 4958 3131 5025 pietatem
3168 4960 3497 5024 utebantur,
3540 4956 3904 5008 voeilerantes
3940 4970 4047 5007 non

2455 5064 2711 5123 oportere
2764 5051 2954 5106 Nieeui
3022 5052 3237 5105 concilii
3312 5053 3610 5123 quidquam
3675 5051 4050 5105 sanctionibus

2454 5147 2641 5214 adjici,
2705 5160 2879 5214 neque
2937 5145 3082 5197 enim
3141 5145 3249 5197 illic
3302 5145 3357 5198 itt
3424 5143 3774 5215 processione
3810 5143 4049 5210 Spiritus

2457 5240 2635 5293 sancti
2673 5237 2872 5291 Filium
2903 5236 3052 5290 l’atri
3092 5237 3366 5305 adjectum
3414 5250 3557 5290 esse.
3596 5237 3773 5303 Atque
3808 5238 3921 5289 ha‘c
3968 5237 4052 5291 di-

2456 5340 2668 5392 centes,
2705 5326 3010 5381 Ecclcsiam
3037 5327 3382 5390 scindebant,
3423 5326 3813 5396 religionisque
3839 5325 4039 5392 opinio-

2458 5440 2578 5476 nent
2610 5422 2678 5473 ab
2705 5420 2999 5487 imperitis,
3030 5436 3090 5471 ac
3126 5419 3335 5480 stillis,
3379 5430 3435 5471 ιιι
3468 5418 3690 5486 antiqua
3732 5431 4049 5471 revereren-

2460 5525 2569 5576 lttt',
2607 5515 2917 5581 capiebant.

2518 5606 2727 5659 Indicio
2761 5606 2905 5657 enim
2936 5615 3020 5657 est
3050 5604 3243 5655 beatus
3276 5598 3544 5653 Maximus
3601 5600 3654 5652 in
3708 5597 3938 5668 epistola
3982 5597 4051 5658 ad

813 5844 923 5917 (45)
980 5841 1221 5897 hmines
1277 5839 1474 5909 So-yltx
1526 5836 1944 5903 Consmnzinup.
1972 5832 2188 5899 scripsit
2224 5828 2289 5883 de
2336 5829 2530 5898 imper.
2564 5824 3042 5897 Canstantiuopol.
3076 5819 3247 5877 Gesn.
3276 5838 3343 5877 ex
3382 5819 3667 5887 \‘olatcra,
