4472 6434
405 351 504 415 197

1493 356 2223 417 ΑῡνΕϐὃυὸϐῖιίΕΩΟΑ
2265 360 2409 421 LIB.
2450 362 2542 418 iV.

3541 361 3640 426 198

393 462 691 525 Marinum,
725 466 1051 521 additionem
1083 468 1225 521 hanc
1246 468 1379 537 (ιϐ),
1403 483 1505 520 ιιοιι
1536 472 1749 535 quando
1782 468 1969 522 Ecclc-
1998 469 2047 525 Α
2074 478 2235 535 atque
2268 468 2516 531 Basilius,
2545 468 2801 535 Spiritum
2830 483 2858 521 a
2896 468 3032 521 Filio
3061 485 3182 523 csso
3217 470 3414 523 lliiiDOI't‘
3442 474 3644 525 dicunt.

394 554 600 606 siarum
631 557 869 609 scissura
913 557 1056 611 facta
1092 568 1175 611 est
1199 597 1213 621 ,
1249 560 1343 611 scd
1390 559 1545 621 longe
1577 569 1698 611 ante
1731 560 1967 610 additam

396 646 587 705 fuisse,
639 656 690 696 et
729 645 978 700 fortassis
1018 657 1143 700 ante
1174 662 1267 699 sua
1319 658 1578 713 tempora.
1640 647 1763 700 Fuit
1791 658 1968 698 autem

395 751 462 787 eo
495 746 758 804 tempore,
795 752 902 804 quo
941 747 1091 791 sexta
1147 738 1385 806 synodus
1427 738 1658 791 cooliata
1707 748 1808 791 cst.
1842 738 1970 790 Pro-

394 834 601 889 pterea,
642 818 799 879 rcbus'
846 829 1181 895 urgentibus,
1232 844 1353 880 cum
1408 828 1667 895 quosdam
1698 826 1969 882 Occiden-

393 916 519 968 talis
564 916 819 970 Ecclesiae
849 919 959 971 ha-c
990 920 1155 984 postis
1204 919 1463 985 paulatim
1511 934 1573 971 ac
1605 918 1804 970 sensim
1856 918 1970 970 inii-

395 1017 563 1064 ceret.
607 1009 939 1061 conveniens
971 1011 1206 1077 synodus
1232 1024 1296 1061 cx
1332 1007 1469 1060 Filio
1507 1009 1670 1062 etiam
1709 1009 1968 1077 Spiritum

396 1100 691 1165 procedere
730 1099 987 1166 Symbolo
1027 1099 1329 1166 adjecit,ad
1364 1100 1506 1167 quod
1534 1099 1758 1152 Romani
1791 1102 1970 1168 ponti-

398 1190 516 1242 licis
549 1190 851 1243 suliecisset
886 1190 1203 1253 auctoritas,
1236 1206 1352 1258 quae
1390 1191 1554 1244 etiam
1590 1190 1827 1260 synodos
1858 1191 1972 1245 reli-

396 1296 534 1348 quas
559 1283 794 1333 roborat.

474 1371 656 1438 Neque
685 1387 817 1425 sane
848 1371 1151 1425 mirandum
1180 1380 1263 1425 est
1292 1371 1594 1425 [loruanum
1630 1372 1970 1441 episcOpnm,

398 1459 655 1515 Ecclesia:
693 1462 1033 1530 principem,
1072 1462 1246 1527 ipsum
1294 1472 1597 1516 convocato
1649 1460 1972 1517 Occidenta-

398 1546 528 1600 Ιιυιιι
558 1553 932 1616 episcoporum
977 1550 1237 1611 concilio,
1271 1548 1399 1600 illud
1449 1549 1777 1603 decrevisse.
1810 1550 1969 1615 Nam,

394 1640 442 1691 si
471 1640 761 1705 provincia:
802 1654 945 1706 saepe
990 1640 1217 1705 singulae
1248 1639 1475 1692 concilia
1536 1640 1969 1703 celebraverunt,

395 1730 587 1795 eisque
647 1729 944 1780 auctoritas
999 1727 1258 1796 derogata
1319 1742 1426 1781 non
1473 1736 1576 1789 est,
1643 1728 1810 1789 multo
1842 1742 1972 1781 sane

2081 562 2446 627 majoremnque
2496 558 2704 627 Spiritu
2749 559 2941 611 Filium
2988 574 3167 611 causa:
3237 563 3442 612 ratione
3500 580 3646 613 osse-

2080 663 2225 709 l'ttnl,
2256 651 2601 718 Cyrillusque
2634 664 2795 715 super
2823 648 3047 702 Joannis
3075 649 3385 717 Evangelii),
3447 663 3497 703 et
3529 653 3644 718 plu-

2079 740 2231 792 rimis
2261 740 2645 806 opusculorum
2672 753 2898 791 suorum
2918 740 3073 801 locis,
3100 740 3200 792 hoc
3233 742 3401 807 ipsum
3425 742 3647 801 clamat,

2078 841 2276 897 prtctcr
2311 830 2623 882 Occidentis
2658 831 3080 897 magistros,qui
3118 832 3414 883 innumeris
3438 833 3487 881 in
3517 832 3648 882 locis

2078 923 2284 984 dicunt,
2319 938 2378 975 ex
2417 922 2601 984 Patre,
2645 938 2706 973 ac
2744 923 2914 983 bilioj,
2948 925 3106 975 veluti
3145 939 3207 973 ex
3247 937 3350 973 uno
3385 924 3650 987 principio

2080 1016 2370 1079 procedere
2405 1013 2663 1080 Spiritum
2701 1024 2948 1064 sanctum
2990 1030 3004 1064 :
3040 1029 3176 1079 opus
3201 1028 3318 1064 esse
3354 1030 3461 1063 non
3494 1016 3645 1065 vidc-

2081 1104 2258 1163 batur,
2293 1114 2357 1155 ue
2404 1109 2486 1156 nis
2529 1118 2645 1169 qua:
2680 1117 2936 1156 concessa
2971 1113 3181 1163 essent,
3207 1101 3511 1155 Orientales
3544 1102 3645 1155 Pa-

2079 1202 2188 1245 tres
2222 1196 2493 1247 molestias
2530 1197 2658 1261 pati.

2148 1282 2319 1336 Porro
2354 1284 2395 1335 si
2426 1285 2544 1349 quis
2579 1284 2898 1351 interroget,
2933 1282 3060 1349 quid
3092 1283 3364 1350 sit,quod,
3393 1299 3515 1335 cum
3548 1284 3647 1335 ista

2079 1374 2283 1425 additio
2311 1374 2533 1440 antiqua
2572 1374 2661 1432 sit,
2689 1388 2794 1425 non
2824 1375 2987 1425 etiam
3013 1373 3078 1423 ab
3113 1370 3476 1424 Orientalibus
3496 1374 3650 1440 Sym-

2081 1462 2203 1515 bolo
2223 1464 2421 1516 inserta
2459 1462 2564 1516 sit?
2584 1464 2816 1530 primum
2840 1462 3056 1529 quidem
3078 1463 3284 1528 ,debita
3312 1462 3649 1529 snbjectione

2078 1564 2142 1605 ac
2168 1554 2471 1605 reverentia
2506 1552 2750 1605 Romano
2782 1551 3032 1605 Pontiﬁci
3063 1592 3075 1615 ,
3110 1553 3341 1619 ejusque
3387 1550 3645 1604 Ecclesia:

2080 1641 2376 1693 secundum
2406 1642 2808 1695 ecclesiasticas
2854 1642 3068 1710 regulas
3119 1628 3327 1695 reddita
3358 1678 3373 1702 ,
3410 1640 3541 1693 nihil
3584 1657 3651 1693 ex

2085 1730 2189 1785 hoc
2223 1732 2276 1785 in
2307 1730 2431 1797 (ide,
2463 1733 2545 1786 vel
2594 1730 2811 1786 diil'erre
2835 1770 2850 1795 ,
2885 1734 2967 1784 vel
3018 1742 3205 1784 contra
3240 1730 3439 1783 sentire
3488 1740 3652 1809 puta-

397 1821 571 1885 neagis
605 1821 705 1872 hoc
736 1819 823 1872 ille
863 1820 1056 1886 potuit,
1086 1832 1210 1872 cuin
1238 1818 1493 1872 omnibus
1526 1819 1731 1871 circum
1772 1834 1832 1873 se
1858 1819 1975 1887 epi-
2009 1801 2053 1858 Β
2085 1824 2302 1888 bantur,
2329 1825 2470 1892 quod
2524 1825 2691 1879 etiam
2721 1838 2848 1895 vere
2901 1824 2981 1878 sic
3022 1835 3161 1877 erat.
3192 1822 3394 1875 Deinde
3430 1801 3654 1876 necesse

393 1912 597 1977 Scapis,
629 1911 718 1976 qui
751 1921 936 1979 pastor
969 1910 1197 1978 primus,
1243 1920 1298 1963 et
1355 1907 1611 1963 Ecclesia
1683 1908 1850 1965 totius
1882 1924 1969 1978 pa-

395 2014 502 2065 ter,
556 2002 987 2069 universalisque
1031 2000 1466 2055 Christianorum
1515 2000 1758 2055 omnium
1806 2000 1977 2071 iudex

394 2111 522 2149 esse
578 2094 1011 2161 comprobatur,
1072 2083 1370 2161 apostolica
1441 2090 1589 2144 hunc
1649 2093 1976 2161 antiquitate

398 2190 704 2256 principem
736 2201 1051 2255 sopretnum
1076 2184 1405 2253 appellattle,
1439 2183 1787 2255 decretisque
1814 2187 1978 2255 regiis

397 2280 579 2344 ipsum
617 2276 1005 2338 statuenttbus,
1037 2291 1100 2330 ac
1132 2276 1292 2329 rebus
1332 2276 1462 2345 ipsis
1492 2278 1563 2330 ita
1593 2291 1714 2333 esse
1739 2277 1979 2334 claman-

397 2371 567 2432 tibus,
599 2380 651 2423 et
680 2384 787 2437 quo
820 2369 961 2432 sine,
998 2366 1330 2435 impossibile
1363 2368 1608 2435 profecto
1640 2378 1759 2434 est,
1798 2369 1979 2426 eccle-

396 2464 623 2518 siastica
655 2464 872 2531 negotia
900 2452 1147 2526 tractari,
1179 2473 1342 2529 atque
1374 2461 1573 2529 dirigi,
1610 2463 1753 2518 sicut
1786 2464 1979 2521 beatus

399 2554 713 2621 Stephanus
742 2554 930 2621 junior
980 2552 1092 2621 (47)
1134 2555 1397 2608 adversus
1434 2567 1545 2613 eos,
1568 2553 1685 2624 qui,
1718 2555 2009 2627 quoniam,

397 2646 666 2711 imagines
721 2660 910 2698 omnes
964 2644 1321 2698 destruendas
1381 2646 1732 2711 statuebant,
1780 2647 1983 2701 rixose-

400 2739 571 2807 μάχοι
613 2737 861 2804 appellati
892 2748 1035 2798 sunt,
1089 2738 1286 2791 restitit
1320 2752 1334 2788 :
1372 2751 1495 2790 cum
1543 2736 1622 2791 illi
1684 2738 1977 2794 concilium

397 2827 869 2894 Constantinopoli
914 2826 1190 2889 fecissent,
1224 2841 1332 2880 non
1372 2826 1454 2882 eis
1493 2827 1661 2882 licere
1689 2830 1981 2901 concilium

398 2919 680 2972 celebrare
712 2932 963 2971 asserens
996 2918 1096 2972 nisi
1122 2917 1396 2973 Romanus
1427 2918 1742 2990 episcopus,
1775 2921 1857 2977 vel
1886 2936 1982 2990 per

396 3026 461 3065 se
498 3013 670 3079 ipsum
706 3026 942 3079 prmseus
970 3010 1310 3078 praesideret,
1340 3012 1424 3066 vel
1462 3011 1531 3067 ab
1580 3027 1647 3068 eo
1675 3015 1853 3080 missi,
1886 3016 1980 3072 alii

2077 1931 2185 1970 non
2240 1916 2360 1979 fuit,
2413 1925 2618 1971 rectam
2649 1925 2705 1969 et
2739 1930 3037 1985 congruam
3073 1914 3139 1968 de
3186 1913 3326 1967 Filio
3380 1922 3433 1966 et
3466 1922 3656 1965 sancto

2079 2003 2284 2074 Spiritu
2313 2004 2721 2075 intelligentiam
2748 2004 3030 2066 habentes,
3048 2017 3173 2057 cum
3192 2001 3468 2056 additione
3492 1998 3655 2069 Sym-

2077 2095 2258 2151 bolum
2294 2096 2473 2166 legere
2499 2112 2518 2163 ι
2560 2110 2667 2150 ιιοιι
2698 2109 2823 2150 esse
2845 2094 3136 2149 contraria
3162 2094 3657 2163 opinionis,neque

2078 2196 2271 2255 putare
2319 2201 2417 2242 eos
2459 2188 2593 2256 qui,
2624 2201 2749 2241 eum
2800 2186 2905 2240 ista
2960 2168 3237 2251 legerent,
3272 2183 3392 2237 ﬁdei
3426 2182 3655 2236 veritate

2076 2278 2370 2343 excidisse,
2424 2277 2644 2348 illisque
2692 2277 2877 2331 unitos
2922 2290 3069 2332 esse.
3104 2273 3239 2328 Nam
3289 2283 3492 2342 etpost
3520 2273 3663 2327 anti-

2080 2384 2248 2438 quum
2280 2368 2543 2435 schisma,
2566 2384 2694 2425 cum
2722 2383 2911 2425 rursus
2934 2368 3216 2436 utriusque
3237 2365 3493 2421 Ecclesia:
3516 2365 3661 2449 facta

2079 2470 2224 2516 esset
2253 2462 2401 2527 unio,
2434 2459 2654 2516 Graecos
2684 2458 2862 2514 Latini
2893 2458 3029 2513 nihil
3060 2466 3393 2528 coegerunt,
3433 2455 3663 2528 Symbo-

2082 2551 2191 2607 lum
2222 2568 2345 2608 cum
2381 2550 2658 2608 additione
2712 2550 2913 2621 legere,
2956 2549 3042 2604 vel
3102 2547 3226 2602 aliis
3266 2548 3661 2604 ecclesiasticis

2076 2644 2280 2701 ritibus
2314 2660 2483 2715 .more
2524 2658 2629 2698 suo
2675 2642 2754 2696 uti
2784 2682 2799 2705 ,
2840 2641 2934 2697 sed
2969 2641 3076 2694 tria
3112 2640 3289 2694 solum
3320 2639 3388 2693 ab
3413 2637 3495 2692 eis
3536 2646 3662 2706 post

2069 2740 2284 2792 {actam
2317 2737 2613 2801 unionem,
2646 2732 2906 2805 requisita
2960 2741 3113 2788 sunt.
3147 2731 3387 2785 Primum
3419 2733 3663 2801 quidem,

2085 2840 2145 2884 ut
2193 2829 2426 2885 Romani
2468 2827 2711 2898 episcopi
2762 2824 3081 2880 memoriam
3123 2825 3175 2878 in
3212 2823 3524 2892 diptychis,
3559 2822 3664 2878 hoc

2082 2932 2190 2987 est,
2226 2924 2280 2977 in
2312 2935 2519 2976 canone
2544 2918 2722 2973 Missa:
2771 2918 3048 2981 iacerent;
3081 2918 3404 2978 secundum,
3435 2924 3495 2969 ut
3546 2916 3667 2968 uni-

2087 3015 2356 3069 versalem
2375 3013 2616 3082 judicent
2646 3009 3086 3065 Christianorum
3112 3007 3355 3060 omnium
3388 3016 3669 3074 putarent;

388 3105 549 3173 juxta
578 3104 1027 3157 consuetudinem
1064 3103 1239 3157 locum
1274 3102 1394 3172 ejus
1438 3104 1747 3173 implerent.
1779 3105 1983 3177 Nempe
2012 3107 2139 3201 cei
2180 3107 2481 3162 secundum
2502 3104 2782 3172 antiquam
2817 3100 3069 3154 Ecclesia:
3095 3098 3541 3153 consuetudinem
3581 3114 3670 3151 re-

397 3196 547 3248 cnim
573 3198 640 3248 ab
676 3194 920 3248 Ecclesia
954 3194 1063 3257 illa,
1097 3194 1240 3248 nulla
1273 3210 1510 3264 unquam
1542 3198 1609 3250 de
1638 3197 1744 3251 lide
1768 3210 1986 3252 senten-

398 3291 477 3341 tia
517 3291 777 3353 manavit,
818 3304 979 3357 quam
1008 3298 1075 3341 ut
1129 3274 1502 3355 blasphematur
1532 3302 1586 3344 et
1619 3292 1834 3344 noxiam
1876 3291 1983 3346 Ec-

397 3380 571 3435 clesia
626 3397 768 3434 nunc
819 3380 998 3434 oumis
1059 3380 1308 3443 damnet;
1379 3395 1474 3433 seu
1534 3381 1983 3448 anathematiset,

398 3476 620 3543 quando
643 3475 889 3543 ingentes
909 3472 1115 3527 ﬂuetus
1132 3473 1477 3541 plurimaque
1493 3470 1773 3543 naufragia
1792 3482 1981 3528 contra

402 3567 702 3620 Lech-siam
733 3565 899 3619 licere.
930 3565 1039 3617 Nisi
1061 3565 1206 3617 enim
1240 3568 1342 3618 ista
1369 3564 1752 3632 suscipiamus,
1787 3562 1977 3620 nescio

397 3661 534 3729 quid
564 3659 800 3711 validum
827 3668 880 3711 et
910 3668 1090 3710 ratqu
1125 3656 1430 3725 suscepturi
1480 3658 1650 3711 simus
1687 3674 1701 3711 :
1735 3656 1821 3711 vel
1851 3658 1983 3725 quid

403 3753 808 3819 apertissimum
842 3750 968 3804 licet
998 3788 1015 3812 ,
1071 3759 1235 3818 atque
1272 3748 1650 3818 conspicuum,
1702 3748 1990 3819 impuden-

404 3847 616 3897 tissime
651 3843 982 3909 t'cpudialuri
1011 3858 1117 3893 non
1151 3841 1344 3895 simus.

480 3935 537 3989 Si
576 3938 739 4003 igitur
799 3934 900 3986 ista
941 3936 1006 3986 de
1042 3932 1131 3984 illo
1155 3946 1280 3985 vera
1336 3941 1486 3994 sunt,
1511 3930 1631 3988 sine
1673 3946 1784 4002 quo
1811 3930 1992 4002 possi-

402 4028 512 4083 bile
547 4044 652 4081 uon
684 4036 767 4079 est
793 4023 1161 4080 ecclesiastica
1197 4023 1441 4087 decerni,
1473 4024 1543 4079 ad
1594 4039 1658 4080 ea
1691 4024 1993 4081 decernen-

406 4122 561 4182 dum,
595 4135 719 4174 cum
749 4120 939 4187 paucis
980 4125 1076 4171 aut
1107 4129 1232 4171 cum
1273 4115 1523 4186 pluribus
1547 4118 1861 4181 conveniat,
1887 4119 1991 4171 mi-

406 4216 616 4268 nimum
652 4210 819 4263 reiert
849 4226 862 4262 :
897 4208 1169 4275 simulque
1200 4210 1255 4263 in
1288 4222 1348 4264 re
1394 4221 1633 4275 aperta,-
1662 4218 1717 4262 et
1768 4223 1891 4274 quae
1922 4209 1992 4262 ab
2026 4258 2033 4264 .

403 4307 662 4359 munibus
710 4303 964 4357 Beciesim
1016 4301 1295 4372 magistris
1366 4302 1497 4354 trita
1548 4308 1669 4365 est,
1702 4299 1771 4356 de
1813 4305 1993 4357 sancti

406 4401 617 4455 scilicet
656 4397 895 4463 Spiritus
924 4396 1293 4462 proccssiune,
1318 4407 1457 4463 opus
1486 4408 1591 4447 non
1614 4391 1789 4474 fuisse
1819 4397 1992 4457 citare

2095 3201 2393 3257 varentiam
2446 3198 2781 3259 reddentes;
2841 3195 3084 3257 tertium,
3136 3202 3196 3245 ut
3232 3189 3531 3247 Romanam
3569 3189 3675 3243 Ec-

2095 3292 2317 3346 clesiatu
2359 3289 2413 3343 in
2466 3284 2859 3340 ecclesiasticis
2903 3284 3252 3353 dogmatibus
3277 3289 3506 3349 matrem
3539 3277 3675 3333 lide-

2092 3384 2225 3437 lium
2255 3393 2419 3450 atque
2451 3379 2771 3449 magistratu
2821 3391 2954 3431 sana
2992 3389 3210 3442 seiiipcr
3237 3372 3343 3426 [ide
3387 3386 3530 3433 esse,
3561 3383 3677 3424 cre-

2093 3473 2307 3527 derent.
2358 3470 2567 3526 Cmtera
2616 3466 2750 3523 locis
2786 3466 2903 3521 suis
2954 3478 3174 3519 manere
3229 3461 3487 3528 permissa
3521 3469 3671 3515 sunt.

2094 3564 2199 3619 Sed
2230 3576 2372 3616 nunc
2394 3575 2609 3630 quoque
2642 3562 2694 3613 in
2728 3558 3006 3620 Sicilia,et
3035 3571 3097 3611 ea
3125 3570 3245 3625 quae
3272 3568 3462 3621 magna
3487 3561 3543 3607 et
3574 3568 3677 3606 au-

2095 3660 2247 3729 tiqua
2277 3656 2485 3712 Graecia
2520 3653 2722 3709 dudum
2746 3650 3064 3713 vocabatur,
3093 3662 3215 3701 cum
3245 3645 3419 3700 Graeci
3457 3644 3677 3712 plurimi

2094 3750 2425 3814 inhabiteut,
2456 3746 2857 3814 Orientalisque
2880 3741 3135 3796 Ecclesiae
3184 3739 3429 3792 moribus
3462 3747 3519 3791 et
3559 3738 3680 3791 riti-

2098 3846 2201 3899 bus
2237 3854 2455 3898 utautur
2484 3839 2644 3909 ;quia
2677 3838 2855 3892 solum
2891 3834 3149 3891 Romanae
3186 3828 3679 3896 Ecclesiasubditi

2096 3950 2249 4000 sunt,
2269 3951 2373 3989 non
2394 3943 2661 4005 coguntur
2683 3928 2999 4001 Symbolum
3020 3942 3144 3982 cum
3175 3924 3452 3978 additione
3476 3922 3678 3991 legere’;

2097 4028 2193 4084 sed
2232 4028 2373 4091 sola,
2419 4036 2478 4079 ut
2525 4025 2730 4080 dictum
2764 4031 2849 4077 est
2874 4059 2890 4084 ,
2925 4019 3238 4076 obedientia
3270 4015 3527 4071 Ecclesiae
3575 4014 3683 4067 itu-

2099 4137 2289 4193 pensa,
2329 4136 2452 4174 cum
2498 4134 2606 4185 non
2650 4119 2763 4170 sint
2790 4115 3081 4170 contraria
3100 4111 3399 4189 opinionis,
3434 4106 3571 4164 nihil
3611 4107 3683 4160 ab

2100 4216 2181 4267 eis
2213 4211 2445 4278 ainplius
2473 4209 2729 4276 exigitur,
2764 4224 2869 4260 una
2899 4207 2998 4260 bac
3033 4220 3092 4259 re
3123 4214 3323 4259 caetera
3354 4207 3520 4259 etiam
3546 4220 3685 4260 cou-

2078 4311 2264 4361 .tiueri
2300 4302 2695 4367 arbitrantibus
2723 4299 2969 4356 Latinis;
3000 4298 3223 4368 quippe,
3255 4313 3365 4351 non
3396 4297 3450 4351 in
3481 4299 3687 4362 verbis,

2101 4400 2197 4453 sed
2223 4400 2275 4451 in
2314 4396 2567 4452 sensibus
2599 4393 2793 4464 religio
2828 4401 3015 4447 nastra
3055 4389 3311 4444 consistit
3332 4429 3348 4453 ,
3383 4390 3682 4459 secundum

406 4494 621 4554 urbem,
683 4490 849 4542 veluti
905 4504 969 4540 ea
1006 4488 1231 4549 quasstio
1260 4485 1416 4539 Valde
1444 4494 1593 4539 esset
1609 4488 1886 4554 ambigua,
1914 4500 1999 4539 at—
2030 4484 2073 4539 ι)
2104 4487 2796 4558 theologumGregorium.

408 4600 517 4655 que
548 4585 690 4647 ideo,
722 4582 981 4635 omnibus
1008 4579 1486 4642 cetnmunicauda.
1517 4578 1622 4646 Qui
1645 4582 1794 4633 enim
1827 4579 1996 4634 semel

407 4678 783 4747 percepisseut
840 4672 987 4727 Patri
1040 4671 1238 4726 Filium
1288 4684 1412 4727 esse
1439 4669 1992 4745 consubstantialem,

407 4770 639 4838 ejusque
664 4765 1174 4822 incommutabilem
1205 4763 1498 4832 imaginem
1527 4777 1684 4829 esse,
1716 4769 1772 4817 et
1819 4761 1997 4821 Patris

411 4864 616 4917 habere
642 4861 848 4923 omnia,
880 4867 1076 4927 praeter
1104 4855 1279 4911 solum
1308 4854 1531 4912 Patrem
1569 4870 1693 4913 esse
1712 4892 1728 4919 ,
1760 4866 1815 4911 et
1854 4871 2000 4912 nunc

412 4957 633 5025 quidem
657 4954 912 5007 audirent
961 4950 1225 5020 Spiritum
1260 4948 1512 5003 veritatis
1540 4957 1607 5003 et»
1627 4946 1748 5003 Filii
1782 4963 1907 5003 esse
1947 4960 2001 5003 et

412 5052 482 5103 ab
515 5048 631 5115 ipso
663 5046 934 5113 accipere,
966 5055 1116 5097 nunc
1140 5053 1323 5096 autem
1353 5054 1453 5110 per
1480 5030 1680 5094 Filium
1710 5039 2005 5108 procedere

415 5150 472 5195 et
507 5154 575 5193 cx
624 5136 763 5192 Filio
794 5150 918 5192 esse
938 5175 955 5201 ,
984 5133 1349 5191 sicutictiam
1375 5147 1445 5187 es
1490 5131 1756 5198 Patre,.et
1784 5133 1853 5188 ab
1876 5133 2003 5206 ipso

420 5233 625 5287 habere
654 5244 796 5291 esse,
830 5239 886 5283 et
919 5241 1041 5297 qua
1075 5225 1205 5282 talia
1254 5224 1516 5288 oradicta
1548 5233 1683 5281 sunt
1710 5240 1727 5283 ;
1756 5237 1825 5281 ex
1863 5220 2006 5280 Filio

419 5325 585 5378 etiam
614 5321 933 5393 procedere,
948 5320 1203 5375 dubitare
1217 5333 1327 5374 non
1348 5327 1596 5389 possent,
1618 5318 1856 5374 maxime
1880 5334 2004 5374 cum

340 5437 351 5446 ’
418 5419 647 5479 scirent,
669 5410 841 5487 quod,
877 5415 971 5484 qui
1003 5411 1317 5484 bujusmodl
1351 5412 1619 5483 principia
1644 5407 2005 5481 concedunt,

420 5514 475 5568 id
503 5525 724 5581 quoque
758 5508 907 5580 quod
932 5523 996 5564 ea
1014 5505 1286 5576 sequitur,
1321 5504 1637 5561 necessario
1666 5503 1962 5565 admth
1990 5522 2006 5571 ;

2178 4584 2273 4639 llis
2301 4583 2348 4637 si
2377 4582 2502 4650 quis
2533 4581 2779 4647 objieiat,
2807 4577 3120 4647 Oportuisse
3159 4576 3378 4632 ϐιωθοι
3398 4576 3566 4630 etiam
3597 4591 3692 4629 vo-

2105 4676 2245 4739 cari,
2270 4683 2326 4726 et
2343 4674 2565 4747 synodo
2590 4671 2659 4724 de
2684 4669 2961 4725 sententia
2978 4669 3225 4724 omnium
3241 4671 3650 4724 communicare
3674 4686 3690 4723 :

2082 4769 2345 4838 primum
2371 4764 2614 4835 quidem,
2637 4778 2760 4819 cum
2785 4773 2907 4817 uota
2921 4762 3146 4817 omnino
3173 4776 3264 4816 res
3278 4774 3447 4826 esset,
3470 4777 3696 4817 necesse

2108 4874 2217 4915 non
2245 4857 2349 4911 (uit
2384 4856 2638 4911 omnibus
2675 4856 2819 4910 banc
2857 4853 3221 4910 conveniendi
3270 4854 3577 4909 molestiam
3613 4859 3698 4911 in-

2104 4951 2329 5011 dicere,
2350 4962 2526 5017 neque
2576 4963 2802 5003 necesse
2835 4957 2920 5002 est
2965 4962 3157 5001 omnes
3198 4947 3455 5001 omnibus
3501 4949 3696 5001 adesse

2081 5044 2395 5108 .couciiiis,
2411 5047 2504 5099 sed
2528 5043 2763 5112 primum
2796 5041 3017 5110 quidem
3046 5031 3293 5102 Patrem,
3329 5039 3697 5107 Ecclesiaqne

2110 5137 2408 5208 pastorem.
2432 5135 2542 5192 Ista
2578 5136 2725 5207 sitim
2752 5135 2796 5189 si
2824 5151 2854 5189 a
2888 5133 3160 5205 principio
3176 5148 3273 5203 per
3291 5132 3699 5191 ecclesiasticas

2112 5233 2263 5302 leges
2290 5240 2541 5302 separata
2574 5241 2724 5297 sunt,
2752 5237 2808 5284 et
2842 5227 2999 5286 valde
3043 5228 3306 5283 convenit
3351 5236 3413 5280 ut
3462 5228 3544 5282 vel
3601 5241 3699 5298 per

2114 5328 2376 5397 seipsum,
2410 5324 2501 5383 vd
2565 5340 2663 5394 per
2710 5323 2934 5379 nuntios
2981 5322 3217 5378 concilio
3275 5318 3415 5375 adsit
3463 5335 3528 5375 ac
3558 5335 3703 5388 pra-

2094 5416 2207 5469 .sit.
2234 5413 2369 5469 Nam
2400 5416 2445 5468 si
2477 5414 2567 5468 ille
2597 5428 2703 5467 non
2732 5411 3187 5483 adjuvat,.iuania
3219 5422 3273 5465 ct
3301 5414 3553 5467 hesterna
3574 5421 3704 5466 sunt

2117 5508 2300 5567 omnia
2336 5507 2501 5563 :siue
2530 5506 2635 5563 hoc
2664 5507 2810 5561 enim
2862 5506 3238 5563 ecclesiastica
3289 5507 3548 5571 tractari,
3586 5517 3699 5560 sta-

424 5615 595 5675 ntque
653 5600 947 5657 Orientalis
1003 5595 1265 5655 Ecclesia
1324 5596 1574 5667 magistri
1604 5636 1621 5663 ,
1653 5588 2010 5653 'Atbaouius
2105 5584 2310 5676 hique
2331 5617 2438 5656 nou
2473 5603 2734 5672 possunt;
2760 5609 3108 5661 consumite.
3136 5602 3405 5659 sive‘cuin
3432 5600 3704 5673 pluribus,

490 5745 605 5811 (so)
639 5743 778 5811 Lege
800 5740 1188 5811 Bt-ilarmintun
1221 5752 1259 5811 ιι
1283 5734 1369 5811 De
1394 5735 1632 5799 Clu-asto,
1658 5750 1710 5811 c.
1734 5735 1827 5791 21.

492 5803 609 5887 λη)
634 5803 828 5869 Exstat
868 5810 987 5865 Vita
1019 5810 1180 5870 huius
1226 5808 1287 5863 Β.
1338 5808 1601 5885 Stephani
1654 5810 1797 5854 inter
1828 5823 1993 5857 cum
2040 5807 2258 5868 nam.“

1042 5810 1180 5870 vei-vs
1226 5808 1287 5863 Β.
1338 5808 1601 5885 Stephani
1654 5810 1797 5854 inter
1828 5823 1993 5857 eam
2040 5807 2530 5868 “sanaueniedita
2564 5825 2594 5867 a
2628 5809 2808 5865 Biliio.
