4472 6434
806 386 915 453 199

2066 394 2465 456 MANUELIS
2504 394 2808 455 CALEC-J‘.I

3954 390 4058 454 200

802 504 917 557 sive
971 516 1094 553 cum
1146 500 1380 569 paucis,
1426 500 1569 568 quod
1623 500 1689 555 ad
1731 514 1790 555 so
1849 502 2109 570 pertinet,
2161 501 2849 574 iinplererbcdieutlam
2877 488 3187 553 redderent.
3237 494 3447 554 Idcirco
3471 498 3663 567 smplus
3689 497 3755 553 ad
3808 496 4061 554 Ecclesiae

800 604 998 660 pou-st.

874 682 1019 733 Alios
1055 696 1185 734 vero
1221 698 1324 734 non
1378 696 1515 749 opus
1545 689 1630 735 est
1674 680 1852 735 vocari
1883 698 2093 747 omnes,
2144 684 2382 737 maxime

802 774 895 841 qui
944 782 1072 825 sunt
1126 774 1466 834 remotiores,
1499 787 1743 839 quosque
1793 772 1872 824 vel
1929 773 2025 825 vim
2080 774 2378 843 longitudo,

803 863 886 914 vel
918 862 1008 914 alii
1039 870 1263 913 eventus
1316 876 1519 913 rerum.
1562 860 1748 926 quales
1793 875 2163 926 smpenumero
2203 876 2381 915 emer-

803 963 956 1022 gunt,
1004 950 1368 1020 impedierint.
1415 952 1592 1018 Atque
1650 950 1773 1012 ista,
1832 966 1955 1005 cum
2012 966 2207 1020 magna
2273 967 2380 1006 non

804 1052 961 1110 urget
1012 1042 1335 1103 necessitas,
1394 1055 1514 1092 cum
1562 1041 1789 1108 quaestio
1817 1042 2105 1109 perspicua
2155 1052 2262 1105 est,
2316 1058 2384 1096 ne

801 1134 987 1184 orbem
1033 1131 1217 1183 vocari
1268 1144 1404 1197 opus
1450 1132 1559 1183 sit:
1594 1132 1813 1198 quando
1866 1132 1977 1199 ipse
2000 1147 2184 1185 secum
2230 1132 2385 1186 facil-

802 1223 929 1275 lime
970 1236 1218 1290 magnam
1266 1230 1474 1289 partem
1521 1236 1752 1275 evocare
1802 1223 1992 1290 possit,
2027 1232 2081 1275 et
2129 1239 2254 1276 cum
2304 1223 2383 1276 eis

800 1324 1065 1369 statuere.
1114 1319 1274 1378 atque
1325 1310 1637 1363 decernere.
1680 1312 1900 1375 Deinde,
1935 1328 2041 1365 non
2097 1314 2375 1376 convenit,

799 1413 1027 1456 vocatus
1075 1401 1368 1468 quispiam,
1424 1416 1492 1453 an
1538 1400 1826 1455 invocatus
1852 1402 2037 1465 fuerit,
2076 1402 2382 1470 inspicere;

799 1497 918 1555 sed,
953 1508 1020 1543 an
1054 1507 1177 1546 vera
1202 1492 1331 1555 sint,
1363 1506 1481 1560 qua:
1510 1501 1711 1546 statuta
1762 1492 1985 1555 fuerint,
2014 1495 2381 1563 perpendere:

800 1597 867 1636 ne
905 1583 1148 1636 videatur
1177 1582 1445 1649 quispiam
1496 1597 1606 1635 non
1641 1582 1885 1636 veritatis
1932 1598 2120 1637 curam
2160 1583 2384 1649 habere,

796 1675 891 1727 sed
926 1674 1121 1737 solum,
1150 1673 1243 1740 qui
1275 1682 1499 1726 vocatus
1554 1688 1659 1726 non
1714 1674 1896 1737 fuerit,
1933 1672 2151 1742 indigne
2190 1674 2335 1728 ferre
2368 1696 2382 1729 ;

796 1766 941 1833 quod
974 1765 1060 1817 isti
1097 1765 1255 1817 modo
1283 1762 1509 1824 faciunt,
1541 1765 1664 1817 dum
1699 1764 1930 1818 honores
1983 1778 2047 1817 ac
2089 1764 2383 1834 primatum

797 1865 1092 1918 sectantur,
1124 1864 1181 1906 ut
1210 1856 1310 1908 sub
1339 1854 1567 1908 Romani
1602 1856 1832 1923 pastoris
1877 1870 2004 1909 cura
2040 1866 2095 1908 et
2125 1856 2384 1910 obedien-
2418 1852 2459 1906 Β
2492 1852 2765 1919 magistris
2837 1852 3278 1918 concinentibus,
3334 1869 3496 1923 quam
3550 1856 3699 1908 nefas
3758 1869 3901 1908 esset

801 1948 892 2007 tia,
932 1947 1085 2013 juxta
1128 1947 1409 2013 antiquum
1446 1958 1651 1996 morem
1689 1960 1793 1997 non
1842 1945 1971 2009 sint,
2019 1945 2376 2011 adiectionem

797 2037 1060 2107 Symboli,
1095 2049 1156 2091 tit
1184 2051 1404 2092 causam
1439 2036 1814 2090 rationabilem
1842 2038 2251 2105 praetendentes.

866 2128 980 2182 lloe
1013 2139 1339 2183 autemnon
1390 2128 1670 2196 religionis
1741 2143 1804 2181 ac
1866 2128 2010 2192 fidei,
2044 2129 2138 2181 sed
2190 2143 2384 2194 supcr-

794 2220 897 2273 bia:
936 2220 1116 2286 potius
1145 2229 1394 2286 apertum
1454 2220 1838 2272 documentum
1880 2229 1980 2273 est.
2011 2216 2179 2283 Nam,
2215 2220 2258 2272 si
2289 2218 2387 2273 ad-

795 2312 1056 2365 ditiouem
1078 2312 1296 2378 impiam
1315 2311 1655 2373 existimant,
1688 2325 1785 2362 cur
1804 2310 1977 2364 sancti
2002 2308 2223 2363 Maximi
2252 2319 2385 2363 tein-

792 2403 1038 2469 porilius,
1070 2413 1231 2471 atque
1266 2402 1430 2455 etiam
1471 2413 1597 2455 ante
1625 2403 1791 2462 hunc,
1825 2400 2043 2468 quando
2063 2399 2380 2471 Symbolum

794 2496 864 2545 ita
895 2494 1072 2546 omnis
1093 2491 1458 2547 Occidentalis
1485 2493 1723 2546 Ecclesia
1759 2491 1992 2561 legebat,
2019 2492 2213 2547 Oriens
2241 2501 2383 2546 totus

794 2582 934 2633 hanc
972 2581 1308 2649 impietatem
1351 2598 1455 2634 non
1496 2582 1774 2650 redarguit
1821 2595 1998 2650 neque
2047 2580 2116 2635 ab
2142 2581 2381 2635 Ecclesia

792 2670 1032 2722 lloinana
1059 2671 1336 2724 abscissus
1365 2670 1490 2723 est?
1522 2674 1589 2722 At
1621 2671 1673 2723 id
1722 2672 1943 2739 quidem
1996 2670 2069 2723 illi
2104 2686 2210 2723 non
2244 2671 2387 2726 fece-

792 2770 954 2824 runt;
989 2760 1095 2813 into
1131 2772 1320 2813 coacta
1356 2771 1525 2822 sexta,
1560 2771 1613 2814 et
1643 2761 1870 2829 septima
1930 2762 2159 2830 synodo,
2193 2761 2377 2830 adiec-

762 2836 995 2903 tionem
1054 2853 1192 2904 hanc
1234 2860 1292 2902 ut
1359 2853 1500 2918 piam
1574 2851 1779 2918 liquido
1849 2850 2382 2919 comprobaverunt:

791 2960 989 3013 neque,
1028 2947 1151 3011 quia
1213 2955 1382 2997 \OCtll
1448 2960 1556 2997 non
1617 2956 1767 3009 sunt,
1822 2948 2063 3014 graviter
2118 2947 2380 3011 tulerunt,

790 3050 849 3091 tit
882 3040 1041 3091 modo
1080 3041 1164 3091 isti
1199 3038 1425 3091 faciunt.

858 3133 967 3183 (iur
1032 3132 1175 3183 enim
1209 3141 1260 3182 et
1322 3129 1433 3193 isti,
1490 3140 1548 3181 ut
1612 3130 1709 3191 illi,
1750 3130 1832 3183 his
1858 3146 1976 3198 qua:
2010 3141 2136 3184 tunc
2165 3133 2382 3185 decreta

790 3223 1030 3284 luerunt,
1070 3222 1314 3274 contenti
1354 3237 1458 3273 non
1496 3222 1956 3275 suut?Autenim
1995 3224 2125 3276 istas
2148 3225 2383 3291 synodos

787 3326 1061 3363 exsecrari
1104 3324 1327 3363 necesse
1366 3325 1468 3371 est,
1496 3320 1550 3361 ut
1577 3311 1643 3361 ab
1673 3310 1979 3363 hominibus
2030 3311 2210 3379 impiis
2250 3326 2382 3364 con-

787 3404 977 3466 ll.nas;
1009 3414 1169 3470 atque
1197 3402 1267 3454 ita
1295 3416 1391 3455 eos
1439 3409 1528 3469 qui
1572 3404 1623 3453 in
1674 3403 1776 3455 illis
1799 3402 1969 3465 fuere,
2005 3415 2241 3465 sanctos,
2280 3420 2381 3455 una

791 3496 1065 3564 reiicimns
1102 3512 1115 3547 :
1153 3496 1235 3547 vel
1264 3497 1395 3547 istas
1426 3499 1678 3562 probare,
1702 3507 1756 3547 et
1783 3496 1874 3561 qui
1911 3495 2030 3547 illas
2058 3506 2379 3563 coegerunt,

789 3598 848 3641 Ill
892 3591 1010 3656 pios
1070 3606 1131 3639 ac
1192 3590 1476 3655 religiosos
1538 3602 1641 3638 tina
1697 3589 1998 3652 stisciprre.
2036 3586 2149 3639 lluc
2200 3599 2381 3639 autent

790 3694 1009 3735 nostros
1040 3692 1169 3734 tunc
1223 3680 1667 3733 Occidentalibus
1718 3683 2038 3748 congruisse
2085 3682 2379 3746 siguilieat.

787 3774 1077 3840 Quocirca,
1134 3788 1361 3826 necesse
1409 3788 1513 3825 non
1563 3771 1687 3836 l'nit,
1734 3782 1791 3823 ut
1846 3774 2046 3824 dictum
2116 3783 2220 3833 est,
2248 3771 2381 3825 istos

785 3884 1101 3936 congregari
1133 3884 1147 3931 ;
1177 3861 1323 3919 cum
1355 3867 1440 3917 vel
1467 3881 1531 3917 ex
1595 3864 1717 3918 lidei
1777 3865 2080 3933 principiis.
2116 3881 2177 3917 ae
2216 3881 2379 3919 sanc-

786 3971 962 4011 torum
1030 3959 1342 4017 sententiis,
1402 3954 1737 4009 additioncm
1805 3956 2166 4010 rectissimam
2236 3970 2377 4017 esse,

784 4066 1108 4119 persuasum
1148 4053 1227 4102 eis
1280 4051 1494 4113 luisset,
1522 4049 1604 4102 vel
1639 4052 1708 4103 ab
1748 4049 1834 4103 liis
1887 4051 1977 4117 qui
2029 4050 2377 4114 addiderunt,

785 4161 1008 4197 causam
1069 4159 1134 4197 ac
1194 4145 1620 4206 necessitatem,
1677 4144 2229 4211 eonsonantiamque,
2284 4160 2379 4212 per

783 4239 963 4292 Omnia
1015 4238 1316 4291 audissent.

854 4332 932 4386 Ac
981 4333 1177 4395 nostri,
1213 4342 1269 4384 ut
1301 4336 1460 4383 datur
1492 4330 1740 4398 intelligi,
1804 4329 2176 4400 religiosiores
2233 4332 2378 4383 circa

783 4426 966 4486 lideni,
1015 4440 1176 4491 tilloltt
1226 4424 1324 4488 illi,
1367 4424 1526 4476 ttiotlo
1582 4422 1888 4491 inquirunt,
1922 4423 2064 4491 quod
2107 4432 2236 4477 tunc
2298 4422 2375 4474 illi

783 4533 890 4569 non
948 4526 1300 4585 quacsrerunt.
1342 4516 1571 4569 Constat
1614 4516 1757 4569 enim
1802 4515 1924 4569 illos
1974 4528 2122 4579 tunc,
2158 4515 2378 4567 utveri-

782 4611 906 4662 tatis
941 4611 1205 4669 fautores,
1247 4609 1610 4677 legitiniarque
1668 4608 2021 4677 subiectionis
2067 4617 2377 4662 servatores

778 4704 1038 4763 cessisse,
1070 4702 1319 4770 nihilque
1370 4701 1665 4769 inquisisse
1719 4702 1974 4770 amplius.
2032 4699 2141 4753 Nos
2193 4711 2374 4753 autem

780 4804 966 4850 uestra
1010 4804 1316 4875 qurere-lites
1370 4796 1475 4848 sub
1510 4804 1779 4861 prmtestu
1845 4798 2162 4862 dogniatum
2189 4794 2377 4847 Eccle-

778 4889 875 4943 sia:
905 4887 1203 4942 scissuram
1237 4887 1641 4949 niacliinaniur,
1668 4887 2019 4953 adiectionem
2042 4889 2091 4939 in
2116 4886 2375 4941 auxilium

777 4990 1078 5035 sumentes.
1110 4980 1275 5050 Atqui
1306 4981 1479 5034 nostri
1534 4980 1773 5049 quidem,
1828 4983 2066 5048 quandiu
2120 4996 2378 5036 necessa-

778 5074 921 5127 rium
981 5072 1225 5125 debitum
1285 5080 1568 5124 servantes
1642 5072 2002 5136 obediebant,
2055 5073 2191 5124 nihil
2240 5086 2377 5141 opus

778 5180 899 5219 esse
916 5163 1326 5218 arbitrabantur
1343 5179 1591 5217 seorsum
1614 5163 1843 5217 t'Ottciliu
1870 5164 2049 5218 facere
2071 5180 2086 5230 ;
2118 5164 2374 5231 adiectio-

780 5276 903 5313 nem
962 5259 1162 5327 quippe
1216 5268 1275 5311 ut
1331 5272 1541 5311 sumine
1610 5258 1794 5310 utilem
1873 5272 1937 5312 ac
2004 5260 2373 5312 necesSariani

775 5354 1044 5407 sciebant.
1114 5353 1304 5405 l’nstea
1345 5367 1473 5403 vero
1522 5367 1684 5419 quam
1726 5366 1973 5405 seorsum
2005 5368 2127 5406 esse
2182 5353 2371 5405 volue-

777 5460 924 5509 runt,
978 5446 1309 5501 additioneni
1360 5447 1509 5498 illam
1567 5446 1922 5500 discessionis
1975 5461 2195 5500 eausani
2254 5446 2373 5500 ido-

782 5556 982 5604 neum,
1039 5553 1099 5593 ut
1154 5540 1257 5591 sibi
1330 5539 1653 5601 videbatur,
1719 5538 1887 5601 nacti,
1949 5551 2126 5605 neque
2197 5536 2370 5588 vocati

772 5636 998 5689 obedire
1068 5633 1377 5685 Voluerunt.
1435 5630 1605 5697 Nam,
1641 5631 1686 5685 si
1715 5630 2132 5693 convenissent,
2183 5642 2370 5685 contra

771 5744 833 5783 se
859 5729 1139 5784 ferendam
1165 5727 1492 5781 SCIIlClllialll
1523 5724 2015 5793 nonambigebant.
2041 5725 2369 5793 compellen-

774 5825 1001 5894 dosque,
1035 5832 1093 5878 ut
1124 5837 1289 5893 quam
1325 5822 1424 5892 ipsi
1458 5820 1821 5891 refugiebant,
1851 5818 2097 5876 Romano
2126 5818 2369 5889 pontifici

2484 593 2737 646 unionem
2792 590 2987 653 vocati,
3019 587 3379 656 adiectionem
3427 590 3577 657 prius
3626 590 3825 642 auferri
3880 599 4063 656 postu-

2482 680 2715 734 labant:
2765 680 2961 750 quibus
3012 692 3330 746 responsum
3380 687 3498 744 est,
3530 679 3671 746 quod
3731 679 3777 731 si
3841 678 4059 746 quidem

2491 770 2636 823 nulla
2671 769 2864 823 fuisset
2902 768 3220 833 adiectionis
3272 784 3462 832 causa,
3500 785 3603 822 non
3634 770 3824 823 fuisset
3853 786 3880 821 a
3914 770 4065 836 prin-

2483 862 2623 930 cipio
2650 861 2914 930 apposita.
2948 859 3079 913 Erat
3101 861 3266 923 enim,
3301 863 3513 928 quando
3568 869 3794 929 utraque
3824 861 4064 915 Ecclesia

2485 951 2603 1004 sine
2656 950 2747 1005 illa
2802 951 3105 1018 adiectione
3157 950 3473 1019 Symbolum
3531 950 3762 1016 legelat,
3805 960 3966 1017 atque
3999 964 4066 1001 ex

2485 1040 2626 1095 Filio
2657 1042 2950 1109 procedere
3005 1040 3263 1108 Spiritum
3313 1052 3579 1102 sanctum,
3610 1042 3749 1107 apud
3789 1056 3976 1093 omnes
4010 1043 4062 1093 iii

2486 1130 2724 1184 Ecclesia
2752 1130 3101 1192 reticebatur,
3122 1144 3241 1183 cum
3269 1130 3410 1182 nulla
3432 1132 3496 1182 de
3527 1132 3627 1183 hoc
3643 1139 3787 1183 esset
3812 1130 4064 1197 qumstio.

2559 1220 2751 1273 Postea
2802 1234 2931 1272 vero
2959 1200 3141 1287 quam.
3175 1220 3496 1286 quibusdam
3546 1220 4067 1283 contradicentibus,

2485 1312 2675 1378 positis
2695 1310 2819 1364 fidei
2842 1311 3107 1375 teruiinis‘,
3132 1310 3172 1364 F
3178 1309 3437 1378 illumque
3457 1311 3716 1363 minorem
3743 1310 3896 1363 l'atre
3920 1311 4068 1363 blas-

2490 1402 2900 1468 phetnantibus,
2932 1402 3057 1469 quia
3098 1402 3357 1469 scriptum
3391 1403 3443 1455 lit
3473 1401 3729 1470 Symbolo
3772 1419 3875 1454 non
3925 1412 4071 1455 esset

2491 1492 2749 1561 Spiritum
2806 1504 3054 1546 sanctum
3112 1492 3275 1545 etiam
3310 1508 3376 1546 ex
3438 1491 3574 1546 Filio
3629 1496 3957 1561 procedere;
4006 1508 4071 1546 ac

2489 1590 2770 1650 propterea
2810 1580 2939 1636 Filii
2992 1583 3056 1635 ad
3108 1580 3322 1636 Patrem
3376 1582 3734 1648 idetttitatetti,
3764 1583 4071 1635 incommu-

2491 1674 2917 1742 tabilltateinque
2966 1674 3363 1736 aufereutibus,
3397 1674 3565 1728 diczio
3613 1675 3700 1727 illi
3752 1691 3847 1740 pro
3893 1674 4073 1727 deria-

2492 1764 2702 1816 ratione
2738 1749 2971 1832 sytnboli
3004 1765 3213 1833 adiecta
3240 1773 3323 1817 est
3354 1782 3367 1817 :
3402 1767 3787 1818 communibus
3818 1766 4075 1818 Ecclesiae

3977 1874 4075 1907 ειυ-

2496 1941 2659 2005 ferre,
2718 1959 2785 1996 ne
2834 1946 3062 1999 adversa
3120 1947 3609 1999 contradicentium
3666 1947 3847 2012 opinio
3901 1948 4073 1997 locum

2494 2033 2801 2099 habeat,ac
2857 2048 2952 2103 per
3006 2034 3314 2102 huiusmodi
3368 2037 3717 2089 abolitionem
3775 2051 3900 2089 vera
3952 2052 4075 2089 esse

2486 2112 2749 2178 videatur.
4096 2117 4102 2123 ’

2559 2219 2836 2287 Siquidem
2897 2221 3061 2290 igitur
3108 2219 3429 2273 consentitis
3486 2220 3742 2285 veritati,
3821 2236 3917 2287 pro
3974 2222 4073 2275 hac

2488 2311 2769 2365 nobiscum
2821 2320 3053 2374 stantes,
3102 2323 3195 2364 aut
3250 2324 3346 2364 vos
3392 2311 3556 2365 etiam
3602 2326 3724 2364 cum
3775 2311 4076 2379 adiectione

2486 2403 2670 2471 legite,
2699 2418 2819 2472 quae
2849 2403 3183 2470 blasphemis
3236 2417 3328 2455 ora
3367 2403 3639 2468 obstruit;
3666 2404 3772 2467 ve',
3802 2404 3920 2455 sine
3974 2402 4074 2456 liae

2487 2492 2729 2563 legentes
2765 2493 2931 2545 nolite
2959 2492 3230 2559 Opinionis
3265 2506 3389 2546 esse
3420 2492 3736 2556 contraria,
3776 2507 3949 2561 neque
3975 2506 4075 2547 nos

2486 2594 2677 2654 putare
2708 2585 3069 2652 blasphemos.
3089 2585 3246 2639 Etsic
3264 2588 3408 2639 enim
3433 2601 3558 2640 cunt
3580 2585 3810 2640 veritate
3831 2585 4069 2639 stabilis.

2489 2673 2603 2727 Non
2649 2674 2792 2728 enim
2822 2674 2873 2726 in
2930 2676 3131 2737 verbis,
3168 2679 3260 2728 sed
3308 2675 3361 2728 in
3405 2675 3677 2740 sensibus,
3710 2677 3897 2744 religio
3946 2692 4075 2727 nos-

2487 2778 2564 2817 tra
2600 2763 2868 2819 consistit.
2905 2762 2992 2826 Et,
3019 2768 3064 2819 si
3100 2766 3284 2829 vultis,
3318 2766 3420 2820 hoe
3459 2776 3663 2819 tantum
3719 2767 3867 2821 vobis
3898 2767 4075 2819 indul-

2487 2871 2696 2925 gemus,
2750 2866 2807 2910 ut
2864 2857 3141 2910 nobiscum
3200 2858 3625 2923 convenientesIb
3649 2874 3762 2911 rem
3819 2859 3957 2911 hane
4020 2861 4072 2911 iii

2487 2962 2776 3001 commune
2827 2948 3091 3015 agitemus
3119 2962 3135 3011 ;
3159 2962 3589 3015 communesque
3628 2964 3787 3015 super
3837 2950 3935 3002 hac
3969 2948 4071 3001 Pa-

2491 3050 2631 3091 trum
2666 3039 2972 3093 sententias
3002 3039 3379 3104 discutiamus,
3434 3040 3633 3108 quibus
3673 3045 3783 3094 Lme
3834 3042 4066 3108 adiectio

2490 3147 2611 3182 vera
2671 3146 2790 3184 esse
2833 3133 3239 3199 conipt'obetur.
3272 3131 3424 3196 Quod
3474 3132 3519 3184 si
3583 3133 3756 3185 aliena
3820 3134 4076 3202 opinonc

2488 3225 2640 3286 estis,
2665 3225 3106 3291 additionemque
3135 3223 3293 3275 istaut
3317 3224 3534 3290 penitus
3561 3228 3786 3278 renuitis
3821 3242 3833 3277 :
3864 3238 4077 3277 t‘t‘llaldl

2488 3317 2729 3382 qitidEtn,
2764 3329 2860 3369 vos
2892 3316 3038 3369 circa
3073 3314 3196 3367 lidci
3232 3315 3517 3370 veritatem
3573 3330 3696 3367 cum
3748 3316 4075 3368 :idveis.iiiis

2487 3423 2707 3471 errare;
2762 3409 3012 3473 hancque
3059 3407 3421 3483 additioneni,
3475 3406 3651 3469 vobis,
3705 3418 3760 3458 et
3814 3407 3917 3459 illis
3969 3424 4075 3461 una

2489 3501 2687 3553 bellum
2754 3502 3017 3563 indicere,
3078 3500 3273 3569 quippe
3345 3510 3567 3568 proiiter
3639 3501 4074 3554 contradicentes

2486 3596 2568 3663 adi
2578 3604 2692 3647 ecta
2729 3603 2831 3647 est.

2559 3689 2779 3753 Verum,
2820 3691 2963 3743 sicut
3014 3690 3097 3743 his
3141 3689 3233 3757 qtti
3294 3688 3561 3758 negabant
3607 3687 3806 3742 Nicmnl
3860 3690 4073 3743 (0.;cilii

2488 3784 2825 3854 Symbolum,
2860 3784 2976 3837 sive
3020 3784 3073 3836 id
3134 3783 3275 3852 quod
3310 3783 3650 3851 postmodum
3691 3784 4075 3837 Constantino-

2484 3875 2589 3944 poli
2614 3875 2817 3926 cditunt
2845 3884 2947 3936 est,
2987 3873 3146 3926 ambo
3166 3872 3308 3925 enim
3346 3888 3511 3924 unum
3545 3871 3717 3935 fuere,
3752 3872 3855 3924 etsi
3893 3873 4074 3926 verbis

2483 3967 2703 4020 dill'ei're
2761 3966 3072 4027 videantur,
3134 3965 3266 4018 nihil
3324 3965 3530 4033 proluit
3580 3973 3648 4018 ad
3702 3965 4072 4031 apostolorum

2486 4058 2806 4130 Symbolum
2862 4071 3170 4121 recurrere,
3232 4058 3386 4127 quasi
3421 4056 3588 4110 tutius
3629 4067 3796 4125 atque
3852 4058 4073 4127 religio-

2482 4154 2639 4216 sius;
2695 4154 2840 4220 quod
2894 4152 3038 4205 enim
3095 4166 3217 4204 cum
3279 4150 3584 4219 adiectione
3638 4149 3815 4203 fuerat
3868 4153 4074 4204 editum

2484 4253 2775 4310 negantes,
2812 4252 2867 4295 et
2917 4241 3048 4294 illud
3109 4255 3213 4293 una
3274 4242 3583 4308 negabant;
3645 4256 3807 4304 nam,
3848 4252 3901 4293 et
3956 4258 4078 4310 qua:

2482 4336 2830 4404 postmodum
2888 4333 3145 4387 videntur
3198 4332 3425 4400 adjecta,
3466 4333 3519 4385 in
3569 4343 3880 4387 sanctorum
3913 4349 4073 4397 apos-

2487 4428 2717 4480 tolorutn
2754 4426 3017 4496 Symbolo
3070 4424 3349 4492 complexa
3408 4424 3774 4478 continentur.
3813 4422 3889 4476 Ita
3944 4426 4075 4478 nihil

2412 4542 2454 4597 υ
2488 4520 2636 4572 vobis
2698 4516 2939 4584 proderit
2981 4516 3260 4570 Nicaenum
3311 4513 3651 4585 Symbolum,
3682 4515 3783 4568 etsi
3837 4530 3933 4569 vos
3976 4518 4078 4568 hoc

2486 4621 2671 4662 tenere
2750 4608 2991 4677 iactatis,
3044 4600 3204 4660 istam
3257 4606 3589 4660 additiunem
3645 4608 4074 4671 exsecrantibus,

2480 4718 2642 4769 quam
2675 4699 2748 4753 illi
2801 4680 3103 4754 connexum
3158 4698 3437 4769 Symbolo,
3467 4698 3918 4766 complexamque
3969 4708 4077 4750 tra-

2488 4794 2763 4855 tliderunt,
2822 4802 2877 4846 et
2932 4806 3091 4860 quam
3159 4791 3259 4859 ipsi
3327 4790 3549 4844 omnino
3607 4791 3971 4858 adieciSsent:
4005 4788 4074 4851 si,

2486 4886 2569 4940 vel
2602 4886 2682 4938 eis
2716 4868 3025 4939 viventibus
3055 4884 3286 4952 qumstio
3335 4884 3438 4937 ista
3499 4882 3686 4937 lui55et
3738 4884 3959 4949 agitata,
3994 4882 4080 4936 vel

2482 4995 2625 5030 nunc
2663 4976 2973 5045 huiusmodi
3010 4975 3393 5029 controversia:
3419 4977 3694 5037 adessent,
3731 4974 3838 5038 vel,
3868 4973 3910 5026 si
3940 4986 4076 5042 quos

2481 5070 2712 5124 siissent
2742 5070 2808 5123 ad
2845 5080 3051 5123 tantum
3083 5071 3315 5122 vesaniae
3337 5068 3730 5137 perVeliendos.

2556 5162 2717 5231 Atqui
2756 5176 2850 5214 vos
2882 5178 2987 5213 non
3021 5171 3075 5213 ut
3114 5160 3181 5212 ab
3222 5160 3328 5213 illis
3359 5160 3591 5228 positum
3642 5170 3747 5224 est,
3804 5160 3896 5213 sed
3948 5174 4070 5212 cum

2481 5257 2787 5323 adiectione
2848 5254 3047 5321 legitis.
3111 5251 3246 5304 Nam
3293 5253 3525 5316 sublato,
3561 5252 3703 5318 quod
3756 5251 4071 5310 diciturycx

2482 5348 2648 5413 Filio,
2681 5348 3025 5417 perspicuum
3059 5356 3140 5399 est
3194 5362 3319 5414 quia
3350 5362 3412 5398 ex
3463 5347 3581 5401 stilo
3634 5344 3798 5399 Patre
3842 5346 4073 5414 adiectio

2481 5444 2728 5494 inicitur.
2767 5439 2879 5493 Etsi
2914 5441 3059 5492 enim
3092 5440 3193 5492 hoc
3227 5441 3390 5491 verbo
3420 5454 3524 5493 non
3556 5440 3760 5501 dicitis,
3797 5454 3923 5492 cum
3961 5440 4074 5493 lico

2479 5546 2658 5589 tamen
2719 5532 3026 5601 loquentes,
3062 5534 3187 5585 dum
3246 5547 3311 5585 cx
3356 5531 3519 5586 Patre
3575 5533 3777 5596 dicitis,
3835 5548 3899 5586 ea:
3934 5535 4070 5593 solo.

2475 5628 2639 5679 etiam
2701 5623 2976 5692 adiicitls,
3045 5622 3296 5693 Deoque,
3349 5626 3437 5677 cui
3493 5639 3702 5678 nentes
3751 5634 3950 5679 nostra}
4019 5636 4075 5681 ct

2478 5722 2641 5776 corda
2675 5728 2862 5790 aperta
2891 5728 3043 5786 sunt,
3078 5720 3387 5785 huiusmodi
3420 5721 3603 5783 lideni,
3647 5722 3757 5775 imo
3788 5722 4074 5789 perlidiant

2477 5815 2703 5871 oll'ertis.
2742 5814 2834 5869 Est
2857 5814 3003 5870 cuitu
3042 5814 3271 5871 validius
3302 5824 3529 5881 sentire,
3560 5831 3718 5883 quam
3750 5816 3956 5872 dicere.
3988 5815 4070 5873 Ne
