4472 6434
768 402 873 461 903

2033 394 2431 453 MANUEIJS
2466 392 2769 453 CALECJE

3912 388 4017 459 9οι

766 517 1163 573 millessionem
1208 511 1515 578 t-mnplecti,
1558 519 1717 575 atque
1743 508 2060 571 continere;
2100 507 2189 575 qui
2224 522 2349 559 vero
2378 510 2419 563 Λ
2449 506 2537 573 qui
2600 504 2874 575 synodicis
2923 504 3240 567 sententiis,
3264 506 3601 574 decretisque
3650 507 4015 563 interessent:

770 613 911 661 illam
936 605 1257 659 sententiain
1303 610 1524 667 negant,
1551 608 1793 650 neutram
1834 598 2079 648 venerari
2130 597 2338 663 persliio

766 713 927 750 cuuiu
998 706 1102 756 est;
1171 702 1385 743 tertiani
1454 698 1658 745 autem,
1712 688 1894 739 nescio
1955 702 2113 752 quam
2183 687 2341 738 aliam

769 788 1059 840 lit-clcsiani
1120 784 1344 842 habere,
1395 778 1464 831 ab
1510 789 1739 845 utraque
1792 786 2114 843 separatam,
2160 779 2343 829 amba-

767 881 975 944 busqne
1009 874 1202 927 bellum
1239 873 1588 923 indicentem.

839 966 1066 1035 Liquido
1112 978 1240 1029 ergo
1295 962 1704 1027 comprobatur,
1754 968 1807 1010 et
1856 974 2016 1027 quam
2072 957 2348 1025 inquirant

766 1060 1050 1127 synodum,
1082 1057 1189 1123 jam
1226 1055 1421 1107 factum
1471 1067 1611 1114 esse,
1645 1053 1829 1118 eismte
1866 1066 1969 1102 non
2019 1065 2122 1102 una
2156 1048 2345 1102 decer-

768 1149 1020 1200 nentibus
1048 1144 1409 1212 adjecnonem
1461 1140 1679 1203 factam,
1716 1140 1855 1207 quod
1893 1148 2162 1206 quierunt,
2193 1138 2348 1191 aliter

766 1252 824 1289 se
890 1236 1109 1287 habere.
1169 1234 1272 1285 lios
1331 1243 1508 1284 tamen
1560 1241 1617 1283 ut
1668 1232 2027 1283 concedamus
2082 1230 2349 1296 neglectos

769 1328 963 1389 luisse,
1015 1341 1193 1376 nonne.
1224 1336 1478 1375 extrema:
1511 1321 1898 1383 contentionis,
1931 1331 2092 1384 atque
2128 1322 2351 1370 demen-

765 1418 851 1468 tire
878 1425 980 1475 est,
1016 1430 1117 1465 non
1168 1413 1458 1472 discutere,
1493 1427 1557 1462 an
1608 1424 1730 1461 vera
1757 1410 1827 1461 sit
1878 1408 2119 1460 additio:
2150 1406 2351 1459 solutu-

764 1522 889 1572 que,
930 1505 1053 1571 quia
1110 1504 1317 1554 cvocati
1354 1517 1456 1553 non
1510 1507 1654 1562 sunt,
1707 1498 2003 1566 indignari,
2038 1508 2092 1551 et
2132 1498 2354 1550 moleste

767 1596 907 1648 ferre
932 1596 954 1646 ζ’
984 1604 1039 1648 et
1073 1594 1195 1660 quia
1231 1606 1293 1643 ea
1332 1589 1717 1643 convoczitioue
1750 1589 1995 1640 honorati
2046 1604 2149 1639 non
2206 1598 2351 1647 sunt,

767 1688 928 1739 Deum
964 1686 1287 1737 inhonorare
1313 1699 1325 1743 ;
1354 1682 1605 1749 quodque
1651 1681 1854 1733 vocatis
1903 1695 2024 1732 esse
2056 1680 2229 1731 visum
2272 1688 2355 1733 est

766 1780 838 1837 id,
869 1777 992 1843 quia
1018 1774 1247 1839 neglecti
1282 1782 1427 1835 sunt,
1461 1771 1653 1823 falsum
1682 1770 2019 1833 existimare,
2044 1768 2355 1836 morbisque

2447 605 2673 663 postque
2692 596 2941 647 emissam
2960 594 3023 647 de
3045 595 3273 647 veritate
3302 600 3646 661 sententiam,
3670 612 3881 665 semper
3908 599 4023 650 lue.-

2446 688 2553 739 rint
2580 687 2743 751 aliqui
2768 687 3197 739 contradicentes
3228 687 3460 739 veritati.

2517 774 2737 837 Deinde,
2771 776 2913 827 nulla
2948 790 3181 841 unquam
3224 776 3321 828 fuit
3354 776 3608 843 synodus,
3640 787 3923 843 praesente,
3970 788 4020 831 et

2451 868 2841 932 comprobante
2880 864 3126 918 Romano
3152 864 3429 927 Pontifice,
3459 867 3540 919 vel
3577 866 3703 928 alio,
3734 868 3825 935 qui
3848 868 4021 921 locum

2449 957 2590 1009 illius
2614 956 2858 1024 impleret
2893 968 3236 1024 congregata,
3272 957 3426 1024 cujus
3464 974 3568 1011 non
3603 958 3801 1011 fuerint
3839 974 4023 1011 omnes

2452 1055 2581 1098 ratio
2630 1048 2927 1099 Sententiae.
2968 1046 3166 1099 Contra
3213 1062 3337 1101 vero
3371 1051 3419 1100 in
3458 1050 3558 1111 bis,
3595 1063 3714 1116 qua)
3763 1050 3879 1101 sine
3912 1050 4020 1107 illo,

2453 1153 2514 1189 ac
2557 1148 2750 1205 pneter
2779 1139 2897 1205 ejus
2946 1148 3130 1190 nutum
3159 1150 3358 1191 coacta:
3389 1150 3533 1201 sunt,
3566 1142 3847 1207 pleraSqne
3887 1140 4023 1191 latas

2456 1228 2753 1281 sententias
2795 1231 3072 1294 reprobas,
3106 1243 3159 1281 et
3193 1231 3384 1282 merito
3428 1230 3676 1296 explosas
3721 1231 3940 1293 scimus,
3971 1243 4017 1280 ei

2454 1315 2610 1371 facile
2677 1320 2962 1371 Ostendere
3016 1334 3319 1386 possumus.
3372 1320 3510 1373 Hinc
3563 1335 3712 1387 ergo,
3762 1328 4025 1387 praesente

2454 1406 2545 1458 illo
2581 1422 2643 1459 ac
2676 1408 3015 1473 prasidente,
3048 1411 3343 1461 sententias
3373 1409 3441 1461 ibi
3493 1411 3884 1475 pronuntiatas.
3916 1424 4026 1479 quo

2456 1506 2611 1564 pacto
2644 1497 2825 1550 irritas
2851 1513 2972 1551 esse
3011 1500 3196 1563 velint,
3228 1514 3331 1551 non
3366 1500 3539 1551 video.

2527 1584 2638 1639 Nisi
2693 1587 2829 1639 forte
2886 1586 3142 1642 Nicetium
3197 1604 3412 1656 quoque
3458 1591 3745 1642 concilium
3799 1591 4025 1646 dicimus

2460 1680 2625 1733 fuisse
2671 1681 2988 1743 violentum,
3015 1681 3233 1746 partim,
3268 1681 3392 1748 quia
3435 1680 3820 1736 Constantinus
3877 1682 4023 1751 Mag-

2463 1787 2562 1825 nns
2592 1770 2853 1832 interfuit,
2882 1772 3319 1824 Contradicentes
3346 1774 3597 1824 omnibus
3623 1772 3828 1825 viribus
3877 1790 4025 1827 coer-

764 1868 897 1925 suis,
938 1875 1099 1931 atque
1149 1862 1494 1930 passionibus
1536 1860 1837 1913 divinarum
1879 1874 2058 1911 rerum
2099 1857 2346 1924 judicare
2384 1853 2423 1907 Β
2452 1878 2613 1916 cens:
2663 1862 2853 1930 partim
2902 1863 3026 1930 quia
3091 1863 3305 1931 plurimi
3363 1865 3844 1917 contradicentium
3905 1874 4028 1932 post

767 1954 1083 2009 veritatem?
1112 1952 1518 2020 Aspernationis
1553 1950 1695 2001 enim
1742 1951 1941 2017 potius.
1974 1960 2026 2002 et
2062 1961 2344 2001 contunie-

766 2048 869 2111 lize,
900 2060 991 2097 seti
1041 2044 1327 2111 cujuslibet
1374 2043 1621 2093 humana:
1658 2041 1924 2108 passionis
1970 2040 2344 2093 Occidentales

768 2138 1113 2191 illSilttttlatItIi
1159 2136 1394 2195 fuerant,
1438 2138 1483 2187 si
1536 2134 1835 2186 insimulari
1894 2143 2200 2193 merentur;
2238 2150 2340 2185 non

765 2230 1134 2297 blaSplieinim,
1190 2238 1241 2279 et
1298 2226 1616 2292 impietatis,
1672 2239 1971 2292 eorumque
2027 2225 2339 2285 criminum,

763 2324 959 2389 quibus
991 2319 1122 2371 nihil
1156 2319 1343 2371 tetrius
1371 2317 1659 2381 excogitari
1698 2326 1896 2383 potest.
1932 2313 2116 2383 Neque
2156 2325 2333 2366 tamen

764 2422 1106 2479 Contemptus
1137 2411 1348 2462 illorum
1387 2424 1569 2471 causa,
1606 2408 1845 2473 gladium
1881 2408 1931 2460 in
1959 2421 2015 2460 se
2068 2406 2345 2474 impellere

765 2508 1081 2567 debuerant,
1110 2519 1165 2557 se
1198 2505 1340 2572 ipsos
1372 2517 1399 2553 a
1431 2503 1861 2555 Christianorum
1924 2501 2128 2551 unitate
2154 2500 2346 2566 praeci-

765 2601 962 2659 dendo,
996 2612 1181 2665 seque,
1210 2595 1536 2664 perniciose,
1568 2594 1944 2661 lethalitcrqne
1976 2592 2346 2655 vulnerando;

764 2700 816 2741 et
842 2705 903 2739 ex
938 2689 1020 2739 his
1059 2702 1177 2753 qua:
1202 2697 1389 2739 contra
1414 2693 1725 2737 sanctorum
1764 2684 2067 2735 doctrinam
2106 2683 2346 2748 Cnlpattl,

764 2791 819 2832 et
854 2794 974 2846 qua:
1014 2776 1116 2843 ipsi
1145 2784 1331 2828 contra
1368 2775 1667 2828 sentientes
1700 2774 1921 2826 addunt.

835 2869 1100 2934 Quoniam
1131 2869 1292 2933 igitur
1314 2877 1367 2919 et
1396 2870 1707 2929 convenire,
1732 2877 1783 2918 et
1810 2866 2132 2933 qumstiones
2155 2866 2230 2919 de
2250 2866 2351 2920 ﬁde

766 2961 894 3014 solis
936 2956 1374 3009 ()cchlentalibits
1430 2971 1675 3009 seorsum
1748 2970 1852 3007 non
1927 2956 2050 3007 licet
2102 2956 2350 3021 delinire,

765 3064 928 3119 atque.
958 3048 1025 3100 de
1060 3049 1312 3099 omnibus
1360 3048 1671 3109 decernere,
1707 3046 1870 3099 aliter
1914 3062 2075 3115 quant
2126 3049 2353 3117 putaba-

768 3152 872 3202 tur,
910 3154 967 3191 se
1000 3138 1159 3190 habet
1188 3137 1346 3188 ratio.
1378 3136 1442 3188 Et
1490 3136 1631 3188 enim
1662 3152 1723 3189 ea
1756 3136 1939 3205 opinio
1986 3136 2347 3189 obedientiam

766 3228 1145 3295 refugientium
1182 3223 1374 3287 fastus,
1401 3235 1454 3276 et
1481 3224 1733 3277 elationis
1759 3238 1943 3288 causa,
1973 3232 2196 3293 propter
2223 3225 2351 3278 civi-

768 3320 892 3373 tatis
944 3317 1372 3386 amplitudinem,
1411 3314 1731 3383 imperiique
1792 3315 2134 3383 dignitatem,
2190 3329 2350 3367 occa-

767 3416 1052 3479 sionesque
1105 3408 1482 3479 quatrentium,
1514 3423 1575 3460 ac
1628 3407 1919 3476 primatum
1968 3408 2348 3473 ambientium,

767 3506 890 3573 quia
935 3515 1113 3555 tamen
1156 3498 1331 3553 vocati
1364 3507 1642 3559 venerant,
1677 3506 1734 3549 ut
1764 3498 1966 3549 dictum
2020 3507 2139 3561 est;
2189 3512 2354 3559 Opor-

771 3605 945 3649 tuerat
971 3608 1099 3647 Sane
1128 3592 1376 3643 unionem
1412 3604 1581 3655 usque
1612 3588 1663 3640 in
1698 3588 1857 3641 tinem
1908 3599 2127 3642 servare
2162 3588 2353 3655 positis

767 3687 1229 3741 contentionibus.
2251 3728 2259 3735 .

837 3780 991 3833 Nunc
1030 3788 1208 3830 autem
1244 3782 1656 3843 permanserunt
1684 3772 1903 3839 quidem
1936 3772 1989 3825 in
2023 3771 2140 3841 ipsa
2172 3769 2356 3824 Eccle-

768 3874 863 3926 siw
899 3872 1095 3923 unione
1128 3880 1339 3934 tempus
1368 3882 1473 3918 non
1503 3864 1804 3919 modicum:
1836 3872 2019 3929 Postea
2050 3878 2238 3916 rursus
2260 3861 2353 3928 qui

762 3962 961 4028 justatn
996 3957 1383 4022 subjectionem
1413 3954 1687 4008 servitutis
1711 3952 1898 4023 jugum
1925 3952 2350 4017 arbitrabantur,

770 4068 945 4120 regem
982 4066 1183 4103 novum
1232 4049 1402 4110 nacti,
1442 4047 1555 4114 (5|)
1596 4060 1877 4116 Ipsumque
1931 4046 2118 4110 libere,
2146 4053 2199 4098 et
2246 4059 2352 4114 qua

766 4145 935 4197 ferret
969 4145 1223 4209 impetus,
1254 4148 1441 4206 suapte
1477 4148 1672 4190 natura
1706 4138 1772 4190 ad
1806 4152 1893 4191 res
1922 4152 2089 4191 novas
2124 4150 2351 4205 pronum

767 4244 1175 4303 persuaserunt,
1212 4242 1268 4284 ut
1319 4231 1553 4299 imperii,
1583 4231 1724 4299 quod
1760 4230 1863 4282 illis
1911 4229 2349 4296 cooperantibus,

766 4333 1013 4393 neglecto
1034 4325 1222 4387 fratre,
1254 4325 1426 4375 luerat
1450 4323 1699 4388 adeptus,
1720 4321 2019 4372 mercedem
2038 4322 2117 4372 eis
2141 4319 2354 4371 unionis

769 4418 1175 4491 pcrversiouein
1212 4417 1385 4468 daret.
1444 4412 1643 4483 Sicque
1683 4413 1950 4482 perversis
1980 4412 2253 4474 omnibus,
2287 4409 2354 4463 ad

768 4514 1004 4582 priorem
1041 4512 1249 4561 rediere
1280 4508 1698 4559 contumaciam.

836 4601 1104 4653 l’rzeterea
1143 4612 1249 4667 qua
1278 4598 1487 4648 ratione
1546 4596 1631 4647 bie
1674 4595 1926 4646 unionem
1978 4592 2061 4645 vel
2118 4598 2363 4646 servaret

766 4690 1215 4755 pra'setiteiii,vel
1274 4689 1552 4739 absentem
1600 4685 1904 4753 requireret
1955 4694 2007 4735 et
2059 4692 2363 4746 revocaret,

764 4785 852 4853 qui
912 4785 1120 4850 imperii
1190 4778 1272 4831 sui
1331 4792 1570 4844 tempore
1610 4788 1842 4842 quamor
1891 4772 2361 4841 patriarcltasw?)

764 4863 1078 4942 abrogavit,
1111 4873 1255 4924 hunc
1306 4867 1619 4929 instituens,
1656 4866 1804 4917 illum
1830 4865 2092 4933 ejicrens;
2120 4865 2261 4933 quod
2313 4864 2361 4916 ei

766 4967 1122 5028 nonlicebat,
1152 4965 1194 5016 si
1239 4961 1486 5014 ltoiuano
1539 4958 1782 5025 pontilici
1816 4957 1900 5022 jus
1953 4971 2110 5008 suum
2165 4955 2361 5007 redde-

764 5070 864 5119 ret,
926 5057 1068 5124 quod
1130 5054 1354 5108 unionis
1404 5052 1608 5104 fwdera
1659 5048 2074 5117 conipcllerent.
2122 5046 2196 5100 Ex
2248 5061 2353 5115 qua

764 5167 867 5202 una
908 5164 985 5210 re,
1023 5151 1088 5201 de
1125 5147 1353 5213 reliquis
1386 5143 1548 5197 etiam
1581 5144 1709 5194 licet
1740 5140 2029 5208 conjicere.

834 5243 1004 5293 Porro
1036 5242 1081 5291 si
1108 5239 1229 5307 quis
1262 5251 1380 5289 eam
1424 5236 1691 5303 synodum
1724 5242 1931 5285 asserat
1957 5232 2123 5285 fuisse
2152 5231 2355 5284 violen-

761 5348 893 5398 tam,
934 5334 1122 5386 eadem
1168 5330 1381 5383 ratione
1410 5329 1648 5395 synodos
1679 5327 1806 5378 item
1841 5326 2077 5394 reliquas
2107 5335 2353 5379 evertere

760 5441 1035 5495 «τοεειιιιιιι,
1067 5438 1186 5491 qua:
1214 5424 1263 5474 in
1300 5422 1379 5472 eis
1408 5432 1664 5471 Concessa
1694 5424 1838 5479 sunt,
1870 5416 2117 5481 ambigua
2153 5430 2356 5482 ponen-

759 5530 841 5572 ιω
874 5518 1074 5580 omnia,
1104 5533 1167 5568 co
1191 5514 1331 5583 quod
1366 5527 1461 5580 per
1490 5510 1732 5577 singulas
1760 5508 1904 5574 leges
1930 5507 2093 5573 aliqui
2138 5505 2357 5570 iuerint,

832 5658 944 5727 (ΞΗ)
983 5656 1073 5710 Est
1095 5657 1142 5709 is
1174 5654 1516 5727 Andronicus
1543 5652 1724 5727 senior
1760 5649 2092 5727 l’:il;eologiis
2122 5654 2211 5727 qui
2235 5652 2348 5727 im-

758 5721 1115 5803 periunriniit
1148 5729 1443 5803 Secundum
1474 5721 1808 5789 Uunpbrinin
1834 5736 1921 5803 an.
1957 5723 2157 5803 Christi
2188 5722 2341 5803 1285.

831 5803 941 5870 (52)
975 5801 1233 5853 Videntur
1264 5811 1379 5851 esse
1415 5798 1498 5849 lSll
1531 5806 1784 5863 ιΙ¹¹’“¹¹¹⁰¹”
1850 5790 2075 5856 "cum"
2122 5793 2343 5863 whom"

2454 1955 2712 2023 prolatam
2753 1955 3081 2007 ‘senteutiam
3125 1954 3313 2014 relicti,
3368 1954 3712 2008 nihilominus
3754 1957 4024 2010 contradi-

2456 2044 2860 2096 xerunt:sient
2885 2043 3014 2097 etin
3074 2044 3300 2111 singulis
3368 2045 3769 2097 universalibus
3843 2050 4027 2099 conci-

2454 2134 2539 2187 liis
2563 2134 2851 2201 contigisse
2879 2134 3177 2196 cernimus,
3212 2148 3318 2186 non
3366 2143 3539 2187 tamen
3567 2134 3685 2187 ideo
3732 2138 4028 2190 sententias

2455 2226 2593 2288 illas,
2634 2228 2713 2280 vel
2768 2228 3026 2281 violenter
3074 2232 3328 2298 prolatas,
3384 2229 3467 2282 vel
3530 2230 3732 2295 irritas,
3770 2230 4027 2281 audemus

2455 2318 2654 2370 dicere.
2689 2318 2797 2370 Cur
2828 2318 2915 2370 id?
2946 2319 3065 2385 quia
3107 2334 3265 2386 caput
3296 2319 3545 2372 Ecclesia:
3599 2320 3877 2382 intererat,
3911 2322 4026 2374 sine

2457 2422 2566 2477 quo
2601 2409 2813 2475 negotia
2852 2408 3222 2462 ecclesiastica
3257 2410 3730 2477 iliiigi,statuiqtie
3770 2424 3871 2461 non
3910 2425 4026 2477 pos-

2456 2510 2601 2559 simi,
2636 2512 2688 2551 et
2723 2500 2836 2564 qui,
2886 2502 2928 2551 si
2963 2500 3105 2554 adsit
3132 2502 3336 2568 synodo
3367 2518 3486 2553 cum
3519 2502 3781 2571 quolibet,
3809 2515 4020 2555 onmem

2456 2592 2523 2645 de
2559 2592 2659 2644 lide
2694 2594 3016 2646 sententiam
3048 2594 3171 2646 inde
3206 2605 3511 2647 manantem
3544 2595 3731 2649 lalsam
3762 2610 3880 2648 esse
3918 2611 4022 2647 non

2461 2698 2640 2751 posse,
2672 2694 2726 2737 et
2774 2674 2895 2737 esse
2952 2685 3287 2737 verissimam
3326 2686 3615 2739 credimus.
3674 2686 3843 2764 Aliter
3884 2685 4028 2737 enim

2460 2777 2636 2827 omnia
2694 2776 3060 2829 ecclesiastica
3109 2787 3266 2829 erunt
3320 2779 3613 2846 ambigua;
3654 2791 3830 2844 neque
3873 2791 4032 2829 nosse

2458 2866 2657 2917 certius
2699 2865 2995 2929 poterimus
3043 2880 3162 2932 qua:
3217 2880 3338 2919 vera
3398 2874 3544 2929 sunt,
3573 2880 3882 2934 quanquam
3936 2880 4033 2917 cur

2467 2972 2573 3008 non
2611 2956 2789 3022 potius
2823 2957 2971 3023 pacis
3012 2955 3155 3008 illius
3212 2958 3547 3010 eversionem
3587 2956 4030 3010 violentissimam

2463 3048 2727 3114 dicamus,
2759 3066 2880 3120 ane
2905 3062 2956 3103 et
3000 3051 3319 3105 universalis
3374 3052 3590 3106 concilii
3642 3052 3861 3105 decreta
3911 3066 4031 3119 per-

2456 3142 2636 3203 vertit,
2665 3142 2807 3209 quod
2839 3149 2890 3193 et
2924 3140 3195 3193 Romanus
3219 3142 3501 3211 episcopus
3529 3156 3765 3211 praesens
3786 3156 4030 3209 compro-

2454 3234 2620 3285 bavit.

2526 3322 2588 3375 Et
2621 3334 2766 3376 certe
2795 3324 2846 3375 in
2876 3322 3272 3377 universalibus
3302 3324 3521 3393 synodis
3549 3325 3726 3385 nullae,
3762 3323 3851 3377 illo
3898 3339 4031 3391 pne.

2454 3426 2626 3477 sente,
2658 3414 2775 3467 latae
2822 3416 3100 3479 sententiae
3144 3416 3505 3482 reprehensae,
3541 3415 3646 3470 ulla
3691 3431 3922 3483 unquam
3952 3416 4031 3468 vel

2455 3505 2607 3557 locali
2641 3506 2865 3575 synodo,
2902 3507 2981 3559 vel
3010 3506 3298 3573 cujuslibet
3348 3508 3572 3559 audacia
3625 3506 3839 3575 rejectze
3886 3518 4030 3560 sunt.

2457 3595 2680 3652 Plurimi
2738 3611 2863 3651 vero
2912 3598 3297 3651 venerabilium
3349 3599 3743 3667 episcoporum,
3774 3613 3894 3665 quze
3938 3600 4033 3651 lie-

2455 3686 2605 3749 bant,
2647 3688 3027 3756 increpabant;
3059 3688 3254 3757 quibus
3298 3689 3479 3753 facile,
3510 3705 3607 3759 pro
3651 3690 3953 3753 honestate,
3978 3701 4033 3743 et

2453 3777 2739 3845 sapientia,
2772 3779 3230 3847 dignitatibusque
3254 3781 3570 3849 tbrouorum
3603 3779 4029 3838 concedebatur:

2455 3882 2683 3936 quorum
2721 3870 2882 3921 etiam
2931 3869 3174 3922 nonnulli
3227 3871 3711 3925 contradictionem
3746 3871 4033 3924 adversum

2455 3960 2579 4014 illos
2629 3962 2964 4029 reliquerunt
2991 3962 3042 4013 in
3098 3962 3525 4027 commentariis,
3555 3962 3667 4025 alii,
3715 3962 4037 4032 publicatio-

2455 4064 2571 4112 nes,
2604 4060 2655 4103 et
2682 4065 2946 4113 carceres,
2978 4059 3032 4104 et
3062 4050 3250 4104 exsilia
3278 4064 3374 4117 pro
3399 4064 3520 4103 vera
3552 4050 3823 4119 opinione,
3849 4060 3902 4104 et
3934 4048 4037 4103 fide

2454 4139 2790 4206 pertulerunt
2823 4157 2834 4191 :
2864 4154 2956 4207 per
3008 4154 3192 4208 quam,
3228 4137 3585 4193 Ecclesiarum
3630 4153 3734 4209 pax
3793 4140 4035 4207 subjecta

2456 4229 2673 4284 Patrum
2709 4231 2974 4299 theologia
3007 4234 3144 4285 facta
3168 4242 3273 4289 est.

2527 4322 2759 4375 l’rorsus
2802 4338 2954 4382 vero,
2993 4334 3047 4375 et
3078 4340 3140 4375 ex
3177 4326 3378 4377 nostris
3419 4339 3699 4393 nunquam
3736 4323 4038 4375 defuerunt

2456 4429 2522 4467 ex
2552 4414 2659 4474 his,
2702 4414 2791 4481 qui
2837 4412 3041 4481 aliquid
3074 4431 3185 4467 esse
3233 4416 3571 4479 videbantur,
3601 4415 3730 4483 quin
3782 4413 4039 4465 Romana!

2391 4513 2433 4567 D
2466 4506 2720 4559 Ecclesiae
2776 4508 3029 4565 laverint,
3087 4521 3307 4560 suorum
3365 4507 3582 4574 quidem
3634 4506 4033 4572 separationem

2464 4598 2916 4661 irrationabilem,
2954 4607 3005 4650 et
3055 4608 3249 4665 praeter
3294 4596 3699 4651 ecclesiasticas
3732 4596 3896 4664 leges,
3934 4594 4036 4647 l‘a-

2461 4697 2712 4755 trnniqtte
2743 4676 3063 4752 theologiam
3107 4702 3229 4741 esse
3263 4686 3625 4751 arbitrantes;
3661 4700 3720 4737 se
3759 4697 3935 4737 autem
3968 4685 4035 4736 ad

2462 4776 2586 4833 illos
2640 4778 2985 4831 conferentes
3042 4778 3354 4847 ignominiis
3392 4777 3608 4846 quidem
3664 4773 3864 4839 allecti,
3923 4777 4039 4828 sive

2466 4869 2629 4919 etiam
2674 4868 2840 4936 fugati
2872 4868 2941 4919 ob
2969 4870 3079 4920 veri
3112 4866 3533 4930 confessionem,
3564 4876 3729 4934 atque
3763 4866 4037 4919 conliden-

2461 4963 2588 5014 tiant
2628 4979 2640 5013 :
2689 4962 2887 5028 quibus
2919 4972 2971 5012 et
3001 4961 3089 5029 qni
3149 4961 3261 5012 IIJBC
3314 4961 3553 5027 scripsit,
3605 4961 3889 5025 adjunctus
3932 4972 4034 5021 est,

2460 5058 2773 5125 gratiasque
2818 5054 2945 5117 Deo,
2980 5054 3121 5122 quod
3171 5055 3256 5106 his
3289 5054 3480 5123 dignus
3521 5053 3733 5105 habitus
3764 5065 3866 5105 est.
3901 5052 4035 5106 For-

2465 5151 2589 5201 titer
2620 5160 2799 5201 autem
2846 5146 3083 5199 ferentes
3110 5146 3317 5210 omnia,
3374 5157 3570 5213 praeter
3603 5145 3905 5212 liujusmodi
3957 5161 4040 5197 re-

2456 5241 2685 5307 positam
2749 5241 3079 5303 mercedem,
3136 5240 3593 5307 qnemadmodum
3654 5248 3708 5290 et
3766 5239 4037 5305 prioribus

2460 5330 2789 5398 temporibus
2846 5331 3094 5399 plurimis
3162 5331 3410 5399 contigit,
3479 5344 3598 5383 cum
3662 5346 3758 5399 pro
3807 5332 4035 5384 veritate

2464 5421 2583 5474 lidei
2620 5422 2787 5475 libere
2815 5433 3062 5490 agerent,
3093 5424 3641 5488 eontradicentesque
3673 5420 4031 5473 revincercnt.

2462 5512 2565 5566 I’ro
2594 5530 2700 5581 quo
2751 5531 2883 5568 sane
2916 5514 3263 5567 admirationi
3313 5524 3366 5565 et
3411 5513 3743 5566 venerationi
3805 5516 4036 5581 posteris

2460 5656 2757 5725 Gregorius
2784 5656 2897 5709 sive
2926 5657 3199 5725 Georgius
3232 5654 3485 5725 Cyprius,
3523 5654 3868 5706 Athanasius.
3900 5651 4038 5721 Lege

2453 5724 2814 5797 Nicephorum
2843 5724 3136 5796 Gregorain
3167 5727 3257 5779 lib.
3280 5724 3344 5778 ίιι
3372 5736 3425 5778 ct
3453 5741 3519 5779 vit
3554 5724 3824 5778 Historiae.
