4472 6434
468 399 592 466 205.

1564 395 1964 455 ADVERSUS
2004 396 2317 457 GRAECOS
2354 398 2501 457 LIB.
2539 400 2637 457 ιγ’.

3594 398 3694 455 206

468 509 705 559 fuerunt.
747 502 856 556 Cur
888 502 1051 571 igitur
1089 498 1306 554 unionis
1346 498 1685 553 eversionem
1718 514 1824 553 non
1863 499 2032 552 maxi-
2062 505 2104 560 Α
2138 499 2373 552 maxima
2411 500 2763 553 Orientalium
2801 499 3172 569 episcoporum
3201 512 3325 568 pars
3356 516 3382 551 a
3414 498 3612 565 Phodo
3638 514 3695 551 se

467 611 553 648 me
583 592 874 647 violentam
918 589 1085 644 fuisse
1117 589 1359 644 dicamus
1397 602 1506 642 non
1542 589 1699 641 video
1734 604 1747 641 :
1778 589 2024 656 quando-

466 683 707 751 quidem,
736 681 828 750 qui
858 678 974 746 ejus
1003 679 1302 753 eversionis
1328 687 1578 732 auctores
1606 675 1841 740 fuerunt,
1880 674 2026 728 lucra

468 772 593 827 inde
629 782 684 827 et
732 772 988 834 honores,
1031 778 1088 823 et
1133 768 1358 837 gloriam
1412 766 1516 821 sibi
1570 766 2025 833 comparaverint.

465 866 667 919 Contra
720 878 851 917 vero
903 861 995 931 qui
1037 860 1252 914 unionis
1312 856 1539 914 studiosi
1601 867 1747 921 sunt,
1818 856 2031 925 injuriis

465 958 741 1019 omnibus,
786 953 1005 1023 probris
1044 961 1205 1021 atque
1255 948 1600 1004 contumeliis
1631 957 1880 1019 aguntur,
1916 962 2030 1001 om-

468 1048 731 1113 nibusque
761 1045 1072 1099 adiciuntur
1106 1042 1483 1097 incommodis.

538 1138 831 1200 Praeterea,
877 1142 937 1187 ut
965 1135 1164 1187 dictum
1202 1140 1307 1194 est,
1357 1132 1540 1185 licebit
1580 1129 1807 1185 concilia
1852 1130 2031 1181 omnia

468 1238 738 1292 evertere,
793 1225 841 1279 si
889 1224 954 1279 de
998 1224 1100 1277 fide
1156 1222 1462 1291 ambigendi
1522 1220 1789 1288 pandatur
1833 1218 2030 1283 aditus,

472 1320 871 1386 derogeturque
903 1315 1121 1379 synodis
1164 1314 1315 1367 ﬁdes.
1351 1312 1511 1381 Atqui
1555 1311 1784 1364 Photius
1821 1323 2035 1377 quoque

470 1406 813 1461 occasionem
867 1405 1029 1457 aliam
1072 1417 1230 1469 esse,
1282 1418 1445 1471 quam
1498 1400 1847 1463 additionem,
1901 1400 2036 1453 satis

471 1509 658 1564 aperte
692 1494 1091 1549 demonstravit
1126 1513 1137 1547 :
1170 1495 1259 1561 qui
1293 1492 1498 1557 primus
1528 1491 1739 1545 illectus
1771 1490 2036 1544 desiderio

472 1589 849 1656 patriarehalis
907 1587 1111 1648 throni,
1144 1585 1436 1651 sapientior
1491 1584 1575 1637 his
1638 1583 1731 1650 qui
1794 1592 1920 1636 ante
1980 1595 2037 1634 se

473 1679 706 1742 fuerant,
736 1679 1081 1733 existimatus
1111 1687 1212 1732 est.
1246 1676 1420 1743 Atque
1452 1676 1572 1728 ideo
1592 1675 1772 1728 omnia
1800 1675 2036 1742 quidem,

470 1784 592 1836 qua:
628 1769 728 1821 iste
764 1766 915 1830 fecit,
954 1776 1007 1820 et
1032 1767 1305 1836 quomodo
1330 1766 1737 1820 sanctissimum
1775 1764 2035 1835 lgnatiutn

2127 586 2539 651 subtrahebant,
2575 590 2982 645 schismaticum
3017 590 3162 642 illum
3199 590 3559 657 appellantes;
3595 602 3685 639 ne-

2129 692 2238 745 que
2281 692 2403 731 eum
2462 680 2551 733 illo
2597 681 2864 735 sacrificia
2898 679 3091 735 ollerre
3143 681 3389 733 volebant
3419 695 3433 741 ;
3462 682 3693 745 eratque

2136 770 2393 823 tumultus
2420 771 2633 840 ingens,
2669 773 3073 835 insinuantium,
3096 772 3240 839 quod
3277 772 3376 823 sub
3407 769 3497 821 illo
3532 768 3695 837 pluri-

2133 876 2216 913 ma
2267 873 2453 916 contra
2506 866 2797 919 canonicas
2854 867 3164 919 sanctiones
3200 868 3597 933 provenissent,
3643 875 3698 915 ut

2133 965 2196 1002 ex
2232 951 2315 1005 his
2362 962 2544 1020 aperte
2589 954 2747 1007 datur
2780 955 3026 1023 intelligi,
3065 970 3185 1021 qum
3223 959 3286 1008 de
3329 958 3429 1008 hac
3466 969 3522 1007 re
3570 962 3695 1005 tum

2135 1041 2330 1097 litteris
2362 1045 2609 1099 mandata
2640 1056 2784 1098 sunt.
3396 1104 3397 1107 η

2210 1130 2474 1186 Defuncm
2509 1142 2684 1185 autem
2718 1134 2965 1186 Romano
2994 1134 3248 1201 pontifice
3279 1134 3392 1201 (36)
3420 1151 3431 1195 ;
3483 1148 3700 1187 succes-

2136 1231 2229 1269 sor
2274 1219 2393 1285 ejus
2423 1219 2535 1287 (57)
2579 1222 2643 1275 ad
2707 1220 2950 1275 Photium
3000 1223 3280 1291 mqualiter
3339 1222 3531 1285 iratus,
3580 1238 3702 1276 eum

2139 1308 2335 1365 litteris
2372 1311 2555 1364 itidem
2586 1312 2915 1377 exagitabat.
2955 1312 3144 1366 Postea
3194 1327 3320 1365 vero
3352 1326 3509 1379 quam
3552 1309 3707 1377 lgna-

2139 1400 2246 1452 tius
2295 1410 2540 1466 mortuus
2597 1404 2703 1463 cst',
2756 1402 3010 1454 Romana:
3061 1416 3275 1469 quoque
3331 1402 3443 1453 sedi
3495 1400 3708 1467 praefuit

2140 1492 2298 1544 alius.
2333 1492 2384 1544 ls
2417 1492 2530 1561 (58)
2570 1492 2939 1559 indignatione
2984 1504 3172 1546 contra
3218 1491 3487 1555 l‘hotium,
3522 1506 3583 1543 ac
3630 1489 3705 1541 si-

2142 1582 2373 1634 multate
2403 1582 2668 1648 deposita.
2704 1583 3070 1651 patriarcham
3122 1582 3437 1648 appellavit,
3468 1595 3573 1647 quo
3612 1594 3706 1631 no-

2144 1674 2288 1726 mine
2345 1674 2490 1725 illum
2550 1672 2977 1741 prmdccessores
3031 1672 3111 1725 sui
3172 1672 3374 1739 dignati
3430 1685 3707 1736 nunquam

2147 1765 2395 1818 fuerant:
2431 1765 2681 1834 misitque
2708 1767 2909 1830 omnia,
2941 1780 3060 1833 quae
3085 1781 3112 1818 a
3142 1764 3383 1817 Retnano
3432 1766 3705 1830 episcopo,

474 1860 647 1913 variis
694 1858 866 1912 modis
906 1860 1035 1912 sede
1076 1847 1540 1925 deiurbavit(55),
1569 1872 1798 1926 quisque
1830 1856 2035 1910 machi-
2066 1824 2113 1884 Β
2146 1859 2228 1913 his
2276 1859 2367 1925 qui
2418 1873 2590 1927 nuper
2638 1859 3082 1917 instituebantur,
3122 1857 3262 1909 mitti
3314 1866 3469 1909 erant
3526 1857 3707 1917 solita,

473 1962 633 2002 natus
675 1959 780 2010 est.
811 1958 864 2001 et
890 1964 1012 2017 quae
1054 1951 1120 2003 de
1159 1948 1249 2002 illo
1283 1959 1509 2001 narrant
1555 1948 1819 2012 historici,
1869 1949 2039 2003 satius

470 2042 724 2095 omittere
769 2040 1095 2093 existimavi.
1130 2039 1234 2093 Sed
1273 2048 1476 2100 tamen,
1520 2040 1777 2107 quoniam
1815 2038 2038 2094 calcatis

466 2130 683 2198 juribus
734 2131 989 2184 omnibus
1029 2144 1123 2197 per
1164 2126 1327 2182 'nelas
1359 2130 1777 2199 patriarchalem
1820 2131 2040 2199 diripuit

472 2223 761 2284 thronum;
799 2236 960 2289 quem
989 2220 1214 2288 adipisci
1266 2235 1370 2274 non
1411 2228 1644 2287 poterat,
1684 2220 1785 2276 nisi
1822 2225 2042 2291 permit-

472 2320 626 2366 tante
672 2308 920 2367 Romano
955 2310 1241 2381 pontiﬁce;
1299 2326 1524 2365 necesse
1580 2311 1725 2365 enim
1775 2322 1915 2375 erat,
1973 2327 2035 2367 ex

474 2418 680 2469 more,
739 2403 807 2456 ab
880 2417 948 2457 eo
1015 2403 1396 2458 auctoritatem
1468 2402 2042 2471 conlirniationemque

471 2496 684 2549 venire.
737 2497 792 2549 ld
837 2505 1018 2550 autem
1054 2495 1128 2549 illi
1163 2505 1280 2551 erat
1317 2496 1613 2551 ambitione
1662 2512 1758 2550 sua
1816 2502 2042 2567 turpiter

470 2592 744 2655 excidere,
797 2591 1143 2660 imperatoris
1190 2591 1559 2646 familiaritate
1618 2590 1808 2655 fretus,
1861 2594 1949 2659 qui
1989 2602 2059 2646 et.

474 2683 590 2750 ipse
620 2683 817 2735 addere
847 2681 1101 2751 potestati
1135 2697 1245 2735 sua:
1285 2682 1536 2750 cupiebat
1575 2682 1587 2733 :
1622 2681 1749 2749 quia
1785 2681 2039 2736 thronum

473 2771 627 2824 illum
661 2771 795 2825 alias
832 2771 1089 2841 consequi
1123 2786 1181 2825 se
1221 2786 1378 2839 posse
1406 2771 1750 2840 desperabat,
1780 2772 1844 2823 ad
1888 2770 2045 2841 Sym-

471 2864 581 2918 holi
617 2864 980 2931 adjectionem
1033 2861 1302 2932 confugit,
1337 2873 1392 2917 et
1427 2878 1588 2933 quam
1632 2874 1759 2917 ante
1786 2878 1906 2917 curn
1936 2879 2041 2918 ca:—

475 2956 631 3018 teris,
666 2964 720 3007 ut
744 2954 995 3023 plurimis
1020 2962 1145 3008 ante
1178 2954 1514 3023 temporibus
1544 2955 1618 3007 ita
1648 2969 1708 3009 se
1750 2955 2042 3009 habentem

472 3046 902 3111 venerabantur,
936 3044 1151 3099 induxit
1190 3044 1563 3099 seditiosiores
1591 3059 1835 3113 quosque
1879 3046 2047 3101 eccle-

2144 1951 2367 2017 pallium
2417 1949 2651 2012 scilicet,
2680 1948 2885 2015 virgam
2934 1956 3092 2014 atque
3140 1946 3404 1999 sandalia.
3465 1944 3615 1998 'l'ttnc
3661 1956 3714 1997 et

2147 2044 2260 2110 ipse
2300 2043 2408 2095 voti
2462 2056 2685 2108 compos
2743 2040 2968 2094 ellectus
3029 2038 3166 2109 (59),
3222 2055 3400 2109 pugna
3451 2040 3712 2111 adversus

2148 2134 2448 2187 Romanum
2483 2134 2787 2199 pontificem
2814 2133 3005 2202 posita,
3037 2133 3251 2186 Patrem
3286 2132 3457 2194 illum,
3488 2147 3548 2182 ac
3581 2145 3708 2184 sano

2148 2233 2289 2276 ctum
2328 2224 2630 2292 appellabat
2682 2241 2694 2276 :
2746 2222 3227 2286 Quemadmodum,
3282 2222 3552 2288 inquiens,
3594 2222 3711 2271 uni-

2147 2329 2417 2366 t'ersorum
2474 2313 2732 2367 Dominus
2783 2314 3047 2366 inclinans
3095 2314 3251 2365 caelos
3307 2313 3531 2364 risitarit
3587 2327 3676 2363 nos
3700 2331 3717 2372 ,‘

2150 2418 2249 2455 non
2292 2413 2559 2456 contentus
2606 2404 2797 2472 gloria,
2836 2419 2993 2472 quant
3042 2406 3095 2455 in
3145 2403 3285 2454 caelis
3318 2401 3457 2469 apud
3509 2407 3718 2470 angelos

2149 2494 2390 2557 habebat,
2428 2496 2528 2547 nisi
2554 2498 2838 2548 humanam
2865 2512 3069 2563 quoque
3098 2503 3423 2560 assumptum
3475 2502 3717 2546 naturam

2150 2588 2218 2637 ad
2260 2602 2312 2639 se
2364 2589 2651 2640 aura/teret
2691 2606 2712 2641 .'
2755 2590 2828 2640 ita
2882 2599 2929 2639 et
2978 2589 3270 2640 communis
3323 2588 3485 2639 Pater
3545 2598 3718 2638 noster

2149 2679 2513 2733 sanctissimus
2562 2696 2720 2747 papa,
2761 2696 2853 2732 nos
2901 2680 2988 2746 qui
3045 2678 3192 2747 longe
3240 2694 3475 2741 eramus,
3532 2679 3724 2744 a/I'ectu

2150 2779 2368 2837 paterno
2389 2757 2648 2826 ‘visitavil.

2222 2862 2377 2915 Nulla
2424 2872 2551 2917 tunc
2585 2863 2651 2917 de
2684 2862 2984 2931 adjectione
3015 2862 3257 2932 Syinholi
3294 2865 3500 2917 mentio
3538 2862 3721 2915 ﬁebat.

2152 2952 2507 3009 Orientalium
2545 2966 2721 3010 tamen
2769 2959 3148 3027 episcoporum
3194 2973 3318 3026 pars
3367 2963 3602 3011 maxima
3654 2957 3725 3009 illi

2155 3048 2489 3101 reconciliati
2542 3065 2645 3101 non
2680 3059 2838 3115 sunt;
2883 3050 2998 3111 sed,
3052 3065 3112 3105 se
3154 3052 3219 3104 ab
3253 3065 3316 3103 eo
3347 3049 3725 3112 observantes,

471 3138 682 3192 siastici
726 3138 957 3199 ordinis,
1012 3137 1151 3190 hanc
1203 3135 1421 3205 impiam
1457 3134 1795 3199 existimare,
1841 3152 1905 3191 ac
1952 3153 2045 3207 per
2074 3177 2120 3239 C
2155 3138 2520 3204 patriarcham
2554 3141 2828 3209 appellare
2877 3142 3151 3195 nolebant.
3210 3140 3398 3196 Oraxit
3449 3158 3579 3211 ergo
3615 3145 3724 3197 lto-

470 3230 778 3296 epistolam,
807 3244 968 3297 quam
1006 3226 1318 3280 circularem
1361 3226 1476 3294 (54)
1522 3227 1830 3295 appellavit,
1861 3239 2046 3283 contra

474 3324 777 3377 liuinanam
815 3320 1117 3375 Ecclesiam
1158 3318 1525 3373 multitudinis
1552 3320 1674 3373 odia
1697 3321 1959 3385 concitat,
1984 3334 2050 3373 ne

470 3414 751 3470 videretur
790 3413 1091 3483 transgredi
1147 3410 1498 3481 subjectionis
1542 3412 1832 3479 terminos,
1892 3415 1936 3468 si
1991 3429 2049 3467 se

470 3505 589 3574 ipse
638 3506 893 3573 erigeret,
947 3503 1339 3574 dignitatisque
1389 3502 1532 3557 illius
1567 3504 1669 3557 sibi
1709 3504 1809 3572 ipsi
1862 3511 2050 3557 auctor

475 3607 644 3652 esset.
716 3595 851 3650 lline
901 3598 1010 3665 jam
1075 3600 1129 3651 in
1182 3596 1377 3651 throno
1427 3597 1645 3663 sedens,
1685 3597 2047 3652 ecclesiastica

469 3693 915 3749 administrabat.

545 3784 600 3839 ω
634 3784 913 3838 Romanus
942 3782 1182 3853 pontifex
1210 3795 1351 3851 agre
1383 3779 1526 3844 tulit,
1553 3780 1853 3849 iratusque,
1874 3780 2049 3847 ipsum

471 3889 571 3945 per
601 3873 859 3944 epistolas
905 3873 1215 3928 invasorem
1266 3871 1655 3941 promulgavit,
1713 3887 1899 3925 navum
1951 3869 2053 3924 Ju-

470 3968 632 4031 dam,
684 3967 1118 4030 schismnticum,
1170 3979 1235 4019 ac
1289 3965 1597 4018 seditiosum
1663 3962 1777 4031 (55)
1829 3978 2050 4027 vocans,

472 4070 639 4127 atque
699 4057 1102 4112 maledictionis
1160 4056 1495 4110 anathemati
1550 4055 1809 4117 subdens,
1876 4070 2052 4123 neque

468 4150 841 4204 Christianum
874 4164 994 4202 esse
1024 4156 1349 4203 contestans
1388 4164 1402 4202 :
1434 4163 1541 4201 non
1580 4147 1776 4211 solum,
1806 4149 1932 4217 quia
1961 4163 2055 4216 per

474 4242 629 4295 nefas
670 4240 870 4294 invasit
916 4240 1124 4303 sedem,
1160 4240 1253 4293 sed
1286 4239 1413 4306 quia
1445 4239 1691 4307 plurimis
1718 4240 1836 4293 aliis
1868 4241 2056 4294 crimi‘

471 4336 635 4389 nibus
671 4343 789 4387 erat
820 4333 1112 4387 obnoxius.
1143 4332 1337 4386 Adhuc
1366 4332 1510 4386 enim
1548 4332 1761 4387 vivebat
1795 4334 2054 4402 Ignatius,

478 4427 569 4493 qui
620 4426 757 4494 apud
803 4425 983 4488 illum,
1017 4440 1180 4495 quam
1215 4426 1323 4478 vim
1359 4433 1660 4494 pateretur,
1690 4435 2054 4496 exposuerat;

2156 3242 2373 3281 manum
2407 3223 2742 3297 pontiliccm,
2772 3242 2830 3285 ut
2866 3233 2950 3286 cui
2986 3232 3346 3287 Ecclesiarum
3392 3250 3520 3287 cura
3555 3238 3725 3289 maxi-

2155 3336 2238 3375 me
2273 3322 2632 3388 incumberet,
2674 3311 2891 3379 mittere
2928 3325 3079 3394 juxta
3128 3328 3578 3381 consuetudinem
3635 3328 3735 3381 lto-

2154 3428 2327 3467 mana:
2362 3415 2510 3469 sedis
2555 3416 2757 3485 lo-gatos
2786 3419 2860 3471 "ad
2895 3421 3081 3471 urbem
3121 3420 3346 3488 regiam,
3378 3421 3464 3487 qui
3502 3431 3557 3474 et
3584 3420 3731 3473 illum

2156 3508 2448 3560 visl‘tarent
2480 3518 2533 3561 et
2565 3506 2632 3562 de
2663 3509 2913 3562 omnibus
2946 3524 3050 3562 una
3090 3510 3480 3567 decernerent;
3525 3514 3735 3565 dissen-

2157 3598 2466 3666 ticntcsque
2496 3600 2782 3668 episcopos
2813 3610 2867 3654 et
2911 3601 3012 3654 sibi
3048 3602 3298 3663 invicem,
3333 3613 3385 3655 et
3410 3603 3735 3669 patriarcha:

2156 3690 2378 3743 unirent
2406 3689 2542 3759 (60).
2590 3690 2873 3745 Mittuntur
2908 3691 3038 3755 duo,
3082 3690 3429 3761 synoduhque
3459 3692 3572 3762 (6t)
3606 3708 3733 3745 lltttc

2156 3780 2297 3835 facta
2334 3791 2416 3835 est
2446 3782 2586 3835 infra
2619 3790 2768 3851 septa
2797 3783 2977 3851 templi
3014 3782 3360 3837 l'amosissimi
3401 3784 3597 3836 dirime
3636 3784 3738 3837 Sa-

2158 3876 2374 3942 pientia:
2428 3875 2671 3942 insigniti
2707 3874 2927 3928 nomine
2964 3890 3059 3944 pro
3091 3876 3466 3945 componenda
3502 3877 3643 3929 inter
3678 3894 3738 3943 se

2158 3968 2516 4023 Orientalium
2575 3970 2940 4023 contentione.
3017 3970 3187 4033 Quam
3253 3969 3415 4022 etiam
3475 3970 3735 4038 synodum

2158 4062 2379 4129 quidam
2410 4072 2660 4115 octavam
2700 4060 2816 4129 (62)
2857 4060 3149 4130 appellant.
3184 4060 3434 4114 Photium
3475 4074 3602 4114 tunc
3642 4079 3740 4131 pa-

2162 4153 2453 4206 triarcltatn
2478 4153 2837 4213 declarantes,
2870 4154 2959 4220 qui
2990 4152 3216 4205 Romani
3255 4153 3525 4221 pontificis
3563 4157 3738 4207 focum

2163 4243 2439 4307 tenebant,
2493 4259 2626 4312 pace
2694 4244 2926 4305 reddita,
2966 4254 3187 4299 ltiOlienl
3233 4248 3299 4298 de
3334 4254 3530 4299 caetero
3568 4248 3739 4301 absti-

2162 4350 2290 4390 nere
2343 4338 2635 4402 scandulis,
2694 4338 2927 4405 huicque
2978 4340 3140 4391 veluti
3194 4338 3516 4407 patriarcha:
3552 4355 3742 4396 Omnes

2165 4428 2473 4493 intendere,
2503 4430 2798 4484 ftederatos
2844 4430 3111 4483 charitate
3146 4430 3534 4487 indissolubili.
3583 4431 3737 4486 Nulla

477 4521 623 4575 sicut
649 4528 808 4574 antea
842 4518 1051 4572 fecerat
1096 4516 1433 4571 Athanasius
1467 4532 1716 4585 magnus,
1749 4515 2058 4587 Paulusque
2087 4523 2136 4581 D
2168 4531 2295 4575 tunc
2341 4522 2547 4575 mentio
2582 4524 2646 4576 de
2678 4522 2983 4591 adjectiune
3016 4522 3154 4576 facta
3187 4533 3291 4576 est.
3344 4523 3397 4577 Si
3433 4526 3555 4593 quis
3599 4524 3740 4577 enim

472 4612 762 4666 confessor
788 4623 843 4665 ct
870 4611 1302 4679 Chrysostomus
1332 4610 1398 4661 ad
1421 4606 1723 4661 Romanum
1754 4608 2061 4676 pontiﬁcem

473 4704 804 4761 scribentes.
829 4717 952 4755 cum
982 4699 1224 4754 Ecclesia
1254 4699 1455 4769 injuste
1481 4700 1846 4769 pellerentur;
1875 4715 2065 4755 omnes

476 4798 714 4865 denique
746 4794 931 4850 affecti
976 4794 1214 4863 injuriis,
1248 4804 1300 4848 et
1334 4808 1431 4861 per
1466 4794 1572 4846 vim
1607 4792 1828 4847 sedibus
1856 4794 2061 4847 detrusi

476 4888 545 4941 ad
579 4886 877 4943 Ecclesiam
920 4887 1220 4939 Romanam
1260 4884 1646 4939 recurrebant.
1681 4883 1755 4937 Ex
1808 4898 1894 4949 eo,
1944 4885 2059 4953 jam

551 5114 663 5183 (53)
698 5111 829 5168 Vide
852 5126 1009 5168 cene.
1050 5129 1167 5175 vtit,
1227 5130 1398 5183 nuper
1450 5132 1480 5169 a
1536 5114 1789 5168 Matthtco
1847 5114 2062 5169 Radero

472 5183 664 5255 Graeco
697 5183 887 5237 Latine
909 5186 1138 5247 editum,
1169 5194 1228 5238 ut
1258 5187 1408 5255 plene
1432 5186 1718 5254 intelligas,
1750 5186 1927 5255 qualis
1954 5186 2065 5236 vul-

478 5272 575 5323 pes
604 5254 769 5309 fuerit
797 5255 1047 5315 l‘hutius,
1073 5266 1132 5307 ut
1169 5254 1303 5308 nihil
1327 5257 1502 5309 dicam
1535 5256 1601 5309 de
1620 5255 1816 5308 Annal.
1840 5254 2061 5309 Barciiii

475 5341 570 5394 qui
604 5340 783 5378 rerum
816 5340 845 5377 a
874 5323 1064 5378 Phetio
1092 5325 1299 5379 nefarie
1346 5336 1618 5391 gestarum
1677 5341 1843 5379 cornu
1895 5325 2065 5390 conia:

478 5410 581 5464 est.
635 5396 908 5464 Graphice
955 5396 1318 5464 depinguntur
1352 5397 1531 5451 Photii
1581 5407 1749 5456 artes,
1810 5398 2058 5448 ambitio.

557 5466 670 5533 (54)
711 5464 906 5520 Tutius
952 5468 1260 5520 schismatis
1309 5468 1637 5534 principium
1688 5468 1784 5519 fuit
1828 5467 2054 5532 epistula

479 5541 595 5593 lucc
630 5537 930 5588 circularis.
964 5537 1150 5591 Exstat
1178 5542 1314 5605 apud
1347 5536 1637 5595 Baroninni
1670 5554 1757 5589 an.
1788 5537 1911 5590 863.

554 5608 665 5674 (55)
696 5609 888 5659 Umnia
916 5607 1032 5663 haec
1059 5608 1231 5678 elogia
1260 5609 1436 5663 l’hutii
1456 5610 1696 5663 invenies
1729 5612 1782 5661 in
1824 5607 2054 5663 Barouio

476 5693 531 5734 el
564 5682 795 5730 lisiilt'ro.

550 5750 663 5815 (56)
686 5746 906 5801 Nicolao
934 5748 971 5804 I.

554 5819 668 5890 (57)
704 5818 970 5876 Adrianus
998 5820 1061 5875 ΙΙ.

2165 4615 2217 4667 in
2276 4624 2525 4668 extremo
2588 4623 2864 4685 gestorum
2925 4616 3115 4683 synodi
3171 4617 3341 4684 ipsius
3396 4618 3588 4671 ordine
3612 4630 3644 4681 ,·
3679 4620 3745 4671 de

2161 4706 2437 4759 additione
2483 4705 2596 4775 (63)
2667 4708 2874 4760 dictum
2943 4716 3117 4776 putat,
3160 4711 3302 4776 quod
3364 4710 3574 4764 scilicet
3636 4728 3742 4764 non

2160 4806 2412 4864 oporteat
2449 4798 2688 4862 auferre,
2732 4804 2813 4850 vel
2863 4800 3103 4862 addere;
3139 4800 3283 4867 quod
3318 4802 3485 4854 etiam
3522 4802 3743 4869 quidam

2164 4890 2231 4943 ad
2273 4891 2618 4945 seducendos
2659 4892 3023 4961 simpliciores
3072 4893 3418 4952 obtendunt:
3463 4896 3743 4948 sciendum

2240 5117 2349 5183 (58)
2382 5118 2616 5174 Joannes
2650 5120 2781 5174 Vlll.

2165 5188 2351 5311 “($29)
2400 5192 2558 5244 Aliud
2594 5192 2890 5260 loquuntur
2942 5194 3182 5247 Annales
3238 5192 3455 5247 Baronii
3505 5208 3595 5244 an.
3643 5193 3747 5247 879

2245 5276 2264 5310 ς
2306 5275 2397 5311 llﬂ.

2245 5275 2397 5326 seqq.

2237 5331 2351 5403 (liti)
2375 5330 2644 5403 Simulate
2670 5331 2787 5385 haec
2854 5334 3036 5386 omnia
3068 5335 3176 5403 agit
3212 5333 3458 5387 Pliotins.

2163 5401 2347 5526 87:36”
2385 5401 2457 5455 De
2503 5402 2603 5456 hac
2661 5404 3079 5475 pseudosynodu
3108 5401 3262 5458 'vide
3313 5405 3607 5459 Baronium
3657 5420 3745 5459 an.

2213 5540 2510 5611 16:2)Male
2545 5554 2771 5596 vocatur
2794 5554 3006 5598 octava.
3030 5545 3163 5598 ‘v'ide
3193 5548 3498 5607 Raderum,
3531 5547 3670 5615 prol.
3700 5550 3748 5599 in

2170 5629 2349 5685 verant
2384 5624 2468 5685 Act
2512 5617 2808 5682 legitimam
2840 5619 3104 5685 synodum
3135 5633 3251 5670 \‘lll.

2242 5683 2768 5751 ((35)Parttinrel'ct‘t
2792 5683 2917 5755 quid
2978 5687 3058 5740 vel
3095 5690 3160 5741 de
3215 5688 3461 5742 addcndo
3522 5690 3600 5742 vel
3663 5692 3751 5741 dc-

2169 5757 2363 5831 tnendn
2389 5756 2439 5807 itt
2584 5762 2791 5831 synodo
2823 5756 2978 5809 fuerit
3011 5760 3314 5817 decretum,
3350 5762 3472 5828 quia
3510 5761 3746 5831 legitima

2169 5844 2273 5881 non
2308 5825 2428 5879 fuit.
2469 5824 2597 5881 Vide
2625 5828 2914 5882 liatoninm
2948 5829 3051 5882 879
3075 5840 3127 5881 ct
3159 5833 3263 5883 εει)
