4472 6434
789 371 891 429 Titi

2047 376 2439 439 MANUELIS
2470 378 2771 437 CALEC£

3921 358 4025 440 9'08

785 495 889 547 est,
931 485 1029 537 hoc
1080 499 1107 537 a
1165 484 1489 553 quibusdam
1543 494 1725 553 postea
1782 489 1952 557 gestis
2001 490 2351 556 synodalibus
2383 492 2427 547 Α
2459 488 2623 554 pisse.
2683 490 2750 542 tle
2796 486 2993 556 quibus
3047 484 3188 540 nulla
3247 475 3389 540 essél
3438 487 3579 541 facta
3636 487 3861 541 ιῐιοιιιὶο-
3924 489 4030 541 Aul

792 576 1123 643 appositum,
1157 576 1284 629 hinc
1335 579 1624 631 ostendere
1672 579 1994 643 nitentibus,
2047 581 2355 648 hujusmodi

790 666 1124 718 additionem
1162 665 1325 719 fuisse
1357 668 1716 734 prohibitam;
1750 669 1852 724 hoc
1888 677 2068 723 autem
2096 671 2356 725 rationem

784 770 891 808 ιιυιι
926 756 1146 817 habere,
1180 757 1518 825 perspicuum
1551 768 1656 812 est.
1767 758 1783 768 ”

858 844 1101 899 Primum
1139 849 1375 915 quidem,
1410 852 1665 916 quoniam
1713 851 1763 904 in
1795 852 1959 921 gestis
1988 851 2154 923 huius
2191 866 2360 923 syno-

787 936 867 998 di,
898 940 1409 992 commentariolum
1446 941 1557 1008 (tit)
1596 944 1867 1010 quoddam
1896 953 2000 1008 est,
2028 960 2212 999 eorum
2242 958 2361 1013 qua:

789 1029 841 1080 itt
876 1042 942 1080 eo
974 1030 1203 1081 concilio
1243 1041 1400 1083 erant
1445 1032 1782 1087 discutienda
1814 1036 2214 1104 expositionem
2267 1051 2362 1105 per

787 1118 1033 1169 ordinem
1071 1120 1381 1181 continens,
1416 1122 1557 1187 quod
1598 1122 1758 1191 legati
1807 1125 2014 1194 synodo
2066 1139 2361 1193 proposue—

792 1218 954 1261 runt:
984 1211 1428 1263 commentarium
1459 1211 1560 1264 sibi
1597 1228 1624 1263 a
1652 1228 1864 1267 summo
1896 1214 2150 1281 pontifice
2178 1216 2360 1267 datum

788 1311 1117 1360 asserentes,
1155 1309 1212 1351 nt
1253 1302 1627 1355 meminissent
1661 1318 1780 1371 quae
1828 1304 1879 1357 in
1926 1320 1989 1358 ea
2025 1308 2233 1375 synodo
2276 1306 2360 1360 vel

792 1389 1047 1452 dict-mla,
1084 1390 1166 1444 vel
1221 1389 1471 1444 facienda
1518 1404 1721 1447 essent.
1771 1394 1954 1463 Neque
2006 1399 2150 1453 enim
2194 1399 2245 1451 in
2295 1413 2363 1452 eo

791 1480 1087 1545 quidquam
1136 1480 1200 1531 de
1247 1472 1523 1534 additione
1564 1485 1701 1552 (65),
1737 1486 1815 1538 vel
1850 1486 1916 1539 de
1954 1487 2210 1555 Symbolo
2242 1504 2362 1543 0m-

792 1570 919 1621 nino
965 1570 1224 1635 seriptnm
1274 1582 1378 1623 est.
1430 1571 1493 1623 Ει
1549 1583 1696 1627 certe
1752 1575 1803 1628 id
1859 1576 1908 1628 in
1950 1578 2121 1645 prima
2181 1582 2362 1633 statim

791 1658 967 1710 lronte
1010 1664 1312 1724 ponendum
1367 1661 1485 1723 fuit,
1547 1664 1661 1717 sive
1719 1680 1747 1716 a
1809 1666 2052 1739 llontano
2110 1670 2364 1738 pontifice

792 1749 897 1799 illis
926 1752 989 1798 di-
1022 1750 1121 1799 hoe
1146 1748 1334 1802 fuisset
1359 1752 1653 1820 quidquam
1689 1755 2034 1823 imperatum,
2063 1757 2177 1811 sive
2197 1759 2358 1812 etiam

2466 580 2608 630 enim
2656 578 3025 645 principaliter
3068 591 3133 631 ea
3176 590 3262 630 res
3291 578 3499 645 agenda
3533 578 3656 644 fuit,
3688 588 3778 631 aut
3813 595 3917 632 non
3957 582 4028 632 ita

2466 675 2859 735 praatcreunter
2891 678 2944 720 et
2985 666 3386 734 intempestive.
3416 677 3469 721 et
3496 678 3695 735 praeter
3734 669 3908 721 locum
3937 670 4032 722 de-

2467 758 2635 811 bitum
2671 759 2896 825 agenda.
2934 758 3048 812 Etsi
3075 758 3217 811 enim
3242 772 3273 810 a
3298 760 3506 826 synodo
3532 760 3734 811 dictum
3759 759 4030 814 conceda-

2468 861 2607 909 mus,
2628 845 2763 898 nihil
2790 854 2966 898 tamen
2994 848 3059 898 de
3091 845 3394 912 huiusmodi
3426 847 3724 914 quaestiooe
3752 847 3993 902 declarat
4017 864 4031 911 ;

2469 950 2643 1002 neque
2682 936 2768 989 his
2802 937 3145 999 adversatur,
3176 950 3296 1004 qum
3342 935 3486 990 dicta
3530 928 3679 994 su'nt.
3715 939 3818 991 Aut
3868 940 4035 1001 enim,

2468 1036 2529 1078 ut
2560 1027 2762 1079 dictum
2796 1035 2900 1088 est,
2937 1026 3058 1080 ﬁdei
3087 1026 3313 1079 alterius
3345 1026 3701 1091 adiectionem
3737 1028 4036 1091 interdicit,

2470 1126 2739 1184 rectaeque
2769 1115 3139 1179 abolitionem,
3174 1116 3291 1169 sive
3332 1116 3489 1178 alias,
3532 1130 3635 1169 non
3683 1131 3742 1169 se
3792 1115 4036 1171 Ecclesia

2471 1206 2574 1258 hac
2617 1214 2880 1273 potestate
2922 1206 3119 1273 privat.
3155 1206 3472 1274 Quanquam
3512 1206 3694 1259 dicere
3726 1220 4038 1273 possumus,

2470 1297 2572 1348 hac
2618 1295 2909 1359 sententia,
2943 1297 2988 1348 si
3037 1296 3249 1348 concilii
3279 1297 3369 1358 sit,
3427 1311 3531 1365 qua
3581 1298 3910 1351 declaratum
3945 1300 4035 1361 sit,

2473 1387 2604 1441 nihil
2650 1398 2899 1455 oportere
2954 1388 3193 1447 auferri.
3249 1390 3300 1441 id
3351 1400 3678 1457 pneceptum
3738 1390 3927 1453 fuisse,
3975 1405 4040 1443 ue

2471 1477 2777 1531 auferretur
2829 1477 3260 1533 Occidentalium
3315 1479 3542 1543 additio,
3596 1496 3759 1550 quam
3814 1495 4038 1536 accusa-

2472 1568 2618 1620 bant.

2542 1657 2599 1709 Si
2638 1656 2819 1725 igitur,
2862 1666 2918 1708 ut
2955 1671 3116 1726 supra
3149 1658 3483 1712 declaratum
3516 1668 3619 1722 est,
3657 1667 3711 1713 et
3742 1667 3868 1713 ante
3897 1658 4036 1711 Pho-

2473 1749 2603 1801 littttt
2658 1748 2841 1801 multis
2887 1760 3011 1801 ante
3058 1750 3414 1817 temporibus,
3465 1749 3775 1819 Symbolum
3816 1753 3884 1804 ab
3931 1748 4038 1803 illis

792 1842 1031 1908 synodus
1058 1842 1170 1903 illa,
1196 1857 1356 1908 quam
1393 1845 1918 1911 quadringentorum
1955 1850 2124 1903 ferme
2154 1850 2364 1917 episco-
2399 1828 2438 1885 Β
2468 1856 2551 1895 Cl"

2272 1865 2364 1903 cn-
2399 1828 2438 1885 Β
2468 1856 2588 1895 eum
2613 1840 2887 1895 additione
2927 1840 3223 1909 legebatur,
3266 1842 3487 1909 ipseque
3520 1842 3748 1908 primus,
3777 1856 3898 1895 cum
3931 1842 4037 1893 Voti

792 1948 981 1999 parum
1026 1933 1278 2000 implebat
1332 1950 1610 2000 numerus,
1642 1937 2008 2007 blasphemam
2045 1941 2184 1994 hanc
2213 1944 2368 1995 addi-

791 2030 993 2080 tioueut
1034 2031 1283 2094 putabat,
1316 2046 1414 2082 cur
1446 2049 1548 2084 non
1590 2034 1959 2102 principaliter
1993 2038 2059 2091 de
2092 2038 2176 2091 illa
2206 2041 2365 2092 verba

791 2121 958 2172 fecit?
1007 2121 1079 2171 Ita
1127 2121 1270 2173 enim
1309 2123 1358 2173 itt
1404 2124 1839 2190 prm'icdcntibus
1884 2128 2103 2195 syttodis
2159 2128 2223 2179 de
2266 2127 2367 2181 fide

790 2213 963 2279 primo
1013 2211 1127 2264 loco
1158 2226 1374 2279 semper
1406 2215 1686 2282 agelatur.
1724 2216 1835 2269 Cur
1864 2227 2043 2269 autem
2093 2218 2145 2270 in
2199 2218 2365 2270 Deum

793 2288 1296 2369 blasphentantiluts
1335 2305 1755 2369 conveniebant,
1819 2307 2057 2375 ipsisque
2114 2308 2181 2361 de
2239 2323 2368 2362 con-

789 2397 973 2447 cordia
1009 2397 1073 2447 ad
1110 2396 1341 2449 invicem
1378 2399 1576 2450 tuenda
1629 2399 2096 2468 obtemperabant,
2133 2401 2213 2455 vel
2250 2417 2368 2455 om-

792 2487 922 2537 nino
971 2487 1071 2538 sub
1122 2487 1337 2541 silentio
1392 2504 1449 2542 se
1504 2490 1898 2544 continebant?
1946 2491 2172 2555 Quando
2239 2509 2368 2548 vero

794 2575 927 2625 nihil
978 2576 1182 2629 dixisse
1232 2580 1675 2644 comprobantur,
1738 2580 1823 2632 cui
1867 2595 1976 2633 non
2025 2582 2367 2649 perspicuum

787 2666 880 2730 sit,
917 2681 1097 2718 veram
1150 2681 1243 2719 eos
1287 2669 1430 2719 illam
1465 2670 1794 2723 additiouem
1839 2672 2225 2727 existimasse?
2268 2671 2372 2729 Nc-

789 2775 895 2827 que
936 2760 1079 2812 cnim
1113 2760 1219 2812 diei
1269 2771 1464 2827 potest,
1514 2762 1632 2814 illos
1676 2761 1951 2829 ignorasse
1991 2762 2214 2817 Latinos
2247 2780 2368 2817 cum

777 2852 1065 2903 ‘additioue
1116 2849 1430 2920 Symbolum
1490 2852 1687 2918 legere,
1724 2868 1845 2904 cum
1901 2854 1951 2905 id
1986 2851 2184 2906 Oriens
2227 2863 2370 2910 totus

783 2939 894 3008 jam
926 2950 1049 2995 tunc
1077 2943 1267 2995 saltem
1304 2957 1332 2994 a
1362 2943 1501 2995 beati
1542 2941 1759 2998 Maximi
1792 2944 2132 3013 temporibus
2160 2945 2369 2999 didice-

789 3032 894 3084 rit?

860 3122 1097 3188 Deinde,
1160 3134 1219 3177 ιιι
1272 3125 1661 3188 concedamus.
1726 3124 1972 3179 Photium
2035 3127 2437 3219 additionemc

790 3230 896 3268 non
936 3215 1223 3269 admisisse
1254 3232 1269 3269 :
1300 3217 1616 3270 rationabile
1660 3225 1806 3271 certe
1844 3233 1950 3271 non
1977 3229 2113 3281 erat,
2144 3230 2364 3286 postca-

791 3323 951 3376 quam
1003 3324 1030 3360 a
1072 3312 1317 3362 Ilomano
1351 3310 1606 3375 pontitice
1655 3308 1967 3374 patriarcha
2003 3310 2363 3366 confirmatus

788 3401 986 3464 fuerat,
1014 3402 1237 3453 verbum
1269 3402 1335 3453 de
1386 3400 1659 3454 additioae
1693 3414 1912 3453 movere.
1949 3416 1962 3451 :
1998 3415 2085 3463 ne,
2126 3402 2213 3453 vix
2249 3412 2369 3455 tan-

786 3493 910 3546 dem
950 3493 1056 3546 veti
1109 3508 1327 3561 compos
1360 3492 1609 3555 eflcctus,
1654 3508 1751 3560 per
1782 3493 1929 3546 illum
1977 3508 2168 3547 rursus
2199 3494 2365 3548 abro-

785 3597 971 3652 gaius,
1026 3584 1300 3635 amitteret
1353 3583 1555 3634 omnia.
1597 3581 1743 3635 Satis
1794 3594 1973 3635 autem
2016 3592 2136 3636 erat
2170 3585 2365 3652 legatis

787 3687 951 3742 atque
984 3674 1081 3742 ipsi
1120 3676 1172 3725 in
1200 3660 1409 3751 primis
1441 3670 1685 3725 Romano
1727 3672 1994 3739 poutilici,
2020 3672 2364 3740 subiectione

788 3768 892 3820 sibi
954 3768 1185 3829 reddita,
1221 3766 1286 3819 de
1338 3765 1552 3818 caeteris
1592 3766 1713 3818 illos
1766 3775 1911 3818 recte
1964 3766 2169 3842 sentire
2220 3766 2369 3819 arbi-

789 3858 944 3912 trari.
989 3858 1175 3926 Itaque
1221 3857 1354 3910 nihil
1403 3857 1543 3909 ultra
1600 3856 1963 3926 inquirentcs,
2008 3858 2218 3926 reliqua
2254 3859 2368 3915 suis

790 3952 922 4004 locis
952 3964 1172 4002 manere
1202 3949 1584 4017 permiserunt.

863 4043 929 4095 Et
980 4043 1108 4095 illud
1155 4051 1334 4095 autem
1378 4040 1576 4092 indicat
1622 4040 1890 4107 adjectum
1938 4054 1967 4092 a
2017 4039 2367 4109 quibusdam.

793 4137 936 4205 quod
994 4137 1268 4196 d’ximns,
1321 4136 1462 4202 quod
1522 4144 1643 4203 post
1692 4134 1921 4201 plurima
1975 4134 2369 4202 imperatorum

792 4230 962 4293 anui,
1031 4228 1569 4294 Subscriptionesque
1640 4226 2021 4291 episcOporum
2092 4227 2367 4278 adnotata

792 4324 921 4383 sint,
951 4330 1002 4373 et
1028 4320 1199 4388 gloria
1238 4319 1442 4371 reddita
1469 4318 1537 4369 sit
1567 4313 1698 4379 Dco,
1726 4332 1821 4384 pro
1853 4316 2113 4369 Ecclesia)
2146 4317 2366 4369 unione.

792 4416 922 4478 ρων
946 4414 1125 4464 omnia
1156 4413 1206 4463 in
1237 4412 1339 4462 line
1366 4421 1642 4474 gestorum
1669 4408 2006 4476 synodalium
2034 4408 2369 4462 scribuntur.

2472 1946 2576 1984 non
2614 1934 2901 1999 potiretur,
2929 1933 3255 1987 additionetn
3299 1935 3649 1988 dtscessionis
3682 1935 3883 2000 reperit
3908 1950 4007 1987 eau

2470 2039 2607 2086 sam,
2642 2033 2698 2075 ut
2741 2024 2939 2090 passim
2978 2025 3079 2077 sibi
3126 2024 3313 2077 liceret
3345 2029 3483 2077 votis
3516 2025 3717 2094 perfrui
3769 2045 3783 2080 :
3821 2042 4042 2095 compos

2470 2125 2650 2167 autem
2687 2116 2767 2169 sui
2800 2115 3073 2167 desiderio
3111 2114 3360 2179 effectus,
3390 2117 3592 2169 nullum
3618 2117 3753 2169 ultra
3794 2133 3854 2169 ea
3888 2121 3954 2170 de
3988 2132 4044 2172 re

2472 2210 2698 2260 verbum
2734 2205 2919 2267 movit,
2946 2207 3455 2275 subjectionemque
3479 2208 3717 2261 debitam
3744 2223 3839 2276 per
3860 2211 4039 2262 omnia

2471 2312 2683 2351 summo
2712 2298 2950 2366 pontifici
2990 2299 3222 2352 reddidit
3259 2299 3397 2368 (67),
3427 2315 3602 2353 nonne
3627 2300 3797 2368 liquet
3829 2315 3893 2353 ex
3922 2317 4040 2354 om-

2474 2392 2650 2453 nibus,
2695 2406 2799 2444 non
2834 2392 3186 2455 additiouem,
3218 2392 3309 2445 sed
3338 2394 3643 2461 superbiam
3694 2394 3894 2460 potius,
3923 2403 3977 2447 et
4012 2408 4041 2446 a

2473 2482 2689 2535 nemine
2741 2484 2879 2536 velle
2920 2484 3175 2551 jndicari,
3214 2484 3524 2537 schismatis
3576 2483 3744 2539 fuisse
3786 2483 4045 2537 causam?

2474 2574 2620 2627 Obiit
2643 2585 2820 2628 autem
2856 2573 3103 2637 Photius,
3126 2589 3246 2628 cum
3272 2586 3418 2628 esset
3452 2576 3814 2629 Ecclesiarum
3840 2576 4042 2638 unitas,

2473 2679 2592 2732 quae
2629 2675 2751 2734 post
2794 2666 2945 2719 illum
2982 2681 3077 2735 per
3126 2666 3310 2720 decem
3350 2674 3404 2720 et
3448 2677 3656 2735 septem
3702 2667 4045 2735 patriarchas

2473 2756 2709 2811 duravit.

2546 2848 2620 2901 Ex
2654 2864 2762 2918 quo
2788 2864 2919 2903 sane
2935 2860 3172 2912 constat,
3200 2850 3525 2906 celebratam
3549 2849 3649 2905 sub
3670 2850 3861 2905 Pbotio
3881 2865 4047 2922 syno-

2472 2943 2597 2996 dum
2653 2942 2891 3012 Symboli
2948 2944 3276 2997 additiouem
3333 2958 3515 2997 veram
3575 2953 3630 2997 et
3672 2944 4046 2997 rationabilem

2473 3034 2844 3099 existimasse,
2906 3035 3190 3103 ipsumque
3259 3036 3405 3088 illum
3470 3032 3728 3089 Romanae
3794 3034 4050 3090 Ecclesia:

2471 3124 2909 3177 communionem
2936 3126 3183 3192 elegisse,
3210 3126 3391 3194 priore
3414 3125 3621 3195 abjecta
3653 3129 4048 3191 controversia,

2470 3233 2593 3288 quas
2624 3216 2698 3270 illi
2737 3227 2797 3270 ut
2833 3218 3035 3271 homini
3074 3220 3409 3286 obrepserat.

2546 3310 2769 3375 Deinde,
2804 3319 2861 3364 ιιι
2901 3310 2977 3363 ait
3021 3311 3314 3380 praedictus
3342 3312 3633 3365 historicus
3662 3312 3856 3383 Scylex
3888 3310 4048 3384 [Scy-

2475 3402 2607 3473 lax].
2647 3402 2873 3457 Michael
2913 3404 3221 3471 patriarcha
3257 3416 3615 3473 cegnomento
3659 3404 3885 3458 Cerulus
3921 3404 4048 3475 [Ce-

2477 3492 2789 3566 rttlarinsj,
2852 3494 2975 3547 aliis
3040 3509 3255 3547 rttrsum
3321 3496 3729 3562 emergentibus
3789 3496 4046 3559 casibus,

2477 3584 2666 3651 quales
2730 3583 3041 3637 hominibus
3101 3598 3242 3651 saepe
3295 3585 3718 3649 superveniunt,
3776 3585 4047 3652 simulque

2477 3675 2755 3729 invidente
2802 3676 2954 3745 pacis
3005 3674 3337 3740 adversario,
3374 3675 3680 3729 Romanum
3736 3677 4045 3745 pontificem

2477 3775 2698 3837 prOptcr
2756 3780 2942 3835 azyma
3018 3766 3288 3835 diptycltis
3346 3766 3544 3833 dcjecit
3603 3766 3737 3836 (68).
3799 3768 4045 3822 Habebat

2475 3864 2655 3910 autem
2691 3856 2928 3908 fautores
2970 3856 3230 3927 patricios
3274 3856 3429 3918 duos,
3458 3864 3510 3909 et
3545 3854 3799 3911 Ecclesiae
3829 3872 4049 3927 corrup-

2481 3949 2671 4001 tiorem
2715 3956 2768 4001 et
2818 3926 3213 4000 seditiosiorem
3262 3956 3465 4015 partem
3517 3963 3531 3995 :
3585 3948 3839 4014 additque
3887 3947 4046 4001 aliam

2478 4040 2579 4093 viri
2610 4037 2991 4104 dill‘ereutiam,
3026 4038 3095 4092 ob
3125 4054 3285 4107 quam
3330 4040 3524 4092 merito
3550 4040 3800 4094 videntur
3823 4041 4050 4109 elegisse

2479 4133 2705 4187 seorsim
2766 4133 2965 4185 vivere.
3033 4132 3373 4201 Quanquam,
3430 4133 3474 4185 si
3539 4133 3829 4188 additionis
3888 4150 4050 4190 causa

2482 4223 2788 4277 Romanum
2862 4222 3170 4291 episcopum
3226 4222 3495 4293 diptychis
3547 4223 3744 4290 ejeeit,
3798 4239 3893 4277 cur
3943 4241 4048 4278 non

2478 4318 2642 4371 etiam
2693 4315 2877 4383 prius?
2934 4313 2991 4366 Si
3038 4322 3213 4367 autem
3274 4322 3493 4381 propter
3524 4328 3735 4383 azyma,
3788 4315 3857 4368 ab
3893 4297 4051 4369 initio

2480 4408 2721 4462 Romana
2764 4406 3002 4460 Ecclesia
3047 4406 3130 4458 bis
3159 4405 3468 4481 sacrificare
3513 4405 3812 4460 consuevit.
3848 4404 4047 4459 Verum

793 4508 949 4571 Quod
985 4514 1163 4557 autem
1202 4504 1266 4555 dc
1299 4519 1403 4555 non
1442 4502 1747 4571 adjicietulo
1775 4504 1858 4554 vel
1888 4501 2185 4554 auferendo
2222 4502 2368 4570 adje-
2402 4505 2445 4558 D
2475 4501 2639 4553 etiam
2673 4500 2716 4552 si
2766 4498 2889 4567 quis
2921 4496 3235 4565 diligentius
3274 4497 3532 4562 iuquirat,
3558 4497 3720 4549 aliam
3747 4490 4047 4565 deprehen-

793 4611 939 4660 ctum
992 4607 1077 4651 est
1109 4597 1337 4649 seorsitu
1374 4594 1608 4659 positum
1645 4592 1781 4661 (66),
1828 4601 1881 4644 et
1916 4592 1984 4645 ab
2028 4592 2151 4645 aliis
2188 4586 2376 4661 aperte

797 4692 1134 4760 disjunctum
1165 4698 1218 4740 ct
1246 4693 1555 4753 separatum
1587 4695 1691 4737 est.
1720 4683 1836 4736 Non
1872 4683 2039 4751 igitur
2072 4685 2378 4753 suscipien-

792 4785 919 4835 dum
962 4790 1042 4833 est
1075 4786 1196 4847 post
1238 4790 1427 4829 eorum
1461 4790 1582 4843 quae
1619 4772 2057 4839 inquirebantur,
2092 4774 2374 4827 enodatio-

793 4888 942 4935 neut,
982 4882 1100 4939 post
1134 4870 1465 4935 compositas
1500 4882 1608 4930 res,
1636 4874 1758 4933 post
1784 4865 1945 4918 linem
1980 4866 2210 4933 denique
2241 4881 2373 4921 con-

742 4935 754 4948 ι
790 4968 925 5030 cilii,
973 4935 1091 5033 post
1140 4964 1229 5014 illa
1267 4977 1385 5029 qua:
1420 4960 1470 5011 itt
1504 4958 1608 5012 line
1643 4958 1973 5028 synodorum
2008 4958 2203 5029 apponi
2235 4974 2371 5013 con-

791 5067 1114 5119 sueverttnt,
1163 5070 1382 5108 rursum
1432 5052 1550 5105 illos
1587 5062 1775 5119 putare
1826 5053 1893 5105 tle
1936 5052 2019 5105 bis
2070 5069 2229 5121 agere
2261 5069 2372 5109 cce—

862 5176 974 5244 (Gi)
1010 5174 1486 5244 Commentarium
1508 5188 1603 5226 seu
1628 5170 2119 5244 commonitorium
2148 5173 2248 5244 hoc
2275 5173 2373 5225 ha-

788 5241 884 5304 bes
913 5241 1052 5310 apud
1085 5246 1375 5298 Baronium
1392 5243 1518 5302 879,
1540 5260 1595 5296 ιι.
1612 5242 1703 5305 Π,
1723 5243 1813 5295 sed
1837 5241 2089 5294 falsatum
2109 5257 2138 5294 a
2157 5242 2371 5297 Pitotio.

860 5318 973 5383 (65}
1002 5317 1417 5383 Aliquiilactuut
1446 5315 1638 5366 essein
1707 5314 1805 5365 hac
1851 5311 2262 5383 pseudosynodo
2311 5314 2375 5366 de

791 5380 884 5441 illa
906 5380 1185 5439 additione
1211 5385 1471 5453 Filioque,
1499 5385 1717 5436 tradunt
1751 5380 2367 5453 recentioresschisma-

792 5459 880 5511 tici
917 5457 1113 5520 Grzrci,
1143 5450 1409 5526 quietiam
1433 5455 1777 5526 mentiuntur
1815 5451 1978 5526 iloan.
2002 5450 2116 5526 γιιι
2174 5452 2367 5519 pontif.

787 5522 1247 5588 consensissefut
1286 5526 1414 5578 illud
1443 5523 1683 5592 Filioque
1708 5539 1773 5577 ex
1807 5522 2062 5591 Symbolo
2090 5537 2368 5593 expunge-

789 5612 960 5651 retttr.
996 5600 1214 5667 Aliquid
1246 5608 1394 5650 certe
1422 5598 1484 5648 de
1510 5598 1609 5667 hae
1641 5595 1917 5667 additjoue
1946 5594 2124 5667 fuisse
2162 5602 2365 5667 actum,

792 5670 946 5723 testis
975 5682 1059 5722 est
1102 5663 1466 5723 'sextasessio
1528 5666 1673 5717 illius
1731 5663 1879 5715 falsa:
1935 5664 2147 5732 synodi.
2208 5664 2364 5730 cujus

790 5752 1061 5793 somniant
1097 5736 1594 5796 reritatBaronius,
1628 5750 1770 5787 anno
1813 5734 2013 5785 Clltisti
2067 5732 2190 5785 879.
2252 5735 2360 5787 nisi

786 5812 971 5867 dicere
995 5812 1242 5876 velimus,
1274 5811 1415 5874 quod
1445 5808 1663 5875 quidam
1689 5804 1830 5859 haud
1853 5816 2052 5858 temere
2078 5804 2363 5875 suspican-

2475 4596 2566 4647 tlet
2612 4607 2732 4647 esse
2780 4589 3143 4659 separatiouis
3200 4602 3445 4641 causam.
3486 4585 3602 4639 Jam
3654 4588 3799 4641 enim
3848 4588 4047 4641 dudum

2474 4681 2773 4737 assuefacti
2821 4680 3009 4749 jugum
3056 4678 3381 4732 obedientia:
3411 4687 3695 4739 excutere,
3736 4677 3911 4730 locum
3944 4678 4045 4731 sibi

2473 4774 2824 4842 dignitatum,
2890 4779 2945 4826 et
3012 4770 3349 4824 excellentia:
3413 4769 3690 4821 nominum
3760 4769 3826 4820 ab
3892 4768 4050 4822 initio

2474 4866 2788 4924 schismatis
2824 4864 2879 4916 hi
2912 4863 3003 4931 qui
3046 4845 3341 4931 praeerant,
3378 4867 3730 4928 aperuerunt,
3764 4859 4051 4914 honestate

2474 4962 2754 5015 nominum
2800 4955 3161 5013 sacerdotium
3208 4970 3363 5007 suum
3402 4967 3601 5006 ornare
3631 4952 4048 5007 contendentes.

2481 5052 2636 5108 Alius
2672 5050 2817 5103 enim
2862 5045 3208 5099 uniuersalem
3258 5043 3619 5109 patriarcltam
3666 5042 3901 5111 seipsuut
3960 5056 4054 5110 ap-

2480 5181 2587 5234 tur,
2615 5178 2781 5221 totam
2818 5164 2959 5217 hanc
2991 5160 3254 5234 synodum
3283 5160 3448 5234 fuisse
3482 5157 3653 5234 Pl_to_tii
3680 5167 4045 5234 commentum

2476 5226 2754 5306 nunquam
2790 5234 2975 5306 nisi_iu
3008 5226 3238 5285 cerebro
3270 5231 3414 5306 eius
3468 5228 3823 5282 celebratam.
3870 5226 4050 5282 Aliter

2477 5302 2653 5364 tamen
2682 5306 2847 5359 sentit
2881 5303 3098 5361 Calcca,
3134 5312 3191 5353 ut
3233 5302 3404 5353 vides.

2544 5378 2904 5451 (66)Nonest
2953 5374 3019 5451 de
3078 5368 3595 5451 bis_laborandum_.
3642 5364 3899 5451 .Synodus
3932 5367 4051 5451 lucc

2474 5438 2573 5504 fuit
2605 5438 3076 5517 pseudosynodus.
3104 5441 3321 5517 Caleea_
3354 5439 3609 5517 nonsatis
3641 5438 3777 5517 bene
3840 5439 4046 5517 instrn-

2471 5508 3085 5586 cms'pseudos'ynodunt
3107 5528 3204 5581 pro
3223 5512 3460 5582 legitima
3493 5509 3704 5575 habuit,
3730 5508 3870 5577 quod
3903 5508 4047 5561 mul-

2471 5594 2538 5646 lis
2578 5591 2698 5643 altis
2728 5596 2927 5639 eventt.

2540 5661 2652 5731 (67)
2690 5658 2921 5732 Yulpiuo
2947 5670 3117 5710 more.
3442 5722 3459 5732 .
3593 5722 3602 5731 Ι
3654 5719 3719 5732 m
3814 5720 3824 5732 ,

2539 5719 2651 5801 ξῦὸ)
2689 5719 3026 5801 Ηουίΐειςιιριι
3062 5737 3145 5781 est
3171 5737 3413 5796 tempore
3442 5722 3637 5779 Leonis
3654 5719 3746 5789 1X,
3780 5720 3924 5777 circa
3948 5732 4047 5773 an-

2467 5798 2592 5859 nuin
2616 5799 2817 5856 Christi
2853 5798 3010 5851 1053.
