4472 6434
471 396 575 456 209

1562 402 1958 462 ADVERSUS
1995 403 2307 461 CRECUS
2348 405 2493 463 LIB.
2545 406 2640 463 IV.

3596 418 3700 478 ‘210

474 507 713 576 pellavit,
753 508 895 573 quod
928 516 1055 562 ante
1096 510 1409 565 schismatis
1437 516 1680 580 tempora
1713 522 2031 566 consuetum
2067 515 2103 565 Α
2135 526 2340 573 sumus,
2401 515 2722 581 virtutisque
2781 515 2918 567 viam
2964 516 3029 569 ad
3088 517 3253 572 Deum
3316 522 3701 587 pcrdiiccnti-ni

474 612 577 650 n0n
597 607 712 651 erat
734 596 866 667 (69).
882 598 1031 653 Alius
1048 614 1105 652 se
1126 601 1298 667 ipsum
1317 602 1709 674 orhisjudicem
1731 605 2030 658 constituit.

477 689 629 742 Alius
664 690 852 742 tertius
898 691 1132 746 decimus
1181 696 1449 763 apostolus
1489 697 1669 751 vocari
1702 697 2032 763 concupivit.

477 780 540 833 Et
589 789 739 835 certe
790 783 1031 850 antiquis
1075 785 1377 840 sufﬁciebat
1423 789 1710 857 episcopos
1772 804 1832 843 se
1891 791 2035 857 ipsos

471 868 813 925 solummodo
864 886 1058 926 vocare
1095 892 1109 926 :
1140 889 1273 943 quos
1318 876 1371 929 lii
1419 882 1605 940 etiam,
1639 880 1729 947 qui
1763 881 1863 933 sub
1905 880 2035 947 ipsis

472 971 652 1037 erant,
687 963 979 1022 imitantes.
1009 979 1113 1017 non
1163 968 1517 1032 perstiterunt
1551 969 1603 1021 in
1655 969 1867 1022 traditis
1896 970 2037 1022 anti-

468 1053 651 1120 quitus
698 1053 765 1107 ab
818 1054 1057 1109 Ecclesia
1107 1057 1438 1121 nominibus,
1488 1060 1883 1127 quamdanique
1931 1060 2035 1113 sibi

468 1144 759 1211 superbam
790 1146 1110 1214 dignitatem
1161 1148 1357 1216 singuli
1389 1150 1763 1218 excogitantes
1799 1151 2038 1205 subscri-

469 1234 746 1301 ptionibus
790 1236 992 1290 addunt
1049 1255 1063 1289 :
1111 1238 1238 1291 dum
1281 1240 1371 1292 alii
1418 1255 1477 1293 sc
1513 1256 1850 1306 praseasores
1899 1241 2034 1309 (70),

467 1324 556 1377 alii
613 1325 793 1385 duces.
842 1336 1185 1393 pra’ceptores
1231 1329 1346 1394 alii,
1393 1331 1483 1385 alii
1534 1333 1817 1400 primarius
1869 1334 2037 1387 ascri-

471 1416 603 1467 bunt
654 1415 792 1483 (71),
823 1417 1206 1471 documentum
1255 1420 1496 1488 profecto
1546 1422 1794 1491 ingenitae
1838 1424 1936 1477 sibi
1975 1428 2067 1477 ac

470 1506 689 1572 penitus
722 1507 895 1560 insita:
919 1508 1180 1561 vanitatis
1205 1524 1315 1576 prae
1345 1525 1402 1564 se
1433 1510 1670 1565 ferentes
1706 1530 1719 1564 :
1758 1528 1853 1579 per
1879 1529 2036 1581 quam

469 1616 575 1654 non
629 1602 806 1655 solum
858 1601 1114 1657 Romana:
1159 1605 1274 1658 sedi
1328 1605 1590 1659 honorem
1645 1606 1883 1660 debitum
1933 1622 2037 1661 non

472 1694 721 1755 reddere,
756 1695 851 1748 sed
904 1695 1007 1763 ipsi
1046 1710 1261 1764 quoque
1314 1712 1373 1751 se
1419 1695 1675 1765 praeferre
1729 1698 2036 1765 cupiebant,

468 1797 801 1853 prorsusque
850 1785 1100 1840 omnibus
1146 1802 1397 1855 praeesse.
1454 1786 1521 1841 Ut
1555 1788 1697 1840 enim
1750 1789 1852 1842 sibi
1906 1789 2037 1858 ipsis

467 1874 831 1944 indulgentes.
870 1875 1109 1944 reliquos
1146 1877 1256 1944 jam
1286 1878 1434 1932 licite
1475 1879 1757 1947 increpare
1792 1881 2037 1935 videren-

476 1975 596 2032 tur,
623 1981 727 2020 non
761 1966 1119 2042 adiectionem
1151 1968 1347 2042 solam,
1386 1969 1477 2024 sed
1507 1970 1644 2025 alias
1672 1986 1889 2040 quoque
1918 1972 2039 2040 plu-

470 2059 635 2113 rimas
667 2040 859 2113 causas
885 2060 1229 2119 invenerunt.

541 2146 698 2212 Nam,
751 2164 875 2203 cum
908 2150 1073 2205 semel
1111 2152 1372 2206 adversus
1401 2152 1694 2208 Occiiliiam
1742 2155 2037 2213 Ecclesiam

467 2242 535 2294 de
560 2240 796 2309 primatu
836 2238 1165 2293 contendere
1194 2241 1534 2305 statuissent,
1572 2242 1793 2311 ipsaque
1818 2254 2042 2298 conten—

469 2334 545 2385 tio
590 2326 795 2385 sensim
845 2329 898 2381 in
940 2331 1176 2396 ipsorum
1226 2329 1512 2384 animabus
1550 2331 1735 2385 odium
1772 2332 2037 2401 gigneret,

468 2425 693 2493 suisque
720 2421 1018 2493 gratiﬁcari
1052 2422 1311 2484 volentes,
1350 2429 1408 2475 ut
1441 2423 1531 2491 qui
1584 2433 1805 2492 possent
1834 2426 2042 2492 gratiﬁ-

470 2516 722 2571 cantibus
749 2513 1125 2580 regratilicari,
1155 2516 1309 2582 proni
1350 2524 1403 2569 et
1442 2515 1631 2571 faciles
1660 2517 1725 2568 ad
1757 2517 2041 2572 maledicta

468 2619 529 2664 et
557 2608 788 2662 crimina
822 2605 1077 2670 fuerunt;
1126 2614 1181 2659 et
1225 2604 1314 2658 ille
1362 2605 1604 2673 sapiens,
1647 2607 1735 2659 ille
1781 2608 2058 2673 optiinus,~

470 2702 563 2757 ille
611 2698 825 2754 cunctis
857 2706 1112 2765 praestare
1148 2695 1454 2760 videbatur,
1504 2697 1596 2765 qui
1648 2708 1839 2751 contra
1885 2698 2043 2753 Occi-

470 2796 634 2847 duam
680 2790 980 2845 Ecclesiam
1015 2796 1199 2856 posset
1242 2788 1443 2856 aliquid
1492 2788 1852 2843 convitiorum
1896 2788 2045 2855 jacu-

470 2884 571 2939 .ari
602 2881 739 2952 (72).
770 2880 905 2935 Cum
952 2880 1098 2933 enim
1151 2879 1327 2933 nullus
1369 2889 1532 2943 esset,
1582 2882 1672 2949 qui
1719 2882 2041 2950 corriperet.

468 2975 611 3027 alius
651 2972 868 3040 quidem
913 2970 1113 3032 selum,
1147 2970 1241 3023 sed
1279 2984 1385 3023 non
1415 2971 1714 3024 secundum
1756 2972 2043 3025 scientiam

472 3064 712 3127 habens;
771 3061 910 3114 alius
962 3074 1089 3113 vero
1149 3061 1571 3129 praesumptione
1628 3063 2045 3117 consuetudinis

2136 606 2347 669 edocti;
2404 623 2464 659 ac
2522 624 2617 675 per
2671 610 2999 662 voluntatem
3048 613 3135 663 Dei
3190 613 3409 677 bonam,
3459 629 3512 668 et
3565 620 3703 672 bene

2138 697 2460 760 placentem,
2488 698 2689 750 inimici
2727 714 2845 751 cum
2871 716 3112 755 essemus
3146 701 3338 766 Patris,
3371 690 3701 760 reconciliati

2136 785 2184 836 ei
2213 800 2432 847 sumus;
2470 789 2569 841 hoc
2609 789 2867 855 denique,
2902 792 2949 841 id
2986 796 3125 858 quod
3171 794 3439 860 Sequitur,
3481 797 3703 863 illlt‘llitti

2138 875 2248 926 vult
2280 892 2290 926 :
2317 874 2419 927 Per
2439 893 2515 927 me
2533 878 2711 944 siqnis
2747 880 3027 942 introierit,
3051 883 3343 933 mirabitur
3360 894 3405 934 et
3441 886 3703 953 ingredie-

2135 973 2237 1021 tur,
2274 976 2319 1015 et
2349 967 2661 1031 egredietur,
2691 976 2737 1019 et
2764 985 2960 1031 pascua
2991 971 3209 1022 inveniet
3236 972 3301 1032 ",
3342 974 3430 1024 Dei
3462 986 3706 1025 ριοιιιυιιιο

2137 1050 2449 1114 plationein,
2499 1054 2870 1121 cmlornnique
2932 1074 3177 1125 regnum,
3228 1059 3291 1110 ad
3352 1064 3492 1126 quod
3551 1064 3705 1115 aliter

2138 1138 2341 1206 ingredi
2381 1156 2484 1194 non
2509 1157 2797 1208 possumus
2824 1146 2925 1198 nisi
2952 1162 3043 1213 per
3065 1148 3411 1216 Evangeliuni
3435 1162 3487 1204 et
3507 1150 3703 1206 Christi

2140 1229 2417 1297 mysteria.
3781 1306 3787 1317 ‘

2209 1318 2550 1389 Metropolita
2593 1339 2718 1377 vero
2760 1325 3128 1380 Methonensis
3160 1329 3272 1395 (Η)
3323 1346 3553 1399 arguens
3589 1349 3601 1382 :
3651 1332 3706 1384 Si

2140 1406 2396 1475 Spiritus,
2431 1414 2623 1479 inquit,
2658 1406 2871 1467 sanctus
2913 1426 3046 1469 esset
3088 1434 3149 1469 ea;
3194 1416 3359 1479 Filio,
3410 1437 3512 1470 non
3556 1438 3710 1486 super

2136 1516 2251 1552 eum
2301 1503 2622 1563 baptizatum
2660 1523 2690 1557 a
2741 1502 2868 1559 cie/0
2897 1509 3076 1574 lapsus
3128 1522 3256 1561 esset
3294 1526 3308 1560 :
3369 1513 3622 1577 ignorans
3658 1523 3713 1563 ιιι

2139 1589 2270 1655 ipse,
2339 1594 2482 1659 quod
2556 1612 2781 1664 magnus
2848 1600 2924 1650 ait
2985 1600 3341 1664 Athanasius,
3415 1604 3541 1669 quia
3608 1605 3713 1668 ipse

2140 1682 2306 1748 ipsum
2354 1685 2594 1751 desuper,
2650 1698 2705 1737 ut
2765 1687 2936 1753 Deus,
2995 1693 3154 1742 mittit
3210 1707 3227 1743 :
3288 1702 3335 1743 el
3389 1694 3493 1756 ipse
3545 1695 3713 1752 ipsum

2140 1774 2283 1843 infra
2344 1785 2401 1827 ut
2448 1776 2622 1829 homo.
2662 1777 2735 1830 Ex
2789 1780 2905 1847 ipso
2943 1780 3105 1848 igitur
3156 1782 3206 1835 in
3263 1784 3435 1850 ipsum
3490 1786 3715 1837 descen-

2072 1833 2112 1888 Β
2142 1866 2220 1920 tlit
2252 1882 2267 1919 :
2311 1881 2373 1921 ex
2408 1866 2619 1923 Dcitale
2653 1870 2772 1936 ejus
2828 1873 3034 1927 scilicet
3094 1874 3148 1927 in
3200 1876 3372 1944 ipsius
3407 1866 3716 1929 humanitas

2142 1960 2272 2011 léin.

2212 2051 2315 2103 Alii
2356 2068 2500 2117 vero,
2531 2056 2620 2122 qui
2670 2056 2987 2111 subtiliores
3016 2074 3137 2113 esse
3170 2060 3475 2135 voluerunt,
3518 2063 3667 2115 aiunt
3701 2082 3713 2117 :

2143 2141 2392 2203 Spiritum
2448 2158 2689 2199 sanctum
2751 2165 2852 2200 non
2914 2151 2965 2202 in
3029 2152 3283 2205 columba:
3341 2156 3507 2215 specie
3562 2172 3720 2222 super

2140 2232 2323 2286 Jesum
2355 2235 2678 2303 baptizatum
2712 2239 3064 2303 descendisse,
3100 2243 3191 2293 sed
3240 2244 3411 2308 ipsum
3463 2247 3592 2295 illud
3631 2264 3719 2297 ro-

2142 2327 2305 2389 latile,
2351 2330 2607 2382 columba:
2650 2332 2874 2397 speciem
2904 2334 3069 2385 visam
3110 2336 3441 2389 sensibilihus
3471 2340 3635 2391 oculis
3669 2342 3720 2390 iu

2144 2419 2309 2483 specie
2340 2420 2594 2477 sensibili.
2624 2422 2761 2487 quod
2789 2422 2859 2473 ad
2892 2423 3269 2477 iusinuaudam
3306 2428 3722 2494 dispensationis

2144 2510 2408 2562 veritatem
2447 2511 2701 2562 indicium
2754 2514 2924 2564 sancti
2979 2513 3210 2582 Spiritus
3259 2516 3401 2582 fuit;
3461 2519 3720 2587 Spiritum

2145 2612 2387 2654 Sanctum
2424 2618 2524 2655 non
2562 2603 2732 2669 ipsius
2770 2603 3002 2671 Spiritus
3038 2608 3465 2674 significativum
3500 2626 3724 2664 assrve-

2148 2702 2289 2745 rant.
2314 2692 2448 2761 Quia
2480 2694 2624 2745 enim
2657 2695 2894 2747 sensibili
2934 2698 3112 2763 specie
3145 2702 3459 2766 apparuerit
3490 2702 3725 2769 Spiritus

2151 2794 2377 2837 sanctus
2427 2793 2480 2838 et
2536 2780 2956 2852 Chrysostom’us
3006 2802 3168 2856 super
3197 2786 3458 2843 Joannem
3504 2800 3723 2847 attesta.

2146 2885 2252 2927 tur.

2224 2966 2377 3018 Alius
2414 2979 2541 3018 vero
2592 2965 2899 3033 patriarcha
2936 2986 2949 3019 :
3000 2967 3151 3021 Nihil
3188 2971 3265 3024 ait
3301 2989 3410 3026 esse
3461 2977 3726 3037 mirabile,

2147 3057 2191 3110 si
2225 3059 2366 3125 apud
2409 3073 2589 3111 sacras
2619 3057 2872 3123 Litteras,
2912 3063 3252 3131 doctoresque
3302 3083 3481 3121 sacros
3517 3070 3729 3121 dicatur

470 3155 765 3217 inductus;
817 3152 954 3205 alios
991 3151 1251 3220 magister
1296 3150 1364 3204 ab
1393 3150 1515 3206 aliis
1570 3153 1748 3205 vocari
1791 3153 2039 3219 cupiens,
2069 3165 2111 3222 ς,
2149 3147 2323 3202 Filius
2362 3149 2551 3203 habere
2584 3148 2842 3233 Spiritum
2873 3164 3134 3217 saucium,
3177 3160 3302 3220 quia
3349 3160 3485 3210 hunc
3541 3173 3589 3213 et
3628 3162 3719 3214 Dei

471 3255 531 3301 et
559 3245 826 3313 superbia:
858 3243 989 3296 vitio
1020 3251 1291 3306 czecatus;
1349 3241 1507 3304 alius,
1544 3251 1602 3295 ut
1642 3243 1726 3297 vel
1760 3246 2044 3312 praesentis

471 3338 751 3407 dignitatis
801 3336 1018 3403 praemia
1070 3342 1488 3403 compensaret,
1555 3335 1636 3388 vel
1690 3351 1883 3389 novam
1939 3339 2044 3392 sibi

469 3436 779 3497 quzereret;
814 3427 978 3487 alius,
1007 3440 1190 3479 veram
1226 3426 1444 3494 quidem
1470 3425 1778 3495 Opinionem
1817 3428 2044 3493 habens,

469 3522 568 3575 sed
619 3518 843 3587 tempori
900 3517 1208 3586 indulgens,
1268 3526 1567 3586 contraque
1631 3534 1693 3572 ac
1751 3520 2044 3585 sentiebat,

470 3610 776 3680 proferens,
804 3623 924 3663 cum
959 3608 1092 3661 alias
1133 3607 1236 3661 sibi
1287 3617 1404 3661 tuto
1438 3611 1619 3662 vivere
1656 3610 1877 3663 minime
1911 3612 2046 3664 lice-

470 3712 574 3764 ret,
611 3716 671 3754 ac
720 3714 786 3752 ne
840 3696 1089 3768 plurimis
1146 3697 1348 3765 probro
1398 3707 1562 3761 esset,
1615 3708 1668 3752 et
1699 3702 2044 3755 contumeliis

471 3805 639 3862 atque
688 3791 908 3861 injuriis
943 3790 1266 3853 afﬁceretur,
1324 3790 1590 3859 bonisque
1637 3792 1749 3845 suis
1786 3793 1888 3847 frui
1941 3810 2044 3848 non

473 3886 774 3957 permissus
824 3893 977 3938 extra
1041 3882 1375 3952 Synagogam
1435 3883 1608 3946 fieret,
1670 3899 1765 3952 per
1822 3887 2045 3940 multam

472 3980 748 4033 licentiam
800 3993 863 4033 ac
902 3976 1239 4038 facilitatem,
1272 3975 1465 4045 singuli
1514 3977 1931 4045 irrationabilia,
1964 3982 2047 4037 vel

472 4072 656 4139 iniqua
694 4078 746 4123 et
781 4068 1048 4134 scribunt,
1077 4077 1133 4121 et
1168 4068 1372 4121 dicunt.

543 4164 719 4230 Atque
750 4160 985 4215 Nicenus
1008 4159 1229 4230 quidem
1257 4159 1569 4212 Eustratiiis
1594 4160 1706 4230 (75)
1732 4178 1825 4224 per
1852 4162 2045 4217 Filium

471 4247 769 4325 procedere
825 4251 967 4321 quod
1029 4252 1227 4303 dieitur
1281 4266 1606 4318 exponens:
1670 4252 1819 4306 Sicut
1873 4257 2047 4323 prodit

470 4348 627 4399 homo
655 4362 746 4412 per
765 4345 1013 4413 januam,
1035 4343 1192 4407 dixit,
1218 4332 1615 4412 Dominumqiié
1644 4346 1831 4400 citavit
1856 4356 2047 4402 testem

471 4440 743 4493 dicentem
779 4454 792 4490 :
831 4436 939 4503 Ego
975 4452 1091 4488 sum
1142 4434 1313 4503 jauua
1351 4450 1369 4488 :
1423 4434 1682 4503 ignorans
1728 4437 1849 4506 quia
1881 4438 2046 4507 ianua

470 4528 767 4583 secundum
821 4528 1114 4589 hominem,
1151 4524 1411 4578 Dominus
1441 4526 1603 4579 etiam
1629 4528 1924 4580 secundum
1953 4544 2050 4582 nos

471 4621 650 4674 dictus
685 4630 768 4673 est
804 4636 815 4670 :
858 4615 1008 4671 Unus
1066 4618 1205 4671 enim
1240 4618 1499 4670 mediator
1543 4618 1636 4672 Dei
1679 4629 1726 4671 et
1781 4621 2049 4673 hominum

470 4724 571 4777 est,
603 4720 658 4763 ut
700 4711 774 4763 ait
819 4708 1109 4777 Apostolus
1148 4708 1223 4771 ";
1278 4716 1332 4762 et
1366 4726 1379 4762 :
1421 4706 1523 4760 Per
1554 4710 1727 4775 ipsum
1778 4725 2049 4762 accessum

472 4805 727 4856 habemus
753 4804 834 4866 ‘°;
864 4802 988 4868 quia
1036 4816 1132 4869 per
1163 4802 1333 4867 ipsius
1361 4800 1703 4854 divinitatem
1752 4811 1804 4854 et
1850 4801 2053 4854 huma-

476 4897 723 4959 nitatem,
767 4909 874 4948 uno
908 4894 1014 4948 Deo
1040 4893 1245 4962 agnito,
1278 4907 1465 4947 errore
1514 4891 1783 4947 idolorum
1834 4892 2052 4948 liberati

551 5126 593 5158 "
631 5127 650 5180 ι
685 5126 827 5180 Τὶιιι.
852 5140 912 5186 ti.
941 5125 996 5177 5.
1072 5125 1118 5158 ¹⁰
1154 5124 1353 5194 Ephes.
1386 5141 1447 5191 ti,
1479 5125 1567 5180 18.
1646 5128 1689 5158 ²¹
1735 5128 1895 5185 Joan.
1952 5145 2009 5194 x,
2046 5128 2101 5181 9.

554 5317 664 5388 (69)
698 5316 941 5385 linojam
974 5325 1215 5383 tempore
1262 5316 1510 5385 Gregorii
1544 5317 1719 5388 Magni
1753 5325 1897 5373 hunc
1928 5321 2055 5373 titu-

480 5392 589 5444 lum
625 5389 724 5441 sibi
744 5402 1000 5456 arrogare
1023 5400 1322 5456 cmperunt.

552 5459 672 5533 (70);
715 5457 866 5533 Hunc.
890 5459 1374 5533 .iituliinrusurpat
1410 5459 1795 5517 schismaticus
1824 5462 2054 5533 patriar-

480 5528 579 5586 cha
615 5528 1008 5584 Alexandrinus
1043 5528 1309 5583 Meletins.
1783 5558 1792 5565 -

553 5599 666 5670 (7|)
709 5600 1042 5671 ltevanitate
1065 5600 1117 5671 in
1156 5600 1325 5671 titulis
1359 5602 1727 5671 recentiorum
1769 5604 2055 5671 episcopo-

482 5687 599 5724 rum
624 5670 867 5728 Grteeiaa.
903 5670 1120 5723 consule
1145 5670 1531 5737 Cumpalatam
1588 5674 1660 5727 De
1689 5670 1881 5729 oﬂiciis
1924 5670 2059 5727 aula:

484 5742 779 5814 Cpolitana:
807 5742 871 5793 ad
904 5741 1060 5814 cujus
1085 5740 1290 5814 calcem
1322 5742 1587 5814 integrum
1614 5746 1919 5814 catalogtiin
1978 5746 2061 5801 in-

486 5811 695 5877 venies,
722 5826 828 5881 quo
858 5811 1085 5881 quisque
1106 5810 1259 5867 titulo
1287 5810 1603 5871 alliciendos
1632 5818 1722 5870 sit.

2150 3236 2389 3293 Ceiiitrix
2430 3240 2634 3303 habuit,
2686 3251 2735 3293 et
2783 3254 3087 3296 sanctorum
3138 3247 3334 3317 singuli
3377 3267 3393 3302 :
3444 3252 3555 3303 vult
3605 3256 3729 3316 iste,

2150 3335 2608 3402 quemadmodum
2669 3337 2841 3390 sancti
2900 3338 3231 3404 habuerunt,
3284 3343 3355 3394 ita
3405 3356 3459 3397 et
3521 3344 3719 3399 Filium

2151 3426 2246 3478 Dei
2318 3425 2517 3479 habere
2594 3420 2860 3503 Spiritum
2933 3440 3205 3485 sanctum.
3282 3435 3353 3485 lla
3430 3437 3728 3490 secundum

2151 3516 2623 3587 participationem
2679 3517 2825 3571 illuni
2891 3519 3090 3576 habere
3144 3522 3402 3592 Spiritum
3471 3526 3727 3596 blasplic-

2153 3619 2287 3660 mal.

2224 3697 2276 3751 In
2324 3699 2782 3769 disputationibus
2808 3718 2939 3757 vero
2976 3713 3027 3757 et
3077 3706 3176 3759 hoc
3209 3708 3449 3761 nonnulli
3479 3712 3730 3780 blasphe-

2152 3804 2363 3849 uiantes
2399 3795 2617 3849 dieuat:
2660 3796 2798 3861 Quia
2836 3798 3157 3865 impossibile
3186 3812 3286 3859 est,
3331 3817 3393 3853 ex
3438 3802 3571 3857 Filio
3622 3824 3731 3859 esse

2152 3885 2408 3953 Spiritum
2435 3895 2700 3947 sanctum,
2729 3902 2831 3954 quo
2876 3884 3050 3940 Filius
3106 3890 3369 3951 posterior
3423 3903 3519 3945 est.
3603 3892 3731 3953 Erat

2150 3979 2311 4035 enim.
2348 3978 2557 4045 quaudo
2590 3993 2689 4030 non
2713 3986 2826 4030 erat
2888 3994 2951 4031 ea:
3007 3978 3163 4033 beata
3235 3980 3445 4050 l’irgiue
3502 3988 3728 4052 genitus.

2152 4069 2256 4121 Aut
2287 4068 2431 4121 enim
2463 4077 2518 4121 ut
2544 4078 2729 4136 aperte
2760 4067 3071 4135 conjicitur,
3110 4080 3369 4125 inti-ruam
3424 4073 3547 4127 Filii
3601 4080 3733 4129 nati.

2150 4160 2372 4214 vitatem
2393 4172 2608 4230 negant,
2646 4162 2997 4226 temporalem
3024 4163 3096 4214 illi
3127 4165 3291 4215 solani
3326 4168 3685 4222 attriliueiiles
3720 4188 3731 4221 ε

2154 4262 2248 4304 aut
2287 4261 2622 4319 assumptam
2682 4252 3043 4305 conditionem
3083 4255 3433 4308 humanitatis
3467 4258 3518 4310 in
3556 4257 3733 4310 Deita-

2153 4354 2259 4397 tem
2294 4344 2610 4400 translatam
2641 4344 3017 4399 arbitrantur:
3063 4356 3272 4400 auteos
3311 4350 3403 4415 qui
3472 4365 3535 4402 ex
3601 4349 3737 4402 Filio

2155 4434 2415 4503 Spiritum
2445 4444 2687 4489 sanctum
2753 4437 3045 4503 procedere
3100 4438 3447 4503 confitentur,
3521 4452 3735 4508 putant,

2157 4542 2221 4581 ex
2257 4527 2459 4581 Christi
2501 4528 2835 4582 humanitate
2873 4530 3185 4596 procedere,
3214 4545 3479 4587 asSerere.

2228 4616 2459 4682 Quidam
2492 4632 2637 4680 vero,
2665 4618 2758 4686 qui
2805 4633 3032 4686 magnus
3079 4619 3129 4671 in
3186 4622 3467 4687 sapientiie
3523 4624 3741 4677 nomine

2159 4711 2377 4763 habitus
2407 4718 2511 4771 est,
2540 4724 2625 4774 nc,
2660 4711 2703 4763 si
2736 4712 3011 4779 apostolus
3049 4714 3267 4780 quidem
3302 4715 3486 4766 l’etrus
3515 4716 3737 4774 diceret,

2160 4803 2323 4855 etiam
2355 4815 2419 4854 ex
2459 4799 2594 4854 Filio
2644 4816 2766 4855 esse
2800 4804 3061 4871 Spiritum
3090 4815 3361 4870 sanetum,
3422 4822 3478 4860 se
3505 4808 3745 4861 creditu-

2163 4909 2278 4947 rum
2330 4894 2679 4948 asseveravit.

2237 5319 2350 5387 (72)
2375 5316 2553 5369 llahes
2574 5314 2659 5369 hic
2695 5329 2877 5368 veram
2914 5314 3204 5382 imaginem
3230 5332 3418 5371 eorum
3474 5318 3563 5387 qui
3598 5333 3739 5371 nunc

2162 5389 2466 5445 Ecclesiain
2493 5396 2834 5454 oppugnant.

2235 5462 2345 5530 (73)
2381 5456 2977 5530 EustratiusNicmniis
3025 5457 3394 5524 metropolita,
3423 5457 3581 5520 cnins
3643 5474 3703 5508 Μ
3727 5488 3740 5496 -

2166 5527 2311 5585 stant
2328 5527 2707 5583 commentarii
2740 5529 2787 5579 in
2824 5543 2857 5579 it
2891 5527 3082 5580 librum
3105 5532 3470 5595 posteriorum
3505 5530 3745 5597 Aualyti-

2163 5617 2350 5656 eorum
2384 5598 2709 5651 Aristotelis.

2238 5673 2351 5740 (74)
2390 5669 2638 5722 Nicolaus
2666 5668 3032 5740 Methonensis
3069 5670 3118 5720 in
3177 5670 3531 5737 I‘eloponvso,
3585 5670 3743 5733 cuius

2163 5738 2483 5810 argumenta
2504 5750 2693 5812 contra
2728 5738 2951 5812 Latinus
2981 5741 3138 5793 solvit
3189 5741 3340 5812 llugo
3393 5741 3744 5795 llatliet‘iunns

2172 5816 2223 5868 in
2254 5828 2351 5869 suo
2392 5823 2560 5882 Opere
2594 5810 2859 5865 adversus
2894 5809 3132 5864 Grmcos.
