4472 6434
449 412 555 476 213

1531 411 1921 472 ADVERSUS
1958 407 2270 467 ΟΒ.ιῖίῖιῶ
2313 411 2437 468 Lili
2502 412 2588 469 IV.

3579 411 3681 466 ⁸214

517 528 670 591 Nam,
696 529 740 583 si
790 529 933 596 quod
966 530 1170 592 dicunt,
1206 530 1406 600 Aquam
1436 532 1629 583 durare
1676 531 1885 581 minime
1937 527 2018 577 in-
2050 522 2245 580 Anius
2300 540 2395 577 nos
2460 525 2851 587 componendo.
2923 524 3297 577 medioeritate
3355 522 3561 575 scilicet
3623 526 3679 573 in

447 630 769 685 corruptam,
807 636 917 671 rem
942 620 1426 683 fat-itambiguam,
1464 623 1677 673 videant
1709 620 1833 687 quid
1890 619 2010 670 inde

448 716 727 769 sequatur.
790 704 941 759 Unde
1004 709 1146 759 enim
1224 717 1473 775 poterunt
1551 706 1761 760 Domini
1819 721 2013 772 corpus

450 790 675 840 lirtniter
734 793 975 853 credere,
1022 803 1240 858 promer
1296 809 1484 847 eorum
1542 796 1862 855 accidentia,
1897 807 2013 859 qua

450 877 555 928 illic
596 878 943 931 sultsismnt?
975 878 1086 933 Non
1122 883 1301 950 itaque
1333 882 1591 944 efﬁciunt,
1616 886 1757 951 quod
1804 882 2009 945 volunt,

449 968 540 1021 sed
571 980 965 1021 sat-ramentum
1005 970 1357 1026 Eucharistiat
1418 973 1725 1039 ambiguum
1789 972 2008 1024 iaciunt.

450 1057 699 1121 Ignorant
732 1067 912 1110 autem
945 1062 1067 1126 quia
1112 1075 1232 1128 qua:
1288 1062 1337 1113 iu
1390 1061 1702 1114 Occidentis
1754 1061 2013 1115 Ecclesiis

449 1161 585 1215 aqua
622 1148 974 1212 benedicitur,
1029 1149 1160 1202 nihil
1230 1165 1479 1216 magnum
1538 1150 1840 1220 pollicetur,
1886 1154 2016 1205 sitn-

446 1237 663 1303 pliciter
712 1248 891 1292 autem
930 1248 1015 1293 est
1055 1254 1193 1307 aqua
1246 1241 1550 1303 benedicta,
1614 1242 1839 1310 singulis
1883 1242 2015 1294 beb-

450 1326 695 1381 domadis
735 1342 761 1379 a
799 1328 1079 1381 sacerdote
1110 1344 1205 1393 pro
1263 1333 1653 1384 transeuntium
1707 1333 2012 1394 devotione,

452 1430 513 1467 ac
543 1415 665 1476 lide,
697 1422 756 1467 ut
806 1417 926 1469 inde
977 1431 1035 1471 se
1097 1428 1406 1487 asperganl,
1456 1420 1697 1487 profusa.
1762 1421 1834 1475 Ea
1888 1435 2015 1473 vero

449 1520 610 1572 quam
646 1506 696 1557 in
744 1504 830 1558 die
873 1507 1047 1574 magni
1083 1507 1303 1561 Sahbati
1368 1508 1709 1573 benedicuut,
1772 1520 1824 1562 et
1885 1526 2014 1563 cou-

452 1606 704 1658 secrant,
755 1612 889 1664 aqua
936 1599 1247 1665 pretiosior,
1315 1614 1472 1653 sacro
1526 1609 1580 1654 et
1632 1611 1744 1657 tuto
1794 1602 1846 1654 in
1902 1602 2017 1655 loco

452 1688 647 1756 posita,
675 1703 836 1755 quam
866 1704 1020 1741 nemo
1047 1691 1245 1757 passim
1282 1692 1517 1759 attingit,
1550 1708 1795 1761 magnam
1827 1694 2013 1748 Eccle-

453 1779 549 1832 siis
574 1780 1013 1832 commoditatem
1044 1790 1298 1848 praestat:
1330 1797 1502 1850 neque
1532 1783 1704 1836 solum
1740 1798 1833 1852 pe"
1893 1786 2015 1839 anni

454 1869 717 1921 circulum
750 1870 1058 1939 incorrupta
1094 1876 1275 1931 durat,
1312 1873 1404 1925 sed
1443 1874 1561 1940 plus
1609 1874 1769 1927 etiam
1822 1875 2019 1930 durare

456 1969 661 2027 posiet,
714 1962 855 2026 quod
940 1962 1311 2029 experimento
1384 1962 1693 2017 didicimus.
1773 1965 2022 2033 Ignorant

456 2061 660 2112 autem,
712 2061 765 2105 et
794 2054 937 2120 quod
964 2067 1145 2115 omne,
1202 2063 1252 2107 et
1287 2054 1561 2122 quodlibet
1613 2071 1674 2108 ex
1709 2072 1845 2124 aqua
1872 2072 2022 2110 seor-

456 2144 557 2194 sim
600 2154 907 2211 acceptum,
934 2153 985 2198 et
1052 2144 1171 2198 sine
1221 2144 1363 2197 omni
1425 2146 1630 2199 macula
1681 2154 2021 2201 commutatis

456 2234 619 2285 etiam
649 2234 1073 2301 quomodnlibet,
1110 2235 1259 2301 prius
1302 2237 1352 2288 in
1382 2235 1587 2303 seipso,
1618 2236 1836 2299 deinde,
1867 2238 2021 2304 quasi

455 2334 764 2393 purgatum,
811 2334 864 2378 et
918 2325 1174 2388 colatum,
1218 2326 1271 2379 in
1297 2336 1555 2394 quantum
1579 2328 1811 2395 quisque
1841 2329 2024 2381 voluc-

458 2418 550 2478 rit,
620 2426 914 2480 servatum,
994 2418 1364 2485 incorruptum
1449 2418 1630 2480 durat,
1710 2433 2026 2488 semperque

458 2509 736 2577 limpidius
790 2510 880 2573 llt;
914 2510 1056 2576 quod
1104 2520 1157 2563 et
1204 2512 1377 2579 ipsum
1427 2511 1757 2577 experientia
1789 2533 1795 2537 ·
1823 2511 2025 2567 docuit.

458 2599 788 2669 Argumenta
861 2609 1037 2653 autem
1089 2602 1245 2655 nobis
1300 2612 1405 2664 est,
1459 2612 1512 2654 et
1561 2601 1700 2669 quod
1771 2601 1824 2655 in
1884 2602 2059 2666 vino,.

461 2691 712 2761 quamvis
745 2690 1032 2745 crassioris
1082 2693 1324 2746 materia!
1355 2695 1446 2757 sit,
1508 2694 1689 2747 itidem
1744 2695 2027 2764 contingit.

1002 2785 1075 2839 De
1110 2796 1326 2838 tonsura
1361 2786 1607 2837 crinium.

535 2876 760 2941 Quidam
792 2892 922 2930 vero
968 2878 1130 2930 etiam
1191 2877 1421 2930 crinium
1477 2886 1775 2939 tonsuram,
1812 2891 1915 2928 non
1966 2877 2032 2929 ad

462 2952 906 3023 consuetudinem
942 2968 1207 3022 referunt:
1258 2977 1632 3037 ornatumque,
1691 2977 1745 3021 et
1799 2969 2033 3037 turpitu-

463 3059 645 3111 dincm
675 3073 779 3111 non
809 3074 873 3111 ex
930 3059 1318 3112 coasuetudine
1360 3059 1621 3126 jndicant.
1678 3058 1831 3123 Quod
1890 3059 2033 3111 enim

464 3149 590 3202 aliis
611 3150 919 3215 honestum,
954 3151 1074 3217 quia
1110 3158 1448 3215 consuetum,
1505 3148 1607 3203 hoc
1634 3150 1753 3202 aliis
1782 3150 2032 3217 quoniam

467 3241 739 3294 insolitum
781 3249 887 3302 est,
948 3248 1101 3306 turpe
1156 3239 1455 3307 judicatur.
1522 3238 1721 3293 Verum
1790 3246 1843 3292 et
1898 3240 2033 3293 hanc

466 3333 609 3383 inter
644 3329 876 3384 hereses
944 3328 1238 3392 asseribunt,
1294 3330 1553 3395 aiuutque
1608 3327 1750 3392 illos,
1799 3330 1887 3396 qui
1936 3328 2039 3383 huc

466 3421 693 3481 faciunt,
726 3420 949 3485 formam
978 3418 1070 3471 Dei
1099 3419 1315 3481 violare,
1351 3432 1471 3472 eum
1509 3429 1654 3473 certe
1705 3433 1807 3471 non
1850 3432 2040 3470 omnes

468 3513 570 3565 ista
630 3512 1015 3564 consuetudine
1079 3521 1333 3571 utantur,
1399 3510 1592 3577 Deique
1653 3510 1931 3578 imaginem
1991 3517 2038 3560 et

468 3604 863 3657 similitudine»:
896 3613 1103 3655 mutare
1146 3620 1163 3656 :
1203 3603 1356 3670 quasi
1396 3603 1479 3655 vel
1518 3602 1749 3655 hominis
1781 3601 2038 3673 dignitas,

468 3708 589 3747 esse
629 3695 834 3746 Scilicet
864 3694 1206 3755 rationalem,
1255 3703 1305 3746 et
1353 3694 1414 3745 ad
1452 3693 1738 3762 imaginem
1771 3706 1833 3745 ac
1888 3693 2042 3744 siliti-

474 3787 757 3840 litu-linem
789 3786 902 3845 Dei,
935 3795 1155 3855 propter
1189 3787 1411 3855 capillos
1473 3786 1544 3837 illi
1577 3785 1751 3838 adsit:
1793 3784 1871 3836 Vel
1908 3784 2044 3837 Deus

475 3883 725 3932 humana:
761 3879 965 3944 aliquid
1001 3879 1208 3942 formai,
1257 3879 1337 3930 vel
1396 3878 1773 3933 crassitudinis
1826 3876 2041 3938 habeat,

472 3971 539 4022 ad
576 3969 1042 4039 cujusimaginetn
1094 3971 1257 4023 homo
1288 3984 1411 4022 cum
1461 3969 1547 4033 sit,
1615 3969 1776 4023 etiam
1837 3968 2045 4035 capillis

474 4064 549 4113 illi
591 4077 711 4115 esse
740 4064 935 4116 similis
960 4064 1171 4117 debeat.
1209 4060 1409 4128 Nempe
1438 4070 1491 4114 et
1518 4063 1659 4129 apud
1713 4075 1811 4114 nos
1867 4061 2046 4113 oratio

474 4158 539 4210 ad
575 4167 853 4209 tonsuram
926 4156 1108 4210 barba:
1158 4156 1479 4207 invenitura
1538 4154 1913 4208 sacerdotibus
1963 4154 2047 4205 di-

472 4248 645 4301 cenda
680 4247 829 4315 (80):
862 4261 929 4299 ne
967 4247 1174 4300 scilicet
1221 4245 1286 4299 ad
1320 4253 1629 4297 sanctorum
1668 4247 2046 4313 mysteriorum

472 4338 914 4392 communionem
984 4337 1367 4389 accedentibus
1428 4334 1727 4387 Salvatoris
1787 4335 2050 4399 sanguine

475 4430 656 4499 capilli
692 4429 1085 4489 iutinguantur,
1127 4427 1238 4478 sive
1272 4425 1603 4488 iuliciantur,
1658 4435 1821 4494 atque
1887 4425 2045 4478 iidem

2048 1834 2095 1893 Β

2120 617 2371 669 omnibus
2414 624 2645 667 servata.
2697 618 2701 621 ’

2188 724 2262 776 Dc
2292 724 2456 776 sacris
2519 723 2850 790 imaginibus.
2917 732 2963 771 et
3025 723 3283 785 νοεῐῑιιιιὶἱε,
3319 729 3367 774 ει
3433 722 3684 773 memoria

2740 792 3126 858 defunctorum.

2187 882 2308 934 Inde
2348 883 2505 934 etiam
2552 882 2998 935 Occidentalibus
3067 881 3394 933 calumniam
3444 892 3685 939 struunt,

2115 972 2374 1039 imagines
2413 972 2531 1023 illos
2574 987 2678 1023 non
2737 973 2981 1023 venerari
3041 981 3344 1022 asserentes
3373 971 3482 1038 (8|)
3523 990 3533 1023 :
3595 972 3685 1033 qui

2115 1071 2258 1113 certe
2296 1061 2467 1113 sacris
2514 1061 2835 1126 imaginibus
2891 1061 3072 1123 plenas
3134 1061 3387 1111 ecclesias
3446 1060 3687 1115 habent:

2117 1150 2544 1214 Sanctorumquc
2604 1151 2857 1218 reliquias
2922 1151 3182 1217 abiectius
3222 1159 3492 1201 tractare:
3556 1164 3690 1215 quas

2118 1239 2189 1291 ita
2218 1251 2562 1300 venerantur,
2598 1250 2655 1292 ιιι
2692 1242 2869 1291 nullus
2900 1240 3059 1299 alius,
3106 1240 3461 1305 pretiosisque
3494 1239 3688 1304 lapidi-

2117 1327 2214 1380 bus
2239 1339 2455 1390 ornant,
2492 1343 2734 1394 auroque
2768 1340 2819 1379 et
2858 1338 3079 1393 argento
3125 1337 3326 1391 tegunt.

2188 1418 2396 1471 Nullam
2431 1422 2557 1472 item
2591 1412 2961 1471 defunctorum
3013 1420 3190 1471 facere
3243 1419 3556 1470 memoriam
3608 1418 3693 1469 di-

2118 1515 2281 1560 cunt:
2312 1524 2408 1574 pro
2441 1510 2639 1576 quibus
2662 1508 2801 1577 apud
2834 1524 2928 1560 eos
2963 1517 3038 1559 tot
3090 1510 3385 1569 orationes,
3450 1517 3502 1559 et
3549 1506 3688 1559 eice-

2118 1613 2351 1667 mosyme
2376 1598 2526 1660 (lunt,
2562 1608 2619 1651 ιιι
2650 1599 2793 1651 dictu
2847 1597 3057 1651 diliicile
3097 1599 3186 1658 sit,
3240 1599 3371 1650 adeo
3405 1607 3462 1649 ut
3511 1596 3691 1648 inlini-

2121 1688 2187 1739 tis
2220 1702 2351 1753 pene
2406 1689 2816 1749 monachorum,
2897 1703 2957 1739 ac
3020 1702 3315 1755 p-mperum
3380 1686 3695 1752 agminibus

2122 1777 2406 1830 sufﬁciant.
2442 1776 2623 1842 Neque
2677 1792 2803 1828 vero
2860 1778 3032 1830 solum
3098 1778 3312 1840 corpori
3377 1777 3684 1829 necessaria

2127 1869 2452 1929 ministrant,
2508 1883 2690 1920 verum
2723 1879 2773 1922 et
2822 1869 3144 1922 monasteria
3201 1868 3491 1929 :edilicaut,
3562 1874 3695 1935 qtto—

2129 1974 2245 2014 rum
2286 1969 2555 2013 structura
2599 1961 2799 2029 regiam
2856 1961 3184 2027 opulentiam
3225 1960 3414 2012 vincit.

2199 2051 2298 2104 Alii
2330 2065 2457 2104 vero
2492 2051 2847 2119 quormndam
2921 2052 3083 2105 etiam
3135 2051 3377 2105 delectus
3438 2050 3698 2103 Occiden-

2130 2144 2219 2195 tali
2251 2142 2505 2196 Ecclesia:
2538 2142 2843 2211 applicant;
2886 2144 3103 2211 qnippc,
3136 2144 3202 2194 ab
3254 2144 3435 2211 aliquo
3484 2142 3699 2195 illorum

2133 2233 2356 2301 injurias
2384 2234 2611 2298 accepit,
2664 2249 2784 2286 cum
2850 2236 2939 2301 qui
3002 2248 3060 2287 se
3126 2234 3281 2296 lmsil,
3357 2234 3496 2285 circa
3542 2234 3700 2287 ﬁdem

2133 2326 2277 2378 ultus
2306 2332 2407 2377 est.
2460 2323 2623 2376 Ethic
2642 2324 2786 2378 enim
2822 2326 3019 2387 omnis,
3053 2326 3141 2393 qui
3190 2327 3497 2383 contristat.
3551 2326 3704 2378 mala:

2133 2417 2378 2487 protinus
2410 2414 2682 2483 Opinionis
2727 2414 2983 2469 efﬁcitur.
3028 2416 3081 2469 Si
3132 2417 3223 2484 qui
3259 2431 3384 2469 vero
3438 2416 3703 2472 Christia-

2136 2525 2324 2563 nurum
2366 2508 2785 2577 prmvaricantur
2818 2510 2990 2575 leges:
3028 2525 3133 2562 non
3163 2525 3256 2563 eus
3294 2510 3489 2572 Solum,
3521 2524 3705 2563 verum

2135 2604 2345 2655 illorum
2379 2616 2591 2671 quoque
2615 2600 2915 2655 Ecclesium
2977 2602 3283 2654 hmrcticam
3339 2614 3391 2656 et
3439 2604 3705 2656 inﬁdelem

2137 2703 2341 2763 putant.
2378 2691 2567 2746 Nautis
2602 2694 2742 2746 enim
2784 2704 2836 2747 et
2869 2694 3063 2747 vilibus
3105 2695 3450 2761 quibusdam,
3500 2711 3560 2748 ac
3596 2696 3710 2749 vnl-

2138 2768 2687 2851 garibus‘hominibus
2737 2783 3171 2850 congredientes,
3230 2785 3296 2837 de
3322 2786 3592 2847 omnilms,
3655 2797 3711 2839 ut

2140 2874 2241 2929 sibi
2314 2874 2604 2937 similibus,
2664 2876 2983 2927 sententiain
3067 2876 3266 2928 lerunt.
3321 2876 3561 2944 Cumque
3617 2892 3711 2931 eos

2140 2979 2527 3039 prrsumptum
2573 2971 2756 3022 odium
2809 2970 3042 3022 inimicis
3076 2972 3272 3023 animis
3317 2987 3436 3024 esse
3498 2972 3705 3027 iecerit.

2143 3061 2283 3126 quod
2325 3060 2530 3125 volunt,
2570 3062 2619 3113 id
2655 3069 2847 3127 putant
2883 3075 3022 3114 esse.
3071 3064 3305 3118 Prorsus
3382 3077 3508 3115 vero
3567 3065 3710 3129 quod

2067 3182 2110 3242 Ο
2146 3164 2248 3202 non
2282 3152 2483 3213 vident,
2517 3152 2599 3204 vel
2632 3152 2875 3204 videntes
2908 3159 3125 3219 propter
3159 3151 3351 3221 lingua:
3397 3154 3715 3205 varii-tatem

2144 3252 2246 3290 nun
2293 3239 2623 3308 intelligunt,
2688 3234 2861 3307 neque
2916 3254 3037 3295 esse
3092 3243 3311 3295 omnino
3354 3243 3711 3295 arbitrantur.

2143 3330 2236 3383 Sic
2260 3329 2415 3382 malis
2445 3330 2661 3397 quidem
2696 3320 3014 3385 intendunt:
3047 3347 3166 3399 quae
3194 3342 3371 3388 autem
3408 3346 3528 3388 sunt
3555 3337 3715 3396 bona.

2143 3432 2195 3478 et
2255 3424 2507 3487 honesta,
2586 3425 2833 3480 scientes
2902 3428 3297 3497 prudentesque
3369 3441 3714 3496 prretercnnt,

2142 3516 2293 3583 quasi
2326 3515 2409 3567 vel
2447 3516 2546 3582 ipsi
2603 3516 2893 3569 humanam
2951 3520 3289 3573 excesserint
3326 3521 3718 3584 inﬁrmitatem,

2144 3616 2235 3661 aut
2266 3622 2369 3659 non
2408 3607 2620 3673 plurimi
2653 3608 2791 3675 apud
2821 3624 2913 3662 eos
2943 3611 3051 3662 sint
3098 3612 3260 3663 etiam
3314 3628 3380 3665 ex
3444 3616 3712 3666 honestiu-

2146 3713 2263 3751 rum
2305 3712 2556 3759 numero,
2612 3699 2699 3766 qui
2784 3700 3019 3765 legitima
3104 3705 3542 3769 prmt‘aricentur.
3612 3705 3717 3758 |l0r

2147 3790 2288 3843 enim
2338 3791 2512 3843 solum
2553 3790 2788 3857 tetigisse
2835 3793 2966 3845 satis
2998 3798 3089 3847 sit.
3167 3794 3276 3847 lmo
3335 3810 3456 3847 cum
3514 3796 3563 3847 in
3619 3798 3721 3847 vita

2147 3881 2251 3935 hac
2283 3880 2437 3934 bonis
2481 3881 2606 3933 mali
2666 3883 2908 3948 permisd
2948 3886 3075 3944 sint,
3133 3900 3193 3937 ac
3222 3885 3461 3939 debitum
3517 3889 3579 3939 sit
3642 3903 3725 3953 er;

2150 3979 2329 4021 rantes
2372 3970 2435 4020 ad
2487 3969 2643 4023 ﬁdem
2713 3969 3121 4040 Ecclesiamqne
3183 3973 3441 4026 reducere
3498 3991 3512 4027 :
3572 3974 3726 4027 0υοί-

2148 4057 2394 4112 dentales
2434 4071 2529 4122 per
2572 4057 2754 4110 omnia
2790 4060 2977 4113 volunt
3028 4076 3147 4114 esse
3206 4061 3516 4129 perlecms;
3571 4075 3624 4115 et
3682 4069 3723 4115 si

2149 4148 2360 4216 quodin
2383 4148 2461 4202 eis
2490 4150 2908 4216 reprehensibile
2931 4153 3112 4215 fuerit,
3133 4170 3249 4206 mox
3274 4155 3509 4206 lueretici
3536 4167 3725 4217 erunt,

2150 4250 2203 4294 ct
2239 4240 2283 4293 si
2319 4240 2441 4307 quis
2496 4242 2820 4307 peccaverit,
2862 4242 3100 4297 Ecclesia
3135 4256 3242 4297 tota
3282 4246 3332 4297 in
3388 4246 3547 4314 culpa
3603 4250 3724 4300 erit.

2157 4330 2268 4386 llac
2305 4332 2537 4397 denique
2577 4332 2808 4394 ratione,
2858 4336 2900 4386 si
2949 4337 3072 4403 quis
3128 4345 3324 4403 praeter
3378 4337 3727 4403 Evangeliunt

2152 4412 2427 4492 quidpiam
2458 4422 2760 4484 admiserit,
2814 4424 3163 4489 I'Ivangelium
3230 4430 3415 4481 ἰιίιΙοειη
3453 4430 3735 4483 insimula-

477 4535 667 4572 rursus
702 4520 751 4570 in
793 4518 1057 4572 sumendo
1085 4516 1204 4571 cibo
1237 4520 1544 4570 necessario
1590 4518 1867 4584 quodlibet
1948 4518 2049 4569 im-
2086 4532 2130 4585 ι)
2163 4516 2328 4571 bitur.
2385 4512 2475 4563 Illa
2510 4513 2675 4571 enim.
2714 4530 2833 4581 qua:
2889 4528 3033 4572 recte
3074 4521 3279 4586 agenda
3332 4533 3479 4584 sunt,
3532 4539 3727 4589 pra-mn

477 4611 665 4663 bibant
695 4610 990 4676 liquamen,
1022 4608 1135 4661 sive
1174 4607 1307 4660 alias
1339 4607 1743 4675 quomodnlibct
1796 4606 2053 4673 deﬂuant,

449 4712 641 4770 satque
675 4704 746 4754 ita
775 4716 877 4753 non
927 4716 1127 4769 parvus
1164 4716 1318 4754 error
1373 4702 1463 4754 sit.
1499 4700 1797 4766 Simulque,
1870 4715 2058 4768 quem-

483 4795 771 4847 admodum
803 4807 1013 4861 ungues
1042 4805 1372 4855 resecamus,
1401 4805 1467 4844 ne
1497 4791 1649 4845 nobis
1676 4791 2059 4859 impedimento

477 4900 600 4939 esse
624 4886 865 4954 pOSsint:
892 4885 1022 4938 nihil
1052 4883 1301 4952 prohibet
1339 4883 1529 4937 eadem
1570 4884 1801 4946 ratione,
1836 4883 1879 4937 si
1928 4884 2057 4951 quid

482 4979 762 5049 impediat,
804 4976 985 5033 crines
1021 4990 1290 5040 resecare,
1347 4976 1617 5041 ornatius,
1671 4985 1831 5046 atque
1863 4978 2055 5030 huma-

561 5181 672 5249 (80)
712 5180 852 5249 Lege
883 5180 1171 5232 Barunium
1204 5193 1335 5232 tom.
1364 5180 1404 5240 Ι,
1426 5191 1512 5230 an.
1534 5177 1737 5249 Christi
1770 5176 1859 5249 57,
1885 5192 1941 5229 ιι.
1969 5176 2060 5241 93,

484 5263 536 5305 et
562 5247 760 5315 anQSS,
790 5247 841 5304 ιι.
874 5252 970 5304 156
992 5260 1177 5313 etseq.
1203 5251 1337 5315 Lege
1359 5249 1634 5315 epistolam
1664 5247 1802 5299 Petri
1834 5250 2067 5312 patriar-

487 5326 601 5376 chae
630 5322 953 5375 Antiocheni
1005 5323 1068 5373 ad
1114 5318 1425 5374 Mzchaelem
1454 5318 1811 5380 Cerularittm,
1841 5329 1969 5371 tum.
2003 5316 2068 5370 XI

490 5394 701 5445 Baronii
737 5408 823 5444 an.
858 5391 1011 5444 1054.
1512 5444 1527 5459 ,

560 5462 672 5532 (81)
716 5461 832 5514 Fuit
870 5463 981 5515 lure
1022 5461 1244 5529 antiqua
1276 5456 1598 5532 Graecorum
1623 5458 1886 5532 adversus
1920 5456 2062 5509 Lati-

490 5529 588 5588 nos
617 5532 906 5590 calumnia,
938 5542 995 5583 ut
1022 5542 1165 5598 patet
1194 5548 1257 5585 ex
1295 5532 1408 5584 Nic.
1432 5530 1727 5583 Cltoniate:
1763 5529 2062 5598 seditanten

493 5604 869 5670 iniquissima;
911 5597 1031 5669 qua
1065 5601 1227 5673 etiam
1286 5601 1504 5673 Latinos
1552 5599 1797 5673 oneravit
1839 5597 2064 5673 Michael

495 5666 810 5728 Cerularins
849 5666 1009 5740 cpi—st.
1036 5675 1101 5725 ad
1131 5669 1347 5725 Petrum
1382 5670 1634 5723 Antioch.
1667 5668 1786 5721 Bar.
1816 5678 1952 5740 tum.
1974 5666 2063 5731 XI,

494 5758 637 5797 anno
673 5742 830 5802 1054.
874 5737 928 5795 ιι.
966 5742 1056 5795 54.
1110 5741 1214 5795 Sed
1261 5762 1286 5794 ιι
1324 5741 1633 5794 Grmcorttut
1687 5737 2068 5790 criminatione

499 5816 691 5871 liberat
738 5812 958 5867 Latinos
1002 5813 1221 5868 Grmcus
1258 5815 1540 5877 trpiscOpus
1581 5808 1817 5865 Joannes
1843 5807 2067 5871 Citrius,

2157 4610 2272 4678 pit:
2312 4608 2399 4659 hic
2443 4613 2643 4667 autem,
2709 4608 2795 4660 illa
2834 4610 3128 4673 inhibente,
3159 4612 3487 4681 voluptatein
3515 4616 3736 4681 justitia‘

2158 4699 2413 4767 praetulit.
2495 4696 2701 4767 Nempe
2758 4701 2901 4753 enim
2952 4702 3077 4755 mali
3138 4700 3394 4756 Ecclesia:
3460 4720 3735 4772 nunquam

2156 4791 2485 4855 defuerunt;
2538 4807 2714 4859 neque
2756 4802 2931 4844 tamen
2959 4792 3072 4853 illa,
3100 4792 3302 4857 minor,
3352 4804 3445 4847 aut
3502 4797 3741 4849 deterior

2158 4882 2299 4948 fuit;
2358 4900 2533 4951 neque
2588 4885 2851 4936 malorum
2916 4884 3271 4952 perversitas,
3320 4886 3477 4941 bonis
3552 4890 3739 4940 obesse

2159 4976 2333 5044 potuit
2361 4992 2374 5039 ;
2412 4990 2590 5046 neque
2623 4976 2779 5029 (idem
2810 4976 3170 5044 quorumdam
3222 4978 3427 5030 malitia
3464 4979 3738 5031 obtundit.

2176 5180 2263 5246 qui
2300 5180 2355 5233 in
2404 5180 2699 5242 Responsis
2735 5180 2847 5233 suis
2892 5190 3023 5233 tom.
3068 5179 3081 5231 I
3116 5178 3263 5231 luris
3301 5180 3744 5233 Greco-Romani

2179 5252 2273 5309 ait,
2312 5252 2689 5302 venerationem
2724 5252 2963 5316 pretiosa:
2996 5254 3161 5302 crucis
3208 5262 3610 5318 sunclorumque
3650 5254 3717 5304 l.i

2183 5321 2310 5374 linis
2342 5335 2461 5372 cum
2492 5321 2691 5371 (ὶγςυςίς
2724 5337 2844 5372 esse
2874 5338 3233 5371 (ntunntnein.
3273 5323 3401 5371 Item
3437 5322 3741 5373 licini-tritis

2180 5390 2546 5443 Chomat-‘uus
2591 5392 2639 5441 iu
2680 5390 2970 5450 lli-Sponsis
3004 5391 3066 5441 ad
3120 5392 3535 5443 CnuSIatttinum
3568 5392 3735 5440 (Zalm—

2177 5461 2331 5513 silatn
2375 5462 2840 5524 archiepiscopum
2892 5463 3170 5529 Dyrrachii
3210 5480 3220 5513 :
3266 5464 3579 5513 Sanctorum
3614 5463 3749 5511 inn--

2174 5532 2354 5598 ginum
2384 5541 2503 5583 sunt
2533 5542 2577 5581 et
2619 5530 2792 5582 Latini
2834 5530 3079 5591 cultores,
3106 5542 3152 5583 et
3192 5534 3242 5583 in
3274 5534 3382 5584 suis
3409 5534 3615 5597 templis
3656 5550 3744 5584 ens

2176 5606 2405 5673 erigunt.
2457 5601 2617 5653 Vocat
2683 5607 2819 5653 idem
2882 5602 3182 5673 lietnctrius
3228 5617 3288 5653 ex
3344 5604 3747 5673 'l'heophylacto

2179 5672 2436 5741 Bulgaria:
2464 5673 2867 5737 archiepiscimo
2906 5672 3208 5724 Snlnnica-u
3242 5676 3661 5739 symplm'itm-n,
3702 5677 3744 5725 si

2174 5744 2297 5812 quis
2328 5744 2491 5806 dlcat,
2526 5742 2745 5796 Latmus
2780 5758 2886 5795 non
2926 5742 3105 5798 colere
3141 5744 3427 5813 imagines.
