4472 6434
779 392 884 454 ἓῖὂ

781 433 863 451 μ,.

782 511 868 562 Illa
909 513 1049 564 enim
1087 511 1201 562 sine
1242 511 1464 562 Crimine
1519 519 1638 562 est:

783 603 1062 653 exsolvunt
1095 615 1302 666 pmnas.
1344 598 1417 650 Ita
1465 614 1636 666 neque
1679 601 1766 665 qui
1817 599 1952 653 duce
2014 602 2114 653 fide
2161 601 2342 654 Eccle-

779 693 870 742 sia-
900 693 1166 758 graditur,
1199 691 1425 758 proximi
1485 691 1696 742 delictis
1751 691 1850 741 erit
1914 689 2204 752 obnoxius,
2246 695 2339 744 sed

779 783 1148 850 unusquisque
1175 784 1432 834 rationem
1467 797 1561 847 pro
1591 797 1648 835 se
1683 780 1890 844 reddet,
1938 779 2086 847 juxta
2117 796 2338 849 operum

777 875 987 925 merita.

847 963 936 1014 Est
981 965 1140 1029 igitur
1186 961 1540 1029 quorumdam
1579 962 1810 1028 nequitia
1867 961 2166 1014 communis
2221 963 2338 1028 qui-

773 1053 891 1103 dem
923 1053 1172 1104 Ecclesia:
1211 1053 1370 1104 ccetui
1409 1052 1766 1104 scandalum:
1821 1067 1926 1104 non
1987 1061 2161 1102 tamen
2218 1054 2339 1104 inde

772 1143 887 1207 t-jtts
921 1142 1151 1191 violatur
1192 1141 1366 1192 ﬁdes:
1402 1141 1480 1190 vel
1513 1141 1608 1206 qui
1645 1142 1742 1192 sibi
1805 1140 1938 1192 uniti
2017 1151 2160 1200 sunt,
2217 1142 2338 1194 inde

773 1231 1064 1282 lmduntttr.
1117 1230 1281 1282 l’orro
1310 1233 1352 1283 si
1412 1231 1533 1295 quis
1594 1231 1852 1281 malorum
1914 1244 2101 1293 causa,
2158 1231 2340 1283 Eccle-

771 1322 926 1382 siam,
958 1332 1012 1371 ιιι
1039 1322 1353 1372 inhonoram
1389 1321 1611 1385 respuit,
1647 1335 1862 1372 onmem
1912 1335 2016 1372 una
2047 1321 2336 1373 Ecclesiam

770 1412 976 1478 abjicit,
1013 1425 1077 1462 eo
1101 1412 1240 1478 quod
1272 1411 1322 1460 in
1380 1424 1438 1460 ea
1471 1411 1625 1461 malis
1680 1423 1894 1476 semper
1952 1409 2101 1462 locus
2155 1409 2333 1463 fuerit.

769 1503 858 1556 Sic
886 1511 1064 1554 autem
1099 1503 1258 1553 etiam
1293 1499 1587 1552 Eeclesiam
1621 1514 1773 1552 suam
1814 1499 2049 1565 abjiciet,
2090 1503 2336 1554 tandem—

767 1607 872 1660 que
929 1605 1100 1657 neque
1129 1589 1494 1643 Christianum
1526 1603 1582 1640 se
1641 1587 1812 1654 ipsum
1863 1587 2170 1655 appellabit,
2216 1591 2334 1641 nul-

769 1684 872 1734 lam
930 1683 1046 1734 sine
1110 1680 1340 1733 crimine
1393 1679 1686 1731 Ecclesiam
1751 1681 1986 1732 habens:
2027 1679 2070 1732 si
2119 1681 2333 1748 quidem

767 1772 1125 1843 quormndatn
1193 1770 1430 1838 perditos
1489 1784 1667 1822 mores
1717 1769 1836 1822 ﬁdei
1876 1759 2140 1839 applicat,
2197 1787 2335 1840 quos

769 1865 1093 1918 multitudini
1143 1864 1400 1916 admistos
1457 1876 1575 1914 esse
1631 1876 1851 1915 necesse
1916 1872 2019 1916 est.
2082 1863 2187 1917 Sed
2234 1865 2335 1918 ista

769 1957 1065 2011 ci-udelium
1143 1953 1383 2022 judicum
1445 1961 1587 2015 sunt,
1651 1962 1704 2004 et
1737 1967 1767 2006 a
1797 1954 2026 2022 proximi
2059 1953 2341 2009 dilectione

768 2060 988 2114 prorsus
1024 2044 1342 2106 alienorum,
1397 2053 1450 2095 et
1501 2057 1675 2110 neque
1710 2057 1862 2096 suam
1893 2059 2066 2112 neque
2093 2061 2340 2098 commu-

769 2156 888 2193 nem
943 2139 1315 2192 inﬁrmitatem
1387 2136 1756 2200 sentientium,
1843 2151 2013 2203 neque
2076 2137 2224 2190 utilia
2273 2151 2340 2190 ex

765 2234 1016 2288 omnibus
1047 2231 1297 2297 colligere
1343 2229 1630 2280 volentium
1663 2267 1677 2290 ,
1713 2243 1776 2280 ex
1818 2228 1976 2281 malis
2007 2242 2156 2291 vero,
2222 2243 2340 2296 qua:

768 2325 942 2391 magis
1021 2322 1250 2375 fortasse
1319 2319 1661 2372 delectantur
1738 2319 1944 2383 audire,
2027 2321 2337 2374 scandalum

765 2412 1091 2483 capientium
1145 2425 1314 2478 :qua
1369 2411 1545 2465 omnia
1584 2411 1809 2463 inﬁrmae
1861 2419 1915 2464 et
1969 2411 2167 2465 vitiata!
2212 2427 2340 2467 con-

767 2507 1008 2561 scientiae
1039 2503 1236 2558 indicia
1270 2514 1418 2557 sunt.

1363 2595 1439 2648 De
1479 2596 1702 2664 jejunio.

837 2687 1062 2743 Plurimi
1097 2690 1223 2744 item
1249 2697 1394 2750 sunt,
1455 2689 1541 2755 qui
1587 2687 1978 2752 Occidentales,
2035 2689 2176 2756 quod
2235 2703 2337 2742 non

769 2794 826 2835 ut
860 2783 957 2852 ipsi
985 2783 1254 2850 jejunant,
1294 2779 1643 2843 insimulant;
1681 2779 1783 2833 hoc
1819 2790 1998 2834 autem
2033 2780 2337 2834 Pharisazoo

767 2891 885 2927 rum
932 2875 1251 2929 criminibus
1291 2873 1626 2926 simillimum
1679 2881 1781 2925 est.
1833 2871 1898 2926 Et
1954 2881 2103 2926 certe
2151 2873 2340 2926 Arme-

769 2967 888 3019 nios
947 2966 998 3018 in
1039 2965 1284 3033 jejttniis,
1342 2976 1395 3016 et
1464 2962 1768 3029 huiusmodi
1849 2962 2335 3026 observatiOuibus,

763 3067 999 3122 nostros,
1051 3058 1170 3111 sine
1207 3057 1311 3110 ulla
1340 3057 1748 3125 comparatione
1805 3069 2062 3124 Superare
2124 3070 2338 3124 compe-

763 3154 882 3203 riet.
909 3149 982 3203 lta
1017 3150 1164 3202 enim
1212 3148 1284 3202 illi
1323 3149 1483 3211 cibis,
1537 3150 1754 3217 quando
1790 3148 2041 3217 jejunant
2073 3146 2335 3214 (jejunant
2363 3175 2407 3235 ρ

762 3249 942 3294 autem
982 3239 1101 3308 plus
1131 3237 1385 3305 caeteris),
1417 3239 1724 3291 abstinent:
1758 3246 1813 3290 ttt
1843 3239 1885 3291 si
1933 3238 2072 3305 quis
2109 3252 2173 3288 ex
2233 3252 2329 3289 no-

763 3332 888 3386 stris
915 3346 1038 3386 eum
1070 3331 1173 3383 illis
1214 3329 1421 3398 jejunio
1449 3329 1807 3393 contenderit,
1838 3329 2096 3382 ridiculus
2119 3327 2334 3380 futurus

767 3422 866 3485 sit;
898 3435 1004 3473 non
1056 3430 1232 3473 tamen
1291 3419 1413 3473 illos
1471 3419 1670 3473 idcirco
1733 3434 1791 3473 se
1843 3419 2094 3473 meliores
2140 3419 2333 3472 dicturi

763 3520 904 3565 sunt.
943 3510 1174 3565 Omnino
1199 3521 1378 3564 autem
1413 3511 1478 3563 de
1513 3510 1666 3566 cibis.
1699 3519 1750 3562 et
1780 3511 2014 3578 potibus,
2072 3521 2128 3564 et
2180 3509 2337 3564 indu-

762 3604 978 3666 mentis,
1009 3617 1235 3672 quteque
1271 3603 1366 3670 ipsi
1399 3603 1640 3656 faciunt:
1675 3595 1917 3664 Latinos,
1951 3603 2077 3670 quia
2105 3617 2336 3656 consue-

761 3695 1040 3748 tudinihus
1100 3696 1232 3755 suis,
1274 3711 1408 3763 quas
1436 3695 1678 3748 abinitio
1724 3703 2066 3762 acceperunt,
2098 3703 2333 3757 utentes,

761 3803 866 3839 non
901 3787 1123 3849 faciunt,
1159 3787 1440 3840 hmretieos
1471 3795 1672 3840 notant.
1725 3785 1924 3839 Volunt
1952 3787 2123 3851 enim,
2158 3788 2201 3840 si
2256 3786 2338 3840 fas

760 3873 850 3933 sit.
903 3888 1093 3928 omnes
1127 3875 1291 3927 tetius
1329 3874 1475 3927 orbis
1527 3884 1738 3941 gentes,
1799 3876 1899 3929 sub
1959 3871 2119 3927 unam
2174 3875 2330 3929 indu-

759 3977 881 4016 cere
927 3965 1399 4026 consuettnlinem,
1426 3974 1476 4017 et
1501 3951 1699 4033 quibus
1728 3967 1826 4034 ipsi
1859 3959 2112 4029 utuntur,
2139 3982 2333 4022 omnes

761 4054 1010 4108 similiter
1037 4060 1111 4106 uti
1139 4071 1150 4107 :
1193 4059 1520 4117 nescientes,
1553 4070 1611 4110 se
1644 4057 1785 4122 ipsos
1814 4059 1975 4111 etiam
2020 4075 2049 4112 a
2088 4060 2337 4126 plurimis

760 4145 812 4197 in
843 4144 1152 4212 lmjusmodi
1210 4160 1366 4212 posse
1417 4146 1779 4213 reprehendi:
1849 4161 2022 4214 neque
2085 4149 2338 4216 possibile

757 4244 839 4288 est
866 4237 1108 4290 eamdem
1141 4238 1278 4302 apud
1307 4251 1497 4292 omnes
1532 4252 1740 4291 morum
1785 4253 2026 4292 normam
2070 4239 2335 4294 obtinere.

829 4328 969 4381 Nihil
996 4339 1170 4383 tamen
1202 4339 1293 4382 aut
1332 4343 1567 4394 nosnos,
1604 4338 1694 4383 aut
1727 4329 1866 4396 illos,
1903 4330 1983 4384 vel
2036 4331 2335 4401 linguarum

757 4418 1084 4482 diderentia,
1139 4421 1219 4474 vel
1273 4436 1502 4485 morum,
1552 4423 1632 4475 vel
1682 4424 1986 4488 hujusntodi
2021 4426 2335 4494 quidquam,

2003 406 2339 462 MANUELI
2354 407 2392 462 S
2432 407 2738 464 (ἶΑΙᾸΞίῘιΈ

1712 511 1834 561 mali
1908 521 2084 563 autem
2139 512 2414 576 debitasA
2445 515 2564 580 quis
2594 515 2811 568 enimid
2849 529 2952 568 non
2985 515 3186 576 laudet,
3235 514 3374 582 quod
3429 528 3456 565 a
3503 514 3708 567 sanctis
3757 513 4007 569 Patribus

3902 388 4008 460 2l6

2445 613 2500 655 ut
2525 605 2710 658 activa:
2774 605 2988 658 virtutis
3070 604 3280 671 species
3339 616 3444 654 non
3496 603 3736 666 minima,
3798 619 4007 655 stnnma

2441 693 2739 761 diligentia,
2777 703 2830 746 et
2859 708 2984 746 cura
3036 693 3428 761 apprehensum
3495 694 3623 745 est?
3661 693 3727 745 Et
3780 693 4010 747 fortasse

2441 785 2637 837 dixerit
2679 785 2944 853 quispiam
2977 784 3351 837 Occidentales
3385 784 3500 849 plus
3568 796 3732 852 quam
3796 798 4009 838 nostros

2437 875 2703 942 jejunare,
2736 875 2781 926 si
2823 875 3182 927 communiter
3229 875 3478 926 omnibus
3525 886 3713 924 oumes
3787 886 4008 939 compa-

2447 973 2658 1014 rentur.
2691 962 2978 1029 Utcunque
3003 971 3180 1016 tamen
3213 978 3270 1015 se
3332 977 3416 1015 res
3461 962 3672 1024 habeat,
3717 961 4006 1028 jejunium,

2441 1051 2484 1103 si
2515 1066 2635 1103 cum
2668 1053 2896 1118 proximi
2939 1051 3250 1113 dilectione,
3313 1064 3367 1106 et
3427 1053 3542 1104 sine
3590 1053 4006 1117 disceptatione,

2440 1151 2492 1194 et
2519 1142 2964 1194 condemnatione
3009 1157 3116 1194 non
3161 1142 3521 1208 jejunantium
3553 1142 3665 1204 ﬁat,
3703 1144 4007 1194 mercedem

2443 1231 2622 1284 habet.
2662 1231 2828 1283 Aliter
2882 1233 3024 1284 enim
3072 1231 3399 1284 Pharisaiea’:
3461 1231 3682 1283 elationi
3729 1246 4012 1297 compara-

2443 1332 2574 1380 tum,
2631 1330 2930 1384 nocctzet,
2984 1322 3029 1376 si
3082 1337 3240 1388 quem
3291 1321 3522 1375 fructum
3568 1323 3732 1374 alium
3792 1324 4007 1386 habeat,

2439 1412 2672 1464 amittit:
2725 1411 2783 1464 Si
2814 1413 2950 1464 enim
2979 1413 3316 1475 distribuero,
3345 1413 3538 1478 inquit,
3622 1429 3826 1464 omnem
3883 1414 4010 1464 sub-

2439 1501 2685 1551 stantiam
2715 1517 2880 1552 meam
2934 1502 2987 1552 in
3021 1502 3164 1552 cibos
3209 1517 3520 1567 pauperum,
3563 1510 3610 1551 et
3643 1502 3688 1553 si
3741 1501 4010 1552 tradidero

2439 1605 2624 1656 corpus
2654 1605 2822 1640 meum
2892 1591 2968 1641 ita
3033 1599 3091 1640 ut
3157 1600 3394 1652 ardeant,
3464 1590 3774 1642 charitatem
3837 1599 4010 1642 autem

2440 1694 2542 1730 non
2596 1678 2854 1740 habuero,
2889 1679 3020 1731 nihil
3078 1680 3206 1730 mihi
3254 1679 3461 1748 prodest
3491 1679 3555 1730 ".
3617 1680 3775 1732 Addit
3843 1681 4008 1731 etiam

2443 1772 2728 1836 Apostolus
2759 1789 2772 1824 :
2808 1769 2945 1824 Esca
2970 1788 3061 1824 nos
3091 1788 3196 1824 non
3213 1771 3537 1824 commendat
3573 1771 3766 1824 Deo".
3795 1770 3880 1835 Et,
3908 1771 4012 1834 Qui

2371 1841 2412 1896 Β
2445 1877 2546 1913 non
2577 1864 2816 1924 comedit,
2863 1864 3264 1914 manducantem
3323 1879 3424 1914 non
3467 1871 3678 1928 spernat
3704 1863 3769 1914 ".

2513 1952 2565 2004 Si
2588 1953 2708 2020 quis
2736 1961 2910 2006 autem
2933 1953 3262 2006 manducans
3287 1967 3388 2004 non
3418 1954 3826 2006 manducantem
3852 1965 4010 2006 scan-

2442 2041 2681 2096 dalizat:
2717 2043 2837 2105 hoc,
2900 2041 2972 2094 illi
3002 2042 3218 2109 quidem
3264 2039 3394 2094 nihil
3418 2050 3599 2104 nocet,
3655 2040 3909 2103 maxime,
3964 2042 4009 2094 si

2442 2147 2546 2200 qua
2573 2140 2761 2200 urgeat
2829 2131 3150 2193 necessitas,
3207 2131 3288 2184 vel
3331 2131 3595 2194 locorum,
3648 2145 4012 2198 corporumve

2443 2225 2740 2292 dispositio.
2773 2221 3007 2276 lnﬁrmis
3035 2223 3176 2276 enim
3210 2222 3377 2291 legem
3403 2237 3507 2274 non
3537 2235 3680 2285 esse,
3724 2222 4014 2290 Apostolus

2442 2312 2550 2376 ait;
2587 2323 2644 2367 et
2675 2333 2686 2367 :
2724 2313 2827 2377 Qui
2887 2314 3125 2381 inﬁrmus
3183 2323 3278 2376 est,
3310 2314 3426 2366 olus
3459 2314 3738 2366 manducet
3794 2313 3860 2366 ⁸⁸.
3923 2312 4011 2374 Ει,

2442 2405 2659 2458 mundis
2693 2405 2889 2458 munda
2925 2415 3051 2458 sunt
3085 2405 3247 2458 etiam
3281 2404 3574 2457 immunda.
3598 2403 3893 2457 lmmundis
3924 2419 4014 2457 ve-

2443 2510 2504 2549 ro
2531 2496 2709 2548 omnia
2739 2496 3007 2547 immunda
3027 2504 3167 2547 sunt.
3201 2493 3494 2561 Inquinata
3525 2495 3662 2548 enim
3689 2506 3760 2546 est
3792 2493 4010 2547 illorum

2441 2607 2604 2654 mem,
2662 2598 2709 2642 et
2767 2589 3086 2641 conscientia
3143 2588 3210 2640 ".
3249 2587 3380 2656 Ejus
3445 2602 3574 2641 vero
3626 2587 4011 2639 conscientiam

2443 2682 2714 2735 inﬁrmam
2743 2679 3048 2734 claudicare
3065 2679 3242 2747 arguit
3271 2696 3283 2731 :
3327 2679 3469 2745 quod
3503 2678 3727 2745 puerilis
3759 2687 3843 2730 est
3875 2692 4005 2730 sen-

2442 2787 2556 2834 sus,
2587 2781 2639 2826 et
2673 2772 2809 2839 ejus,
2867 2771 2958 2838 qui
3028 2771 3254 2824 necdum
3303 2770 3667 2837 evangelieam
3725 2768 4013 2838 perfectio-

2442 2881 2563 2918 nem
2621 2863 3080 2932 apprehenderit:
3138 2861 3318 2930 inqua
3355 2870 3538 2914 mutua
3595 2861 3904 2924 dilectione,
3962 2870 4019 2914 et

2441 2954 2705 3018 spirituali
2733 2953 2908 3006 littera
2935 2951 3194 3020 subjectis
3226 2951 3422 3017 legales
3447 2951 3858 3003 observationes
3885 2963 4013 3016 pro-

2441 3044 2705 3097 hibentur.
2745 3043 2852 3098 Et:
2893 3041 3016 3094 Non
3054 3057 3171 3110 qua:
3201 3042 3398 3094 intrant
3430 3057 3522 3110 per
3551 3057 3631 3103 os,
3665 3041 4009 3107 coinquinant

2439 3135 2720 3200 hominent,
2754 3135 2840 3188 sed
2874 3150 2990 3196 qua:
3021 3135 3364 3203 egrediuntur
3382 3148 3446 3185 ea:
3487 3131 3642 3185 corde
3675 3133 3757 3195 ";
3826 3134 4010 3185 odium

2439 3226 2669 3288 scilicet,
2701 3225 3016 3288 inimicitiae,
3052 3235 3106 3278 et
3127 3240 3245 3294 qua:
3268 3225 3429 3287 talia;
3462 3238 3528 3277 ne
3549 3223 3799 3291 sepulcra
3852 3221 3999 3275 deal-

2439 3322 2560 3372 bata
2613 3319 2891 3371 videamur
2952 3317 3106 3385 plena
3185 3314 3494 3383 putredine,
3560 3322 3615 3366 et
3673 3312 4012 3382 parapsidetn

2439 3409 2777 3463 extrinsecus
2818 3407 3162 3471 inundantes,
3195 3406 3508 3460 interiorem
3543 3403 3879 3473 negligamus
3907 3405 4013 3455 im-

2443 3503 2778 3564 munditiam,
2807 3501 3177 3567 czecitatiSque
3203 3498 3408 3552 crimen
3435 3498 3748 3558 subeamus,
3814 3495 3858 3548 si
3883 3509 4014 3548 oen-

2441 3593 2474 3646 li
2510 3593 2676 3647 nostri
2711 3591 2913 3646 trabem
2948 3607 3051 3645 non
3090 3592 3352 3653 videntes,
3407 3589 3459 3641 in
3489 3588 3673 3640 fratris
3699 3587 3856 3641 oculo
3909 3586 4018 3640 fes-

2441 3694 2618 3738 tucam
2681 3682 2921 3736 studiose
2969 3682 3344 3750 inquiramus;
3406 3679 3680 3748 quomodo
3735 3693 3862 3746 ergo
3911 3693 4012 3730 non

2444 3777 2678 3829 maxime
2758 3773 2988 3837 lteditur,
3069 3774 3159 3840 qui
3240 3773 3458 3825 amissis
3519 3769 3804 3823 charitatis
3860 3769 4017 3823 bOnis

2441 3867 2752 3936 hujusmodi
2784 3867 3018 3933 festucas
3042 3863 3377 3918 insectatur?

2511 3959 2801 4021 Praeterea,
2829 3957 2880 4009 in
2921 3953 3122 4008 Christi
3157 3953 3406 4006 doctrina
3441 3951 3636 4018 partim
3689 3961 3818 4006 sunt
3872 3965 4012 4019 pm-

2440 4059 2616 4120 cepta,
2679 4049 2759 4101 vel
2819 4047 3092 4108 mandata,
3149 4045 3344 4112 partim
3403 4043 3845 4105 admonitiones,
3898 4045 4014 4097 sive

2440 4142 2690 4197 c0n5ilia.
2752 4141 3024 4206 Praecepta
3095 4137 3257 4206 igitur
3339 4137 3712 4203 unusquisque
3777 4134 4014 4188 ﬁdelium

2440 4249 2679 4300 servare,
2712 4249 2776 4287 ex
2839 4232 3169 4287 necessitate
3222 4229 3536 4297 requiritur.
3591 4226 3768 4281 Aliter
3821 4229 4016 4296 quippe

2442 4327 2757 4381 mortalibus
2785 4323 3022 4393 peccatis
3080 4337 3200 4376 sese
3258 4319 3550 4374 conlodiet.
3603 4320 3840 4374 Consilia
3890 4335 4018 4373 vero

2440 4421 2483 4475 si
2514 4424 2638 4487 quis
2666 4417 2818 4486 sequi
2845 4417 3030 4482 eligat,
3071 4413 3456 4482 perfectionem
3494 4411 3856 4478 apprehendit
3907 4427 3920 4466 :
3956 4409 4014 4464 Si

758 4512 900 4581 quod
961 4527 1064 4564 non
1117 4513 1186 4566 sit
1242 4528 1532 4567 commune
1584 4515 1856 4577 omnibus,
1905 4516 2174 4582 prohibet,
2234 4519 2336 4571 sub
2369 4511 2412 4566 D
2441 4513 2515 4564 vis
2536 4511 2697 4570 enim,
2729 4509 2920 4575 inquit,
2959 4506 3223 4574 perfectus
3265 4520 3394 4567 esse,
3425 4504 3576 4564 vade,
3610 4512 3657 4555 et
3714 4503 3875 4555 vende
3907 4518 4019 4554 om-

758 4619 919 4656 unan.
952 4605 1141 4658 adduci
1175 4605 1356 4658 ﬁdem.
1394 4605 1524 4660 Nam
1561 4615 1616 4660 et
1676 4609 1927 4676 apostoli,
1977 4625 2097 4662 cum
2159 4618 2330 4664 totum

758 4698 1040 4751 lustrat-int
1063 4698 1276 4762 orbem,
1319 4711 1507 4752 omnes
1540 4698 1590 4750 in
1619 4699 1781 4752 rebus
1809 4699 2063 4755 omnibus
2095 4716 2329 4755 consue-

709 4804 714 4810 '
757 4791 973 4844 tndines
1031 4806 1159 4854 suas
1189 4791 1406 4844 minime
1439 4791 1727 4844 immutare
1777 4793 2176 4860 compulerunt.
2223 4793 2329 4848 Sed

755 4897 931 4951 neque
970 4884 1012 4936 si
1051 4884 1373 4948 voluissent,
1406 4899 1499 4937 eas
1540 4895 1731 4952 gentes
1784 4885 2071 4939 immutare
2127 4888 2332 4954 potuis-

753 4987 904 5041 sent;
972 4992 1155 5030 verum
1237 4979 1510 5046 przecipua
1585 4979 1850 5045 quadam,
1935 4979 2334 5047 praedicationis

753 5068 1349 5138 Evangeiicazeapitula
1389 5074 1574 5124 decem
1640 5070 1829 5135 ferme,
1894 5071 1976 5124 vel
2047 5072 2331 5126 duodecim

753 5174 957 5224 tenere,
993 5173 1153 5232 atque
1214 5164 1461 5216 conﬁteri
1547 5163 1923 5229 adhortantes,
2004 5164 2210 5218 nullum
2264 5166 2332 5218 de

751 5255 964 5306 crteris
996 5254 1220 5307 verbum
1254 5254 1449 5321 fecere,
1483 5257 1582 5310 nisi
1633 5256 1846 5310 traditis
1873 5255 2125 5323 capitulis
2151 5266 2338 5325 aperte

753 5358 1139 5415 .epttgnarent.

823 5440 1151 5493 i‘t'terlarum
1210 5440 1515 5509 eSIquidem
1545 5439 1612 5493 ab
1643 5439 1895 5492 omnibus
1924 5453 2138 5508 semper
2165 5439 2332 5493 absti-

751 5532 1212 5600 nerejejunando,
1248 5542 1408 5600 atque
1433 5533 1700 5587 sarcinam
1751 5531 1932 5584 carnis
1973 5532 2278 5600 abjiciendo
2313 5549 2326 5584 :

825 5737 862 5764 ²’
895 5737 908 5789 Ι
939 5736 1064 5789 Cor.
1099 5751 1211 5798 sttt,
1254 5737 1308 5790 5.

757 5811 796 5836 ⁵³³
831 5807 1016 5861 .\l.tttn.
1041 5825 1152 5862 xu.
1195 5808 1286 5861 Ἡ.

1387 5738 1428 5768 ’⁸
1457 5737 1620 5792 lCm.
1665 5752 1782 5800 vttt,
1824 5735 1876 5790 8.

1717 5905 1736 5930 Ι

1955 5737 1998 5771 ι’
2032 5735 2186 5791 Rom.
2212 5748 2326 5797 xtv,
2358 5735 2390 5788 5

2442 4605 2529 4655 nia
2553 4618 2670 4668 qua:
2703 4603 2882 4676 habes,
2911 4611 2958 4652 et
3007 4601 3074 4651 da
3114 4596 3456 4665 pauperibus,
3497 4605 3545 4647 et
3599 4595 3734 4657 veni,
3800 4609 4013 4662 sequere

2444 4712 2522 4748 me
2550 4696 2628 4760 ³³;
2663 4695 2761 4748 hoc
2797 4703 2998 4756 tamen,
3026 4693 3068 4743 si
3101 4691 3220 4758 quis
3247 4705 3407 4758 agere
3457 4688 3713 4752 noluerit,
3771 4702 3865 4754 spe
3897 4687 4019 4739 ﬁdei

2443 4789 2665 4842 minime
2692 4785 3002 4840 excluditur
3029 4802 3041 4836 :
3070 4783 3115 4836 si
3145 4789 3344 4843 servet,
3381 4795 3501 4848 qua:
3535 4789 3659 4832 sunt
3701 4779 3860 4830 saluti
3922 4792 4016 4829 ne-

2439 4875 3047 4943 cessaria.llnjusmodi
3105 4888 3229 4926 vero
3254 4872 3518 4940 jejunium
3583 4884 3688 4923 non
3749 4876 3855 4929 est,
3910 4868 4013 4920 nisi

2437 4971 2654 5025 statutis
2683 4969 3004 5038 quibusdam
3045 4966 3256 5027 diebus,
3321 4963 3401 5016 vel
3429 4963 3598 5016 sextis
3645 4960 3797 5015 feriis
3841 4961 4016 5014 omni-

2437 5066 2558 5125 bus,
2584 5073 2637 5118 et
2669 5059 3098 5131 quadragesima:
3121 5056 3352 5125 jejunio,
3382 5055 3525 5124 quod
3593 5069 3623 5107 a
3647 5054 3856 5109 sanctis
3909 5052 4012 5104 Pa-

2439 5157 2610 5210 tribus
2638 5155 2964 5216 institutum,
3003 5151 3093 5219 qui
3134 5164 3226 5214 per
3257 5156 3628 5215 contemptum
3697 5145 4007 5208 violaverit,

2435 5259 2624 5320 peccat
2655 5248 2900 5314 quidem,
2934 5260 3040 5298 non
3103 5254 3281 5296 tamen
3315 5242 3434 5295 ideo
3499 5238 3622 5292 ﬁdei
3667 5237 4009 5306 naufragium

2433 5341 2671 5411 pertulit.
2710 5337 2905 5392 Verum
2939 5338 2989 5390 in
3028 5335 3078 5389 id
3121 5343 3403 5404 peccatum
3435 5332 3649 5392 incidit,
3710 5331 3854 5399 quod
3913 5345 4010 5398 per

2435 5433 2830 5504 pmnitentiam,
2860 5439 2914 5485 et
2973 5428 3390 5491 confessionem,
3433 5425 3634 5480 Christi
3683 5433 4012 5491 coeperante

2433 5529 2648 5589 virtttte,
2683 5523 3000 5578 remissione
3029 5523 3282 5590 potietur.

3035 5725 3076 5756 ³¹
3103 5723 3209 5776 Tit.
3240 5736 3279 5786 t,
3346 5720 3432 5775 l5.
3513 5719 3556 5751 "
3585 5717 3772 5774 Matth.
3801 5731 3892 5781 xv,
3921 5713 4002 5771 Η.

2492 5735 2536 5766 ³ο
2570 5733 2725 5786 Rom.
2753 5745 2862 5793 xtv,
2903 5725 2956 5780 2.
