4472 6434
456 400 561 461 2ἱ7

871 513 941 565 De
961 514 1167 582 jejunio
1193 513 1411 566 Sabbati
1470 514 1607 582 (8|).

531 605 634 659 Sed
656 615 710 659 et
737 606 1018 674 jmlaizare
1043 606 1348 658 Occidentis
1380 606 1678 659 Ecclesiam
1703 618 2019 662 causantur.

458 714 686 767 quorum
712 700 925 767 plurimi
951 713 1045 764 per
1077 714 1235 751 omne
1288 699 1579 752 Sabbatunt
1625 700 1879 754 carnibus
1929 702 2024 754 ab—

462 794 682 850 stinent.
720 791 832 843 sive
865 805 961 856 pro
990 789 1260 856 sepultura
1292 800 1346 843 et
1392 799 1566 845 morte
1617 791 1850 856 Domini,
1909 795 2023 846 sive

462 898 556 950 pro
588 883 807 936 tristitia
859 890 911 934 et
982 880 1349 945 tribulatione,
1404 897 1563 949 quam
1609 893 1797 935 sancta
1855 893 2025 936 mater

461 981 575 1044 ejus
619 985 727 1029 tota
781 974 968 1028 dieilla
1020 974 1225 1035 habuit,
1287 988 1389 1039 qua
1437 972 1693 1027 Dominus
1745 976 1798 1027 in
1843 975 2024 1041 sepul—

463 1083 556 1121 cro
587 1076 832 1119 mortuus
862 1065 1156 1117 secundum
1190 1064 1458 1116 hominem
1482 1066 1705 1130 quievit.
1769 1065 1908 1118 Istud
1945 1065 2024 1118 fa-

465 1160 692 1220 cientes,
752 1158 891 1211 sicut
947 1157 1092 1209 omni
1139 1155 1417 1208 Dominico
1447 1156 1530 1207 die
1593 1156 2024 1210 Resurrectionis

464 1250 600 1314 ejus,
672 1258 725 1299 et
784 1248 926 1299 omni
1003 1255 1152 1298 sexta
1186 1245 1319 1297 feria
1358 1245 1533 1297 cruris
1567 1261 1628 1298 ac
1667 1247 1855 1298 mortis
1886 1246 2028 1299 illius

464 1338 778 1391 memoriam
852 1334 1097 1401 agimus.
1171 1333 1393 1401 Nempe,
1462 1350 1526 1386 ex
1605 1334 1862 1402 cujusque
1944 1335 2021 1386 rei

463 1429 766 1482 intentione
837 1427 1065 1494 quisque
1125 1425 1209 1478 vel
1263 1426 1616 1492 vituperatur,
1686 1426 1766 1476 vel
1841 1425 2026 1476 lauda—

464 1527 572 1572 tur.
631 1517 800 1570 Porro
849 1516 1082 1568 intentio
1143 1516 1396 1583 praedicta
1439 1515 1583 1574 ﬁdei,
1644 1515 2028 1582 religionisque

463 1623 587 1662 cum
626 1608 716 1670 sit,
743 1607 943 1674 culpari
976 1608 1168 1659 merito
1218 1621 1320 1658 non
1378 1615 1575 1672 pateat.
1652 1605 1832 1672 Neque
1884 1608 2028 1658 enim

457 1700 767 1768 judaizandi
801 1713 961 1752 causa
1012 1699 1115 1751 hoc
1143 1697 1310 1762 facit;
1363 1701 1490 1759 imo,
1529 1712 1593 1749 ne
1638 1697 1750 1765 ipsa
1816 1699 2028 1764 quidem

464 1810 549 1848 res
577 1794 737 1846 ullam
767 1793 927 1846 habet
971 1790 1210 1845 Iudaicae
1270 1790 1670 1845 observationis
1725 1789 2029 1842 similitudi-

465 1904 609 1944 nem.
634 1886 802 1942 Judaei
835 1887 1054 1956 quippe,
1085 1886 1137 1940 in
1165 1896 1424 1953 quantum
1449 1893 1692 1951 possunt,
1718 1884 2028 1951 prmparati,

462 1981 740 2049 otiumque
769 1980 835 2032 ab
855 1981 999 2033 omni
1025 1994 1189 2047 opere
1227 1988 1470 2044 agentes,
1514 1987 1622 2030 tota
1655 1977 1742 2030 illa
1770 1975 1859 2030 die
1888 1976 2026 2029 Sab-

464 2074 571 2126 bati
605 2081 657 2125 et
695 2074 1003 2134 comedunt,
1026 2079 1080 2124 et
1102 2070 1294 2124 bibunt
1329 2088 1341 2123 :
1399 2071 1453 2124 hi
1488 2077 1664 2124 autem
1695 2069 2027 2123 abstinentes

463 2164 740 2226 carnibus,
786 2161 1105 2231 castigatius
1157 2165 1210 2215 in
1263 2176 1327 2216 ea
1381 2164 1598 2231 degunt,
1652 2164 2030 2230 contrariaque

463 2254 572 2308 illis
604 2253 782 2307 facere
829 2253 1326 2320 deprehenduntur.
1351 2251 1465 2304 Non
1489 2253 1668 2320 itaque
1693 2254 1780 2320 qui
1803 2253 2032 2320 jejunat,

465 2347 560 2402 sed
589 2325 678 2413 qui
710 2345 925 2398 illorum
954 2345 1148 2409 otium,
1181 2345 1612 2410 edacitatemqne
1667 2344 1933 2402 imitatur,
1975 2353 2031 2396 et

462 2437 815 2499 sabbatizare,
853 2435 1212 2504 etjudaizare
1241 2435 1502 2489 dicendus
1528 2443 1631 2487 est.
1667 2433 1800 2486 Nam
1833 2433 2023 2486 sabba-

464 2528 630 2580 tizare
658 2525 996 2595 prodeliciis,
1020 2536 1073 2576 et
1105 2525 1236 2588 otio,
1284 2533 1338 2577 et
1389 2525 1576 2592 requie
1623 2525 1887 2591 accipitur
1919 2542 1932 2586 ;
1984 2524 2028 2577 si

464 2618 680 2686 quidem
707 2632 830 2670 vera
858 2617 1000 2669 canit
1032 2616 1122 2669 ille
1161 2615 1251 2684 qui
1279 2616 1456 2667 dixit:
1494 2612 1558 2666 In
1598 2615 1765 2682 primo
1799 2614 2032 2681 jejunio-
2061 2621 2065 2624 ‘

465 2725 581 2760 rum
620 2706 869 2768 Sabbato,
903 2706 1314 2772 sabbatizemus,
1357 2707 1506 2764 socii,
1538 2706 1790 2757 hesternis
1831 2708 1892 2756 de
1950 2706 2027 2756 lu-

464 2798 674 2851 boribus
700 2799 1097 2866 requiescentes.

538 2891 770 2945 Proinde
787 2894 832 2944 si
856 2893 976 2958 quis
994 2891 1154 2944 etiam
1175 2895 1501 2957 praeceptum
1529 2886 1594 2940 de
1613 2901 1716 2939 non
1740 2886 2031 2953 jejunando

473 2983 526 3036 in
562 2980 801 3035 Sabbalo
831 2996 858 3032 a
885 2978 1088 3032 Judaeis
1127 2991 1378 3031 manasse
1433 2987 1606 3045 putat.
1633 2977 1683 3029 id
1716 2978 1768 3029 in
1798 2974 2034 3030 Orientis

466 3075 731 3142 partibus,
763 3070 850 3122 ubi
890 3068 1200 3122 Judaeorum
1234 3076 1348 3120 erat
1392 3081 1547 3131 gens,
1579 3073 1633 3119 et
1693 3068 1888 3135 patria,
1924 3083 2035 3118 mc-

1539 409 1940 470 ADVERSUS
1971 408 2287 468 GRAECOS
2329 412 2475 472 LIB.
2532 414 2628 473 ιν.

3584 413 3685 470 ⁵218

2056 520 2092 570 Α
2128 531 2294 576 more,
2332 516 2627 570 Ecclesiam
2650 531 2866 584 quoque
2898 526 3089 584 putare
3114 530 3692 583 possumus-necessa-

2126 606 2206 658 rio
2233 622 2328 672 pro
2356 618 2652 672 temporum
2685 609 2946 675 qualitate
3002 623 3177 667 usam,
3236 623 3330 673 pro
3384 610 3686 659 animarum

2124 698 2383 764 singulari
2407 714 2557 751 cura.
2619 700 2764 752 Alias
2819 699 3022 765 quippe
3101 713 3446 764 nequaquam
3516 700 3685 749 virtus

2124 785 2320 838 Christi
2356 802 2449 854 per
2493 787 2764 853 apostolos
2797 785 3050 838 Ecclesia:
3103 795 3550 848 conservaretur;
3604 801 3692 837 ne-

2125 889 2229 941 que
2252 883 2452 940 posset,
2477 877 2628 940 juxta
2658 885 2996 940 emergentes
3016 890 3199 936 casus,
3225 891 3359 927 nova
3383 877 3691 941 disiionere.

2197 965 2310 1017 Non
2343 967 2520 1031 itaque
2552 968 2592 1017 si
2622 967 2744 1032 quis
2769 968 3080 1032 passionem
3140 965 3351 1017 Domini
3424 967 3695 1017 honorare

2127 1053 2374 1120 Cupiens.
2400 1055 2649 1121 illiusque
2680 1065 2931 1116 mortem,
2961 1063 3223 1120 quantum
3260 1055 3371 1104 ficri
3396 1063 3605 1120 potest,
3642 1055 3696 1106 in

2127 1158 2186 1194 se
2213 1142 2326 1208 ipso
2345 1143 2648 1207 complecti,
2679 1157 2739 1195 ac
2768 1151 3050 1209 pr0pterea
3101 1143 3357 1194 carnibus
3388 1143 3694 1202 abstinens,

2129 1235 2383 1300 omnique
2407 1234 2551 1298 cibo,
2588 1234 2778 1287 fuisset
2803 1234 2867 1286 ab
2898 1233 3158 1298 apostolis
3187 1234 3458 1300 culpatus,
3495 1234 3601 1284 imo
3633 1235 3700 1285 ad

2130 1324 2453 1376 destinatum
2485 1324 2809 1396 evangelicae
2841 1324 3244 1388 praedicationis
3280 1325 3523 1374 brat-ium
3579 1339 3700 1389 gra-

2129 1415 2599 1475 diens,mercedc,
2655 1425 2707 1466 et
2731 1415 2974 1465 laudibus
3029 1414 3222 1481 dignus
3285 1414 3498 1465 habitus
3534 1425 3698 1467 esset.

2131 1505 2227 1570 Ipsi
2257 1505 2420 1556 etiam
2449 1513 2596 1564 sunt,
2633 1505 2722 1572 qui
2755 1506 2941 1556 dicunt
2972 1521 2984 1555 :
3023 1503 3218 1556 Littera
3244 1503 3453 1566 occidit,
3485 1506 3701 1569 spiritus

2131 1603 2302 1644 autem
2338 1594 2564 1658 viviﬁcat
2586 1595 2655 1644 ".

2205 1685 2428 1736 Prorsus
2455 1699 2603 1744 vero,
2629 1685 2670 1736 si
2697 1684 2824 1750 quid
2887 1684 3199 1738 Occidentis
3252 1683 3508 1736 Ecclesiis
3559 1685 3702 1735 circa

2133 1775 2247 1827 hzec
2283 1776 2394 1825 fieri
2415 1776 2571 1826 aliter
2600 1775 2833 1837 videtur,
2863 1776 2964 1826 hoc
2996 1777 3060 1827 ah
3102 1776 3280 1836 initio,
3314 1789 3340 1826 a
3370 1776 3702 1826 successori-

2137 1867 2235 1915 bus
2259 1866 2623 1929 apostolorum
2651 1876 2998 1932 acceperunt,
3033 1866 3260 1929 Linique
3284 1873 3337 1915 et
3362 1851 3634 1926 Anacleti,
3655 1879 3707 1919 et

2140 1954 2291 2025 Xysti
2335 1957 2400 2008 de
2425 1958 2522 2009 hoe
2547 1958 2763 2008 decreta
2799 1955 3100 2022 proferunt,
3133 1971 3252 2022 qum
3284 1956 3606 2009 rationabile
3632 1957 3705 2010 si-

2140 2050 2247 2099 tnnl
2274 2057 2323 2100 et
2350 2048 2550 2113 justum
2593 2063 2710 2100 esse
2746 2048 3032 2110 definiunt,
3077 2048 3298 2101 Sabbati
3334 2048 3444 2111 die,
3497 2050 3600 2100 ista
3627 2050 3709 2100 vcl

2137 2139 2240 2192 ista
2272 2155 2434 2193 causa
2496 2140 2726 2206 expiari,
2785 2156 2891 2192 non
2942 2141 2992 2193 id
3064 2151 3240 2193 tamen
3288 2154 3352 2192 ex
3391 2143 3713 2194 uccessitate

2138 2231 2526 2299 praeripientia.

2209 2323 2538 2391 Augustinum
2562 2338 2798 2391 quoque,
2832 2325 3090 2390 antiquus
3149 2334 3200 2376 ct
3231 2325 3557 2379 venerabilis
3607 2323 3714 2376 Pa-

2137 2422 2237 2478 ter,
2283 2414 2334 2466 in
2371 2416 2600 2481 quadam
2627 2416 2853 2482 epistola
2881 2416 2992 2485 (8'2)
3035 2418 3099 2468 de
3130 2417 3372 2470 Sabbato
3407 2417 3482 2470 ait
3517 2436 3526 2468 :
3558 2416 3711 2479 Quod

2137 2507 2348 2573 quando
2367 2508 2574 2572 quidem
2603 2509 2656 2558 iu
2677 2502 2959 2560 Occidente
2986 2510 3430 2575 morntur.ju;rta
3458 2508 3718 2562 Occiden—

2135 2598 2322 2649 talium
2355 2601 2809 2660 rousuetudineut,
2836 2611 2887 2651 et
2912 2600 3019 2663 ipse
3037 2600 3274 2664 jejunot.
3302 2599 3362 2652 lu
3397 2599 3606 2652 Oriente
3632 2614 3716 2648 re-

2136 2705 2194 2740 ro
2233 2690 2278 2740 si
2309 2700 2623 2756 versaretur,
2659 2689 2775 2739 illos
2810 2690 2921 2752 ipsa
2958 2690 3041 2742 die
3070 2707 3170 2740 nou
3198 2691 3495 2755 icjuuontes
3524 2705 3586 2740 ea:
3614 2707 3714 2739 ou-

2137 2782 2284 2846 tiqua
2314 2781 2709 2841 consuetudine,
2747 2792 2796 2833 et
2835 2783 2944 2847 ipse
2969 2795 3292 2849 sequeretur.
3333 2783 3404 2833 lix
3435 2797 3539 2848 quo
3596 2797 3719 2848 per-

2136 2873 2382 2937 spicuum
2414 2882 2516 2934 est,
2549 2874 2827 2939 antiquam
2865 2872 3237 2927 Ecclesiarum
3270 2872 3434 2925 fuisse
3485 2886 3720 2924 consue-

2141 2963 2401 3023 tudinem.
2440 2973 2498 3016 ut
2531 2965 2623 3016 alii
2656 2967 2755 3024 sic,
2799 2967 2886 3018 alii
2921 2982 3051 3018 vero
3083 2967 3160 3019 sic
3207 2966 3448 3018 facerent
3483 2981 3496 3018 :
3556 2966 3722 3016 istual-

2142 3071 2247 3122 que
2280 3073 2380 3109 non
2413 3072 2474 3108 ex
2507 3059 2857 3114 nccchitate.
2893 3060 2986 3112 sed
3017 3073 3080 3110 cx
3111 3059 3334 3125 antiqua
3359 3058 3716 3110 consuetudi-

468 3167 570 3219 ιιὶιο
603 3161 996 3230 promulgatum
1016 3158 1432 3220 crediderimus,
1466 3173 1600 3225 quos
1625 3158 1872 3224 apostoli,
1911 3173 2033 3211 cum
2067 3176 2109 3232 ε
2145 3163 2210 3198 ne
2235 3189 2250 3210 ,
2280 3159 2331 3198 et
2365 3157 2420 3200 ut
2450 3149 2694 3216 singulos
2743 3150 2994 3201 Voluntas
3030 3151 3239 3210 tulerit,
3300 3162 3526 3212 tnOSque
3580 3147 3724 3198 obti-

465 3257 531 3311 ad
555 3255 912 3323 ’Evaugeliam
933 3253 1241 3306 doctrinam
1303 3265 1500 3303 vocare
1545 3260 1805 3315 cuperent
1837 3287 1851 3311 ,
1906 3250 2032 3319 quia

468 3349 690 3404 Judaica
713 3347 859 3400 natio
882 3344 1122 3398 Sabbato
1153 3344 1387 3396 maxime
1405 3344 1760 3411 gloriabatur,
1790 3358 1856 3396 ne
1880 3359 2039 3396 scan.

470 3444 648 3496 dalum
665 3443 714 3494 in
734 3441 836 3494 [ide
856 3448 1190 3507 paterentur,
1217 3437 1468 3503 apostoli,
1489 3445 1546 3487 ut
1562 3437 1863 3486 animorum
1883 3449 2039 3486 cura-

473 3545 640 3597 tores,
661 3534 841 3588 omnia
862 3531 1038 3585 eﬂ‘ecti
1060 3539 1115 3582 ut
1133 3545 1320 3583 omnes
1345 3543 1438 3582 seu
1459 3530 1638 3592 plures
1669 3527 2034 3589 lucrarentur,

469 3626 832 3696 permiserunt
861 3624 930 3676 ita
950 3636 1089 3681 esse,
1115 3629 1172 3672 ut
1190 3629 1369 3682 antea,
1387 3635 1437 3672 ei
1453 3618 1698 3686 jejunare
1717 3626 2035 3672 vetuerunt:

467 3719 608 3786 quod
646 3716 920 3783 religionis
958 3713 1167 3766 ratione
1218 3713 1352 3765 nihil
1379 3727 1472 3765 eos
1506 3711 1759 3775 laedebat,
1795 3712 1884 3779 qui
1912 3711 2037 3763 illud

469 3810 834 3862 observarent.
865 3803 1049 3871 Neque
1100 3805 1243 3857 enim
1305 3803 1560 3871 apostoli,
1592 3801 1690 3855 hos
1750 3802 1968 3868 quidem
2012 3816 2039 3852 a

472 3902 608 3969 lege,
634 3900 753 3953 illos
786 3907 965 3953 autem
995 3899 1062 3951 ab
1117 3898 1382 3951 idolorum
1402 3897 1550 3951 cultu
1600 3906 1967 3958 revocassent,
1994 3896 2038 3948 si

471 3995 581 4047 suis
611 3993 735 4046 illos
759 3990 1245 4046 consuetudinibus
1273 3991 1548 4053 omnibus,
1582 4005 1701 4056 qua:
1767 3989 2041 4056 evangeli-

472 4100 547 4138 cae
566 4083 929 4151 pmdicationi
956 4098 1063 4136 non
1084 4081 1430 4141 obsisterent,
1453 4095 1706 4133 revocare
1725 4080 2039 4133 voluissent.

470 4177 626 4242 Nam,
657 4177 702 4230 si
733 4175 1199 4230 circumcisionem
1229 4172 1551 4240 quandoque
1587 4173 1652 4225 ad
1689 4181 1898 4239 tempus
1922 4186 2047 4238 per-

473 4269 753 4332 miserunt,
786 4265 974 4319 virtuti
1001 4263 1400 4331 praedicationis
1422 4262 1723 4330 oppositam
1756 4281 1768 4315 :
1798 4263 1857 4314 Si
1885 4263 2043 4322 enim,

472 4362 667 4428 inquit,
688 4358 1162 4416 circumcidamini.
1185 4356 1424 4410 Christus
1443 4357 1581 4409 vobis
1599 4356 1727 4407 nihil
1741 4357 1944 4420 prodest
1961 4355 2004 4386 “
2027 4371 2042 4418 ;

473 4451 867 4519 istudqueideo
900 4451 1170 4510 fecerunt,
1217 4457 1274 4498 ut
1303 4447 1485 4516 plures
1515 4462 1579 4500 ex
1619 4445 1820 4499 Judaeis
1858 4447 2042 4512 acqui-

480 4551 690 4604 rerent,
723 4557 861 4610 quos
894 4544 1130 4594 maxime
1154 4541 1274 4593 aliis
1307 4541 1713 4592 arbitrabantur
1739 4541 2004 4593 excellere
2031 4558 2041 4592 :

471 4635 597 4704 quid
657 4635 724 4688 de
749 4631 988 4686 Sabbato
1037 4630 1324 4684 dicendum
1359 4640 1462 4691 est,
1496 4631 1545 4682 in
1582 4645 1687 4697 quo
1726 4641 1776 4682 et
1799 4630 2047 4696 jejunare

471 4737 528 4781 et
583 4743 685 4808 non
727 4726 971 4795 jejuuare
1004 4725 1264 4778 doctrinae
1304 4725 1528 4790 Spiritus
1555 4738 1658 4777 non
1687 4723 2046 4776 adversatur?

544 4821 658 4875 Non
694 4831 877 4874 tamen
912 4821 1012 4870 hoc
1059 4833 1153 4885 per
1181 4827 1352 4869 totum
1394 4817 1580 4868 orbem
1639 4817 2044 4884 praedicandum

477 4913 598 4974 fuit,
626 4919 833 4965 remota
879 4907 1187 4962 Judaaorum
1211 4923 1393 4961 causa.
1424 4907 1539 4960 Non
1571 4908 1714 4960 enim
1778 4909 1841 4960 de
1869 4923 2048 4962 come-

473 5005 670 5068 dendo,
700 5004 784 5058 vel
819 5017 949 5067 non,
984 5003 1243 5070 apostolis
1270 5003 1342 5053 ita
1371 5001 1510 5053 ratio
1539 5011 1675 5061 erat,
1706 5001 1843 5053 sicut
1869 5001 2049 5054 omnia

476 5096 653 5150 facere
688 5095 1141 5163 proincremento
1187 5092 1485 5158 Evangelii,
1518 5094 1569 5144 in
1600 5093 1731 5160 ipsis
1797 5094 2053 5156 praedica-

478 5187 639 5240 tionis
671 5184 886 5247 initiis;
920 5199 1152 5251 quorum
1184 5182 1337 5250 plura
1373 5191 1502 5235 tunc
1529 5183 1817 5249 permissa,
1862 5192 2048 5249 postea

477 5277 740 5348 permissa
791 5290 899 5329 non
943 5283 1098 5337 sunt,
1133 5284 1311 5328 amota
1378 5289 1562 5337 causa,
1623 5285 1839 5342 prepter
1888 5290 2047 5341 quant

478 5368 744 5438 permissa
799 5367 950 5437 prius
981 5365 1194 5419 fuerant
1230 5385 1243 5420 :
1280 5366 1495 5419 sicutet
1519 5366 1778 5430 medicus,
1825 5365 1913 5434 qui
1947 5365 2050 5417 alia

482 5458 747 5529 praecipit,
780 5458 962 5512 causis
1019 5456 1406 5525 apparentibus
1462 5454 1839 5509 convenientia
1877 5472 1888 5506 :

551 5594 597 5625 ”
625 5593 802 5649 Galat.
837 5593 966 5660 v,2.
1041 5593 1084 5625 ³³
1115 5591 1305 5647 "Cor.
1340 5608 1419 5658 tn,
1454 5591 1508 5645 6.
1586 5585 1798 5644 "'Psal.
1834 5606 1950 5651 xtn,
1994 5588 2047 5642 ‘2.

555 5713 668 5781 (81)
705 5711 1010 5781 Dejejunio
1053 5711 1276 5766 Sabbati
1315 5709 1430 5781 lege
1465 5709 1851 5781 Bellarminum
1882 5707 1978 5759 lib.
2014 5721 2052 5760 ιι

483 5778 573 5840 Dei
609 5778 756 5836 bonis
792 5778 1055 5849 operibus,
1110 5800 1156 5836 c.
1196 5783 1282 5836 18.
1317 5779 1452 5834 Vide
1490 5783 1652 5835 etiam
1701 5778 2052 5831 llumhertum

483 5866 674 5912 contra
725 5854 1037 5910 Michaclcnt
1084 5854 1506 5911 Constantinoo.
1565 5854 1934 5922 patriarchain
2005 5860 2060 5903 ct

1949 5467 2057 5522 quo

2145 3239 2343 3291 nueril.
2370 3238 2472 3292 Sed
2504 3248 2558 3292 et
2588 3239 2733 3305 Grcg
2759 3239 2893 3290 u-ins
2921 3239 3200 3291 Romanus
3231 3236 3496 3306 pontifex,
3567 3236 3725 3300 (1"le

2139 3332 2281 3394 apud
2306 3344 2494 3382 omnes
2523 3321 2838 3396 prreelarum
2867 3345 3062 3381 nomen
3089 3339 3194 3391 est,
3232 3328 3404 3379 oliicia
3436 3337 3598 3393 atque
3655 3326 3728 3392 ju-

2135 3421 2306 3488 junia,
2339 3431 2394 3473 ut
2419 3423 2576 3474 modo
2606 3418 2912 3479 servantur,
2945 3421 3253 3474 Occidentis
3280 3420 3726 3472 Ecclesiistradi-

2142 3515 2237 3567 dit.
2270 3513 2420 3567 llunc
2444 3515 2586 3567 enim
2620 3529 2807 3565 omnes
2842 3514 2892 3564 in
2919 3512 3066 3564 omni
3099 3511 3386 3563 traditione
3402 3521 3724 3578 sequuntur.

2751 3623 2822 3675 De
2855 3632 3138 3675 vetustate.

2211 3715 2310 3778 Qui
2345 3729 2470 3764 vero
2501 3729 2563 3766 ex
2611 3714 2821 3765 nostris
2894 3714 3151 3767 fortiores
3198 3725 3328 3765 sunt
3371 3714 3729 3770 schismatici,

2144 3815 2466 3858 vetustatem
2519 3820 2734 3872 quoque
2797 3806 3237 3859 Occidentalibus
3297 3806 3583 3871 objiciunt,
3639 3821 3733 3871 per

2144 3913 2305 3965 quam
2356 3898 2682 3949 concludere
2745 3913 2845 3962 pro
2878 3912 2935 3949 se
2996 3898 3359 3958 arbitrantur,
3418 3898 3570 3963 quasi
3623 3913 3727 3946 non

2147 3992 2334 4044 eadem
2374 3993 2442 4043 sit
2477 4002 2529 4043 et
2577 3993 2682 4042 illis
2745 3992 3065 4057 antiquitas,
3119 3991 3386 4057 liceatque
3430 3990 3572 4041 illam
3637 4004 3736 4050 pro

2147 4099 2205 4138 se
2239 4084 2371 4149 ipsis
2410 4082 2841 4149 inferreNcqne
2863 4083 3127 4146 sentiunt,
3183 4081 3309 4133 dum
3372 4081 3472 4132 ista
3524 4080 3734 4140 dicunt,

2147 4177 2412 4231 idolorum
2443 4191 2498 4228 se
2531 4174 2930 4242 cultnm,quam
2956 4174 3155 4227 Christi
3185 4175 3497 4239 religionem
3532 4174 3740 4224 firmio-

2147 4284 2284 4333 rem,
2346 4268 2555 4320 ratione
2583 4270 2893 4328 vetustatis,
2954 4267 3270 4318 ostendere.
3324 4265 3454 4316 Nam
3487 4265 3530 4316 si
3595 4265 3737 4316 anti-

2151 4360 2340 4428 quiora
2377 4374 2604 4426 quaeque
2631 4361 2794 4410 etiam
2833 4359 3046 4410 veriora
3101 4366 3251 4417 sunt,
3281 4357 3408 4424 quid
3454 4366 3735 4421 sequatur,

2151 4450 2498 4503 manifestum
2526 4463 2629 4506 est.
2683 4449 2790 4501 Sed
2853 4459 2906 4501 et
2955 4448 3320 4500 Ecclesiarum
3372 4447 3593 4508 unione,
3632 4448 3743 4498 sive

2153 4543 2313 4595 etiam
2348 4542 2574 4610 symboli
2618 4541 2890 4593 additione
2943 4542 3373 4608 praesttppositis,
3429 4549 3487 4590 ut
3538 4539 3740 4589 dictum

2153 4645 2258 4697 est,
2283 4649 2381 4686 cur
2420 4647 2524 4685 non
2570 4634 2669 4686 ista
2704 4635 2876 4700 magis
2919 4634 3182 4684 honorata
3218 4630 3547 4683 servantur?
3573 4645 3744 4697 quan-

2154 4741 2336 4792 quam,
2370 4724 2492 4793 quis
2525 4724 2751 4782 nesciat.
2779 4739 2901 4777 cum
2946 4732 3153 4775 tantum
3189 4722 3294 4774 illis
3335 4722 3519 4773 odinnt
3555 4731 3742 4772 contra

2153 4815 2555 4869 Occidentaletn
2577 4816 2871 4868 Ecclesium
2896 4814 3148 4877 creverit,
3175 4825 3229 4864 ιιι
3255 4814 3434 4866 nullus
3458 4815 3521 4865 de
3547 4813 3745 4863 unione

2159 4908 2240 4962 vel
2296 4923 2392 4975 per
2459 4909 2726 4961 somnium
2786 4909 3006 4974 cogitet,
3065 4907 3407 4973 amentiaque
3445 4906 3548 4957 late
3586 4905 3747 4956 difl'u—

2155 5019 2213 5057 sa
2256 5004 2350 5067 sit,
2423 5005 2558 5056 adeo
2593 5010 2651 5055 ut
2685 5002 2950 5055 rationem
2986 4999 3235 5052 amisisse
3270 4999 3578 5058 videantur,
3630 5014 3750 5065 [δρε-

2154 5098 2404 5163 simaqne
2464 5095 2747 5164 dispositio
2787 5097 3009 5147 omnino
3077 5089 3392 5151 invaluerit,
3417 5092 3596 5144 omnia
3629 5093 3749 5143 ilios

2154 5189 2430 5242 voluntate
2452 5204 2629 5256 agere,
2656 5187 2788 5240 nihil
2811 5187 3042 5240 rationis
3064 5189 3312 5237 examine
3339 5184 3435 5237 ?Si
3465 5186 3605 5237 enim
3629 5199 3748 5235 eum

2148 5279 2357 5348 judicio
2398 5283 2775 5349 procederent,
2835 5279 2938 5332 alia
2968 5279 3160 5331 fuisset
3191 5279 3329 5330 ratio
3359 5294 3372 5340 ;
3397 5292 3539 5330 nunc
3572 5285 3749 5327 autem

2157 5371 2336 5424 nullus
2384 5382 2468 5426 est
2496 5373 2808 5442 intelligens,
2833 5387 2921 5424 seu
2951 5371 3219 5437 requirens
3247 5368 3410 5420 Deum
3435 5368 3502 5421 ³⁸.

2237 5462 2370 5517 Nam
2403 5466 2621 5534 quando
2643 5473 2818 5526 erant,
2858 5464 2951 5530 qui
2983 5463 3206 5517 unionis
3237 5476 3423 5517 curant
3460 5460 3748 5521 haberent,

2165 5711 2410 5766 Nicetam
2449 5711 2821 5767 Pectoratum.

2237 5786 2351 5855 t82)
2399 5784 2569 5855 Epist.
2612 5785 2728 5849 “8,
2769 5788 2831 5839 ad
2863 5779 3210 5836 Ianuarium.
