4472 6434
738 416 844 478 219

1977 419 2372 480 MANUELIS
2403 421 2709 481 CALECE

3876 380 3981 493 s20

740 538 953 582 constat
981 527 1245 595 profecto,
1281 528 1404 595 quia
1442 531 1627 581 aherat
1656 529 1955 592 contentio,
1980 540 2142 597 atque
2171 531 2223 582 in
2252 530 2301 583 id
2342 534 2385 587 Α
2418 533 2699 586 veritatem
2744 531 2987 585 studiose
3012 532 3361 597 sectantium,
3402 548 3504 586 non
3548 545 3605 587 ut
3634 536 3833 603 aliquid
3894 540 3976 592 di.

742 623 916 686 ipsnm
956 620 1235 683 distantia,
1290 635 1352 670 ac
1410 620 1681 687 disjuncta
1748 622 2085 674 remeabant.
2122 621 2305 673 Enim-

742 722 1108 778 \-ero,pntare
1155 710 1440 776 plurimos.
1505 711 1595 777 qui
1658 712 1871 777 prolixo
1948 723 2191 778 tempore
2242 724 2305 762 ex

742 802 945 852 nostris
985 800 1222 859 fuerunt,
1256 801 1493 852 scitisma
1544 802 1680 853 satis
1717 803 1996 863 roborarit.
2052 805 2310 870 ignoran-

740 893 870 942 tium
898 900 1002 953 est,
1040 894 1182 957 quod
1214 890 1593 945 Occidentales
1629 892 1892 960 plurimos
1917 905 1971 947 et
2028 895 2127 962 ipsi
2182 912 2309 961 pro-

741 983 880 1034 ferre
913 994 1153 1050 possent,
1191 999 1293 1036 non
1322 982 1567 1045 ridenda,
1631 993 1683 1036 et
1711 985 1926 1053 indigna
1963 986 2270 1054 ingerentes
2295 1027 2310 1050 ,

739 1089 926 1125 verum
964 1073 1325 1128 validissimas
1359 1074 1881 1141 probatissimasque
1913 1076 2148 1128 rationes
2184 1090 2313 1142 pro-

740 1166 1038 1225 ducentes,
1106 1174 1161 1217 et
1222 1179 1452 1231 quorum
1501 1165 1768 1232 sapientia
1832 1166 2093 1217 nmndum
2158 1180 2315 1233 pera-

740 1256 953 1319 gravit:
982 1271 1291 1323 quanquam
1317 1265 1370 1308 et
1410 1256 1484 1320 id,
1520 1257 1662 1322 quod
1694 1256 1873 1308 nullus
1906 1271 2141 1322 unquam
2175 1255 2315 1323 apud

742 1362 835 1399 eos
854 1348 1107 1400 inventus
1122 1358 1224 1411 est,
1248 1348 1337 1417 qui
1361 1357 1667 1401 nostrorum
1691 1349 2032 1401 antecederet
2050 1348 2313 1413 Opillioni,

742 1439 962 1504 suisque
994 1439 1431 1491 reluctareturiu
1488 1453 1548 1491 ea
1608 1439 2005 1501 controversia,
2064 1454 2161 1507 pro
2208 1453 2318 1505 qua

741 1529 985 1581 Orientis
1001 1538 1054 1580 et
1076 1527 1385 1581 Occidentis
1410 1528 1669 1581 Ecclesia!
1706 1532 1913 1582 interse
1930 1529 2316 1597 digladiantur,

747 1617 977 1669 validum
1002 1631 1133 1669 sane
1158 1617 1401 1669 veritatis
1422 1616 1633 1669 illorum
1664 1627 2042 1687 argumentum
2075 1627 2176 1671 est.

815 1708 1048 1770 Quodsi
1090 1707 1213 1774 quis
1239 1710 1557 1769 arbitratur,
1616 1708 1829 1761 illorum
1888 1723 2181 1776 quemque,
2238 1708 2319 1761 vel

746 1800 881 1862 suis,
908 1807 966 1851 tit
994 1799 1226 1866 propriis
1253 1809 1306 1851 et
1332 1800 1677 1853 citatioribus
1699 1786 1916 1865 favisse,
1966 1802 2045 1853 vel
2077 1815 2230 1868 paena
2257 1815 2320 1852 ac

2412 624 2555 677 xisse
2588 624 2900 683 videantur,
2930 622 3129 677 frustra
3167 632 3221 676 et
3269 623 3716 679 irrationabiliter
3753 627 3981 695 loquen-

2411 715 2568 765 tium.

2483 803 2613 854 Cum
2650 802 2814 865 igitur
2841 817 2903 855 ex
2934 803 3133 855 nostris
3159 816 3262 853 non
3294 803 3448 869 pauci
3475 800 3731 856 Romanae
3767 820 3978 873 semper

2414 894 2669 947 Ecclesia:
2686 894 2881 961 adiecti
2907 895 3035 957 sint,
3063 892 3340 961 siquidem
3364 893 3556 961 aliquis
3582 909 3647 946 ex
3684 894 3813 962 ipsis
3839 897 3979 948 veri-

2413 992 2522 1038 tate
2552 986 2843 1052 dogmatis.
2876 985 2941 1037 ab
2980 999 3046 1036 eo
3077 986 3164 1050 qui
3206 998 3379 1037 czecos
3418 984 3712 1046 illuminat,
3756 986 3983 1039 irradia-

2415 1081 2522 1135 tns,
2592 1084 2899 1127 sanctorum
2962 1076 3207 1128 doctrina
3264 1075 3424 1139 duce,
3495 1091 3559 1131 ae
3622 1079 3982 1145 praecedente,

2413 1167 2845 1219 calumniatores
2868 1181 2961 1233 per
2988 1166 3385 1234 philosophiam
3409 1177 3462 1220 et
3482 1168 3808 1221 rhetoricam
3832 1169 3981 1221 obti-

2416 1272 2545 1310 nere
2573 1266 2625 1309 et
2650 1257 2904 1311 cohibere
2929 1272 3033 1310 non
3068 1258 3270 1327 possit,
3329 1257 3475 1311 hunc
3504 1260 3713 1312 fatuum
3745 1274 3807 1312 ac
3852 1259 3983 1312 sim-

2417 1349 2608 1411 plicem
2642 1349 2851 1408 dicunt,
2880 1357 2934 1401 et
2962 1358 3019 1400 ut
3048 1348 3351 1411 seductum,
3389 1364 3449 1402 ac
3476 1350 3759 1415 deceptum
3801 1348 3989 1415 objur-

2418 1445 2581 1504 gant:
2612 1436 2770 1488 veluti
2798 1436 2863 1496 si,
2898 1451 3017 1488 eum
3057 1452 3085 1489 a
3132 1436 3375 1490 fidelibus
3424 1436 3678 1489 omnibus
3724 1437 3988 1504 exigatur,

2420 1535 2476 1577 ut
2502 1526 2675 1579 idonei
2709 1527 2818 1579 sint
2840 1526 2904 1577 ad
2939 1526 3201 1578 rationem
3256 1525 3376 1578 fidei
3400 1524 3752 1585 reddendam,
3785 1524 3987 1591 parati-

2420 1629 2523 1682 que
2556 1616 2621 1665 ad
2650 1613 3089 1666 satisfaciendum
3118 1615 3368 1667 omnibus
3399 1614 3790 1680 quaerentibus,
3860 1621 3992 1667 tunc

2422 1706 2581 1756 etiam
2625 1704 2799 1766 Plato,
2824 1712 2876 1757 et
2913 1705 3257 1767 Aristoteles,
3287 1714 3339 1757 et
3364 1704 3571 1758 Cicero
3609 1707 3660 1756 in
3694 1706 3872 1772 lingua
3917 1707 3995 1758 eis

2424 1811 2541 1849 esse
2571 1796 2823 1850 debeant.
2852 1796 2957 1849 Sed
2983 1797 3122 1848 enim
3149 1796 3502 1863 quorumdam
3535 1796 3621 1850 isti
3646 1798 3995 1863 sapientiam,

746 1890 1011 1956 supplicio
1032 1889 1403 1955 perterritum,
1445 1890 1578 1943 nihil
1606 1898 1795 1943 contra
1826 1890 2061 1943 locutum
2101 1890 2270 1943 fuisse
2304 1907 2317 1941 :
2352 1872 2394 1926 Β
2424 1889 2546 1955 quia
2578 1888 2706 1950 ipsis
2726 1888 3038 1940 incumbunt
3061 1888 3209 1949 solis,
3236 1902 3501 1941 summam
3532 1902 3649 1940 esse
3668 1886 3855 1940 dicunt
3885 1906 3895 1939 :
3925 1888 3989 1941 ad

747 1982 979 2044 primum
1017 1981 1257 2045 quidem,
1286 1989 1340 2031 et
1384 1990 1599 2035 nostros
1648 1996 1759 2034 suae
1782 1981 2017 2034 maxime
2048 1981 2324 2050 opinionis

750 2082 968 2126 tenaces
996 2073 1487 2140 dixeritquispiam
1510 2084 1868 2135 convertens;
1922 2086 2097 2139 neque
2141 2083 2323 2125 tamen

760 2179 1000 2230 unquam
1036 2163 1296 2225 defuisse,
1363 2163 1454 2231 qui
1486 2161 1803 2215 Latinorum
1846 2161 2107 2217 Ecclesiae
2171 2177 2329 2235 accc;-

750 2257 964 2308 dereut.
1001 2254 1228 2316 Deinde,
1298 2253 1555 2321 possibile
1578 2269 1683 2307 non
1716 2264 1819 2317 est,
1856 2262 2007 2308 tanto
2068 2255 2330 2324 temporis

753 2358 948 2407 tractu,
985 2346 1151 2400 fuisse
1180 2344 1411 2413 aliquos,
1438 2345 1527 2413 qui
1555 2345 1834 2398 veritatem
1862 2358 1959 2411 pro
1982 2344 2252 2419 charita_te
2273 2344 2327 2397 in

756 2440 945 2501 Deum,
981 2451 1044 2489 ac
1070 2436 1193 2499 lide,
1228 2434 1535 2503 futurisque
1566 2434 1804 2503 praemiis
1863 2434 2118 2489 omnibus
2187 2450 2332 2504 prat-

754 2530 958 2583 ferrent
990 2546 1004 2581 :
1034 2538 1195 2596 atque
1214 2528 1353 2588 ideo,
1374 2534 1697 2581 constanter
1718 2534 1962 2593 agerent,
1990 2526 2149 2579 sicuti
2178 2526 2334 2579 initio

755 2623 878 2676 aliis
906 2622 1037 2675 alias
1062 2621 1241 2674 causis
1261 2621 1507 2689 plerique
1530 2628 1719 2673 contra
1754 2627 2017 2689 tyrannos
2038 2617 2332 2670 maximam

757 2715 1048 2767 ostendere
1084 2712 1361 2775 fiduciam,
1397 2725 1627 2778 quorum
1661 2719 1715 2763 et
1772 2711 2017 2771 nomina,
2045 2716 2097 2761 et
2131 2709 2334 2776 scripta

758 2818 997 2867 exstant,
1037 2806 1492 2873 quemadmodum
1528 2812 1583 2857 et
1604 2803 1739 2857 alias
1774 2803 2011 2856 Inereses
2039 2802 2182 2870 apud
2235 2800 2341 2854 La-

761 2904 904 2953 tinos
933 2900 1295 2968 reprehensas
1328 2897 1756 2966 proﬂigatasque
1796 2895 2068 2948 novimus.
2099 2892 2339 2961 Namque

760 3007 817 3050 et
846 2995 984 3061 apud
1016 3007 1111 3044 nos
1144 2991 1375 3059 plurima
1408 2991 1474 3040 ah
1504 2987 1609 3039 illis
1664 2988 1971 3055 conscripta
2027 2993 2340 3038 servantur.

764 3087 1017 3140 Saultitim
1053 3098 1183 3149 ergo
1214 3080 1590 3149 plenissimum
1633 3087 1735 3138 est,
1769 3078 1845 3130 sic
1904 3078 2225 3144 accepimus,
2262 3075 2345 3127 di-

2426 1996 2561 2048 quos
2595 1980 2976 2046 imperitosire
3007 1978 3321 2045 admonent,
3386 1984 3738 2049 mittuntque,
3786 1980 3996 2034 tumida

2430 2070 2550 2135 ista,
2581 2080 2633 2123 et
2662 2070 2846 2125 inﬂata
2874 2070 3191 2125 discituros.

2499 2161 2790 2226 Carternm,
2825 2165 2875 2219 si
2915 2164 3034 2229 quis
3055 2177 3265 2226 eorum,
3296 2161 3367 2215 de
3400 2162 3597 2232 quibus
3617 2163 3882 2231 culpatur,
3910 2177 3998 2215 ra-

2434 2256 2631 2311 tionem
2665 2255 2864 2318 reddit,
2936 2261 3353 2322 sanctorumque
3410 2254 3667 2309 doctrinm
3713 2256 3986 2320 admonet,

2431 2360 2485 2403 et
2515 2364 2635 2417 qum
2664 2347 3021 2413 objiciuntur,
3055 2346 3188 2400 nihil
3224 2347 3424 2401 habere
3472 2347 3668 2400 virium
3743 2347 3999 2411 ostendit,

2434 2443 2547 2495 sive
2572 2441 2967 2495 absurditatum
3002 2439 3267 2494 lubricum
3293 2439 3567 2507 insinuat;
3596 2450 3655 2493 ttt
3696 2442 4000 2502 curiosum,

2436 2545 2489 2589 et
2520 2535 2830 2598 verbosum,
2866 2533 3251 2603 conflictusque
3284 2541 3579 2597 amantem,
3615 2531 3859 2599 nihilque
3903 2531 4007 2584 uti-

2438 2627 2541 2682 lem
2584 2626 2897 2681 existimant
2925 2642 2939 2677 :
2968 2626 3198 2693 fideique
3216 2623 3621 2692 simplicitatem
3649 2623 3890 2688 laudant,
3952 2630 4007 2675 et

2421 2718 2739 2788 piscatores
2770 2718 3047 2784 ingerunt,
3092 2713 3245 2782 quasi
3270 2714 3371 2781 ipsi
3403 2712 3468 2764 ad
3519 2712 3851 2778 piscatorum
3880 2725 4006 2779 gra-

2442 2812 2566 2863 dum
2596 2810 2962 2877 pervenerint,
2990 2808 3311 2874 illprttmque
3353 2805 3699 2872 sapientiam,
3742 2814 3795 2857 et
3852 2806 4004 2870 signa

2445 2899 2562 2952 illos
2584 2898 2859 2964 sequentia
2912 2896 3019 2949 sint
3071 2894 3371 2949 consecuti.
3425 2892 3542 2946 Non
3589 2895 3731 2946 enim
3800 2894 4000 2956 sciunt,

2446 2990 2748 3056 piscatores
2778 2987 2993 3055 quidem
3027 2986 3167 3050 illos,
3205 2985 3517 3053 priusquam
3551 2994 4005 3036 arcesserentnra

2450 3079 2696 3143 Domino,
2724 3079 2923 3140 fuisse;
2955 3087 3137 3145 postea
3163 3090 3295 3129 vero
3351 3092 3512 3145 quam
3556 3076 3702 3130 illius
3760 3075 4008 3141 discipuli

766 3194 911 3241 cere,
948 3176 1193 3241 nihilque
1227 3170 1453 3225 ulterius
1480 3171 1760 3237 inquirere
1786 3186 1800 3233 ;
1824 3170 1976 3237 quasi
2006 3175 2127 3235 post
2197 3180 2336 3217 mor-
2371 3201 2414 3259 Β
2448 3170 2623 3223 effecti
2662 3177 2807 3233 sunt,
2868 3168 2988 3223 illos
3046 3170 3194 3236 ipsos
3234 3167 3532 3235 piscatores
3582 3166 4013 3234 sapientissimos

768 3272 891 3323 bum
926 3266 1042 3320 sani
1071 3264 1185 3317 fieri
1221 3262 1634 3321 erubescamus,
1670 3273 1846 3325 neque
1876 3257 2063 3309 saltem
2096 3254 2345 3320 antiquos

769 3361 1071 3422 imitemur,
1107 3357 1222 3425 qui,
1257 3367 1636 3421 swpcuumero
1662 3350 1814 3405 falsis
1836 3350 2180 3416 opinionibus
2212 3359 2350 3414 pra:-

2452 3263 2518 3313 ah
2543 3262 2657 3327 ipso
2696 3259 2862 3313 fuisse
2905 3257 3205 3311 declaratos
3237 3275 3250 3310 :
3278 3255 3594 3309 Benedictus
3649 3256 3788 3307 enim
3852 3254 4013 3318 Deus,

2453 3349 2645 3416 inquit,
2669 3350 2761 3418 qui
2801 3349 3091 3417 piscatores
3125 3347 3550 3415 sapientissimos
3587 3346 3837 3398 ostendit.

772 3454 944 3517 venti,
1000 3462 1184 3520 postea
1231 3448 1633 3513 pmnitucruut,
1666 3458 1787 3495 cum
1814 3442 1892 3493 eis
1922 3439 2183 3493 illuxisset
2208 3435 2353 3488 veri-

771 3560 875 3614 tas,
906 3547 1127 3601 tuinitne
1167 3542 1577 3600 erubescentes,
1618 3537 1711 3589 sed
1748 3535 2045 3588 referentes
2077 3528 2186 3581 Deo
2218 3542 2348 3597 gra-

773 3641 898 3693 tias.
932 3635 1061 3688 Nam
1087 3634 1238 3698 juxta
1305 3630 1612 3697 theologum
1651 3622 1971 3688 Gregorium
2011 3637 2025 3672 :
2068 3617 2191 3671 Non
2222 3616 2351 3668 mali

774 3730 1175 3787 transmutatio,
1236 3722 1326 3777 sed
1360 3721 1488 3773 muli
1518 3718 1745 3772 scrvatio
1782 3715 1911 3781 facit
1943 3711 2350 3779 turpitudinem.

848 3825 944 3877 Est
966 3830 1145 3873 autem
1176 3816 1224 3867 id
1259 3816 1421 3867 etiam
1466 3809 1793 3873 dementius,
1820 3806 1974 3873 quasi
2006 3817 2353 3857 communem

2526 3440 2589 3493 Et
2625 3442 2737 3493 haec
2762 3440 2966 3501 dicunt,
2990 3455 3091 3492 non
3121 3440 3165 3493 si
3192 3439 3314 3507 quis
3340 3438 3393 3490 in
3418 3437 3617 3489 divinis
3644 3436 3804 3489 rebus
3857 3436 4027 3506 syllo-

2455 3532 2643 3600 gismis
2668 3540 2870 3593 utatur,
2897 3529 3246 3598 Platonisque
3275 3539 3328 3581 et
3369 3527 3680 3581 Aristotelis
3730 3527 4028 3580 admisceat

2457 3622 2846 3690 philosophiam
2874 3639 2888 3686 ;
2917 3621 3175 3689 pra'clare
3216 3620 3358 3673 enim
3386 3629 3657 3687 ageretur,
3715 3620 3758 3673 si
3811 3631 4031 3688 propter

2460 3715 2579 3770 fidei
2610 3715 2963 3769 reverentiam
3014 3714 3115 3767 ista
3148 3713 3212 3765 de
3240 3712 3650 3781 Scripturarum
3703 3714 4029 3766 auctoritate

2461 3810 2805 3861 docerentur.
2835 3804 2987 3858 Nunc
3014 3814 3191 3857 autem
3220 3814 3270 3855 et
3300 3805 3365 3856 ad
3402 3806 3545 3871 ipsos
3588 3803 3708 3857 fidei
3748 3804 4032 3873 terminos.

774 3914 1091 3985 dignitatem
1121 3905 1507 3977 praeponendo,
1532 3900 1775 3967 singulos
1799 3897 1935 3950 velle
1966 3895 2200 3962 majores
2225 3908 2357 3947 suos

774 4013 918 4063 circa
941 4003 1096 4057 fidem
1118 3999 1340 4053 imitari.
1366 3993 1736 4062 Ignorantittm
1757 3991 1903 4043 enim
1921 3996 2037 4051 est;
2063 3987 2186 4056 quia
2203 3985 2361 4039 Chri-

777 4098 939 4154 stiani
969 4107 1180 4157 omnes,
1224 4102 1502 4155 nunquam
1534 4087 1634 4138 hoe
1660 4085 1836 4149 ipsum
1871 4089 2074 4143 essent,
2105 4092 2359 4146 maguum

780 4202 831 4242 ct
861 4183 1307 4241 honestissimum
1358 4192 1580 4239 nomen,
1622 4182 1676 4228 et
1724 4188 1831 4237 res,
1868 4172 1911 4224 si
1942 4170 2226 4239 dignitatis
2273 4184 2364 4222 sa-

778 4282 1037 4349 pientiam
1064 4276 1311 4330 scissent.
1333 4268 1465 4322 Huic
1480 4269 1623 4320 enim
1648 4268 2032 4334 obsequentes,
2053 4262 2217 4331 liquet
2235 4263 2364 4329 quia

781 4387 1059 4442 nunquam
1093 4384 1189 4435 pro
1229 4366 1494 4431 majorum
1535 4360 1639 4413 fide
1678 4357 2063 4419 idololatriam,
2104 4356 2183 4409 vel
2208 4356 2364 4420 alias,

779 4462 1192 4537 quomodolibet
1221 4468 1443 4511 ottortas
1481 4455 1740 4516 hrereses,
1778 4466 1877 4519 pro
1908 4451 2138 4502 veritate
2207 4462 2364 4499 com-

2464 3898 2861 3965 Scripturzeque
2888 3910 2948 3948 ac
2982 3905 3289 3947 sanctorum
3318 3894 3687 3962 magisterium
3749 3891 4033 3957 impuden-

2466 4000 2543 4042 tes
2580 3987 2731 4052 fiunt,
2763 4002 2887 4040 cum
2930 3986 3133 4039 scilicet
3158 3985 3224 4038 ab
3279 3984 3386 4037 illis
3458 3994 3805 4053 urgeantur:
3868 3998 4039 4049 neque

2466 4079 2733 4145 principio
2773 4077 3095 4144 intelligant,
3143 4078 3271 4145 quid
3307 4077 3507 4138 velint,
3580 4074 3889 4145 hujustnodi
3943 4091 4041 4126 au-

2470 4181 2573 4225 tem
2597 4169 3031 4224 cavillationibus
3058 4184 3154 4237 pro
3186 4167 3441 4236 suffugio,
3469 4177 3523 4219 et
3544 4166 3869 4219 diverticulo
3884 4176 4042 4217 utan-

2470 4273 2556 4315 tur
2593 4262 2754 4331 sepia:
2780 4262 2830 4314 in
2857 4275 3061 4313 morem
3097 4276 3237 4327 quae,
3270 4269 3326 4311 ut
3360 4259 3656 4327 piscatores
3706 4257 3931 4325 effugiat
3991 4267 4046 4311 et

2470 4354 2654 4418 lateat,
2686 4363 3048 4407 atramentum
3078 4362 3203 4403 ante
3226 4366 3287 4403 se
3319 4350 3508 4403 vomit.
3540 4348 3647 4415 Ipsi
3686 4357 3871 4402 tamett
3921 4364 4067 4409 cum,

2472 4448 2672 4516 aliquid
2718 4448 2896 4499 dicere
2939 4442 3106 4496 videri
3151 4443 3358 4501 volunt,
3396 4442 3449 4493 in
3506 4440 3706 4509 angulo
3726 4455 3856 4493 suos
3916 4440 4046 4491 alio—

782 4531 1106 4618 mutassent,
1134 4568 1269 4619 quas
1287 4549 1476 4602 Patres
1504 4548 1716 4599 illorum
1737 4542 1908 4596 secuti
1938 4549 2142 4595 essent.
2163 4538 2363 4594 Vermn
2396 4536 2447 4595 D
2476 4536 3134 4607 quentes,obliviscuntur
3164 4533 3383 4602 quidem
3446 4533 3681 4600 regulas,
3746 4545 3880 4599 quas
3928 4531 4046 4583 aliis

784 4658 891 4720 his,
922 4655 996 4708 illi
1027 4649 1429 4706 valefacientes,
1454 4642 1678 4696 Christo
1720 4637 1959 4707 adjuncti
1990 4645 2138 4689 sunt.
2166 4633 2371 4701 Nempe

781 4750 926 4803 enim
958 4756 1011 4799 et
1042 4745 1259 4797 beatum
1294 4737 1589 4805 culpabant
1625 4731 1876 4793 Paulum,
1912 4729 2059 4796 quod
2102 4742 2207 4779 non
2248 4741 2374 4777 um-

785 4842 895 4893 bra:
925 4836 1058 4905 legis
1086 4832 1358 4891 assidens,
1395 4824 1671 4895 Evangelii
1705 4830 2026 4892 perseeutor
2093 4831 2214 4871 esse
2249 4830 2372 4882 per-

785 4933 1011 4989 stiterit.
1038 4931 1098 4981 Et
1126 4927 1253 4981 illud
1276 4922 1435 4977 simul
1464 4925 1741 4980 asserunt,
1776 4930 1885 4969 non
1912 4922 2165 4984 Oportere
2220 4911 2379 4965 Occi-

790 5025 1057 5086 dentales,
1082 5020 1312 5084 omisso,
1340 5014 1484 5085 quod
1534 5012 1744 5074 dicunt,
1770 5008 1838 5062 de
1891 5014 2082 5060 sancto
2142 5003 2375 5069 Spiritu,

793 5123 875 5174 his
904 5113 1156 5171 assentiri
1188 5112 1416 5169 debere,
1451 5119 1571 5174 qua:
1595 5105 1853 5155 dicuntur
1884 5101 1951 5152 ab
2000 5097 2154 5166 ipsis.
2218 5094 2375 5148 Unde

792 5211 938 5267 enim
967 5208 1085 5261 istis
1117 5201 1449 5273 persuadere
1478 5204 1736 5266 poterunt
1790 5192 1981 5245 eadem
2044 5206 2153 5257 prie
2189 5202 2246 5241 se
2306 5186 2384 5238 fe-

798 5303 1085 5365 rentibus;
1135 5296 1408 5366 quomodo
1438 5301 1494 5346 et
1566 5287 1877 5343 infidelibus
1902 5285 1967 5338 de
2015 5282 2219 5336 Christi
2281 5278 2385 5332 fide

799 5396 1117 5463 loquentur,
1155 5386 1249 5457 qui
1295 5383 1675 5439 infidelitatem
1705 5394 1732 5431 a
1771 5376 2070 5439 majoribus
2094 5373 2208 5425 suis
2232 5383 2388 5423 accc-

800 5491 997 5556 perunt
1026 5484 1048 5536 ?
1091 5482 1147 5535 Si
1187 5479 1348 5549 igitur
1375 5475 1501 5529 talia
1526 5481 1755 5544 possunt
1781 5471 1846 5523 ad
1874 5468 2104 5522 invicem
2131 5464 2390 5531 utrinque

802 5577 1071 5641 conversi,
1098 5573 1224 5645 quid
1251 5569 1463 5625 roboris
1487 5566 1708 5622 habebit
1728 5565 1969 5633 ipsorum
1999 5559 2175 5615 ratio?
2200 5556 2392 5611 Nonne

801 5685 932 5739 ergo
964 5669 1137 5737 magis
1162 5666 1469 5737 proprium,
1495 5672 1548 5715 et
1574 5659 1708 5714 utile
1734 5664 1840 5719 est,
1875 5654 2096 5710 omissis
2120 5649 2392 5719 anticipa-

806 5762 1047 5815 tionibus
1078 5758 1356 5822 omnibus,
1381 5756 1670 5809 veritatem
1726 5749 1927 5817 ipsam,
1953 5761 2050 5815 per
2114 5759 2171 5799 se
2222 5744 2392 5810 ipsam

806 5858 951 5912 omni
983 5854 1165 5910 studio
1206 5861 1259 5908 et
1289 5866 1419 5907 cura
1448 5845 1747 5915 indagare?
1780 5843 1831 5898 Id
1860 5858 1993 5898 sane
2028 5840 2266 5895 virorum
2288 5847 2383 5905 est,

2476 4632 2575 4700 ipsi
2628 4636 2949 4699 posuerunt,
2984 4642 3083 4681 ceu
3136 4626 3434 4691 sapientiae,
3475 4624 3745 4691 iactantes
3795 4624 3956 4676 fanda
3995 4634 4051 4676 et

2476 4722 2718 4785 infanda,
2739 4730 2793 4774 et
2816 4735 2933 4789 qua“:
2960 4733 3122 4788 supra
3146 4717 3400 4780 diximus,
3428 4727 3481 4769 et
3503 4718 3743 4770 scribunt
3769 4726 3819 4767 et
3844 4717 4049 4767 diettnt.

2550 4814 2733 4880 Atqui,
2768 4813 2811 4866 si
2853 4810 3068 4879 quidem
3124 4823 3337 4862 omnem
3397 4807 3661 4860 rationem
3694 4806 4051 4876 rejiciendam

2479 4906 2835 4970 arbitrantur,
2879 4901 3138 4973 quodque
3176 4909 3377 4969 praeter
3432 4900 3701 4952 rationem
3735 4911 3837 4961 est,
3884 4896 4056 4950 Stltiti-

2483 4999 2657 5069 piunt,
2682 4998 2809 5067 quid
2838 4996 3051 5049 tandem
3083 5008 3215 5048 suos
3242 4992 3377 5047 istos
3398 4992 3561 5047 etiam
3595 5001 3799 5059 septem
3833 4988 4060 5055 Sapien-

2488 5093 2629 5145 tibus
2662 5088 2974 5159 prmferunt,
2996 5087 3191 5153 quibus
3216 5085 3560 5139 conferentes
3589 5093 3837 5144 caeteros,
3875 5080 4057 5133 ludum

2485 5200 2607 5239 esse
2659 5196 2948 5252 puerorum
2996 5182 3206 5244 dicunt,
3268 5178 3571 5245 quibusque
3628 5189 3819 5228 omnes
3870 5173 4064 5225 cedere

2490 5275 2713 5329 volunt?
2774 5274 2828 5327 Si
2891 5272 3037 5326 enim
3094 5285 3158 5322 ex
3192 5268 3407 5321 illorum
3467 5266 3735 5334 sapientia
3793 5262 4061 5322 nituntur,

2492 5370 2694 5439 plures,
2749 5378 2911 5435 atque
2968 5364 3351 5433 sapientiores,
3400 5359 3493 5428 qui
3545 5359 3625 5411 eis
3682 5357 4064 5415 adversantur,

2494 5464 2660 5516 fuisse
2720 5458 3080 5526 competient.
3132 5455 3387 5509 Profecto
3437 5452 3581 5506 enim
3632 5445 4068 5504 Occidentalium

2494 5555 2758 5625 sapientia
2792 5553 3019 5605 excellet
3050 5567 3064 5603 :
3110 5550 3153 5603 si
3186 5560 3367 5600 autem
3402 5546 3544 5613 quod
3579 5544 3797 5611 sapiens
3845 5548 3899 5593 et
3950 5552 4070 5589 cum

2499 5649 2706 5703 ratione
2738 5654 2845 5705 est,
2878 5652 2931 5695 et
2961 5640 3063 5709 ipsi
3097 5637 3423 5706 suscipiunt,
3455 5643 3616 5703 atque
3659 5632 3779 5685 ideo
3811 5629 3877 5683 de
3920 5625 4072 5681 Scri-

2500 5740 2678 5811 pturis
2727 5737 3056 5807 persuadere
3087 5740 3359 5787 conantur
3397 5746 3413 5783 ε
3458 5740 3795 5796 nequaquam
3841 5736 3935 5776 eos
3982 5717 4075 5787 qui

2505 5851 2687 5891 secum
2732 5833 3029 5892 disserunt,
3068 5827 3306 5897 abjieet'e
3335 5821 3625 5879 debebunt.
3662 5834 3797 5887 quos
3827 5815 3901 5881 id,
3929 5812 4073 5882 quod
