4472 6434
476 371 574 435 221

1568 376 1970 439 ADVERSUS
2003 381 2316 440 GR/ECOS
2351 381 2498 441 LIB.
2539 383 2641 441 IV.

3604 381 3707 439 ‘2?!

479 483 774 538 secundum
805 482 1065 535 rationem
1092 497 1156 536 ex
1198 481 1281 535 his
1309 496 1427 549 quae
1457 496 1713 537 concessa
1748 496 1897 549 sunt,
1927 487 2043 555 plu-
2072 490 2121 548 Α
2146 503 2238 541 eos
2264 490 2522 542 adversus
2551 489 2705 541 fidem
2732 488 2966 540 validum
2992 496 3179 540 contra
3215 488 3669 551 inferreargumis
3694 530 3707 549 .

481 574 630 625 ribus
653 587 714 623 ex
752 570 995 639 partibus
1026 570 1291 637 sequitur.
1322 568 1435 621 Non
1472 569 1613 619 enim
1642 569 1722 623 his
1757 571 1917 624 licere
1939 573 2040 624 sibi

480 664 555 714 nti
591 663 794 725 dicent,
830 660 949 712 aliis
986 675 1111 713 vero
1145 674 1249 711 non
1287 658 1468 713 itidem
1502 657 1704 712 licere:
1734 663 1877 729 quod
1911 662 2045 713 irra-

483 753 812 805 tionabiliter
840 750 1277 803 distribuentium
1311 759 1413 803 est.

550 866 938 920 Conleslatltur
978 874 1158 917 autem
1218 874 1269 917 et
1308 867 1496 919 Arium
1548 874 1603 919 et
1652 864 1769 933 ejus
1817 862 2040 925 similes,

488 958 699 1024 quoties
730 970 824 1008 eos
855 955 995 1007 ratio
1022 952 1315 1020 defecerit;
1353 954 1519 1009 fuisse
1580 955 1797 1025 quidem
1834 970 1926 1008 eos
1958 969 2045 1007 sa-

486 1048 688 1117 pientia
725 1047 989 1112 insignes,
1036 1046 1173 1097 ultra
1223 1056 1437 1099 sanctos
1468 1061 1676 1104 omnes.
1725 1056 2046 1110 asserentes,

485 1141 578 1193 sed
612 1139 776 1190 veluti
814 1138 1097 1191 hzereticos
1118 1137 1186 1190 ab
1216 1138 1454 1191 Ecclesia
1486 1138 1686 1206 eiectos
1718 1137 2047 1201 inferentes;

486 1231 726 1294 nihilque
754 1230 947 1281 mirum
982 1238 1087 1289 est,
1131 1230 1175 1281 si
1209 1230 1329 1295 quis
1357 1213 1571 1294 sapiens
1608 1243 1728 1281 cum
1774 1229 1862 1286 sit.
1907 1227 2050 1278 aliud

490 1320 719 1389 aliquid,
751 1329 944 1384 prater
982 1319 1031 1370 id
1083 1319 1224 1385 quod
1278 1318 1378 1386 ipsi
1416 1318 1623 1378 volunt,
1656 1319 1722 1370 de
1764 1318 1867 1370 ﬁde
1894 1316 2048 1370 dicit.

489 1404 554 1456 Et
609 1406 782 1466 ipsum
849 1405 995 1457 enim
1048 1404 1399 1457 nihilominus
1460 1414 1678 1472 propter
1733 1407 2052 1473 sapientiam

489 1494 659 1548 fuisse
709 1494 1048 1547 damnatum.
1086 1492 1211 1548 llaec
1260 1502 1439 1547 autem
1488 1495 1752 1555 dicentes,
1806 1496 2054 1548 doctores

489 1588 769 1654 ambiguos
807 1575 1037 1639 faciunt.
1094 1584 1223 1638 Nam
1279 1586 1321 1637 si
1361 1585 1595 1638 inﬁdelis
1646 1596 1728 1639 est
1765 1585 2055 1653 sapientia,

490 1677 790 1728 cavendum
829 1675 984 1728 nobis
1012 1685 1117 1738 est,
1148 1688 1213 1727 ne
1235 1674 1510 1743 sapientiae
1530 1688 1691 1727 causa
1725 1674 1827 1727 illis
1853 1675 2057 1727 obtein-

492 1777 746 1835 perantes
794 1768 1069 1830 fallamur,
1123 1777 1177 1823 et
1210 1770 1335 1823 caeci
1390 1784 1563 1823 caecos
1596 1779 1883 1836 sequentes
1916 1785 2055 1839 prte-

493 1858 801 1927 cipitemur,
838 1869 999 1929 atque
1059 1860 1591 1914 irrationabilitatem
1648 1861 1876 1915 rationis
1927 1878 2056 1916 nor-

496 1967 638 2002 mam
673 1962 1041 2012 assumentes,
1070 1967 1165 2020 per
1204 1952 1346 2005 hanc
1372 1952 1536 2006 veluti
1584 1953 1636 2006 in
1665 1955 1901 2008 tenebris
1933 1956 2058 2009 caici

495 2043 1048 2108 oherremus;siihul
1103 2052 1287 2097 autem
1340 2052 1393 2097 et
1418 2053 1607 2098 contra
1658 2053 1877 2099 sanctos
1908 2059 2061 2099 men-

498 2133 727 2186 tinntur.

566 2246 751 2315 Neque
792 2249 934 2300 enim
972 2247 1131 2301 Arius
1176 2256 1229 2300 et
1262 2246 1586 2313 Ennomius,
1626 2256 1682 2301 et
1736 2248 1825 2302 alii
1878 2248 2067 2316 hujus-

501 2324 647 2393 modi
702 2339 899 2393 Basilio
940 2348 998 2394 et
1034 2339 1315 2407 Gregorio,
1352 2348 1405 2393 et
1448 2339 1661 2395 caeteris
1712 2339 2069 2408 sapientiores

501 2430 720 2484 fuerunt
748 2448 761 2485 :
790 2432 903 2499 qui,
936 2430 979 2484 si
1012 2431 1228 2500 quidem
1267 2431 1715 2486 irrationabiliter
1741 2432 2069 2501 persuadere

500 2526 691 2587 velint,
727 2524 849 2592 quis
884 2523 1166 2579 attendere
1197 2523 1490 2594 dignetur?

574 2636 631 2691 Si
668 2646 846 2689 autem
896 2649 990 2690 eos
1034 2646 1215 2690 mente
1265 2643 1317 2690 et
1360 2635 1568 2691 ratione
1600 2635 1877 2705 praeditos,
1910 2644 2073 2705 atque

503 2728 752 2779 eordatos
786 2726 971 2779 dicunt
1005 2737 1057 2781 et
1109 2742 1168 2781 se
1198 2729 1344 2795 ipsos
1389 2730 1695 2781 destruunt.
1725 2726 1877 2782 Unde
1928 2729 2071 2782 enim

505 2819 642 2879 suis,
674 2832 811 2884 quos
843 2818 895 2869 in
931 2817 1193 2886 sapientia
1230 2818 1515 2881 mirantur,
1560 2818 1719 2872 ﬁdem
1772 2820 2071 2873 habendam

508 2920 728 2977 propter
777 2907 916 2961 hanc
965 2907 1250 2962 ostendere
1286 2918 1562 2977 poterunt,
1616 2910 1659 2963 si
1710 2910 2076 2964 communiter

509 3008 768 3067 arguatur
793 2998 1101 3067 sapientia?
1126 3002 1333 3067 Itaque,
1364 3016 1471 3053 non
1504 3000 1673 3068 magis
1697 3010 1885 3055 contra
1920 3002 2073 3066 istos,

508 3102 668 3157 quam
700 3098 886 3142 contra
919 3090 1055 3143 alios
1085 3089 1315 3154 dicetur,
1358 3090 1402 3143 si
1443 3089 1721 3160 sapientia:
1752 3105 1916 3145 causa
1948 3106 2077 3146 con-

510 3178 715 3249 tigerit,
747 3189 803 3232 ut
832 3179 1061 3232 veritate
1092 3179 1445 3235 frustrentur.

584 3291 691 3345 Sed
744 3291 989 3361 profecto
1023 3292 1292 3359 sapientia
1328 3305 1423 3360 per
1469 3306 1528 3348 se
1576 3293 1775 3346 malum
1837 3308 1941 3347 non
1975 3302 2077 3347 est.

511 3382 628 3438 Non
660 3386 801 3439 enim
837 3386 881 3439 si
922 3384 1043 3453 quis
1068 3400 1128 3438 ea
1156 3394 1350 3453 prmter
1375 3386 1636 3439 rationem
1668 3400 1799 3440 usus
1826 3398 1928 3447 est,
1969 3386 2080 3453 ipsa

514 3478 775 3529 continuo
813 3476 865 3528 in
895 3479 1051 3542 culpa
1088 3477 1211 3530 erit.
1263 3476 1367 3529 Sed
1416 3490 1591 3544 neque
1628 3476 1716 3530 ille
1749 3476 1964 3545 sapiens
1999 3479 2083 3527 di-

518 3569 725 3620 rendus
786 3578 890 3632 est,
927 3568 1015 3634 qui
1066 3569 1341 3621 mendacia
1379 3568 1655 3637 conﬁngit.
1708 3567 1890 3637 Neque
1939 3569 2081 3621 enim

518 3658 748 3711 scientia
800 3667 961 3726 atque
1014 3657 1316 3726 sapientia;
1364 3660 1458 3713 sed
1510 3669 1722 3722 contra,
1777 3659 1989 3711 inscitia
2034 3666 2086 3710 et

517 3748 849 3817 insipientia,
900 3750 992 3819 qni
1035 3753 1389 3813 mentiuntur,
1423 3759 1648 3803 utuntur
1701 3760 1755 3804 et
1806 3750 1941 3804 alios
1989 3750 2086 3802 fal-

517 3837 637 3891 lunt
671 3856 684 3890 :
723 3839 884 3892 sicuti
926 3854 1099 3907 neque
1144 3841 1478 3909 gubernator
1515 3842 1708 3894 merito
1742 3839 1965 3905 dicitur,
1992 3841 2085 3910 qui

521 3947 711 3987 navem
756 3932 1013 4001 perdidit,
1047 3946 1224 4001 neque
1258 3932 1521 3996 medicus,
1547 3936 1637 4002 qui
1688 3933 1961 3987 infirmum
1997 3949 2089 4001 pc-

522 4025 701 4079 remit.
754 4024 942 4092 Neque
972 4024 1115 4078 enim
1167 4035 1430 4094 quantum
1483 4027 1820 4093 gubernator
1846 4035 1951 4089 est,
2007 4026 2092 4081 vel

521 4116 780 4178 medicus,
811 4116 905 4168 sed
942 4113 993 4167 in
1032 4122 1295 4182 quantum
1334 4114 1541 4182 peritire
1572 4129 1683 4168 sua:
1714 4130 1901 4167 norma
1950 4127 2092 4170 uter-

522 4220 626 4274 que
663 4205 883 4268 excidit,
941 4206 1082 4258 istnd
1134 4205 1421 4275 contingit.
1464 4202 1579 4258 Non
1636 4215 1815 4259 tamen
1878 4218 2096 4275 prepter

523 4298 845 4366 imperitiam
878 4312 1091 4360 eorum,
1139 4299 1252 4351 sive
1305 4298 1589 4363 malitiam,
1621 4297 1704 4350 Vel
1747 4298 2092 4367 gubernatio,

524 4391 606 4444 vel
642 4391 907 4444 medicina
944 4404 1039 4459 per
1074 4404 1133 4443 se
1190 4390 1387 4441 malum
1438 4398 1544 4442 est.
1602 4388 1772 4443 Nemo
1803 4390 1949 4442 enim
2002 4405 2096 4459 per

2145 580 2302 632 sicuti
2353 579 2623 645 prioribus
2660 580 2991 642 temporibus
3028 580 3234 644 antiqui
3291 579 3545 631 Ecclesiae
3597 598 3709 631 nm-

2146 670 2295 737 gistri
2331 668 2629 726 faciebant;
2669 670 2868 737 quippe
2897 671 3045 731 juxta
3075 682 3322 732 magnum
3358 669 3613 719 Basilinm
3661 671 3709 720 in

2146 760 2479 824 expositione
2523 772 2685 823 super
2730 757 2917 810 lsaiam
2970 775 2981 808 :
3028 756 3209 807 Murus
3257 765 3334 808 est
3384 757 3713 822 dogmatibus

2148 849 2339 899 nostris
2388 859 2614 901 exierant
2656 849 2929 913 sapientin'
2982 849 3092 908 vis,
3142 863 3245 899 non
3301 864 3360 898 ea
3416 850 3714 911 permittens

2148 941 2433 992 volentibus
2485 940 2666 1006 facilia
2724 941 2791 991 ad
2850 939 3159 1006 capiendum
3238 954 3299 989 ac
3363 938 3716 1004 diripiendum

2150 1033 2286 1099 ﬁeri.

2224 1144 2323 1209 Qui
2381 1144 2691 1213 huiusmodi
2730 1154 2808 1198 est
2839 1183 2850 1204 ,
2902 1156 3180 1211 nunquam
3234 1150 3454 1209 propter
3508 1139 3719 1203 sapien-

2156 1236 2309 1298 tiam,
2344 1252 2530 1289 norma
2564 1236 2840 1301 sapientiae
2874 1243 3179 1286 sanctorum
3216 1232 3267 1283 in
3302 1232 3496 1283 divinis
3543 1241 3719 1289 utens,

2157 1334 2214 1375 ut
2262 1325 2529 1377 mentiens
2583 1324 2787 1390 culpari
2844 1324 3042 1389 poterit
3080 1339 3092 1373 :
3147 1320 3381 1385 alioquin
3420 1328 3474 1370 et
3519 1318 3635 1369 illos
3668 1329 3723 1369 nt

2157 1421 2505 1478 corruptores
2534 1427 2636 1464 una
2665 1412 2964 1478 ejiciemus.
3017 1410 3125 1461 lloc
3156 1409 3297 1460 enim
3326 1408 3497 1473 ipsum
3536 1407 3720 1456 Arium

2159 1501 2400 1555 Ecclesia
2433 1501 2661 1569 expulit.
2694 1502 2833 1568 quod
2889 1500 3116 1565 plurima
3175 1512 3235 1549 ex
3288 1497 3392 1558 his,
3426 1511 3541 1560 qua!
3579 1494 3727 1546 Scri-

2159 1606 2333 1660 ptura:
2380 1595 2705 1646 auctoritate
2752 1600 2805 1643 et
2852 1590 2956 1642 ﬁde
2991 1603 3250 1642 concessa
3287 1598 3433 1649 sunt,
3483 1585 3723 1649 subjecta

2163 1684 2329 1752 ipsius
2361 1684 2750 1753 propositione,
2787 1681 3134 1733 tollebantur.

2230 1794 2332 1849 llic
2384 1806 2588 1855 autem,
2643 1802 2701 1845 ut
2744 1802 3022 1843 ostensum
3082 1796 3185 1848 est,
3226 1786 3356 1839 nihil
3418 1784 3725 1854 hnjnsmodi

2162 1884 2446 1949 contingit.
2479 1883 2575 1948 Qui
2610 1882 2751 1933 enim
2790 1894 2853 1933 ex
2882 1878 2998 1932 solo
3029 1877 3186 1929 Patre
3220 1877 3508 1942 procedere
3544 1875 3732 1926 dicunt

2164 1976 2423 2045 Spiritum
2456 1982 2724 2030 sanctum.
2777 1984 2871 2023 eos
2925 1970 3129 2030 omnia,
3159 1978 3350 2034 prteter
3396 1964 3730 2030 Scriptuiain

2166 2083 2229 2121 ac
2262 2076 2574 2122 sanctorum
2627 2064 2912 2122 rationem,
2950 2070 3268 2128 sequuntur.
3308 2057 3408 2121 Qui
3445 2068 3624 2108 autem
3667 2073 3734 2109 rx

2168 2170 2421 2225 utroque,
2472 2155 2723 2209 videlicet
2779 2168 2842 2207 ex
2894 2152 3053 2204 Patre
3092 2166 3183 2218 per
3226 2148 3421 2201 Filium
3475 2148 3734 2209 fatentur,

2165 2264 2256 2305 eos
2283 2248 2464 2302 omnia
2489 2246 2785 2301 secundum
2820 2244 3082 2297 rationem
3114 2242 3293 2310 sequi,
3319 2243 3734 2308 remprohatnr;

2168 2358 2287 2397 cum
2327 2354 2503 2409 neque
2560 2336 2759 2405 aliquid
2799 2351 2863 2390 ex
2920 2334 3214 2403 suppositis
3268 2332 3509 2391 tollatur,
3567 2344 3741 2396 neque

2169 2434 2460 2487 absurdum
2521 2429 2740 2498 aliquod
2803 2425 3202 2500 introducatur.
3260 2424 3326 2474 At
3386 2422 3475 2473 ille
3519 2421 3741 2487 quidem

2172 2524 2391 2580 minime
2422 2522 2500 2575 vel
2530 2521 2795 2575 catholico
2830 2516 3232 2583 universaliqne
3274 2514 3508 2568 concilio
3566 2511 3745 2563 credi-

2173 2617 2270 2679 dit,
2298 2614 2378 2667 vel
2414 2615 2477 2666 ad
2524 2627 2867 2666 communem
2909 2609 3204 2662 Ecclesiam
3237 2606 3518 2658 attendere
3557 2603 3742 2655 Voluit.

2173 2707 2380 2762 Idcirco
2405 2706 2569 2759 etiam
2614 2702 2884 2771 proiiriam
2920 2701 3229 2767 quamdam,
3281 2706 3473 2762 praeter
3507 2709 3750 2745 commu-

2179 2811 2324 2858 nem,
2357 2797 2495 2847 viam
2545 2793 2624 2846 ire
2669 2793 2879 2854 volens,
2914 2790 3197 2842 hmrcticns
3249 2787 3370 2839 fuit.
3421 2785 3517 2837 llic
3569 2794 3749 2835 autem

2175 2886 2265 2954 qui
2309 2883 2637 2938 Occiilentali
2688 2881 2942 2935 [Sceleste
2976 2881 3233 2938 adhaeret,
3290 2887 3484 2945 ραι-[υτ
3524 2876 3574 2926 id
3610 2875 3748 2940 quod

2177 2974 2430 3029 omnibus
2484 2972 2768 3026 calboliem
2828 2971 3080 3023 Ecclesia:
3142 2970 3413 3033 magistris
3471 2965 3748 3033 congruit,

2181 3065 2471 3118 universali
2520 3066 2681 3116 etiam
2709 3062 2913 3129 synodo
2940 3061 3297 3125 nlllelnpcret,
3330 3060 3379 3108 in
3414 3074 3517 3123 qua
3551 3057 3748 3109 Orien-

2107 3170 2149 3226 (ς
2186 3152 2965 3219 talibus,Occidentalilmsque
2988 3149 3461 3208 convenientibus,
3481 3148 3755 3199 communi

2185 3248 2456 3303 sententia
2492 3245 2771 3299 deﬁnitum
2830 3254 2933 3306 est,
2983 3257 3326 3294 communem
3381 3255 3500 3293 csse
3534 3251 3759 3291 sancto-

2186 3355 2302 3395 l'utn
2340 3338 2579 3390 omnium
2631 3314 2961 3401 opinionem,
3015 3349 3043 3385 a
3098 3330 3256 3386 Patre
3303 3342 3357 3385 et
3407 3330 3541 3382 Filio
3577 3344 3762 3398 proce-

2187 3430 2316 3481 dere
2354 3426 2619 3495 Spiritum
2647 3433 2918 3494 sanclnm,
2954 3422 3360 3487 Ecclesiainque
3404 3423 3451 3471 id
3484 3420 3760 3478 t-onliteii,

2187 3533 2214 3569 a
2250 3532 2352 3586 qua
2381 3515 2523 3570 nulla
2556 3529 2791 3582 unquam
2820 3513 2980 3565 fallax
3027 3518 3091 3566 de
3132 3513 3234 3565 fido
3275 3513 3539 3565 sententia
3580 3524 3763 3560 mana-

2188 3610 2284 3661 vit.

2261 3724 2365 3779 Sed
2406 3740 2470 3777 ne
2515 3723 2714 3776 Basilio
2746 3723 2988 3789 quidem,
3023 3729 3076 3774 et
3124 3719 3386 3787 Gregorio
3440 3715 3767 3782 cmltrrisquc

2190 3819 2459 3873 similibus
2505 3818 2881 3878 crederemus,
2931 3813 3209 3879 sapientia:
3242 3826 3427 3871 causa,
3468 3811 3565 3861 nisi
3619 3823 3769 3875 ρι’-εις

2191 3913 2316 3981 ipsi,
2349 3910 2619 3965 lrereticis
2653 3910 2775 3962 aliis
2810 3908 2912 3960 alia
2965 3905 3290 3967 dicentibus,
3325 3901 3632 3968 huiusmodi
3670 3900 3772 3952 Ε(-

2193 4005 2368 4059 clesia:
2413 4002 2549 4056 uniti
2584 4011 2788 4061 essent,
2830 4010 2993 4067 atque
3046 4014 3072 4050 a
3115 3996 3398 4050 catholicis
3445 3995 3667 4064 synodis
3706 3992 3773 4043 ab

2194 4116 2255 4156 ea
2288 4098 2626 4169 congregatis
2660 4097 2872 4166 probati
2920 4094 3180 4154 fuissent,
3214 4101 3377 4158 atque
3408 4092 3471 4142 ad
3500 4092 3619 4142 illos
3651 4100 3772 4142 tan-

2195 4206 2358 4262 quam
2398 4190 2642 4243 vel'ilatis
2674 4188 2989 4256 magistros,
3045 4183 3287 4237 Ecolesia
3340 4182 3621 4248 dirigeret.
3668 4180 3774 4231 Sed

2201 4297 2377 4353 neque
2413 4291 2632 4335 sanctos
2659 4293 2754 4333 eos
2799 4288 3133 4344 putaremus,
3171 4274 3214 4326 si
3250 4280 3441 4326 contra
3475 4271 3619 4323 illam
3653 4285 3777 4322 cum

2200 4378 2322 4431 aliis
2376 4375 2801 4429 reluctarentur.

522 4485 626 4539 ista
668 4495 999 4537 servaretur.
1060 4481 1229 4551 Igitur
1276 4498 1375 4537 nec
1424 4481 1690 4550 sapientia
1732 4492 1950 4552 propter
2002 4496 2097 4535 eos
2134 4499 2172 4551 ι)
2273 4490 2379 4544 Eos
2410 4489 2551 4541 cui...
2586 4487 2678 4555 qui
2713 4501 2810 4552 per
2852 4483 2904 4538 id
2955 4482 3217 4550 temporis
3266 4480 3338 4534 illi
3371 4494 3475 4531 non
3506 4479 3784 4542 obtempe-

524 4579 616 4646 qui
655 4577 740 4630 illa
774 4579 1093 4638 abutuntur,
1120 4576 1319 4628 malum
1354 4588 1466 4639 CSt;
1498 4590 1657 4628 nemo
1688 4576 1830 4627 enim
1866 4589 1990 4627 vera
2019 4574 2097 4627 di-

527 4678 696 4729 ceret,
743 4667 962 4735 sapiens
990 4667 1078 4736 qui
1120 4676 1303 4732 esset;
1362 4665 1433 4719 ita
1489 4675 1541 4720 et
1574 4679 1766 4721 omnes
1818 4665 2108 4742 theologos

528 4759 743 4813 mentiri
786 4758 1113 4813 diceremus.

596 4851 781 4919 Itaque
808 4850 850 4903 si
884 4852 1007 4919 quis
1038 4850 1224 4904 modos
1250 4850 1540 4904 verborum
1579 4862 1641 4902 ac
1674 4862 1855 4902 rerum
1893 4848 2102 4912 sciens,

528 4952 690 5012 utque
730 4958 781 4995 In
814 4941 924 4995 Deo
953 4942 1098 4995 aliud
1134 4943 1352 5011 quidem
1391 4942 1662 4995 ineffabile
1692 4949 1794 5007 est,
1824 4943 1963 4995 aliud
1999 4957 2102 4995 non

532 5038 637 5101 ita;
673 5036 825 5103 juxta
879 5033 1271 5087 Damascenum
1326 5034 1493 5095 enim,
1530 5047 1705 5100 neque
1747 5033 1926 5085 omnia
1980 5042 2108 5085 sunt

533 5127 847 5190 inefTabilia,
884 5139 1057 5193 neque
1080 5124 1261 5178 omnia
1285 5123 1544 5185 cll'abilia,
1581 5138 1954 5192 concessaque
1983 5123 2104 5177 ﬁdi-i

532 5220 797 5289 principia
825 5231 1156 5286 supponcns,
1193 5216 1322 5285 quid
1353 5216 1455 5269 hoc
1484 5217 1791 5285 Supposito,
1826 5225 2109 5283 sequatur,

532 5313 663 5384 quid
701 5311 1000 5373 auferatur,
1040 5309 1281 5379 inspicit,
1312 5316 1365 5364 et
1401 5308 1564 5363 infert
1598 5308 1877 5377 sequentia
1907 5306 2110 5376 princi-

536 5409 639 5476 piis
698 5418 957 5459 consona.
1002 5405 1076 5457 At:
1136 5404 1294 5455 ﬁdem
1347 5403 1564 5470 quidem
1602 5400 1843 5456 externis
1896 5414 2112 5469 quoque

537 5499 841 5554 rationibus
889 5496 1103 5552 ostendi
1155 5511 1334 5567 posse.
1382 5495 1644 5561 conﬁdit,
1694 5494 1865 5549 solam
1929 5504 2110 5546 autem

536 5602 761 5665 propter
828 5591 1236 5655 revelationem,
1299 5601 1725 5657 sanctorumque
1780 5588 2110 5655 theologiam

535 5686 744 5749 credit;
780 5683 1181 5754 pliii050phiam
1206 5698 1334 5737 vero
1360 5682 1519 5736 veluti
1545 5683 1800 5736 ancillam
1830 5682 2112 5749 theologia:

537 5778 802 5849 adiungit,
855 5792 919 5832 ac
949 5779 1204 5847 pcrhanc
1256 5776 1449 5833 refutat
1483 5776 1939 5842 Calumniatorcs;
1978 5775 2107 5826 nihil

2207 4590 2461 4636 raverunt
2513 4580 2627 4632 sive
2677 4576 3171 4636 contradixerunt,
3225 4582 3599 4625 exsecramur.
3666 4565 3783 4617 Non

2206 4675 2387 4740 itaque
2418 4672 2593 4725 solum
2646 4677 2858 4735 oportet
2904 4681 3023 4718 esse
3080 4665 3407 4732 sapientem.
3457 4657 3570 4711 Nisi
3608 4656 3786 4707 adsint

2206 4775 2422 4829 extera,
2454 4777 2508 4817 et
2540 4760 2915 4830 principaliter
2953 4755 3205 4809 Ecclesia:
3239 4754 3498 4819 dogmata
3530 4750 3789 4831 confitea-

2212 4869 2318 4921 tur,
2383 4853 2782 4924 quantumlibet
2834 4850 3067 4919 quisque
3123 4847 3194 4898 sit
3261 4845 3507 4912 sapiens,
3573 4842 3783 4894 delirat.

2211 4952 2435 5020 Oportet
2477 4948 2619 5001 enim
2660 4943 2954 5020 Ecizlesiam
3004 4939 3253 4994 stabilem
3304 4951 3521 5002 semper
3558 4935 3610 4986 in
3649 4932 3791 4983 veri-

2216 5053 2323 5096 tate
2351 5042 2671 5099 consistere,
2700 5038 2751 5090 id
2776 5053 2861 5101 gue
2898 5050 2964 5088 ex
3010 5032 3094 5086 bis
3125 5046 3244 5100 qua:
3278 5029 3350 5080 illi
3388 5038 3511 5079 ante
3551 5026 3790 5090 contigv-

2216 5139 2363 5192 runt,
2388 5128 2820 5194 comprobatur;
2873 5125 3031 5191 eique
3071 5136 3248 5187 opera:
3297 5116 3531 5185 pretium
3571 5126 3653 5165 est
3697 5114 3791 5164 ob-

2219 5229 2545 5286 temperare.
2626 5217 2797 5269 Aliter
2864 5216 3007 5267 cnim
3079 5212 3349 5263 incertum
3414 5216 3596 5261 esset.
3670 5205 3795 5269 quis

2218 5300 2543 5378 sapientium
2593 5321 2717 5359 vera
2771 5312 3220 5373 prosequeretur,
3280 5299 3384 5349 nisi
3425 5295 3477 5347 id
3531 5292 3792 5361 subjicia-

2220 5409 2329 5463 tur,
2364 5398 2665 5452 Erclesiam
2699 5410 2911 5463 semper
2945 5391 3260 5447 necessario
3289 5387 3573 5440 veritatem
3602 5384 3794 5450 sequi;

2221 5505 2385 5562 atque
2449 5492 2585 5545 hanc
2647 5491 2896 5559 ainbigna
2982 5485 3163 5539 omnia
3230 5484 3567 5541 discernere,
3636 5484 3801 5544 atque

2223 5586 2475 5641 delinire.

2856 5670 2927 5723 De
2959 5669 3182 5739 azymis.

2293 5768 2517 5822 Plurimi
2560 5784 2687 5822 vero
2716 5768 2779 5819 de
2828 5766 3033 5833 azymis
3064 5764 3223 5817 ctia-n
3275 5756 3571 5813 Ecelesiain
3630 5753 3679 5805 in
3714 5748 3799 5816 jus
