4472 6434
766 383 873 445 2'23

2021 395 2421 457 MANUELIS
2444 394 2745 454 CALECrB

3806 341 4011 451 ἰιι

776 505 996 555 ll‘altunt
1044 502 1182 568 (85),
1237 503 1303 555 de
1339 503 1537 571 quibus
1570 521 1635 559 ne
1676 506 1823 573 loqui
1872 508 2086 575 quidem
2120 510 2341 578 dignum
2375 515 2418 570 Α
2446 525 2568 563 cum
2600 521 2746 564 esset
2776 510 3104 578 prohibitum
3134 508 3357 574 Judaeis,
3382 517 3535 563 extra
3562 508 3835 563 civitatem
3859 522 4011 563 suam

772 600 875 655 est,
913 592 978 645 ad
1016 608 1110 645 eos
1168 595 1465 659 praesertim
1503 595 1596 661 qui
1651 596 1905 663 ignorant
1956 595 2229 652 Ecclesias
2275 599 2341 650 ab

769 682 922 733 initio
952 696 1166 747 semper
1197 697 1255 734 se
1294 683 1366 735 ita
1419 684 1699 746 habuisse,
1740 696 1796 738 ut
1844 685 2085 741 Orientis
2132 688 2343 740 scilicet

771 771 1010 823 lit-clesia
1076 772 1456 836 fermentatis,
1513 775 1825 828 Occidentis
1886 787 2068 830 autem
2132 779 2343 846 azymis

768 862 1108 912 sacrificaret
1142 877 1155 912 :
1191 864 1444 928 quodque
1482 864 1547 915 ad
1582 865 1825 931 mysterii
1856 865 2109 918 virtutem
2138 878 2345 920 utrum-

770 965 874 1014 que
917 950 1058 1001 idem
1090 950 1252 1003 valet.
1281 951 1507 1004 Constat
1549 954 1693 1004 enim
1724 970 1787 1006 ex
1823 956 1989 1007 tritici
2019 956 2342 1017 substantia,

770 1055 836 1091 ex
884 1057 992 1106 quo
1042 1042 1181 1105 solo,
1219 1044 1524 1107 subjectum
1561 1045 1693 1098 illud
1727 1048 1898 1115 accipi
1951 1062 2173 1100 necesse
2215 1056 2297 1100 est
2330 1063 2342 1097 :

772 1132 1136 1200 Sabatorque
1160 1144 1348 1187 noster
1371 1138 1667 1189 secundum
1700 1138 1869 1208 legem
1899 1141 2079 1193 omnia
2109 1140 2342 1193 faciens:

774 1222 897 1275 Non
949 1225 1089 1285 veni,
1138 1224 1332 1292 inquit,
1377 1227 1541 1292 legem
1577 1230 1793 1289 solvere,
1830 1230 1918 1281 sed
1956 1231 2241 1296 adimplere
2270 1231 2345 1293 ’7;

769 1327 826 1369 et
861 1332 874 1367 :
913 1314 1069 1367 Decet
1098 1333 1189 1368 nos
1224 1316 1437 1381 implere
1473 1334 1677 1370 (mntem
1715 1319 1990 1387 justitiam
2019 1321 2097 1381 ἐς
2131 1330 2348 1389 oporte-

774 1405 865 1454 bat
905 1413 963 1455 ut
1007 1403 1212 1456 eisdem
1268 1405 1318 1457 in
1356 1406 1514 1471 legali
1566 1406 1770 1460 l’ascha
1822 1418 2071 1463 uteretur
2120 1412 2347 1480 azymis,

772 1495 984 1547 scilicet
1014 1494 1171 1559 juxta
1220 1496 1561 1549 traditionem
1614 1498 1765 1566 legis,
1812 1514 1932 1565 qua:
1965 1501 2197 1553 sublatis
2236 1502 2348 1555 fer-

776 1586 1049 1646 mentatis,
1071 1601 1260 1655 azyma
1286 1599 1396 1639 tum
1422 1589 1749 1655 apponebat.
1780 1588 1852 1642 Ex
1882 1592 2079 1659 quibus
2103 1592 2349 1659 profecto

774 1674 827 1726 in
860 1675 1049 1727 eadem
1102 1691 1313 1737 mensa,
1353 1678 1672 1746 mysterium
1718 1694 1932 1747 quoque
1976 1683 2056 1735 sui
2108 1684 2352 1750 corporis

772 1764 1070 1818 conficiens
1108 1766 1396 1820 tradidisse
1429 1768 1795 1835 cognoscitur.

2445 599 2650 653 Pascha
2686 599 2887 660 facere.
2936 600 2979 653 si
3014 599 3105 667 qui
3154 598 3491 653 sulemnitati
3537 599 3860 659 defuissent,
3897 607 4016 663 post

2445 690 2583 740 hanc
2639 688 2690 739 in
2740 687 2963 741 civitate
2998 686 3348 739 celebrabant
3398 704 3412 739 :
3467 688 3537 739 ita
3588 697 3642 739 et
3696 686 3779 741 his
3817 687 3906 753 qui
3958 686 4012 739 in

2442 776 2668 830 civitate
2699 786 2855 829 erant
2903 776 3119 829 casibus
3147 775 3475 842 quibusdam
3526 775 3745 829 dilIct-re
3794 775 4013 837 licebat,

2446 866 2606 919 sicuti
2639 866 2857 933 quidam
2894 873 3022 919 tunc
3065 865 3227 918 etiam
3274 865 3521 919 fecerunt
3556 884 3569 918 :
3610 865 3861 934 nequiter
3893 866 4013 931 qui-

2447 958 2591 1017 dem,
2625 958 2751 1024 quia
2794 958 2951 1009 morti
2982 958 3184 1024 justum
3216 956 3414 1024 injuste
3455 958 3749 1018 tradentes,
3783 956 4018 1008 arbitra-

2447 1044 2644 1097 bantur
2677 1045 2911 1099 mundos
2934 1059 2994 1098 se
3021 1044 3223 1098 Pascha
3256 1045 3551 1098 secundum
3586 1046 3752 1113 legem
3789 1048 4022 1096 mandu-

2448 1147 2595 1186 care.
2639 1132 2976 1186 Distulerunt
3016 1141 3218 1195 tamen,
3251 1132 3352 1186 etsi
3386 1131 3766 1185 rationabilem
3802 1144 4019 1185 causam

2449 1224 2675 1276 minime
2707 1224 2993 1276 haberent.

2519 1313 2825 1367 llidiculum
2875 1327 3003 1366 vero
3056 1320 3109 1364 et
3147 1312 3278 1365 illud
3313 1321 3431 1375 est,
3467 1313 3608 1380 quod
3653 1311 3891 1380 quidam,
3927 1326 4023 1378 pa-

2453 1406 2535 1459 nis
2602 1420 2818 1465 nomen,
2869 1404 2958 1471 qui
3017 1403 3203 1458 Graece
3264 1404 3426 1471 ἄρτος
3476 1404 3692 1469 dieitur,
3760 1402 3868 1455 ἀπὸ
3930 1401 4026 1453 τοῦ

2449 1494 2721 1561 αἰρεσοαι,
2750 1495 2801 1546 id
2833 1503 2915 1547 est
2941 1494 3009 1547 ab
3030 1509 3093 1545 eo
3125 1494 3267 1560 quod
3296 1502 3379 1545 est
3407 1494 3583 1545 attolli
3608 1532 3621 1555 ,
3657 1494 3780 1561 quia
3806 1503 4027 1561 propter

2454 1584 2779 1639 fermentum
2833 1582 3116 1649 turgescit,
3171 1582 3377 1635 dictum
3418 1592 3695 1649 putantes,
3777 1596 4026 1650 azymunt

2452 1691 2669 1746 panem,
2703 1674 2827 1743 quia
2864 1674 3135 1727 fermento
3164 1682 3371 1735 careat,
3425 1687 3599 1739 neque
3627 1687 3819 1739 panem
3849 1671 4034 1739 appel-

2454 1768 2553 1820 lari
2597 1766 2801 1819 volunt.
2836 1765 3002 1829 Quasi
3042 1777 3172 1817 vero
3204 1776 3426 1816 necesse
3462 1762 3533 1815 sit
3580 1762 3788 1831 linguas
3818 1776 4028 1826 omnes,

843 1856 998 1920 Quod
1048 1855 1466 1932 Chrysostamns
1506 1874 1719 1929 quoque
1768 1871 2076 1925 attestatur,
2105 1864 2294 1919 dicens
2331 1883 2345 1920 :
2383 1876 2426 1931 Β
2457 1858 2525 1913 ita
2563 1870 2781 1925 quoque
2816 1855 2971 1923 panis
3004 1868 3199 1907 nomen
3230 1852 3502 1905 derivare.

772 1945 839 2000 in
870 1947 963 2000 illa
995 1964 1138 2001 coena
1169 1948 1345 2000 omnia
1372 1964 1487 2001 eum
1514 1950 1801 2003 secundum
1834 1954 1996 2022 legem
2032 1958 2347 2022 patravisse.

775 2038 887 2092 Nisi
914 2040 1059 2092 enim
1090 2038 1387 2093 secundum
1414 2042 1585 2108 legem
1613 2046 1819 2112 azymis
1846 2047 1898 2099 in
1923 2060 2080 2101 caena
2110 2049 2197 2102 illa
2220 2063 2353 2103 usus

773 2138 945 2193 esset,
1003 2142 1033 2180 a
1089 2126 1293 2185 Judzeis
1346 2132 1589 2198 omnino,
1649 2144 1707 2188 ut
1762 2140 2151 2205 praevaricator
2193 2140 2349 2209 legis,

775 2219 1121 2300 insimulatus
1150 2232 1296 2275 esset
1330 2240 1343 2277 :
1391 2221 1532 2275 Nam
1567 2240 1685 2277 cum
1713 2228 1864 2279 multi
1892 2230 2017 2298 falsi
2051 2240 2227 2297 testes,
2265 2232 2353 2285 in-

772 2310 913 2379 quit,
944 2313 1313 2373 surrexissent,
1341 2330 1559 2367 causam
1596 2332 1696 2368 non
1735 2318 2039 2373 invenerunt
2061 2322 2103 2354 ³⁸
2128 2340 2140 2375 :
2168 2323 2355 2375 maxi-

774 2414 861 2454 me
885 2414 1007 2453 cum
1036 2411 1089 2455 et
1116 2403 1355 2469 proditur
1382 2417 1551 2457 cinna:
1578 2405 1650 2457 illi
1679 2406 1988 2472 interesset,
2018 2411 2113 2478 qui
2156 2412 2199 2464 si
2224 2413 2354 2481 quid

775 2491 885 2546 tale
924 2491 1115 2548 fuisset
1150 2494 1467 2557 admissum,
1509 2495 1706 2550 Judreis
1762 2499 1899 2552 clam
1959 2504 2347 2558 renuntiasset.

775 2581 1096 2651 Quanquam
1146 2592 1200 2638 et
1234 2583 1496 2641 Dominus
1537 2588 1610 2640 ait
1661 2604 1675 2640 :
1735 2589 2009 2644 Desiderio
2052 2593 2355 2649 desideraui

774 2676 869 2728 hoc
895 2678 1091 2743 pascha
1128 2679 1445 2730 manducare
1480 2676 1746 2732 vobiscum
1776 2681 1858 2747 ⁵ος
1900 2684 1949 2733 in
1992 2699 2098 2750 quo
2140 2685 2353 2741 scilicet

776 2766 938 2818 etiam
1009 2768 1326 2835 mysterium
1384 2770 1629 2837 corporis
1684 2772 1764 2823 sui
1828 2774 2150 2827 tradendum
2211 2786 2351 2842 erat,

777 2857 1141 2925 pra-dixitque
1172 2858 1394 2911 ubinam
1435 2875 1559 2913 cum
1593 2861 1875 2930 discipulis
1912 2873 2195 2931 oporteret
2226 2881 2352 2921 eum

777 2948 983 3001 l'ascha
1030 2949 1376 3002 manducare.

851 3040 906 3093 Si
940 3050 1118 3092 autem
1158 3042 1355 3109 pascha
1404 3042 1704 3112 legitimum
1744 3045 1865 3109 fuit,
1918 3048 2145 3100 omnino
2192 3048 2357 3102 etiam

776 3131 1033 3201 legitimis
1070 3136 1122 3185 in
1174 3133 1262 3183 illo
1294 3132 1429 3185 cibis
1479 3150 1606 3187 usus
1638 3145 1737 3190 est.
1791 3136 1974 3205 Ncque
2028 3140 2193 3201 enim,
2232 3154 2355 3192 cum

2523 1948 2750 2002 Latinus
2772 1946 2914 2000 enim
2961 1944 3217 2006 fortasse,
3244 1942 3323 1996 vel
3356 1941 3549 1996 Perses
3578 1956 3605 1993 a
3650 1939 4027 1994 confirmando

2452 2043 2611 2113 panis
2640 2054 2831 2093 nomen
2861 2080 2875 2101 ,
2904 2038 3028 2105 quia
3056 2052 3151 2091 cor
3181 2036 3418 2090 hominis
3452 2027 3738 2087 confirmat
3778 2034 3859 2086 vel
3894 2047 4033 2099 quo-

2457 2132 2749 2187 modolihet
2784 2130 2965 2194 aliter,
3015 2144 3044 2181 a
3096 2126 3526 2197 proprietatibus
3563 2127 3731 2193 ipsam
3784 2140 3898 2178 rem
3950 2139 4034 2178 se-

2454 2222 2748 2293 quentibus
2774 2220 3016 2274 deducit.
3055 2218 3111 2272 Si
3146 2228 3324 2271 autem
3361 2226 3415 2271 et
3449 2231 3638 2287 azyma
3671 2231 3764 2270 cor
3794 2215 4031 2268 hominis

2455 2316 2804 2377 confirmant,
2850 2322 2905 2366 et
2938 2312 3053 2379 ipsa
3089 2308 3312 2363 omnino
3340 2310 3496 2377 panis
3538 2308 3754 2361 iiutnine
3783 2307 4030 2361 vocanda

2457 2415 2619 2473 sunt;
2676 2418 2731 2460 et
2780 2403 3087 2471 Scriptura,
3130 2416 3255 2457 cum
3298 2402 3366 2456 de
3398 2402 3530 2471 ipsis
3560 2401 3820 2470 loquitur,
3872 2413 4038 2468 panes

2460 2508 2690 2567 utraque
2714 2497 2969 2563 appellat.

2528 2591 2682 2657 Quod
2713 2591 2919 2645 indicat
2958 2592 3149 2645 beatus
3178 2589 3509 2667 evangelista
3548 2586 3749 2652 Lucas,
3783 2588 3873 2657 qui
3912 2587 4037 2642 Salo

2457 2682 2664 2735 vatoris
2690 2690 2813 2750 post
2845 2682 3302 2735 resurrectionem
3333 2681 3397 2731 ad
3425 2678 3625 2733 Lucatn
3656 2689 3711 2732 et
3738 2679 4039 2748 Cleopham

2460 2773 2514 2825 in
2558 2772 2809 2825 Emmaus
2856 2771 3270 2841 proficiscentes
3319 2771 3645 2824 locutionem
3684 2785 4040 2839 prosequens,

2458 2872 2582 2933 post
2636 2865 2881 2930 qnazdam
2946 2864 3155 2917 infert:
3188 2861 3289 2915 Sed
3333 2879 3449 2915 cum
3491 2863 3570 2914 his
3599 2863 3838 2915 amnibus
3892 2864 4046 2917 hodie

2463 2955 2619 3007 tertia
2654 2954 2767 3008 dies
2799 2964 2896 3015 est,
2945 2971 3045 3023 quo
3079 2956 3195 3015 ipsa
3228 2954 3372 3021 [acta
3403 2964 3519 3005 sunt
3562 2953 3642 3017 “,
3686 2955 3750 3007 de
3796 2954 4047 3022 passione

2460 3046 2665 3100 scilicet
2685 3045 2930 3115 loquens.
2948 3045 3019 3099 De
3050 3045 3152 3098 hac
3175 3045 3318 3097 enim
3345 3058 3524 3097 sermo
3545 3052 3695 3108 erat;
3724 3052 4048 3111 constatque

2465 3138 2592 3207 quia
2627 3138 2743 3191 lucc
2771 3140 2927 3192 tertia
2959 3137 3100 3190 inter
3132 3146 3340 3203 septem
3379 3144 3501 3204 post
3525 3132 3736 3188 Pascha
3773 3136 3888 3188 dies
3922 3134 4046 3195 fuit,

776 3223 955 3274 uiittiia
992 3222 1126 3289 legis
1166 3223 1470 3293 implesset,
1505 3241 1623 3279 eam
1662 3228 1712 3279 in
1758 3227 1963 3281 Pascha
2013 3231 2358 3296 praevaricari
2388 3213 2432 3274 Ο
2468 3227 2520 3281 in
2548 3228 2747 3297 quibus
2773 3227 3073 3282 secundum
3114 3226 3287 3295 legem
3330 3226 3408 3280 eis
3438 3227 3787 3283 interdictum
3818 3234 3935 3278 erat
3966 3225 4045 3278 uti

779 3315 982 3367 del-uit.
1008 3315 1371 3370 Commendat
1404 3318 1502 3371 hoc
1530 3321 1962 3389 etevangelista,
2005 3338 2127 3376 cum
2170 3324 2300 3379 dicit
2343 3344 2357 3378 :

780 3404 961 3458 Prima
1002 3417 1175 3458 autem
1210 3407 1293 3459 die
1331 3409 1653 3476 Asymorunt
1684 3410 1753 3463 “.

848 3493 1028 3548 Prima
1067 3512 1193 3550 vero
1219 3499 1547 3566 Azymurum
1578 3500 1837 3553 solemnis
1871 3512 1988 3555 erat
2020 3517 2083 3557 ac
2135 3503 2359 3574 legitimi

779 3587 1026 3642 Pasch-ae.
1083 3589 1176 3642 Sin
1226 3606 1353 3643 vero
1405 3592 1561 3645 divus
1608 3592 2034 3659 Chrysostmnns
2084 3611 2361 3665 espouens

777 3682 998 3744 primam
1060 3683 1409 3751 Aaymorum,
1474 3698 1595 3737 eam
1663 3701 1783 3754 quae
1845 3689 2114 3756 praecedat
2169 3706 2359 3760 azyma

790 3772 947 3833 dixit,
997 3773 1118 3827 idco
1168 3772 1220 3826 id
1253 3774 1347 3835 ait,
1385 3775 1511 3841 quia
1557 3774 1759 3829 Judaris
1789 3781 2122 3847 consuetudo
2164 3791 2304 3844 erat,
2336 3798 2365 3835 a

781 3877 1009 3928 vespera
1076 3880 1294 3931 Semper
1360 3866 1576 3917 inilittm
1639 3868 1744 3920 diei
1800 3873 2276 3937 computantibus,
2337 3888 2367 3927 e

782 3967 1005 4020 \‘Cspcra
1044 3954 1208 4006 etiam
1250 3953 1654 4009 solemnitatem
1692 3961 2022 4027 Azymornm
2063 3961 2364 4017 inchoare:

778 4060 941 4111 quam
972 4044 1114 4096 cnim
1151 4046 1248 4112 ipsi
1287 4056 1519 4108 noctem,
1552 4059 1757 4117 partem
1794 4051 2054 4116 prmteriti
2082 4052 2185 4106 diei
2218 4069 2370 4107 cem-

781 4147 1058 4202 putamus,
1095 4136 1303 4189 initium
1353 4138 1453 4189 dici
1488 4154 1515 4189 a
1551 4140 1683 4192 solis
1714 4151 1838 4193 ortu
1884 4140 2143 4196 facientes
2169 4182 2183 4206 ,
2228 4144 2369 4200 hanc

784 4227 854 4277 illi
905 4225 1010 4279 dici
1064 4226 1344 4293 sequentis
1394 4228 1605 4281 initium
1638 4240 2001 4299 computant;
2031 4237 2195 4301 quam
2238 4250 2369 4304 ergo

782 4335 879 4372 nus
910 4328 1035 4371 ante
1084 4322 1307 4387 Azyma,
1361 4319 1434 4371 illi
1492 4322 1721 4388 primam
1774 4324 2104 4393 Azytnorum
2156 4325 2368 4379 dicunt.

781 4409 1053 4475 Quocirca
1090 4410 1423 4477 evangelista
1474 4428 1692 4480 quoque
1738 4414 2041 4468 secundum
2075 4428 2369 4471 consaetu-

780 4501 1006 4563 tlinem,
1076 4503 1307 4569 primam
1382 4504 1705 4571 Asymorum
1793 4506 2124 4575 appellavit,
2204 4524 2367 4578 quam

781 4595 1207 4664 Chrysostomus
1274 4608 1399 4652 ante
1455 4600 1658 4667 Azyma
1714 4600 1869 4664 dixit,
1929 4617 2215 4669 vesperam
2286 4603 2371 4656 in-

781 4688 1004 4741 sinuare
1069 4688 1290 4751 voleus,
1360 4691 1412 4744 in
1482 4706 1591 4759 qua
1662 4691 1922 4747 Dominus
1988 4696 2164 4763 prima
2231 4695 2375 4765 Αιγ-

783 4797 993 4834 mornm
1032 4782 1349 4850 inchoante,
1398 4798 1522 4837 cum
1557 4783 1841 4852 discipulis
1893 4785 2102 4839 Pascha
2143 4787 2377 4864 mandu-

784 4876 951 4929 cavit.

854 4968 1009 5033 Quod
1051 4969 1093 5021 si
1135 4970 1338 5023 dictum
1373 4979 1457 5025 cst
1488 4987 1501 5023 :
1538 4969 1605 5025 Et
1644 4972 1744 5039 ipsi
1800 4988 1901 5024 non
1953 4972 2267 5025 introierunt
2322 4972 2377 5024 in

783 5060 1117 5127 primarium,
1149 5071 1203 5114 ut
1252 5079 1355 5117 non
1386 5065 1902 5123 contaminarentur.
1937 5064 2028 5117 sed
2065 5073 2119 5118 ut
2147 5064 2379 5116 mandu-

785 5166 967 5205 carent
998 5150 1205 5205 Pascha
1235 5154 1302 5218 δ’,
1351 5170 1455 5209 non
1498 5156 1617 5209 idco
1641 5158 1938 5224 putandum
1994 5168 2100 5219 est,
2141 5156 2379 5209 nondum

786 5243 1070 5297 adveniSse
1127 5244 1378 5309 Prcha;
1433 5245 1525 5299 sed
1560 5247 1685 5314 quia
1736 5245 1943 5301 Jndaeis
1978 5247 2186 5301 licitum
2237 5259 2379 5311 erat,

788 5335 963 5403 ipsum
1020 5336 1072 5389 in
1122 5336 1452 5406 quibusdam
1488 5340 1707 5393 casibus
1744 5337 1984 5394 differre.
2040 5338 2196 5394 Sicut
2226 5340 2371 5394 enim

860 5516 903 5587 ξ’
937 5516 1126 5571 Matth.
1168 5534 1247 5579 v,.
1282 5519 1370 5573 l7.
1484 5521 1527 5553 ³⁸
1575 5520 1766 5574 Matth.
1831 5538 1908 5587 Ill,
1953 5522 2038 5577 15.

785 5586 831 5619 ⁶¹
864 5586 1014 5642 loan.
1055 5606 1204 5656 xvtu,
1236 5589 1327 5644 28.
1361 5592 1404 5623 ⁸³
1428 5592 1560 5647 Luc.
1593 5609 1741 5659 xxiv,
1771 5593 1862 5647 21.

2146 5524 2190 5555 ’⁸
2241 5522 2427 5576 Matth.
2464 5536 2613 5580 xui.
2647 5519 2739 5574 60.

1942 5592 2319 5660 "Joan.xx1,
2358 5593 2411 5647 9.

2467 3318 2849 3381 fermentatis,
2901 3320 2983 3371 vel
3038 3332 3100 3371 ea
3166 3327 3447 3386 utcunque
3506 3316 3882 3373 circumferre.
3948 3317 4049 3369 At-

2464 3426 2570 3479 que
2630 3410 2741 3465 illic
2807 3411 2977 3477 addit,
3025 3410 3151 3479 quia
3192 3410 3443 3478 cognitus
3497 3409 3600 3463 fuit
3666 3411 3720 3461 in
3786 3410 4047 3475 fractioue

2468 3503 2642 3573 panis.

2540 3592 2596 3645 ln
2647 3592 2759 3660 ipsa
2796 3606 3013 3661 quoque
3043 3590 3388 3660 apparitione
3427 3590 3660 3651 Domini,
3692 3604 3794 3657 qua
3824 3591 4049 3657 piscan-

2470 3683 2611 3736 tihns
2672 3684 2959 3751 apparuit,
3018 3684 3281 3751 scriptum
3348 3694 3433 3735 est
3485 3681 3677 3746 :Quia
3734 3683 4049 3735 invenerunt

2469 3791 2695 3843 prunam
2746 3776 2993 3841 positam,
3043 3784 3092 3827 et
3149 3774 3345 3842 piscem
3397 3775 3807 3841 superpositum,
3847 3783 3899 3826 et
3953 3790 4052 3840 pa-

2470 3885 2585 3921 nem
2615 3868 2680 3921 “.
2743 3868 2971 3920 Constat
3030 3882 3157 3931 ergo
3212 3881 3398 3935 azyma
3450 3879 3636 3935 panem
3693 3865 4056 3934 evangelistas

2472 3957 2795 4027 appellasse,
2848 3971 3025 4024 neque
3080 3957 3224 4008 enim
3282 3956 3365 4009 eis
3423 3956 3621 4008 licebat
3684 3965 3891 4021 septem
3956 3954 4057 4007 illis

2473 4050 2661 4104 diebus
2707 4049 3094 4105 fermentatum
3145 4064 3338 4118 panem
3398 4047 3625 4112 habere,
3679 4049 3762 4101 vel
3814 4047 4058 4101 circum-

2473 4142 2637 4197 lerre.

2545 4236 2834 4299 l’rmterea,
2886 4236 3211 4289 fermentum
3304 4249 3403 4303 pro
3467 4235 3590 4288 dolo
3640 4245 3693 4287 ct
3747 4235 3949 4287 malitia
4008 4236 4059 4289 in

2476 4329 2753 4395 Scriptura
2803 4328 3071 4393 accipitur
3123 4346 3135 4379 :
3193 4328 3462 4380 Atlendile
3529 4327 3688 4389 enim,
3744 4326 3941 4394 inquit,
4023 4343 4056 4379 η

2476 4421 2731 4488 fermento
2791 4418 3279 4473 Pharisazorttm".
3341 4419 3407 4472 Et
3460 4436 3474 4472 :
3532 4419 3821 4485 Epulemur
3856 4436 3957 4471 non
4008 4421 4063 4471 in

2400 4514 2735 4609 Dfermento
2794 4510 2973 4571 veteri,
3034 4526 3198 4579 neque
3264 4512 3318 4563 in
3391 4509 3650 4578 fermento
3718 4510 3945 4563 malitia:
4014 4524 4063 4563 et

2476 4603 2743 4669 nequitiae.
2776 4602 2867 4655 sed
2920 4603 2973 4653 in
3012 4602 3215 4667 azymis
3248 4600 3578 4653 sinceritatis
3613 4609 3662 4651 et
3715 4602 3953 4652 veritatis
3978 4600 4061 4662 “;

2474 4700 2601 4765 quia
2658 4696 2823 4749 etiam
2884 4705 3161 4762 sumptum
3228 4709 3294 4747 ex
3353 4707 3510 4747 sacra
3566 4690 3791 4762 Virgine
3849 4692 4064 4744 Domini

2474 4804 2677 4857 corpus
2726 4789 2793 4841 ab
2838 4786 2984 4840 omni
3037 4786 3246 4854 peccati
3286 4786 3409 4839 labe
3442 4784 3742 4849 sincerum,
3776 4785 4061 4845 intactum,

2477 4882 2815 4936 inaccessum
2887 4878 3010 4943 fuit,
3077 4878 3283 4931 idcirco
3344 4877 3503 4944 panis
3560 4890 3777 4945 quoque
3836 4890 4064 4945 azymus

2480 4974 2746 5028 sincerior
2771 4988 2835 5027 ac
2873 4970 3172 5040 simplicior
3204 4986 3324 5024 cum
3355 4970 3450 5035 sit,
3495 4968 3693 5021 merito
3726 4967 3776 5019 in
3807 4966 4096 5042 sacrificii,

2480 5064 2755 5118 oblatione
2794 5074 3107 5131 assumptus
3140 5060 3241 5115 dici
3279 5070 3475 5129 potest,
3521 5059 3571 5113 in
3601 5074 3731 5129 qua,
3757 5056 4064 5124 Subjectum

2481 5157 2611 5211 illud
2663 5156 2713 5210 in
2791 5154 3132 5209 Dominicum
3200 5161 3440 5207 mutatur
3508 5167 3730 5219 corpus.
3792 5150 3847 5204 ld
3914 5150 4063 5203 enim

2483 5247 2701 5316 plenum
2756 5247 2981 5300 rationis
3032 5256 3153 5310 est,
3221 5254 3279 5297 ut
3338 5246 3403 5298 ad
3454 5246 3747 5314 mysteria,
3795 5256 3913 5310 quae
3968 5257 4063 5309 per

2485 5338 2772 5392 sensibiles
2809 5337 3022 5406 species
3065 5335 3375 5400 traduntur,
3421 5334 3792 5405 pretiosiores,
3842 5342 3898 5386 et
3950 5347 4070 5398 qua:

2855 5520 2900 5551 ⁸ο
2932 5519 3066 5575 Luc.
3112 5536 3246 5581 xxii,
3278 5518 3363 5573 15.
3470 5518 3513 5548 ⁵¹
3548 5514 3741 5569 Matth.
3774 5530 3923 5576 un,
3970 5511 4058 5567 l7.

2489 5595 2534 5628 “
2570 5590 2767 5646 Matth.
2814 5607 2923 5657 xvn,
2960 5592 3012 5645 6.
3093 5589 3179 5642 “l
3213 5592 3343 5643 (lor.
3393 5605 3444 5654 v,
3484 5589 3536 5643 8.

864 5732 975 5801 (85)
1016 5732 1157 5800 Lege
1196 5734 1585 5787 Bellarminum
1618 5734 1712 5787 lib.
1763 5750 1839 5804 IV,
1872 5732 1945 5787 De
2001 5731 2365 5799 Eacharistia,
2442 5748 2489 5789 c.
2549 5734 2579 5786 'l
2610 5742 2663 5789 ct
2711 5749 2908 5804 scqq.;
2960 5730 3208 5788 Genuad.
3266 5744 3366 5801 pro
3436 5726 3669 5785 concilio
3723 5725 4067 5792 Florentino,

794 5802 1149 5860 llumbertum
1174 5816 1363 5861 contra
1393 5805 1710 5863 Michaclcnt
1747 5816 1799 5861 ct
1827 5803 2090 5861 Nicctam.
