4472 6434
459 364 564 424 925
1543 362 1581 416 Α
1595 357 1944 418 ῡνΕοῐιδυε
1979 357 2023 413 G
2041 355 2225 415 ΗΒΕ(

1911 357 1944 415 Β
1979 355 2297 416 GRIECOS
2338 357 2481 417 LIB.
2528 361 2626 420 ιν.
3576 357 3677 418 236

460 475 569 526 sint
603 471 774 542 magis
819 472 917 537 eis,
964 484 1083 540 qua;
1116 477 1427 537 sumuntur,
1465 471 1879 525 accommodatae
1924 467 2021 524 eli-
2053 467 2098 524 Α
2125 466 2361 520 Ecclesia
2394 478 2684 533 canuntur,
2727 478 2783 522 ut
2818 470 2945 524 illud
2974 486 2988 523 :
3024 470 3282 534 Quoniam
3315 470 3368 523 in
3394 469 3685 529 calestibns

460 573 676 629 κτιιιιυιι,
2128 557 2375 610 thalamis
2409 560 2623 627 gloriosi
2657 573 2910 627 martyres
2960 571 3179 611 exorant
3226 570 3295 623 te,
3330 560 3563 612 Domine.
3624 561 3689 613 Et

984 647 1058 702 De
1100 647 1495 702 dormientibus.
2129 646 2296 700 illud:
2342 648 2602 717 Martyres
2634 650 2837 717 inclyti,
2874 666 2974 701 non
3016 659 3157 701 terra
3199 666 3287 702 vos
3320 646 3570 713 occuluit,
3599 649 3686 700 sed

533 739 597 791 Et
676 740 778 793 hoc
860 740 987 793 item
1045 740 1481 794 Occidentalibus
1556 739 1763 795 crimen
1832 738 2029 807 impin-

461 836 593 897 gunt
627 829 762 895 (84),
792 831 931 896 quod
966 844 1061 885 eos
1086 831 1175 897 qui
1214 831 1321 884 vita
1348 832 1632 893 excedunt,
1666 830 1767 883 nisi
1808 838 2028 898 peccata

464 920 639 985 aliqua
678 921 1000 986 impediant,
1051 931 1274 975 sanctos
1315 920 1496 976 debita
1550 922 1804 975 beatitate
1844 923 2026 975 statim

465 1007 569 1060 frui
608 1010 816 1073 dicunt,
869 1020 922 1065 et
981 1021 1380 1082 consequenter
1434 1014 1748 1067 mortalibus
1796 1016 2031 1082 peccatis

464 1098 761 1152 obstrictos
785 1138 800 1159 ,
834 1111 997 1169 atque
1045 1102 1165 1156 ideo
1203 1118 1232 1156 a
1283 1103 1616 1159 beatitudine
1660 1105 1932 1173 indignos,
1966 1108 2030 1160 ad

466 1197 698 1239 :eternos
728 1192 1007 1244 cruciatus
1038 1194 1302 1258 pertrahi,
1326 1196 1501 1263 quoad
1530 1194 1668 1249 facta
1698 1206 2031 1251 mortuorum

472 1278 561 1329 illa
620 1282 857 1347 generali
917 1270 1359 1351 resurrectione,
1423 1288 1630 1357 singula
1698 1289 2032 1356 singulorum

468 1368 759 1422 animabus
792 1372 1077 1439 conjuncta
1122 1388 1348 1443 corpora
1381 1392 1483 1429 una
1516 1378 1595 1430 vel
1632 1378 1878 1431 fruantur
1907 1393 2036 1445 gau-

468 1454 593 1519 diis,
624 1458 703 1509 vel
739 1460 1017 1527 suppliciis
1041 1463 1366 1519 afﬁciantur.
1408 1466 1507 1532 Qui
1541 1479 1718 1521 autem
1750 1468 1800 1520 id
1830 1468 2035 1522 crimen

468 1544 754 1611 objiciunt,
802 1549 914 1603 sive
958 1554 1128 1606 sacris
1164 1552 1385 1609 Litteris
1420 1558 1770 1620 crcdemlum,
1824 1560 1935 1612 sive
1969 1562 2037 1613 sit

469 1635 812 1690 observanda
850 1642 1009 1705 ratio,
1056 1644 1262 1710 culpari
1306 1646 1483 1713 potius
1530 1659 1825 1710 merentur,
1876 1664 2037 1716 quam

472 1726 691 1794 culpare
724 1729 827 1795 ipsi
861 1730 1114 1786 debeant.
1150 1734 1288 1789 Nam
1335 1735 1593 1793 Dominus
1619 1740 1857 1808 quidem,
1880 1751 1934 1794 ut
1974 1756 2036 1795 ex

474 1820 728 1886 pauperis
760 1818 974 1886 Lazari,
1011 1833 1066 1877 et
1111 1824 1295 1879 divitis
1324 1828 1567 1896 epulonis
1610 1830 1864 1897 parabola
1908 1847 2037 1900 pro-

474 1910 671 1974 posita,
714 1921 929 1965 constat
957 1911 1028 1977 δ’,
1057 1918 1181 1982 quia
1221 1932 1326 1969 non
1363 1920 1522 1973 verba
1560 1920 1676 1974 sine
1713 1920 1873 1977 rebus
1916 1938 2040 1992 pro-

475 1999 731 2065 ponebat,
783 2004 1115 2061 concludens
1168 2008 1366 2077 adjecit
1403 2028 1415 2062 :
1453 2013 1597 2080 quod
1648 2010 1885 2068 Lazarus
1921 2017 2041 2083 qui-

476 2088 601 2143 dem
650 2097 989 2157 mortuusiah
1034 2099 1249 2164 angelis-
1284 2100 1511 2154 Abrahae
1540 2104 1749 2158 sinibus
1799 2105 2043 2160 invectus

476 2188 599 2245 est;
635 2195 876 2240 mortuus
905 2197 985 2241 est
1018 2200 1194 2243 autem
1227 2201 1280 2245 et
1315 2193 1464 2249 dives
1496 2205 1549 2249 et
1580 2197 1842 2265 sepultus,
1882 2209 2043 2268 atque

480 2273 534 2326 in
573 2274 839 2330 ﬂammam
877 2281 1029 2334 abiit.
1067 2283 1171 2337 Per
1220 2300 1342 2354 qua:
1381 2296 1502 2355 post
1552 2298 1782 2343 mortem
1820 2290 2042 2348 alterius

485 2365 701 2429 quidem
742 2370 971 2437 requies,
995 2381 1049 2425 et
1077 2373 1352 2430 beatitudo
1375 2379 1638 2449 signatur,
1666 2381 1889 2439 alterius
1918 2399 2044 2439 vero

481 2456 781 2520 cruciatus,
814 2461 1021 2515 nullum
1064 2464 1223 2519 tinem
1260 2467 1490 2524 habens.
1641 2475 1646 2481 '

555 2546 869 2617 Quanquam
933 2563 988 2607 et
1040 2556 1090 2608 id
1147 2560 1286 2627 quod
1345 2560 1413 2614 ad
1471 2564 1729 2618 latronem
1788 2567 1839 2618 in
1890 2580 2063 2622 cruce»

484 2634 689 2692 dictum
721 2653 804 2696 est
836 2662 850 2698 :
889 2644 1060 2700 Hodie
1085 2663 1284 2701 mecum
1310 2654 1411 2705 eris
1440 2653 1492 2707 in
1526 2656 1776 2722 paradiso
1804 2656 1872 2720 ",
1905 2656 2047 2725 jam-

479 2725 595 2794 jam
636 2728 869 2785 futuram
906 2734 1297 2791 beatitudinem
1343 2743 1703 2795 commendat.
1754 2743 1918 2797 Divus
1958 2760 2052 2797 att-

490 2828 596 2871 tem
656 2820 851 2879 Paulus
900 2825 1124 2882 dissolii
1170 2830 1337 2898 cupit,
1388 2841 1440 2885 et
1473 2844 1594 2887 esse
1645 2850 1764 2888 cum
1811 2834 2049 2891 Christo.

488 2908 659 2978 Cujus
691 2913 765 2967 rei
816 2917 988 2983 gratia
1025 2917 1075 2970 id
1124 2919 1413 2987 cupiebat?
1444 2918 1841 2990 Ingemiscimus
1889 2928 2048 2991 enim,

491 3001 686 3068 inquit,
722 3004 938 3059 scientes
973 3010 1221 3075 quoniam
1267 3012 1391 3063 dum
1440 3028 1620 3066 smnus
1666 3014 1718 3066 in
1756 3016 1852 3069 hoc
1883 3020 2053 3071 taber-

2127 738 2313 789 caelum
2364 740 2611 808 suscepit.
2663 742 2871 806 Apertw
2900 749 3020 792 sunt
3055 740 3194 791 vobis
3234 741 3471 805 paradisi
3504 750 3688 806 porttr,

2128 827 2367 891 intusque
2389 829 2771 890 accumbentes,
2798 830 2993 897 lignum
3024 830 3138 880 vitat
3163 829 3411 895 gustatis.
3438 827 3498 880 Et
3523 830 3647 880 illud
3674 846 3685 882 :

2134 916 2449 970 Sanctorum
2501 920 2687 972 chorus
2738 921 2857 973 rita:
2894 921 3091 987 fontem
3142 920 3353 981 invenit,
3390 932 3435 971 et
3480 931 3685 987 portum

2130 1007 2389 1074 paradisi.
2413 1006 2476 1059 Et
2501 1007 2629 1061 illud
2661 1025 2673 1060 :
2703 1008 2839 1070 Quia
2863 1025 2998 1060 nunc
3027 1009 3234 1062 assistis
3267 1008 3513 1061 Trinitati
3544 1011 3688 1077 felix,

2135 1098 2439 1163 interpellas
2484 1116 2578 1165 pro
2616 1100 2785 1165 nobis,
2818 1102 2906 1167 qui
2943 1100 3044 1166 ﬁde
3093 1111 3140 1153 et
3170 1101 3356 1166 a/Tectu
3387 1104 3685 1153 memoriam

2135 1190 2215 1241 lui
2246 1206 2575 1243 veneramur.

2207 1278 2270 1331 Et
2324 1281 2521 1348 ubique
2573 1282 2791 1334 omnino
2844 1290 3068 1333 sanctos
3115 1281 3321 1348 angelis
3378 1283 3590 1340 adesse.
3644 1289 3694 1331 et

2144 1374 2506 1440 congaudere,
2556 1379 2611 1425 et
2643 1369 2747 1425 una
2780 1373 3003 1425 choreas
3052 1388 3212 1440 agerc
3246 1372 3569 1424 conﬁtemur
3607 1387 3697 1422 ve-

2139 1474 2416 1525 nerantes,
2471 1474 2631 1531 atque
2666 1474 2720 1515 ut
2767 1479 2865 1532 pro
2920 1463 3072 1515 nobis
3105 1464 3459 1515 inlerveniant
3514 1477 3691 1529 preca-

2140 1568 2283 1615 mur,
2325 1552 2748 1620 quod‘profecto
2781 1568 2884 1605 non
2922 1554 3092 1615 lieret,
3129 1554 3227 1605 nisi
3268 1563 3411 1606 esset
3452 1568 3700 1604 commu-

2141 1643 2226 1698 nis
2255 1645 2506 1698 Ecclesia:
2535 1644 2735 1713 opimo,
2760 1644 2920 1696 etiam
2952 1653 3076 1697 ante
3114 1643 3344 1695 inituram
3371 1654 3700 1694 mortuorum

2144 1735 2596 1788 resurrectionem
2660 1744 2877 1787 sanctos
2936 1747 3125 1786 omnes
3172 1733 3434 1785 beatitate
3475 1731 3698 1799 perfrui.

2139 1824 2288 1879 Alias
2319 1835 2497 1879 autem
2535 1825 2712 1877 miseri
2746 1824 2967 1876 omnino
2992 1834 3193 1885 essent,
3234 1824 3275 1875 si
3314 1825 3543 1889 reposita
3600 1807 3700 1877 sibi

2138 1918 2279 1972 bona
2311 1914 2494 1984 procul
2521 1915 2812 1979 intuentes,
2842 1926 3085 1983 prompte
3113 1928 3178 1968 ex
3212 1914 3313 1966 hac
3345 1914 3472 1976 vita,
3501 1925 3552 1966 et
3580 1929 3701 1966 cum

2140 2006 2413 2075 voluptate
2440 2006 2755 2074 migrarent.

2218 2094 2474 2157 Proinde,
2509 2094 2780 2157 quomodo
2822 2094 3126 2156 conveniat,
3162 2092 3376 2147 illorum
3428 2095 3608 2164 aliquo
3648 2097 3699 2148 in

2144 2185 2262 2241 loco
2287 2198 2530 2239 servatas
2556 2186 2766 2239 animas
2799 2196 2946 2238 tanto
2981 2196 3215 2253 tempore
3244 2190 3478 2254 prauuiis
3510 2190 3705 2241 debitis

2147 2277 2412 2341 fraudari,
2439 2277 2632 2345 quibus
2658 2276 2917 2329 Dominus
2947 2277 3202 2347 gaudium
3235 2288 3496 2331 aeternum
3524 2295 3707 2348 repro-

2148 2368 2315 2431 misit,
2346 2383 2587 2436 quosque
2631 2370 2981 2421 assmnendus
3018 2369 3092 2421 ait
3125 2385 3135 2419 :
3178 2369 3239 2422 Ut
3292 2370 3377 2420 ubi
3410 2370 3495 2421 ille
3531 2384 3625 2434 est,
3661 2383 3706 2423 ct

2146 2458 2248 2525 ipsi
2281 2458 2383 2512 sint
2409 2457 2496 2510 "‘3
2549 2458 2652 2511 Sed
2687 2469 2738 2511 et
2782 2471 2903 2528 post
2944 2460 3083 2512 hanc
3117 2462 3282 2513 vitam
3318 2478 3437 2516 cum
3497 2465 3600 2519 fide
3657 2476 3711 2517 et

2148 2564 2244 2619 spe
2309 2560 2600 2611 viveretur,
2633 2566 2752 2618 qua:
2799 2552 2988 2605 beatus
3036 2551 3231 2606 Paulus
3270 2556 3599 2620 evacuanda,
3627 2571 3715 2609 so-

2150 2639 2362 2708 lamque
2388 2642 2713 2716 pharitatem
2748 2658 3153 2711 permansuram
3186 2646 3320 2699 dixit
3370 2646 3441 2700 in‘
3475 2648 3713 2702 beatitu-

2151 2730 2297 2794 dine,
2328 2746 2446 2799 quze
2505 2733 2555 2784 in
2591 2732 2772 2785 divina
2810 2734 3181 2799 speculatione
3224 2738 3500 2792 consistit.
3554 2742 3715 2809 Atqui

2153 2834 2325 2888 neque
2362 2818 2626 2874 Dominus
2680 2821 2730 2874 id
2768 2822 3043 2884 Voluisset,
3077 2838 3165 2887 ne,
3221 2825 3263 2878 si
3328 2826 3427 2893 ipsi
3478 2829 3717 2896 quidem,

2156 2911 2245 2980 qui
2285 2911 2519 2965 debitam
2568 2912 2953 2966 beatitudinem
3002 2916 3304 2983 percepturi
3357 2926 3503 2980 sunt,
3538 2919 3719 2973 minus

2154 3004 2313 3071 digne
2346 3002 2411 3056 ad
2442 3017 2561 3056 eam
2599 3004 3002 3073 percipiendam
3041 3020 3098 3059 se
3138 3019 3572 3073 comparassent,
3605 3012 3722 3080 ejus

493 3095 704 3159 uacula,
753 3100 1154 3167 peregrinantur
1203 3120 1235 3157 α
1285 3104 1511 3159 Domino
1546 3123 1565 3164 :
1595 3121 1687 3173 per
1721 3108 1877 3175 ﬁdem
1918 3112 2053 3162 εηίη,
2082 3111 2126 3169 c
2160 3109 2368 3147 summa
2401 3094 2734 3165 benignitate
2768 3096 2907 3149 ultra
2942 3098 3130 3149 merita
3166 3113 3381 3167 semper
3406 3101 3722 3161 inundanto,

495 3187 847 3254 ambulamus,
890 3206 993 3243 non
1052 3208 1145 3260 per
1191 3196 1416 3262 speciem
1454 3197 1502 3227 δ’
1544 3199 1825 3267 :speciem
1871 3200 2057 3256 dicens

497 3277 824 3331 creditarmu
882 3297 1064 3337 rerum
1115 3285 1468 3340 substantiam
1533 3298 1691 3357 atque
1751 3291 2054 3345 veritatem.

498 3364 748 3422 Profecto
783 3386 961 3427 autem
997 3376 1099 3429 ista
1134 3392 1239 3431 non
1280 3379 1503 3443 diceret,
1531 3381 1630 3434 nisi
1659 3393 1842 3451 aperte
1871 3384 2057 3448 sciret,

501 3470 618 3527 post
657 3461 961 3530 hujusmodi
997 3470 1507 3537 peregrinationem,
1555 3475 1736 3528 carnis
1765 3490 1929 3530 onere
1960 3477 2054 3529 de-

502 3551 699 3617 posito,
736 3568 794 3607 se
817 3569 916 3623 per
947 3561 1184 3627 speciem
1215 3564 1518 3630 concupitis
1546 3564 1856 3619 fruiturum.
1890 3567 2059 3620 Aliter

500 3642 721 3711 quippe,
779 3647 962 3701 vivere
1019 3651 1359 3717 praestitisset
1408 3668 1565 3717 quam
1604 3656 1763 3709 mori.
1818 3654 1951 3709 Nam
2006 3665 2061 3710 et

500 3731 747 3797 corporis
780 3730 847 3785 ad
881 3733 1115 3787 animam
1173 3740 1462 3796 connexio.
1502 3741 1666 3794 veluti
1724 3743 1961 3796 materia;
1996 3745 2060 3796 ad

499 3821 735 3886 speciem
759 3823 1058 3879 naturalem
1090 3834 1192 3881 est.
1227 3826 1489 3885 Omnibus
1515 3841 1694 3886 autem
1726 3847 1911 3887 eorum
1939 3850 2063 3903 qum

502 3914 797 3967 secundum
830 3922 1078 3971 naturam
1117 3928 1263 3981 sunt,
1316 3934 1378 3973 ac
1409 3923 1772 3990 propriorum,
1807 3924 1942 3977 inest
1974 3927 2065 3978 de-

501 4002 762 4058 siderium
820 4024 834 4062 :
889 4022 1062 4079 neque
1107 4011 1287 4065 dirimi
1326 4013 1592 4082 quispiam
1644 4028 1673 4067 a
1729 4016 2065 4072 naturalibus

499 4094 732 4151 vinculis
762 4099 1012 4169 eligeret,
1047 4102 1149 4156 nisi
1198 4111 1317 4171 post
1358 4103 1767 4158 dissolutionem
1804 4116 2065 4173 pratstan-

504 4188 736 4242 tioribus
785 4205 842 4245 se
884 4191 1173 4247 fruiturum
1202 4197 1468 4258 crederet,
1495 4195 1863 4268 defunctoque
1913 4198 2067 4251 dolor

504 4278 727 4347 inesset,
766 4284 869 4338 nisi
901 4272 1137 4351 speratis
1163 4287 1447 4355 potiretur.

574 4374 837 4426 Caeterum
866 4390 990 4428 cum
1024 4376 1326 4442 hujnsmodi
1354 4392 1478 4446 spes
1507 4378 1659 4432 ﬁrma
1686 4378 1887 4431 sanctis
1916 4393 2067 4445 repo-

2162 3185 2311 3240 nullo
2342 3185 2429 3240 hic
2460 3186 2799 3256 prohibente,
2836 3188 3101 3256 promissa
3144 3189 3253 3245 illis
3298 3190 3436 3243 bona
3471 3207 3634 3259 penes
3666 3210 3725 3246 se

2164 3278 2444 3334 recondita
2498 3278 2739 3343 servare,
2796 3282 3044 3334 mceroris
3087 3297 3249 3336 causa
3305 3285 3421 3340 suis
3478 3286 3722 3349 elIeetus,

2162 3372 2479 3439 meritisque
2525 3371 2641 3426 illos
2675 3371 2969 3426 honoribus
3006 3374 3243 3439 privaus.

2234 3461 2369 3517 Nam
2410 3465 2455 3517 si
2488 3462 2738 3517 frustrari
2768 3464 2884 3517 line
2930 3480 3221 3519 mmrorem
3256 3469 3452 3537 ubique
3488 3484 3725 3539 praestat,

2164 3557 2431 3624 quomodo
2465 3570 2572 3609 non
2615 3556 2664 3609 id
2696 3558 2897 3610 sanctis
2930 3559 3181 3613 niceroris
3208 3562 3313 3614 erit
3342 3576 3525 3628 causa,
3555 3579 3730 3633 eoque

2164 3649 2356 3715 magis,
2412 3662 2521 3715 quo
2576 3646 2681 3700 line
2734 3649 2968 3701 maximo
3024 3660 3184 3716 atque
3241 3653 3560 3721 dignissimo
3624 3674 3728 3708 non

2162 3737 2487 3807 potientur?
2548 3739 2774 3807 Semper
2830 3740 2973 3792 enim
3034 3743 3317 3809 cupientes
3370 3758 3630 3809 quaerent.
3679 3761 3729 3802 et

2169 3845 2276 3883 non
2309 3832 2575 3898 patientes
2600 3835 2920 3885 mwrehunt.
2968 3830 3021 3883 Si
3057 3834 3198 3884 enim
3232 3836 3317 3887 hic
3352 3837 3731 3908 ingemiscnnt,

2167 3920 2256 3972 ubi
2310 3921 2722 3987 peregrinantur
2772 3938 2797 3972 a
2856 3920 3120 3985 Domino,
3178 3930 3445 3991 quomodo
3508 3946 3613 3983 non
3672 3930 3723 3983 id

2166 4015 2328 4066 etiam
2392 4022 2517 4081 post
2574 4022 2895 4081 praesentem
2956 4018 3119 4069 vitam
3179 4020 3469 4086 patientur,
3528 4023 3569 4076 si
3627 4024 3733 4076 illic

2166 4104 2244 4157 eis
2290 4118 2409 4157 eum
2465 4103 2567 4155 lide
2618 4106 2779 4158 etiam
2824 4120 2887 4159 ac
2939 4120 3032 4174 spe
3082 4107 3369 4163 vivendum
3444 4114 3554 4166 sit?
3605 4114 3736 4180 Quae

2169 4196 2374 4260 omnia,
2423 4204 2620 4262 praeter
2669 4194 2963 4265 Scriptura:
3002 4214 3274 4266 normam,
3308 4215 3619 4274 praeterque
3648 4224 3735 4261 ra-

2170 4285 2365 4340 tionem
2394 4297 2541 4339 sunt.

2248 4376 2419 4431 Porro
2448 4379 2492 4432 si
2526 4380 2648 4446 quis
2685 4379 2864 4431 divum
2899 4379 3120 4433 Paulum
3163 4382 3385 4447 objiciat
3416 4386 3685 4442 dicentem
3726 4408 3737 4441 :

505 4462 609 4515 sita
650 4465 739 4526 sit,
763 4452 952 4531 'neque
1005 4466 1055 4518 in
1108 4480 1289 4520 rerum
1348 4470 1659 4522 substantia
1695 4482 1817 4521 esse
1873 4469 2066 4537 pussit,
2102 4444 2145 4499 θ
2176 4466 2247 4520 Et
2277 4470 2332 4520 hi
2377 4485 2573 4522 omnes.
2602 4470 2769 4521 sancti
2801 4470 3012 4521 scilicet
3043 4473 3107 4525 de
3135 4474 3333 4539 quibus
3367 4476 3602 4538 tllt‘t'ilal,
3642 4496 3742 4531 non

506 4553 610 4606 nisi
643 4564 925 4620 separetur
955 4556 1132 4607 anima
1164 4571 1194 4610 a
1224 4571 1474 4627 corpore,
1521 4558 1821 4611 naturalem
1855 4558 2076 4623 conjun—

505 4644 740 4697 ctionem
797 4647 971 4699 sancti
1030 4644 1323 4715 fugientes,
1374 4648 1782 4702 dissolutionem
1820 4647 2072 4716 cupiunt,

507 4744 565 4785 ut
601 4735 680 4787 eis
710 4735 989 4790 desuueta
1035 4739 1288 4814 materia,
1323 4739 1480 4794 liceat
1526 4754 1717 4795 eorum
1747 4755 1866 4807 qua:
1898 4739 2075 4792 credi-

506 4825 722 4887 derunt,
752 4827 1112 4880 substantiam
1144 4829 1386 4895 recipere
1421 4844 1437 4883 :
1479 4830 1650 4883 donec
1677 4844 1772 4897 per
1808 4842 2073 4883 summam

510 4919 602 4971 Dei
636 4919 1021 4990 benignitatem
1078 4923 1338 4976 naturalis
1392 4923 1553 4976 etiam
1587 4924 1896 4995 coniunctio
1936 4922 2077 4976 divi-

510 5012 631 5063 nius
662 5022 715 5064 et
745 5013 1101 5067 excellentius
1142 5014 1355 5069 redeat.
1406 5015 1711 5093 Attestajnr
1738 5025 1916 5068 autem
1966 5015 2071 5077 his,

505 5117 561 5159 et
592 5106 732 5175 quod
765 5105 815 5157 in
848 5105 1185 5160 testamentis
1212 5123 1241 5161 a
1276 5106 1476 5176 Joscph
1522 5106 1826 5176 patriarcha
1871 5106 2075 5159 dictum

505 5210 589 5254 est
620 5223 632 5256 :
666 5201 967 5253 Moriuntur
998 5212 1295 5269 peccatores
1350 5212 1399 5255 et
1455 5203 1776 5256 descendunt
1825 5203 1879 5254 in
1918 5203 2082 5272 infer-

506 5309 655 5346 num.
689 5294 1029 5348 Attestantur
1074 5296 1200 5349 item
1256 5305 1311 5351 et
1352 5312 1471 5366 qua:
1523 5297 1712 5351 diebus
1756 5296 1988 5365 singulis
2021 5299 2073 5348 in

579 5478 627 5511 "
662 5478 794 5534 Luc.
825 5494 935 5546 nt,
965 5478 1152 5534 l9-3l.
1233 5478 1279 5509 ⁸⁸
1341 5475 1472 5533 Luc.
1494 5493 1651 5546 mu,
1678 5479 1770 5535 l3.

1852 5478 1897 5511 “
1959 5477 2002 5533 ll
2032 5478 2186 5544 Cor.,
2220 5493 2272 5544 ν,
2309 5475 2363 5533 6.

2180 4562 2411 4613 tulerunt
2453 4563 2928 4629 repromissionem,
2980 4561 3085 4615 Deo
3119 4567 3305 4619 melius
3338 4567 3544 4635 aliquid
3570 4574 3744 4636 prori-

2174 4654 2352 4713 dente,
2401 4668 2463 4705 ne
2526 4653 2635 4705 sine
2708 4653 2856 4705 nobis
2906 4655 3342 4719 perﬁcerentur“
3389 4675 3403 4710 :
3443 4660 3745 4720 sciendum,

2175 4746 2298 4815 quia
2332 4746 2432 4797 hoc
2461 4746 2513 4795 in
2554 4749 2694 4808 loco,
2725 4746 3123 4812 perfectionem,
3158 4748 3297 4800 dixit
3334 4751 3527 4803 anima:
3556 4766 3751 4820 corpu-

2179 4840 2364 4902 risquc
2414 4835 2694 4898 unionem,
2742 4850 2860 4904 qua!
2899 4837 3284 4891 universaliter
3325 4841 3428 4893 erit
3482 4842 3531 4894 in
3571 4843 3748 4897 futura

2177 4938 2514 4982 mortuorum
2552 4930 2971 4983 resurrectione.
3008 4930 3141 4983 Nam
3178 4934 3476 4987 secundum
3508 4940 3753 5002 corporis

2180 5029 2385 5089 partem
2414 5018 2587 5071 sancti
2626 5021 2853 5070 necdum
2892 5022 3027 5072 beati
3061 5032 3203 5085 sunt,
3249 5027 3370 5090 quia
3408 5028 3581 5092 ipsum
3623 5044 3752 5082 nec-

2183 5112 2309 5163 dum
2342 5110 2543 5163 habent
2594 5110 2973 5177 glorilicalum,
3023 5115 3174 5181 juxta
3212 5118 3476 5169 rationem
3521 5120 3754 5173 beatitu-

2183 5202 2326 5255 dinis
2359 5202 2572 5255 animae.
2602 5200 2736 5254 Cum
2773 5217 2899 5255 rem
2944 5206 3066 5258 talis
3097 5208 3225 5260 unio
3270 5211 3393 5273 erit,
3430 5220 3554 5264 tunc
3591 5222 3743 5264 ntra-

2183 5308 2291 5364 que
2320 5308 2446 5363 pars
2474 5294 2708 5348 hominis
2740 5296 2975 5365 perlecta
3016 5298 3121 5351 erit
3146 5314 3160 5363 ;
3190 5300 3329 5367 quod
3374 5316 3503 5371 ergo
3548 5304 3752 5359 dictum

2439 5474 2487 5508 '°
2514 5487 2672 5529 toan.
2724 5490 2836 5539 xw,
2873 5476 2926 5529 ὃ.
3003 5478 3046 5508 ἰ
3100 5476 3265 5534 liebr.
3329 5494 3405 5544 ιι,
3454 5479 3639 5536 50-40.

580 5668 692 5737 (86)
728 5666 868 5738 Lege
927 5665 1261 5723 Genuadium
1312 5682 1409 5738 pro
1459 5668 1691 5726 concilio
1731 5668 2066 5735 Florentino,
2109 5681 2159 5724 c.
2189 5667 2240 5734 4,
2270 5674 2327 5723 et
2375 5664 2765 5722 Bellarminnm
2823 5665 2969 5720 iib.l
3022 5665 3092 5721 De
3164 5681 3461 5721 sanctarum
3526 5669 3743 5721 beatitu-

502 5742 649 5795 diue.
