4472 6434
810 352 916 415 221

2074 351 2470 413 MANUELIS
2513 352 2814 412 CALECAZ

3930 352 4037 417 228

804 467 890 512 est
928 475 941 511 :
984 455 1090 509 Deo
1136 472 1232 525 pro
1283 456 1427 509 nobis
1470 457 1657 511 melius
1700 458 1903 528 aliquid
1942 462 2267 527 providente,
2313 479 2375 515 ne
2403 468 2445 523 Α
2478 465 2692 532 quidem
2723 424 3072 518 satiabuntur
3093 476 3215 517 cum
3240 463 3649 532 apparueriteis
3670 464 3836 534 gloria
3871 466 4039 533 ipsius

805 550 918 599 sine
988 548 1134 600 nobis
1195 546 1560 614 perﬁciantur,
1627 550 2015 616 perleCtionetn
2078 552 2366 618 signiﬁcat,

808 651 972 703 quam
1008 637 1265 702 diximus,
1286 652 1561 706 quamque
1586 637 1836 694 Patribus
1864 641 1919 694 in
1950 641 2140 708 spiritu
2163 643 2373 695 denun-

808 729 1019 790 tiatam,
1066 739 1192 782 ante
1245 731 1478 782 futuram
1535 731 1935 785 restitutionem
1988 747 2094 785 non
2135 732 2371 787 reddidit

802 819 922 870 sive
964 818 1087 871 aliis
1122 821 1347 882 sanctis,
1376 818 1548 873 donec
1576 820 1873 875 Jerusalem
1903 820 1992 875 illa
2022 822 2281 885 caelestis,
2305 837 2368 876 ex

801 908 885 959 Itis
913 908 1004 974 qui
1053 919 1179 960 ante
1211 909 1383 976 legem
1418 921 1470 962 et
1501 910 1552 962 in
1588 912 1725 979 lege,
1758 922 1811 965 et
1864 912 1915 964 in
1978 910 2128 966 Novo
2175 910 2369 966 Testa-

802 1007 983 1048 mento
1039 1006 1185 1060 sunt,
1221 996 1531 1064 impleatur,
1579 999 1732 1067 juxta
1780 1014 2032 1067 magnum
2084 999 2369 1053 consilium

800 1086 916 1146 Dei,
947 1097 1000 1139 et
1032 1089 1531 1156 prwcoguitiouem,
1585 1088 2020 1159 iueﬂ‘abilemque
2052 1088 2370 1158 dispositio-

795 1192 943 1229 "CIII.

865 1266 1160 1331 Quocirca.
1217 1283 1391 1336 nque
1435 1271 1728 1337 putandum
1778 1279 1882 1331 est,
1941 1269 1985 1323 si
2045 1271 2226 1334 modo,
2276 1268 2367 1338 qui

792 1357 939 1422 digni
980 1370 1105 1411 sunt
1152 1359 1509 1423 beatitudine,
1553 1361 1763 1413 meritis
1810 1360 2046 1426 praemiis
2092 1358 2365 1426 fruantur,

795 1448 993 1498 nullam
1027 1447 1139 1515 jam
1186 1446 1302 1502 fore
1350 1451 1730 1503 necessitatem
1789 1450 2019 1505 illustris
2070 1449 2368 1505 Salvatoris

795 1536 1060 1589 adventus
1096 1537 1304 1589 venturi
1359 1535 1610 1604 judicare
1671 1537 1953 1591 mundum.
2009 1536 2161 1591 Tunc
2221 1539 2365 1593 enim

793 1640 918 1677 eum
968 1627 1140 1680 aderit
1190 1638 1527 1679 mortuorum
1563 1628 1914 1689 resurrectio,
1956 1628 2165 1696 singula
2199 1628 2365 1682 etiam

790 1730 1046 1784 corpora,
1069 1717 1220 1783 juxta
1253 1717 1512 1785 cujusque
1542 1717 1735 1771 anime
1765 1717 1846 1770 vel
1879 1698 2248 1786 splendorem,
2282 1718 2362 1773 vel

2475 553 2766 621 perlectam
2820 554 2932 621 jam
2982 554 3145 607 etiam
3182 556 3479 607 secundum
3524 570 3723 622 corpus
3760 555 4038 610 consecuti

2473 644 2882 697 beatitudinem.
2916 644 2980 697 Et
3016 654 3201 696 contra
3249 643 3446 713 impios
3474 655 3527 698 et
3567 645 3812 697 intideles
3839 645 3890 697 in
3928 645 4039 698 cla-

2475 734 2693 787 rissimo
2726 734 2999 803 triumpho
3033 734 3272 796 vincent,
3303 735 3677 801 triumphutori
3706 735 4039 802 procidenti-

2473 824 2571 877 bus
2618 822 2868 877 omnibus
2905 840 2920 877 :
2968 821 3153 877 Omnis
3189 822 3326 875 enim
3362 817 3544 891 lingua
3586 823 3938 889 conﬁtebitur,
3987 832 4036 876 et

2472 931 2622 967 omne
2644 930 2775 982 genu
2797 914 3124 980 curvabitur,
3170 914 3480 977 calestium,
3507 915 3827 967 terrestrium
3862 924 3910 967 et
3951 914 4035 965 in-

2471 1004 2740 1071 fernarum
2772 1005 2841 1057 ".

2541 1095 2642 1160 Qui
2689 1103 2866 1148 autem
2914 1095 3195 1148 Dominum
3228 1095 3411 1164 gloriae
3442 1094 3853 1155 crucilixerunt,
3884 1093 3950 1147 ob
3984 1094 4034 1148 id

2469 1188 2804 1241 solummodo
2847 1188 2995 1241 illum
3046 1188 3230 1242 videre
3271 1191 3672 1257 permittentur,
3716 1198 3773 1241 ut
3805 1203 4035 1257 arguan-

2471 1287 2555 1330 tur
2587 1296 2600 1333 :
2638 1276 2894 1331 Videbunt
2927 1279 3087 1337 enim.
3122 1281 3178 1332 in
3212 1295 3365 1347 quem
3408 1290 3739 1347 pupugeruut
3772 1278 3819 1310 ⁸³
3853 1295 3867 1332 :
3913 1280 4037 1346 qui-

2469 1382 2574 1436 que
2604 1368 2655 1420 in
2688 1370 2788 1422 hoc
2822 1370 3024 1422 mundo
3052 1370 3399 1436 praedicatum
3431 1384 3534 1422 non
3570 1378 3913 1437 receperunt,
3940 1368 4033 1422 sed

2472 1460 2521 1512 in
2574 1474 2675 1511 suo
2708 1474 2894 1513 errore
2927 1468 3367 1526 permanserunt,
3421 1458 3845 1513 confundentur.
3881 1458 4035 1510 Nun-

2467 1564 2626 1620 quam
2677 1564 2802 1602 vero
2854 1550 3155 1617 corporalia
3208 1549 3420 1602 Domini
3475 1550 3800 1603 lineamenta
3854 1547 4037 1627 videre

2469 1649 2710 1709 possent,
2752 1641 2853 1693 nisi
2890 1650 2944 1694 et
2995 1640 3093 1707 ipsi
3128 1655 3355 1708 corpora
3412 1655 3534 1703 sua,
3588 1640 3913 1708 illorumque
3960 1639 4038 1693 ef-

2468 1729 2641 1783 lectus
2702 1730 2899 1782 habere
2980 1729 3424 1797 permitterentur
3492 1739 3616 1797 post
3679 1728 4034 1783 resurrectio-

789 1808 1464 1876 οὺεευτίιίίιειυορτπωίίδ
1490 1823 1642 1876 εείιικι
1699 1809 2048 1877 Ρτοροτιίοηθ
2084 1808 2367 1878 Ρεΐίτυοηο
2399 1798 2628 1886 Bnem,
2687 1820 2836 1885 juxta
2896 1819 3159 1889 cujusque
3220 1820 3413 1873 anima:
3469 1821 3896 1888 proportionem.
3976 1828 4037 1872 ut

787 1907 899 1953 tur.
948 1898 1239 1963 Praeterea,
1291 1902 1550 1964 quoniam
1604 1914 1724 1953 cum
1775 1901 2152 1969 corporalibus
2192 1901 2365 1955 linea-

788 1993 984 2046 mentis
1020 1992 1273 2046 adveniet
1302 1992 1355 2045 in
1388 1992 1580 2061 gloria,
1624 2006 1733 2045 non
1770 1993 1913 2045 sicut
1946 1993 1998 2046 itt
2049 1993 2215 2062 priori
2265 1995 2364 2049 ad-

786 2096 950 2136 ventu
985 2082 1036 2136 in
1083 2082 1406 2146 humilitate,
1444 2081 1757 2137 necessario
1788 2096 1978 2138 omnes
2014 2098 2365 2155 resurgentes

783 2175 840 2229 in
886 2189 1053 2244 regno
1079 2188 1202 2229 cum
1249 2173 1418 2243 gloria
1457 2174 1712 2229 videbunt
1742 2187 1887 2239 eum,
1931 2178 2146 2244 quando
2186 2179 2363 2233 sancti

2462 1928 2624 1982 supra
2682 1912 2884 1966 dictum
2946 1923 3064 1978 est,
3126 1927 3235 1982 quo
3281 1910 3428 1967 facto
3478 1930 3493 1969 :
3552 1912 3657 1965 Atii
3707 1914 3918 1982 quidem
3979 1915 4034 1965 in

2464 2004 2778 2072 supplicium
2817 2012 3094 2069 cternum,
3148 2003 3243 2056 alii
3295 2019 3412 2056 vero
3468 2005 3522 2056 in
3572 2005 3734 2057 vitam
3783 2014 4034 2057 teternant

2463 2092 2612 2146 ibunt
2635 2090 2701 2146 ”.

2144 2337 2220 2393 De
2243 2339 2361 2409 igne
2396 2341 2711 2410 purgatorii.

864 2461 1217 2516 Peccatorum
1277 2472 1404 2512 vero
1426 2457 1530 2512 alia
1585 2458 1804 2527 quidem
1868 2454 2113 2509 mortalia
2172 2455 2354 2509 dicun-

785 2565 896 2619 tur,
943 2569 1006 2607 ea
1040 2554 1271 2616 scilicet,
1318 2564 1437 2619 quae
1466 2550 1659 2603 anima:
1691 2558 1919 2602 mortem
1959 2547 2239 2610 inducunt,
2265 2561 2363 2598 cu-

782 2624 1045 2702 iusmors
1095 2651 1178 2697 est
1229 2641 1503 2710 separatio
1538 2655 1566 2693 a
1600 2640 1745 2704 Deo;
1800 2639 1903 2691 alia
1956 2651 2085 2692 vero
2107 2637 2361 2701 venialia,

784 2751 1013 2807 «piaeque
1039 2735 1249 2790 scilicet
1274 2748 1466 2802 rugam
1500 2734 1717 2800 quidem
1764 2732 2027 2800 aliquam,
2059 2729 2143 2783 vel
2180 2743 2363 2800 macu-

782 2826 886 2879 lam
935 2829 1129 2879 anima:
1176 2825 1481 2891 imponunt,
1533 2835 1638 2874 non
1689 2828 1870 2873 tamen
1930 2819 2027 2883 ita,
2058 2827 2116 2871 ut
2172 2833 2266 2885 per
2293 2832 2355 2871 ea

774 2928 978 2968 (eterna
1033 2913 1291 2967 beatitate
1346 2919 1618 2964 arceatur.
1675 2908 1836 2962 Solus
1862 2910 2057 2977 quippe
2095 2908 2354 2961 Dominus

781 3016 967 3058 uestra
1018 3003 1330 3057 conditione
1394 3012 1646 3068 suscepta
1710 2999 1828 3052 sine
1881 3005 2104 3067 peccato
2172 2997 2349 3061 vixit;

2550 2458 2701 2510 Ἐπεὶ
2729 2458 2785 2510 δὲ
2817 2457 2895 2526 (α)
2924 2455 3031 2508 τῶν
3071 2453 3486 2523 ἁμαρτημάτων
3518 2454 3585 2505 τὰ
3619 2453 3719 2521 μέν
3748 2453 4025 2523 θανάσιμα

2464 2549 2737 2619 λέγονται,
2772 2544 2876 2602 ὅσα
2908 2549 3008 2618 τὴν
3030 2546 3210 2616 ψυχὴν
3232 2546 3600 2615 ἀποθνήσκειν
3629 2548 3793 2609 ποιεῖ,
3819 2542 3885 2617 ἦς
3914 2548 4028 2600 ἐστι

2463 2640 2690 2702 θάνατος
2712 2642 2738 2690 ὁ
2762 2639 2871 2692 ἀπὸ
2888 2638 2978 2690 τοῦ
3001 2637 3135 2690 Θεοῦ
3168 2637 3471 2706 χωρισμὸς,
3503 2637 3572 2689 τὰ
3594 2636 3651 2689 δέ
3679 2639 4031 2704 συγγνωστὰ,

2459 2731 2561 2783 ὃσα
2602 2731 2792 2800 ῥυτίδα
2845 2730 2967 2781 τινά
3004 2731 3099 2782 καὶ
3151 2730 3322 2799 ῥύπον
3363 2728 3608 2797 ἐντίθησι
3651 2731 3715 2796 τῇ
3756 2727 3927 2797 ψυχῇ,
3970 2730 4032 2779 οὐ

2467 2825 2575 2890 μὴν
2598 2821 2740 2873 ὥστε
2775 2820 2873 2890 τῆς
2922 2820 3142 2874 αἰωνίου
3178 2820 3585 2889 μακαριότητος
3629 2820 3913 2887 εἴργεσθαι
3947 2820 4036 2871 δια

2460 2912 2655 2965 ταῦτα.
2685 2913 2790 2965 Καὶ
2822 2912 2981 2981 μόνος
3012 2910 3114 2980 μὲν
3140 2913 3167 2962 ὁ
3194 2909 3398 2979 Κύριος
3444 2909 3542 2979 τὴν
3567 2910 3839 2977 ἡμετέραν
3871 2909 4035 2976 φύσιν

2458 3003 2764 3065 ἀναλαϐὼν,
2785 3003 3161 3071 ἀναμάρτητος
3175 3000 3376 3063 διεϐίω,
3397 3000 3502 3051 τῶν
3519 3000 3572 3050 δέ
3591 2998 3687 3051 ἀνθ
3697 2999 3893 3067 ρώπων
3909 3000 4037 3051 ἐδια-

778 3096 975 3165 siugnli
1034 3104 1212 3147 autem
1253 3092 1530 3145 hominum
1557 3090 1697 3144 alius
1725 3089 1846 3142 aliis
1878 3088 2118 3155 peccatis
2151 3097 2358 3140 tenetur
2385 3075 2429 3133 C
2463 3110 2544 3146 στι

2267 3097 2358 3140 :tur
2385 3075 2429 3133 (ἶ
2463 3110 2584 3155 στος
2624 3094 2781 3154 ἄλλος
2808 3087 2988 3153 ἄλλοις
3015 3091 3127 3142 τῶν
3178 3089 3602 3159 ἁμαρτημάτων
3633 3089 3899 3157 ἐνέχεται.
3944 3087 4033 3139 Ἐν

777 3189 1064 3241 obnoxius.
1120 3184 1177 3238 ιιι
1208 3185 1445 3252 peccatis
1504 3182 1648 3235 enim
1684 3182 1791 3234 nati
1837 3196 2046 3243 sumus,
2086 3181 2361 3248 vitamque

775 3280 893 3334 sine
952 3288 1175 3347 peccato
1210 3277 1439 3330 transire
1476 3291 1578 3329 non
1607 3288 1918 3343 possumus,
1961 3274 2362 3340 quantumlibet

781 3369 969 3423 virtuti
1040 3369 1375 3422 studeamus.
1414 3366 1527 3418 Etsi
1549 3365 1693 3418 enim
1724 3365 1993 3433 quispiam
2044 3364 2362 3417 mortalibus

773 3458 1064 3523 abstineat,
1111 3457 1409 3510 minoribus
1467 3467 1644 3510 tamen
1705 3455 1853 3509 illum
1904 3469 2010 3507 non
2076 3454 2357 3521 implicari,

777 3546 1035 3616 possibile
1085 3560 1192 3599 non
1223 3552 1345 3599 est:
1384 3560 1482 3613 pro
1517 3545 1717 3611 quibus
1747 3543 1990 3611 quotidie
2039 3552 2261 3597 orantes
2285 3542 2363 3596 di-

771 3640 983 3691 cimus:
1019 3637 1231 3691 Dimitte
1262 3638 1409 3690 nobis
1441 3637 1613 3690 debita
1642 3645 1825 3690 nostra
1850 3636 1898 3667 ⁸³
1929 3651 1944 3700 ;
1971 3634 2362 3703 quantumlibet

770 3730 919 3782 enim
947 3729 1175 3798 quisque
1205 3730 1529 3798 peccaverit,
1547 3728 1828 3781 miuimutn
1863 3727 2013 3789 licet,
2036 3726 2209 3780 reatui
2235 3726 2363 3780 sub-

773 3821 941 3881 ditur,
1001 3822 1265 3889 hujusque
1326 3819 1631 3872 satisfactio
1684 3808 2089 3887 quomodolibet
2125 3817 2196 3871 illi
2238 3832 2361 3888 per-

772 3911 1028 3965 solveuda
1061 3920 1164 3965 est.
1205 3910 1262 3963 Si
1292 3910 1417 3979 quis
1444 3912 1588 3964 enim
1623 3911 1941 3964 mortalibus
1974 3912 2210 3979 peccatis
2260 3910 2360 3964 ob-

772 4004 1007 4065 noxius,
1052 4002 1175 4056 hinc
1233 4004 1352 4057 sine
1400 4003 1719 4072 pmnitentia
1748 4005 2098 4065 discesserit,
2142 4004 2359 4057 aeternis

771 4097 1053 4165 suppliciis
1080 4098 1341 4151 subdctur
1370 4113 1386 4150 :
1421 4095 1523 4161 Qui
1570 4099 1706 4150 enim
1751 4098 1883 4150 talia
1900 4108 2081 4168 agunt,
2110 4098 2181 4150 ait
2213 4097 2359 4166 Apo-

771 4192 969 4255 stolus,
999 4206 1214 4259 regnum
1249 4189 1342 4242 Dei
1402 4205 1502 4241 non
1523 4189 1860 4258 possidebunt
1885 4191 1962 4250 ";
1993 4190 2187 4258 quibus
2229 4199 2372 4243 vero

772 4283 917 4334 nulla
944 4282 1057 4350 jam
1107 4282 1296 4335 salutis
1318 4282 1421 4334 erit
1444 4296 1592 4349 spes,
1618 4293 2011 4350 resurgeutque
2035 4282 2089 4334 in
2110 4284 2356 4335 condem-

772 4374 1070 4435 nationem,
1095 4373 1146 4425 in
1182 4374 1431 4426 eumdem
1465 4388 1658 4427 rursus
1692 4374 1942 4426 redibunt
1973 4373 2171 4427 locum.

841 4549 1013 4603 Porro
1051 4555 1093 4603 si
1126 4551 1247 4613 quis
1280 4548 1585 4612 confessus,
1626 4550 1939 4619 priusquam
1973 4566 2069 4619 pro
2106 4549 2346 4618 peccatis

765 4645 1105 4709 satisfaciat,
1140 4648 1253 4700 sive
1296 4648 1484 4711 etiam,
1517 4648 1675 4701 simul
1724 4660 1885 4715 atque
1917 4648 2200 4703 confessus
2230 4648 2349 4702 lue-

761 4749 858 4802 .rit,
893 4740 1179 4806 paenitens,
1241 4740 1294 4792 in
1331 4741 1528 4808 quibus
1563 4741 1807 4808 peccavit
1833 4756 1897 4793 ex
1927 4743 2030 4792 vita
2068 4741 2341 4803 discedat,

759 4832 1202 4898 :eteruuquidem
1238 4833 1585 4884 damnatione
1621 4831 1882 4884 liberatur
1916 4847 2012 4899 per
2038 4846 2349 4884 sacramen-

769 4933 879 4975 tum
908 4924 1261 4990 puzniteutize,
1286 4926 1335 4976 in
1360 4925 1459 4977 hoc
1484 4925 1629 4977 enim
1680 4925 2009 4991 paenitentiae
2044 4924 2340 4977 remedium

762 5017 1032 5070 indultum
1058 5026 1159 5080 est;
1185 5016 1343 5069 aliter
1374 5018 1572 5085 quippe
1608 5017 1750 5069 nulla
1789 5018 1978 5069 salutis
2008 5032 2131 5084 spes
2160 5016 2349 5070 luisset

767 5109 875 5166 liis,
910 5107 997 5172 qui
1027 5106 1078 5158 in
1108 5110 1213 5161 line
1247 5110 1547 5174 poenitent;
1585 5108 1819 5161 debitam
1850 5123 1977 5161 vero
2000 5118 2347 5175 peccatorum

763 5199 1191 5253 Satisfactionem
1210 5202 1495 5269 persolvet.
1512 5207 1681 5265 Quam
1700 5202 1840 5253 enim
1859 5201 2085 5263 liic,sive
2103 5215 2196 5268 per
2211 5202 2355 5255 elee-

764 5305 1072 5359 tuesyuam,
1098 5302 1151 5344 ct
1182 5293 1341 5344 aliam
1376 5292 1812 5354 beneﬁcentiam,
1842 5292 1955 5344 sive
1976 5291 2348 5359 pet'jejnniunt

833 5407 877 5436 ⁵³
913 5405 1143 5475 Philipp.
1172 5424 1232 5471 ti,
1274 5408 1357 5469 10,
1394 5408 1477 5460 Η.

828 5523 1113 5595 (εὸμιθςε
1148 5524 1204 5579 S.
1242 5523 1502 5577 Thomam
1530 5526 1582 5577 in
1615 5539 1801 5593 opusc.
1858 5535 2054 5578 contra
2103 5523 2327 5577 Graeco-

756 5594 880 5650 rum
912 5610 1124 5649 errores
1157 5598 1206 5646 iu
1235 5594 1564 5649 Bellarmino
1590 5596 1629 5649 l.
1676 5595 1748 5649 De
1776 5598 1999 5663 Pin-gat.
2027 5604 2081 5649 et
2115 5595 2332 5649 Genua-

761 5668 912 5719 dium
940 5683 1040 5733 pro
1074 5667 1307 5719 concilio
1347 5666 1661 5720 Florentino
1687 5684 1715 5721 c
1748 5667 1801 5718 5.
1837 5666 2030 5718 Exstat
2062 5665 2248 5719 Graece
2284 5675 2338 5719 cl

762 5736 955 5791 Latine
986 5736 1121 5791 libcr
1173 5753 1201 5791 a
1240 5737 1443 5792 Gtmcis
1490 5743 1667 5792 editus
1722 5748 1908 5791 contra
1963 5739 2338 5806 purgatorium

1557 5407 1603 5438 ”
1629 5406 1785 5462 Juau.
1821 5423 1937 5469 xix,
1974 5408 2061 5463 57.
2136 5409 2183 5441 ⁸⁸
2211 5406 2402 5461 Matth.
2440 5422 2568 5471 xxv,
2599 5407 2689 5463 46.

2460 3188 2867 3258 ἁμαρτίαιςγάρ
2892 3186 3283 3256 ἐγεννήθημεν,
3327 3184 3531 3238 καὶτὸν
3555 3184 3670 3251 βίον
3686 3183 3714 3234 δ
3737 3183 3912 3235 εὶθεῖν
3934 3184 4034 3235 οὐκ

2462 3282 2608 3334 ἐστιν
2626 3281 3048 3348 ἀναμαρτήτως,
3075 3278 3176 3331 κᾶν
3193 3276 3415 3343 ἐφ’ὅσον
3442 3271 3534 3328 οὖν
3562 3275 3661 3343 τῆς
3684 3277 3884 3344 ἀρετῆς
3916 3273 4034 3343 ἐχε-

2464 3374 2585 3426 σθαι
2635 3372 2894 3442 βούλοιτο.
2945 3371 3007 3422 Εί
3050 3368 3160 3439 γὰρ
3219 3367 3327 3420 τῶν
3373 3367 3691 3435 θανασίμων
3743 3369 4032 3436 ἀπέχεται,

2461 3470 2572 3528 τοῖς
2614 3465 2723 3531 γὰρ
2754 3463 3106 3531 μικροτέροις
3137 3459 3399 3512 ἀδύνατον
3424 3459 3519 3526 ’μὴ
3553 3457 3854 3527 ἐνέχεσθαι,
3893 3458 4031 3529 ὑπὲρ

2462 3551 2537 3609 ὧν
2564 3554 2922 3608 καίὁστισοῦν
2960 3553 3255 3622 εὐχόμενος
3309 3550 3556 3621 ἐνέχεται
3594 3550 3773 3617 λέγειν
3802 3566 3814 3581 ·
3847 3551 4033 3616 ’Ἄφες

2461 3646 2608 3717 ἡμῖν
2643 3647 2715 3700 τὰ
2754 3644 3130 3714 ὀφειλήματα
3160 3642 3350 3712 ἡμῶν.
3392 3643 3505 3709 Ἐφ’
3537 3643 3661 3694 ὅσον
3690 3644 3797 3709 γάρ
3827 3659 3910 3704 τις
3938 3641 4033 3694 καὶ

2461 3737 2714 3793 ὁπωσοῦν
2760 3738 3089 3807 ἁμαρτάνει,
3145 3735 3303 3803 ἐνοχῇ
3353 3734 3548 3804 χρέους
3596 3732 3903 3796 ὑπόκειται,
3938 3732 4032 3783 καὶ

2460 3833 2557 3901 τὴν
2593 3831 2735 3900 ὺπέρ
2781 3829 2973 3880 τούτου
3026 3828 3419 3895 ίκανοποίησιν,
3466 3826 3819 3892 ὁπωσδήποτε
3862 3837 4031 3881 κατυ-

2461 3924 2678 3978 6αλλειν
2710 3921 2935 3989 ὀφείλει.
2970 3922 3031 3973 Ei
3060 3919 3156 3989 μέν
3180 3935 3263 3980 τις
3289 3917 3610 3984 θανασιμοις
3638 3915 4031 3984 ἁμαρτήμασιν

2460 4014 2823 4083 ὑποκείμενος
2874 4009 2967 4063 τοῦ
3000 4010 3268 4080 παρόντος
3322 4006 3616 4077 μετανοίας
3651 4006 3817 4074 χωρὶς
3852 4005 4029 4072 ἀπῆλ-

2459 4105 2573 4167 θεν,
2625 4105 2653 4155 ὁ
2698 4102 2764 4171 δὴ
2812 4101 3053 4162 τοιοῦτος
3109 4097 3341 4160 αίωνίως
3403 4094 3746 4164 κριθήσεται.
3804 4095 3869 4146 Οἱ
3920 4099 4031 4161 γὰρ

2457 4193 2735 4255 τοιοῦτοι,
2767 4192 2931 4259 φησὶν
2970 4192 2997 4242 ὁ
3042 4188 3383 4253 ’Δπόστολος,
3416 4186 3747 4251 ,βασιλείαν
3779 4185 3929 4238 Θεοῦ
3962 4187 4030 4237 οὐ

2458 4284 3061 4354 κληρονομήσουσιν.
3124 4281 3258 4348 Περὶ
3324 4274 3399 4333 ὢν
3466 4277 3695 4346 οὐδεμία
3761 4277 4031 4346 σωτηρίας

2458 4381 2633 4440 ἐλπτς,
2665 4378 2759 4428 καὶ¹
2805 4378 2901 4445 τῆς
2941 4375 3290 4435 ἀναστάσεως
3343 4374 3437 4423 ἐπὶ
3472 4371 3796 4440 κατακρίσει
3848 4371 4031 4439 τυχόν-

2454 4486 2565 4531 τες.
2598 4468 2762 4520 πάλιν
2797 4468 2876 4529 είς
2909 4466 2999 4517 τὸν
3035 4466 3196 4519 αὑτὸν
3234 4463 3623 4516 ἀπελεύσονται
3664 4465 3850 4515 τόπον.
3889 4483 3892 4486 ’

2526 4562 2587 4613 El
2617 4561 2675 4612 δέ
2706 4577 2789 4621 τις
2820 4556 3380 4627 ἐξομολογησάμενος,
3420 4555 3584 4625 πρινὴ
3626 4555 3723 4624 τὴν
3758 4556 3895 4625 ὑπὲρ
3927 4556 4031 4608 τῶν

2455 4651 2870 4722 ἁμαρτημάτων
2899 4648 3278 4716 ίκανοποίησιν
3309 4647 3691 4716 ἐκπληρῶσαι,
3720 4648 3767 4698 εί
3795 4655 3885 4699 καὶ
3916 4651 4029 4717 ἅμα

2454 4747 2531 4814 τῷ
2583 4740 3086 4811 ἐξομολογήσασθαι
3134 4736 3521 4807 μετανοοῦντα,
3570 4736 3655 4805 ἐφ’
3691 4735 3772 4800 οἷς
3812 4740 4031 4809 ἥμαρτε

2457 4832 2796 4899 Θανασίμοις,
2831 4828 3082 4881 ἐντεῦθεν
3110 4829 3479 4897 ἀναχωρήσει,
3507 4828 3609 4894 τῆς
3666 4828 3764 4896 μὲν
3808 4831 4030 4882 αἰωνίου

2454 4924 2757 4989 καταδίκης
2793 4919 3086 4989 λυτροῦται
3126 4918 3214 4971 διὰ
3258 4920 3353 4970 τοῦ
3390 4918 3690 4987 μυστηρίου
3717 4919 3815 4988 τῆς
3867 4938 4033 4989 μετα·

2455 5015 2627 5076 νοίας.
2674 5014 2801 5067 Ἐπὶ
2826 5014 3005 5082 τούτῳ
3038 5015 3146 5080 γὰρ
3171 5013 3231 5063 τὸ
3256 5012 3355 5078 τῆς
3388 5011 3682 5081 μετανοίας
3707 5016 4031 5082 κεχάρισται

2457 5108 2772 5176 φάρμακον.
2805 5107 3014 5168 Ἀλλως
3045 5110 3153 5175 γὰρ
3192 5106 3292 5157 οὐκ
3321 5106 3386 5157 ἂν
3418 5106 3716 5159 ἐλυσιτέλει
3740 5110 3851 5169 τοῖς
3885 5107 3941 5157 ἐν
3964 5108 4029 5176 τῇ

2456 5199 2621 5268 ἐξόδῳ
2676 5197 3020 5267 μετανοοῦσι,
3052 5198 3149 5265 τὴν
3198 5197 3254 5248 δέ
3312 5198 3674 5267 ὀφειλομένην
3732 5197 3870 5268 ὺπέρ
3924 5197 4032 5248 τῶν

2457 5291 2880 5360 ἁμαρτημάτων
2928 5289 3305 5358 ίκανοποίησιν
3333 5288 3631 5343 ἀποδώσει.
3674 5290 3777 5341 Ἦν
3809 5288 3915 5358 γὰρ
3950 5289 4033 5341 ἐν·

2769 5408 2815 5439 ⁵³
2849 5406 3041 5460 Matth.
3066 5420 3139 5472 Vl,
3172 5405 3259 5459 12.
3292 5405 3412 5461 Gal.
3440 5422 3496 5470 ν,
3522 5405 3611 5461 Si.

2437 5542 2598 5607 quem
2641 5526 3207 5608 telitebrisiqttamluce
3230 5529 3533 5599 digniorem
3583 5528 3855 5599 evulgavit
3900 5531 4035 5586 Vul-

2453 5599 2646 5651 cauius
2684 5597 3005 5652 Calvinista.

2526 5667 2606 5735 (α)
2636 5666 2788 5720 Hunc
2823 5670 2996 5721 locum
3041 5669 3229 5723 Gra‘cc
3258 5668 3565 5723 elidith
3616 5671 3843 5725 Allatius
3875 5671 3927 5725 in
3976 5673 4039 5727 li-

2448 5739 2547 5792 bro
2582 5738 2653 5791 De
2695 5736 3034 5807 Purgatorio,
3072 5757 3124 5808 p.
3170 5740 3254 5792 l9...
3294 5740 3443 5794 litim
