4472 6434
832 374 928 436 231

2095 369 2258 429 MAN
2271 367 2498 428 UELIS
2540 365 2844 427 CALECAE
2938 421 2943 425 .

3963 354 4072 418 939.

830 485 1072 551 profecto
1121 484 1283 552 judex
1332 495 1603 551 nunquam
1653 480 2011 549 permitteret.
2054 480 2202 533 Alias
2255 480 2399 533 enim
2433 493 2474 544 Α
2504 481 2596 532 τότε

2306 480 2399 532 tim
2433 493 2474 544 Α
2504 481 2652 550 τόπῳ
2681 483 2780 549 τῆς
2827 479 3151 549 καθάρσεως
3199 479 3426 541 ἐντελῶς
3467 478 3758 531 ἀποδώσει.
3815 479 3919 529 Τὸν
3972 479 4072 545 μὲν

831 578 936 628 vita
965 591 1097 643 pura
1130 575 1266 627 nihil
1294 588 1322 625 a
1357 581 1610 638 corrupta
1639 570 1901 624 diﬂerret:
1936 572 2007 631 si.
2044 571 2134 638 qui
2167 571 2284 624 sine
2311 584 2402 623 ve-

827 667 1062 720 nialibus
1097 667 1270 732 culpis
1295 678 1413 716 esse
1436 677 1540 715 non
1575 676 1863 729 possumus
1884 661 1901 730 (
1923 674 2107 714 sumus
2128 661 2269 714 enim
2302 660 2400 713 bo-

829 757 1038 825 miues)
1070 772 1223 824 aeque
1247 765 1466 824 propter
1501 752 1612 818 illa,
1644 762 1698 805 ut
1731 752 1958 819 quisque
2009 751 2404 818 perditissimus

827 851 896 900 ob
948 850 1153 901 scelera
1201 845 1519 916 gravissima
1571 843 1958 897 cruciabimur.
2007 841 2076 894 Et
2131 841 2403 910 quomodo

829 939 1122 1005 unicuique
1176 936 1432 989 Dmninus
1463 933 1646 986 reddet
1673 933 1968 986 secundum
2008 944 2171 997 opera
2204 945 2301 981 sua
2321 929 2366 959 "'
2388 967 2404 992 ,

827 1029 874 1079 si
908 1039 982 1079 ιοι
1011 1027 1212 1078 frustra
1236 1027 1448 1078 labores
1491 1023 1668 1084 nobis,
1699 1036 1795 1090 pro
1821 1021 1963 1074 illius
1988 1020 2270 1087 implendis
2295 1019 2409 1085 jus-

829 1119 903 1170 sis
933 1115 1290 1170 assumimus?
1325 1117 1432 1167 imo
1456 1129 1602 1174 vero.
1653 1127 1898 1180 quamam
1931 1120 2016 1164 est
2040 1112 2230 1164 salutis
2258 1125 2405 1179 spes,

827 1210 873 1262 si
904 1212 1070 1261 etiam
1108 1222 1268 1275 parva
1298 1220 1524 1274 quaeque
1556 1213 1800 1271 peccata,
1835 1217 1956 1270 qua:
2012 1201 2155 1254 velut
2210 1202 2402 1253 umbra

830 1300 1079 1350 homines
1108 1306 1432 1364 sequuntur,
1465 1309 1616 1361 atque
1668 1303 1726 1346 ut
1788 1292 2036 1346 mortalia
2062 1288 2407 1343 damnantur?

830 1386 967 1441 Nam
1000 1388 1115 1440 sine
1139 1387 1266 1455 ipsis
1285 1387 1561 1449 decedere,
1595 1385 1805 1437 ill0rum
1828 1392 1932 1444 est.
1963 1380 2055 1449 qui
2079 1395 2174 1449 per
2202 1388 2406 1445 marty-

834 1478 973 1529 rium
1032 1475 1434 1537 consummati,
1499 1479 1778 1541 vitamque
1832 1471 2130 1538 angelicam
2209 1467 2406 1522 imitati

830 1573 979 1627 sunt,
1001 1579 1298 1631 eorumque
1323 1564 1412 1630 qui
1453 1577 1698 1629 magnam
1738 1558 2093 1614 OStenderunt
2141 1557 2404 1624 paeniten-

830 1658 982 1716 tiam,
1018 1666 1077 1708 ut
1140 1656 1308 1720 latro;
1373 1663 1427 1708 et
1483 1668 1619 1722 quos
1659 1651 1841 1706 divina
1903 1650 2078 1721 gratia
2141 1648 2408 1717 praecipue

821 1745 1159 1811 iustiﬁcavit.

824 1841 1004 1892 αὐτῶν
1063 1840 1341 1907 ἀπελθεῖν,
1376 1840 1484 1893 τῶν
1528 1839 1613 1891 διά
1688 1835 1991 1906 μαρτυρίου
2037 1834 2450 1901 τελειωθέντων,

2507 572 2618 639 γὰρ
2651 571 2758 621 τῶν
2807 570 3126 638 Θανασίμων
3172 571 3546 637 ἀποσχόμενον
3579 568 3666 620 διὰ
3716 567 3832 629 βίου
3878 566 3965 620 διὰ
4005 569 4072 619 τά

2509 657 2686 728 μικρὰ
2718 657 2894 711 ταῦτα
2929 660 3043 718 τοῖς
3071 657 3298 720 ἀσώτοις
3323 657 3677 709 διαδιώσασιν
3699 657 3890 723 ἐπίσης
3915 658 3971 707 ὲν
3995 655 4072 722 τῷ

2508 749 2610 818 ᾅδῃ
2641 748 3066 816 κατακριθῆναι,
3100 749 3313 809 πάντως
3344 748 3446 800 οὐκ
3474 747 3540 798 ἂν
3564 747 3712 814 παρὰ
3743 745 3837 796 τοῦ
3863 745 4071 796 δικαίου

2508 839 2696 906 κριτοῦ
2722 840 3124 907 συγχωρηθείη.
3155 839 3360 899 Ἀλλως
3391 838 3498 906 γάρ
3527 839 3628 889 οὐκ
3657 837 3723 888 ἂν
3751 838 3778 888 ό
3807 836 3943 903 μετά
3966 835 4074 886 τῶν

2509 929 2740 980 ἐντολῶν
2792 930 2886 981 τοῦ
2940 931 3077 982 Θεοῦ
3128 930 3240 998 βίος
3271 929 3364 982 τοῦ
3415 929 3760 996 διεφθορότος
3801 928 4068 995 διαφέροι,

2508 1019 2646 1084 εῐγε
2681 1020 2787 1071 τῶν
2831 1021 2931 1088 μὲν
2965 1019 3329 1087 συγγνωστῶν
3367 1019 3784 1088 ἁμαρτημάτων
3813 1018 4077 1070 ἀδύνατον

2513 1109 2588 1179 μὴ
2622 1113 2919 1178 κατασχεῖν
2954 1111 3240 1177 ἄνθρωπον
3272 1111 3422 1174 ὄντα,
3459 1110 3652 1177 ἐπίσης
3679 1109 3736 1160 δὲ
3765 1109 3857 1160 διὰ
3901 1107 4077 1158 ταῦτα

2507 1203 2617 1260 τοῖς
2657 1202 2835 1268 πάντη
2873 1202 3184 1270 διεφθορόσι
3238 1200 3728 1269 κατακριθήσεται.
3756 1201 3866 1252 Καὶ
3904 1199 4019 1260 πῶς
4052 1199 4080 1249 ό

2511 1289 2715 1357 Κύριος
2752 1291 2968 1359 ἑκάστῳ
2997 1292 3138 1342 κατά
3181 1291 3246 1343 τά
3278 1287 3416 1359 ἔργά
3454 1290 3619 1342 αὑτοῦ
3669 1289 3941 1341 ἀποδώσει
3971 1287 4080 1338 τῶν

2508 1378 2778 1430 τοσούτων
2811 1379 2950 1448 ὑπὲρ
2979 1379 3089 1431 τῶν
3129 1378 3553 1431 ὲντολῶναύτοῦ
3602 1379 3778 1429 πόνων
3806 1378 3884 1436 είς
3924 1378 4080 1428 κενὸν

2509 1467 2876 1535 ἀνηλωμένων
2922 1469 2999 1536 τῷ
3029 1469 3475 1538 κατορθώσαντι;
3513 1469 3728 1520 Μᾶλλον
3757 1468 3814 1519 δὲ
3859 1465 3941 1527 τίς
3975 1483 4080 1516 σω-

2508 1556 2700 1624 τηρίας
2735 1558 2908 1620 ἐλπὶς,
2945 1560 2992 1609 εί
3019 1561 3110 1611 καὶ
3143 1560 3211 1610 τὰ
3245 1560 3418 1628 μικρά
3451 1560 3557 1610 τῶν
3582 1558 4020 1627 ἁμαρτημάτων,
4046 1555 4082 1607 ἃ.

2510 1646 2761 1716 καθάπερ
2796 1649 2923 1700 σκιὰ
2950 1651 3086 1702 πᾶσι
3124 1651 3237 1712 τοῖς
3267 1649 3578 1717 ἀνθρώποις
3610 1647 3940 1715 παρέπεται,
3971 1646 4081 1703 τοῖς

2511 1737 2834 1806 θανασίμοις
2864 1739 3061 1808 ἐπίσης
3091 1720 3515 1808 κατακρινοῦσι;
3548 1739 3621 1790 Τὸ
3649 1738 3759 1805 γὰρ
3793 1736 3886 1786 καὶ
3914 1733 4083 1802 χωρὶς

2513 1833 2606 1886 καὶ
2657 1835 2766 1887 τῶν
2829 1836 2886 1889 ὲν
2935 1834 3147 1905 σώματι
3187 1836 3439 1901 καθάπερ
3488 1835 3709 1900 ἄγγελοι
3760 1831 4084 1883 πολιτευσα-

827 1937 1008 2004 μένων
1046 1939 1204 2005 μόνον
1241 1937 1380 1999 ἐστὶ,
1411 1937 1504 1987 καὶ⁵
1552 1935 1736 2003 μέντοι
1781 1935 1876 1984 καὶ
1948 1932 2058 1984 τῶν
2100 1931 2345 2000 μεγάλην
2389 1931 2784 2002 ἐνδειξαμένων
2853 1934 3159 2000 μετάνοιαν,
3220 1931 3410 2003 ὥσπερ
3451 1934 3478 1985 ό
3539 1931 3763 2000 λῃστὴς,
3799 1927 3895 1980 καὶ
3923 1927 4016 1988 οὒς
4048 1929 4082 1996 ἠ

824 2034 960 2088 Θεοῦ
1007 2033 1167 2102 χάρις
1215 2029 1534 2082 ἐδικαίωσεν
1588 2027 1905 2096 ἐξαιρέτως,
1940 2026 2077 2095 ὅπερ
2116 2025 2404 2092 ὀλιγίστων
2443 2025 2580 2078 ἐστί.

893 2127 1182 2186 Caeterum,
1219 2133 1276 2175 ut
1307 2122 1637 2174 sordidatum
1671 2120 1752 2172 vel
1782 2133 1942 2187 parva
1969 2118 2204 2179 macula,
2265 2117 2405 2170 uuiri
2441 2127 2482 2183 Β
2582 2118 2655 2170 Τδ

2311 2117 2405 2170 uiri
2441 2127 2482 2183 Β
2582 2118 2655 2170 Τδ
2689 2118 2748 2170 δὲ
2779 2116 2874 2169 καὶ
2905 2119 2997 2170 τὸν
3031 2119 3237 2188 βραχὺν
3267 2116 3460 2186 ἔχοντα
3493 2115 3664 2185 ῥύπον
3699 2112 3967 2182 ἑνωοῆναι
4000 2110 4077 2179 τῷ

828 2222 958 2284 Deo,
981 2231 1035 2272 et
1073 2214 1272 2284 perfrui
1325 2213 1687 2275 beatitudine,
1715 2211 1968 2278 possibile
1994 2224 2101 2263 non
2141 2217 2245 2274 est,
2277 2209 2409 2261 nihil

823 2315 968 2365 enim
1030 2309 1224 2362 divina:
1273 2314 1477 2358 natura:
1522 2303 1805 2372 profanum
1845 2302 2275 2370 appropinquat;
2311 2298 2408 2361 ita,

823 2401 1078 2453 oumibus
1101 2397 1340 2466 peccatis
1371 2397 1666 2464 expiatum,
1703 2404 1913 2462 putare,
1937 2407 2040 2446 non
2072 2391 2286 2445 admitti
2343 2391 2408 2443 ad

826 2492 1240 2552 beatitudinem,
1296 2503 1417 2542 cum
1451 2487 1583 2540 nihil
1617 2487 1724 2555 jam
1750 2487 2001 2550 obsistat,
2038 2483 2409 2538 irrationabile

827 2583 987 2637 simul
1017 2591 1071 2635 et
1107 2581 1349 2648 iniquum
1386 2589 1487 2645 est,
1525 2578 1929 2647 Scripturaaque
1969 2575 2258 2631 sententiis
2286 2589 2411 2627 con-

825 2674 1076 2728 trarium.
1115 2672 1206 2724 Sic
1234 2673 1414 2738 itaque
1449 2670 1591 2723 inter
1618 2669 2027 2732 beatitudinem,
2055 2675 2110 2719 et
2147 2676 2409 2720 aeternum

824 2767 1128 2819 crueiatum
1173 2764 1361 2817 tertius
1394 2762 1544 2817 locus
1577 2760 1926 2828 relinquitur,
1980 2759 2034 2812 in
2083 2773 2190 2828 quo
2224 2758 2414 2823 hujus-

826 2861 968 2910 modt
1007 2867 1224 2924 peccata
1248 2863 1566 2924 purgantur.
1588 2853 1720 2906 Eum
1743 2866 1869 2904 vero
1889 2851 2060 2903 locum
2085 2849 2263 2917 ignem
2296 2863 2414 2901 esse

824 2949 1014 3013 aiunt;
1046 2964 1155 3002 non
1181 2963 1304 3001 eum
1336 2946 1428 3016 qui
1461 2954 1584 2998 aute
1625 2943 1817 2997 faciem
1856 2941 2058 2996 Christi
2088 2940 2143 2994 in
2163 2940 2280 3010 ejus
2325 2954 2413 2992 re-

825 3041 1110 3098 velatioue,
1132 3049 1188 3092 ut
1208 3039 1283 3090 ait
1304 3037 1488 3090 Daniel
1514 3038 1583 3099 ",
1605 3035 1881 3103 precedit,
1902 3041 1960 3086 et
1980 3031 2413 3106 quemgehennee

827 3134 1006 3202 ignem
1031 3131 1307 3200 Scriptura
1330 3130 1587 3194 vocat“;
1615 3129 1696 3181 his
1712 3128 1876 3191 enim,
1895 3127 1986 3195 qui
2007 3125 2058 3178 iu
2089 3125 2234 3176 illum
2250 3122 2414 3176 semel

826 3234 1169 3290 merguntur,
1237 3223 1379 3276 nulla
1437 3231 1520 3275 est
1566 3219 1878 3288 emergendi
1935 3232 2101 3286 spes;
2141 3217 2235 3270 sed
2269 3215 2407 3284 ignis

827 3316 984 3377 alius,
1013 3330 1168 3382 quem
1227 3313 1600 3382 purgatorium
1640 3311 1876 3375 dicunt;
1921 3309 2061 3376 quod
2095 3308 2240 3367 ineo
2286 3306 2417 3360 deli-

2511 2209 2633 2280 Θεῳ
2675 2210 3100 2280 συγχωρηθῆναι
3130 2211 3226 2278 τῆς
3263 2210 3668 2280 μακαριότητος
3698 2203 4088 2271 ἐπιτετευγμέ-

2511 2321 2600 2355 νον
2651 2303 2933 2354 ἀδύνατον.
2984 2298 3155 2354 Οὐδὲν
3200 2302 3266 2370 τῇ
3324 2299 3447 2368 θείᾳ
3505 2299 3667 2368 σοφίᾳ
3729 2294 4088 2365 προσυπαντᾷ

2514 2394 2762 2464 βέϐηλον,
2800 2393 2935 2445 άλλά
2983 2394 3077 2445 καὶ
3121 2393 3183 2444 τὸ
3226 2393 3427 2455 παντὸς
3474 2391 3955 2460 ἑκκεκαθαρμένον
4013 2389 4088 2457 μὴ

2515 2487 2922 2557 συγχωρεῖσθαι
2952 2486 3163 2538 οἴεσθαι
3197 2486 3296 2553 τῆς
3332 2485 3737 2554 μακαριότητος
3768 2481 4085 2540 ἀπολαύειν,

2516 2577 2747 2648 μηδενὸς
2783 2578 2882 2647 ῆδη
2919 2576 3390 2646 προσισταμένου,
3427 2576 3620 2642 ἀλογόν
3657 2592 3715 2626 τε
3748 2573 3841 2626 καὶ
3881 2575 4087 2632 ἄδικον,

2513 2668 2606 2720 καὶ
2648 2669 2765 2727 ταῖς
2811 2668 2909 2735 τῆς
2962 2667 3186 2736 Γραφῆς
3238 2667 3579 2734 ἀποφάσεσιν
3619 2666 3882 2718 ἐναντίον.
3931 2662 4090 2716 Οῦτω

2512 2759 2693 2811 τοίνυν
2722 2757 2927 2826 μεταξὺ
2961 2759 3364 2828 μακαριότητος
3423 2759 3636 2827 καὶτῆς
3665 2758 3886 2809 αίωνίου
3923 2773 4092 2808 κατα-

2513 2850 2666 2918 δίκης
2701 2849 2881 2917 τρίτος
2928 2849 3321 2902 καταλείπεται
3351 2851 3536 2915 τόπος,
3582 2852 3639 2901 ἐν
3672 2844 3717 2917 ᾧ
3749 2849 3818 2900 τὰ
3863 2849 4092 2900 τοιαῦτα

2513 2939 2622 2991 τῶν
2669 2940 3091 3008 ἁμαρτημάτων
3130 2939 3476 3009 καθαίρεται.
3519 2942 3616 2992 ’ον
3646 2940 3710 3007 δὴ
3758 2938 3924 2990 τόπον
3979 2936 4091 3004 πῦρ

2517 3027 2659 3083 εἷναί
2692 3048 2876 3096 φασιν,
2925 3033 3025 3084 οὐκ
3055 3034 3232 3084 ὲκείνο
3267 3032 3327 3083 τὸ
3375 3034 3508 3101 πῦρ,
3547 3032 3684 3099 ὅπερ
3725 3031 3831 3100 πρὸ
3878 3029 4095 3100 προσώ-

2517 3141 2619 3175 που
2656 3122 2894 3192 Χριστοῦ
2929 3125 2986 3174 ἑν
3015 3125 3081 3192 τῇ
3131 3123 3446 3192 ἐπιφανείᾳ,
3474 3122 3547 3185 ὡς
3584 3124 3611 3174 ὁ
3659 3121 3858 3191 Δανιήλ
3904 3138 4093 3190 φησιν,

2517 3215 2762 3279 ἕλκεται,
2792 3215 2886 3266 καὶ
2918 3214 2946 3266 δ
2972 3213 3081 3283 πῦρ
3112 3215 3337 3284 γεέννης
3372 3217 3404 3282 ἡ
3439 3214 3627 3283 Γραφὴ
3650 3214 3824 3276 καλεῖ,
3851 3214 3963 3274 τοῖς
3987 3213 4096 3280 γὰρ

2520 3309 2576 3358 ὲν
2610 3305 2785 3372 τούτῳ
2824 3305 3243 3373 καθακριθείσιν
3293 3306 3392 3356 οὑκ
3435 3306 3584 3357 ἔστιν
3642 3303 3921 3368 ἀνάδυσις,
3977 3301 4096 3354 ἀλλ’

829 3414 918 3459 cta
973 3415 1292 3471 purgentur,
1360 3418 1425 3456 ac
1475 3403 1622 3456 velut
1680 3401 1732 3454 in
1761 3399 2000 3461 fornace,
2057 3399 2147 3467 qui
2180 3399 2234 3450 in
2265 3397 2413 3449 ἱΙΙιιιιι
2452 3458 2488 3471 _
2521 3399 2595 3449 ἔτι

2331 3412 2413 3449 utn
2452 3458 2488 3471 _
2521 3399 2729 3467 ἕτερον,
2764 3398 2792 3450 δ
2823 3398 3210 3467 Καθαρτήριον
3238 3397 3325 3450 διὰ
3375 3397 3474 3465 τὴν
3511 3397 3783 3465 κάθαρσιν
3829 3395 4097 3463 ὀνομάζε-

825 3499 1135 3558 mittuntur,
1183 3495 1573 3558 emundantur,
1611 3493 1862 3560 istudque
1891 3491 2296 3559 antejudicium
2328 3503 2420 3542 ex-

827 3596 1079 3640 tremum.
1109 3586 1235 3638 Post
1273 3588 1373 3639 hoc
1398 3585 1566 3648 enim,
1593 3584 1769 3636 nullus
1816 3584 1908 3651 qui
1960 3581 2255 3635 mundetur
2292 3580 2419 3643 erit,

826 3693 1150 3746 tittoquoque
1168 3678 1444 3746 proprium
1465 3678 1565 3729 sibi
1593 3675 1776 3729 locum
1821 3687 2022 3727 aeterne
2047 3674 2417 3736 vindicatum,

831 3769 1017 3822 Solum
1070 3769 1213 3822 enim
1261 3779 1387 3820 ante
1422 3768 1521 3820 hoc
1549 3765 1816 3832 judicium
1845 3779 1964 3831 qua:
1997 3781 2094 3834 pro
2127 3765 2415 3816 animabus

829 3865 986 3922 liunt,
1039 3864 1290 3915 coul'erre
1341 3871 1588 3927 possunt.
1627 3859 1733 3910 Sed
1767 3866 1820 3909 et
1850 3858 1894 3910 si
1948 3857 2037 3924 qui
2087 3857 2414 3908 adveniente

829 3955 1057 4007 Domino
1085 3953 1149 4006 ad
1177 3952 1535 4020 judicandmu
1572 3950 1855 4011 mundum,
1886 3948 2047 4001 modo
2096 3946 2276 4000 sanari
2296 3959 2419 4013 pos-

825 4045 958 4111 sint,
985 4047 1399 4111 relinquentur:
1426 4037 1627 4095 Omnes
1644 4041 1782 4094 enim
1801 4058 1903 4093 non
1928 4041 2250 4093 dormiamus
2275 4037 2414 4106 (86),

823 4155 1000 4193 omnes
1052 4155 1170 4192 vero
1215 4137 1625 4189 immutabimur
1649 4136 1690 4166 ⁶¹
1722 4153 1740 4200 ;
1771 4145 1820 4187 et
1883 4150 2000 4194 nos.
2036 4134 2126 4201 qui
2171 4133 2412 4196 vivimus,

823 4237 912 4302 qui
949 4234 1145 4286 residui
1177 4249 1380 4294 sumus,
1415 4230 1575 4284 simul
1605 4246 1722 4282 cum
1743 4229 1815 4281 eis
1847 4229 2113 4292 rapientur
2136 4226 2180 4256 ⁶⁹
2209 4242 2222 4289 ;
2251 4224 2412 4289 Deus,

825 4337 883 4379 ut
917 4329 1006 4395 qui
1043 4327 1213 4394 possit
1279 4325 1490 4387 mortis,
1547 4333 1712 4390 atque
1745 4321 1956 4374 illorum
1986 4318 2416 4387 regenerationis

825 4422 1006 4472 onmia
1041 4420 1090 4471 in
1137 4426 1413 4470 momento
1436 4417 1691 4485 persequi
1722 4433 1736 4480 ;
1767 4417 1838 4467 ita
1865 4426 1917 4467 et
1950 4413 2283 4482 purgationis
2315 4412 2414 4464 do-

823 4513 1016 4572 lorem,
1037 4511 1126 4578 qui
1153 4509 1318 4563 multo
1348 4519 1593 4576 tempore
1616 4509 1885 4571 durasset,
1912 4507 2147 4560 breviter
2193 4515 2430 4558 contra:

823 4604 975 4666 heus,
1006 4603 1364 4670 reddctjuxta
1416 4601 1699 4669 temporis,
1731 4600 2067 4668 dolorisque
2121 4599 2409 4659 rationem,

823 4705 879 4746 ut
919 4711 1108 4749 omnes
1145 4695 1291 4747 illius
1324 4693 1637 4761 conspectui
1678 4694 1959 4756 assistant,
2006 4690 2151 4743 omni
2191 4688 2408 4759 quidem

2522 3506 2637 3551 ται,
2669 3490 2765 3541 καὶ
2793 3489 2854 3541 τὸ
2889 3489 3144 3559 καθάπερ
3176 3491 3233 3552 ὲν
3268 3490 3622 3559 χωνευτηρίῳ
3667 3492 3791 3546 τοὺς
3825 3487 4100 3541 εἰσελθόν-

2518 3597 2618 3642 τας
2662 3580 3042 3650 καθαίρεσθαι.
3100 3582 3211 3634 Καὶ
3259 3582 3419 3634 τοῦτο
3464 3582 3570 3651 πρὸ
3624 3583 3723 3650 τῆς
3777 3582 4101 3641 τελευταίας

2520 3673 2779 3741 κρίσεως.
2835 3674 2990 3726 Μετά
3021 3673 3133 3743 γάρ
3168 3673 3376 3743 ταύτην
3423 3676 3546 3726 ἐπεὶ
3597 3674 3691 3726 καὶ
3740 3675 3846 3743 πρὸ
3897 3673 4102 3741 ταύτης

2522 3765 2682 3832 μόνον
2716 3765 2785 3817 τά
2817 3765 2960 3834 ὑπὲρ
2991 3764 3100 3817 τῶν
3146 3764 3335 3833 ψυχῶν
3364 3767 3622 3833 γινόμενα
3651 3764 3876 3816 δύναται
3913 3781 4103 3816 συντε-

2519 3856 2631 3908 λεῖν
2655 3875 2667 3887 ·
2702 3858 2842 3926 μετά
2875 3858 2931 3910 δὲ
2963 3861 3171 3926 ταύτην
3216 3861 3391 3922 οὐδεὶς
3427 3861 3462 3915 ό,
3491 3860 3890 3930 καθαιρόμενος
3922 3859 4100 3921 ἔσται,

2522 3949 2763 4001 ἑκάστου
2794 3949 2888 4001 τὸν
2921 3951 3121 4003 οἰκεῖον
3154 3951 3333 4018 ἑαυτῷ
3366 3953 3534 4003 τόπον
3568 3955 3804 4013 αίωνίως
3843 3951 4104 4015 καθέξον·

2518 4056 2637 4100 τος.
2680 4039 2845 4091 Ἀλλά
2889 4041 2980 4091 καὶ
3016 4041 3065 4091 εί
3090 4057 3237 4103 τινες
3279 4043 3479 4110 αἴφνης
3524 4045 3618 4094 ἐπὶ
3661 4041 3739 4111 τῷ
3782 4044 3965 4113 κρῖναι
4014 4043 4106 4093 τὸν

2521 4131 2731 4200 κόσμον
2765 4133 3092 4194 ἑπιστάντος
3121 4133 3214 4184 τοῦ
3268 4135 3498 4197 Κυρίου,
3535 4136 3702 4201 μόνον
3734 4135 3783 4185 εί
3825 4134 3933 4186 τῶν
3969 4133 4107 4186 ιασί-

2521 4242 2638 4293 μων
2671 4224 2800 4289 είσὶ,
2840 4224 3275 4294 περιλείπονται,
3309 4226 3538 4291 Πάντες
3574 4227 3683 4295 γὰρ
3709 4229 3782 4280 οὐ
3821 4231 4106 4295 κοιμηθη-

2516 4317 2769 4385 σόμεθα,
2802 4317 3028 4384 πάντες
3058 4318 3125 4370 δὲ
3156 4320 3653 4388 ἀλλαγησόμεθα,
3693 4324 3789 4374 καί
3840 4322 4010 4389 ἡμεῖς
4052 4325 4106 4374 οἱ

2517 4408 2731 4474 ζῶντες
2760 4413 2815 4462 οἱ
2848 4413 3330 4478 περιλειπόμενοι
3369 4413 3489 4481 ἅμα
3520 4417 3645 4466 σὺν
3682 4413 3890 4478 αὐτοῖς
3924 4415 4109 4480 ἁρπα-

2517 4503 2852 4572 γησόμεθα,
2907 4502 3102 4570 ὥσπερ
3132 4503 3361 4567 δυνατὸς
3390 4507 3416 4556 ό
3452 4505 3584 4567 Θεὸς
3630 4508 3696 4557 τά
3727 4506 3821 4557 τοῦ
3877 4507 4110 4559 θανάτου

2520 4594 2614 4645 καὶ
2649 4594 2748 4661 τῆς
2795 4593 2976 4646 αὐτῶν
3009 4595 3437 4662 παλιγγενεσίας
3467 4597 3525 4647 ὲν
3555 4587 3744 4665 ἀτόμῳ
3795 4597 4110 4662 διεξελθεῖν,

2513 4683 2656 4736 οὕτω
2685 4685 2780 4736 καὶ
2805 4686 2905 4755 τὴν
2939 4687 3028 4738 διὰ
3052 4686 3146 4738 τοῦ
3179 4687 3548 4756 καθαίρεσθαι
3580 4689 3775 4757 ὀδύνην
3819 4692 3876 4741 ὲν
3906 4690 4112 4743 πλείονι

822 4802 992 4851 motu,
1051 4792 1328 4855 cursuque
1367 4783 1804 4853 quiescentibus,
1835 4783 2198 4850 omnibusque
2227 4795 2412 4834 sacra-
2444 4800 2487 4854 ι)
2515 4783 2588 4835 διε

2352 4795 2412 4833 a-
2444 4783 2875 4854 οδιαστήματι
2916 4785 3031 4846 τοῖς
3086 4783 3367 4853 δεομένοις
3424 4785 3749 4854 καθάρσεως
3801 4789 3859 4838 ὲν
3916 4784 4117 4855 βραχεῖ

825 4882 1051 4944 mentis,
1083 4895 1145 4932 ac
1173 4877 1678 4945 dispensationilms
1714 4875 1971 4943 impletis.
2004 4874 2151 4928 ldcm
2205 4889 2333 4927 vero
2360 4885 2414 4927 et

820 4974 892 5026 de
937 4971 1280 5039 corporibus,
1306 4972 1348 5023 si
1382 4985 1544 5037 quem
1587 4984 1648 5021 ex
1709 4969 1791 5019 his
1827 4967 2070 5019 dolorem
2105 4965 2227 5032 quis
2253 4967 2418 5018 obve-

820 5069 936 5118 uire
969 5065 1090 5117 velit
1112 5075 1331 5132 pr0pter
1362 5062 1698 5114 consortium
1721 5060 2042 5112 adanimam
2075 5061 2126 5112 iu
2160 5062 2259 5112 hac
2289 5060 2416 5124 vita,

819 5153 952 5205 nihil
984 5151 1225 5221 cogitare
1259 5151 1535 5219 prohibet.

2527 4875 2767 4928 συνελὼν
2808 4875 3100 4940 ἀποδώσει,
3155 4877 3298 4930 κατὰ
3339 4877 3400 4930 τὸ
3450 4877 3545 4930 τοῦ
3601 4881 3794 4952 χρόνου
3850 4879 3944 4931 καὶ
4011 4881 4113 4949 τῆς

2525 4968 2730 5036 ὀδύνης
2782 4969 3070 5036 ἀνάλογον,
3121 4968 3263 5021 ὥστε
3315 4972 3525 5032 πάντας
3578 4971 3891 5040 ἔμπροσθεν
3945 4971 4113 5023 αὐτοῦ

2531 5062 2906 5130 παραστῆναι,
2951 5064 3131 5131 πάσης
3188 5065 3460 5134 κινήσεως
3505 5067 3598 5117 καὶ
3646 5065 3848 5134 δρόμου
3909 5062 4113 5128 παντὸς

2530 5156 2937 5222 παυσαμένων,
3000 5156 3220 5208 πάντων
3273 5158 3331 5209 δὲ
3399 5160 3718 5227 μυστηρίων
3769 5159 3864 5210 καὶ
3931 5157 4115 5222 πάσης

818 5245 1137 5314 οἰκονομίας
1166 5242 1556 5294 τελεσθέντων.
1587 5240 1661 5291 Τὸ
1694 5240 1738 5291 δ’
1780 5241 1913 5294 αὐτὸ
1943 5241 2040 5293 καὶ
2077 5243 2188 5302 τοῖς
2218 5241 2487 5311 σώμασιν,
2514 5244 2566 5295 εί
2593 5261 2717 5296 τινα
2769 5249 2866 5299 καὶ
2895 5246 3108 5308 τούτοις
3179 5247 3323 5311 ἀξιοῖ
3388 5265 3471 5310 τις
3557 5249 3749 5320 ὀδύνην
3812 5254 4118 5320 προσγενέ-

823 5340 950 5392 σθαι
978 5339 1065 5391 διά
1099 5339 1196 5392 τῖεν
1232 5339 1291 5390 ὲν
1320 5336 1398 5408 τῷ
1435 5337 1534 5407 βίῳ
1565 5335 1742 5406 τούτῳ
1778 5336 1913 5407 πρὸς
1945 5337 2045 5406 τὴν
2074 5337 2253 5407 ψυχὴν
2297 5341 2609 5404 κοινωνίαν,
2647 5340 2801 5393 οὐδὲν
2830 5342 3038 5417 ἄτοπον
3070 5333 3546 5411 προσλογίζεσθαι.

891 5555 935 5586 ⁸⁸
973 5557 1130 5608 llom.
1154 5569 1214 5619 ιι,
1244 5553 1297 5609 6.
1376 5555 1420 5585 ⁵³
1447 5552 1579 5606 Dan.
1609 5567 1700 5618 vn,
1727 5550 1781 5602 9.
1859 5550 1904 5581 “
1931 5549 2124 5609 Matth.
2157 5567 2212 5618 ι,
2249 5551 2338 5606 28.
2418 5550 2522 5607 “ll
2547 5551 2652 5607 Cor

1775 5586 1781 5601 .
1859 5550 1904 5581 “
1931 5549 2124 5609 Matth.
2157 5567 2212 5618 ι,
2249 5551 2338 5606 28.
2418 5550 2522 5607 “ll
2547 5551 2673 5608 Cor.
2705 5568 2795 5621 xv,
2829 5551 2916 5607 5i.
2994 5553 3039 5583 "
3073 5551 3090 5604 1
3122 5549 3324 5608 Thess.
3355 5567 3430 5618 Ir,
3456 5551 3541 5609 l6.

891 5767 1004 5839 (86)
1045 5768 1134 5826 Sic
1167 5769 1349 5840 legunt
1371 5769 1566 5837 Caeci.
