4472 6434
471 371 577 429 237

472 563 613 626 quod
654 563 706 615 in
749 564 1024 619 oderendo
1049 570 1318 626 sacriﬁcio
1354 579 1604 632 sacerdos
1640 595 1777 650 smpe
1815 585 2022 643 diaconi

473 653 648 724 epplet
699 655 1074 712 ministerium.
1103 658 1346 726 Improbe
1373 679 1520 720 sane.
1553 668 1802 733 ignorant
1861 677 2025 736 enim,

475 739 597 804 quia
632 743 676 792 is
713 745 926 811 quidem
979 749 1094 814 qui,
1130 752 1271 815 quod
1299 758 1470 822 majus
1521 769 1623 822 est,
1654 761 1835 824 habet,
1868 764 2026 815 etiam

476 829 617 895 quod
652 832 828 888 minus
853 845 932 888 est
978 836 1218 905 ejusdem
1245 845 1460 909 generis
1497 847 1656 902 habet
1705 853 2026 906 necessario.
2067 880 2071 885 -

476 917 590 972 Non
622 929 800 973 autem
830 938 862 978 e
886 939 1165 983 converso.
1195 931 1358 999 quue
1399 937 1576 990 omnia
1626 939 2032 1008 inspicieutibus

450 1012 759 1066 ‘eonstabit.
797 1012 970 1070 Homo
1000 1019 1144 1071 enim
1175 1023 1490 1077 rationalem
1520 1028 1726 1084 habens
1767 1033 2026 1096 animam,

475 1099 786 1156 sensibilem
832 1118 1044 1173 quoque
1101 1118 1155 1163 et
1210 1115 1558 1181 vegetabilem
1602 1122 1702 1172 sub
1736 1135 1797 1174 ea
1853 1123 2033 1176 habet.

475 1187 661 1252 Neque
687 1199 866 1248 tamen
904 1210 1025 1266 qua:
1079 1203 1356 1268 vegetabili
1411 1207 1588 1262 anima
1641 1219 1884 1274 utuntur,
1917 1228 2040 1268 sen-

475 1279 619 1332 sibili
648 1285 814 1336 etiam
837 1295 890 1338 et
935 1289 1184 1344 rationali
1212 1293 1508 1358 potiuntur.
1542 1300 1718 1369 Atque
1748 1302 1930 1356 itidem
1981 1305 2035 1358 in

475 1370 614 1430 aliis.
651 1371 767 1426 sive
793 1374 1048 1444 humana,
1081 1381 1195 1434 sive
1224 1384 1404 1438 divina
1453 1369 1716 1457 inspicere
1743 1395 1862 1459 quis
1889 1398 2036 1451 velit.

475 1455 676 1526 Nempe
697 1468 751 1513 et
784 1461 1043 1520 Dominus
1071 1472 1364 1525 secundum
1399 1455 1668 1531 hominem
1695 1455 1900 1548 primus
1939 1500 2038 1539 ex-

476 1544 695 1608 sisteus,
728 1557 783 1600 et
820 1553 1094 1608 maximus
1151 1559 1425 1638 sacerdos,
1464 1577 1566 1616 non
1617 1544 1758 1631 ideo,
1787 1571 1910 1638 quia
1941 1573 2042 1626 mi-

485 1631 640 1686 nistri
699 1635 966 1702 habitum.
1012 1652 1067 1696 et
1138 1631 1500 1705 ministerium
1565 1656 1728 1724 pedes
1766 1631 2043 1722 abluendo
2077 1713 2091 1722 .

479 1725 843 1792 monstravit,
888 1731 1176 1787 sacerdotii
1241 1739 1485 1794 confudit
1538 1745 1804 1801 ordinem.
1843 1748 1906 1803 Et
1954 1751 2043 1808 hic

479 1810 645 1878 igitur
675 1821 952 1883 sacerdos,
993 1825 1248 1890 quoniam
1284 1829 1554 1888 inferioris
1592 1839 1876 1895 sacerdotii
1919 1858 2042 1910 gra-

478 1902 583 1956 dus
606 1903 663 1959 in
718 1907 902 1976 soipao
941 1914 1202 1979 continet,
1228 1927 1459 1984 constat,
1484 1923 1608 1991 quia
1655 1928 1905 1984 omnibus
1919 1902 2045 2002 qua

477 1994 578 2048 sub
607 2010 666 2050 se
693 2009 837 2065 sunt,
866 2001 1103 2069 legitime
1128 2013 1330 2064 utetur.

548 2085 662 2142 Non
687 2097 862 2146 tamen
884 2093 1026 2151 illius
1045 2097 1292 2154 omnem
1319 2101 1572 2171 diaconus
1602 2107 1822 2177 implere
1848 2124 2041 2180 potest.

475 2176 594 2236 Nisi
622 2185 766 2239 enim
806 2202 903 2243 eos
930 2192 1019 2260 qui
1051 2195 1151 2249 sub
1182 2195 1295 2261 ipso
1327 2207 1472 2266 sunt,
1730 2176 2046 2278 contineret,

477 2271 717 2338 profecto
742 2293 916 2349 neque
942 2297 1175 2348 unquam
1203 2288 1341 2356 apud
1372 2304 1431 2343 se
1461 2293 1702 2348 omnium
1734 2297 1892 2354 simul
1924 2271 2044 2372 gra;

477 2360 643 2415 duum
679 2365 1032 2426 ministerium
1052 2374 1300 2442 impleret
1331 2380 1614 2449 sacerdos;
1637 2387 1894 2454 quoniam
1918 2360 2048 2450 ξεί-ο

457 2451 684 2522 implet,
715 2469 958 2527 constat,
999 2465 1127 2532 quia
1161 2468 1279 2523 illos
1316 2470 1542 2546 habens,
1577 2481 1875 2534 secundum
1927 2484 2048 2540 illos

476 2545 638 2599 etiam
667 2550 974 2609 ministrare
997 2566 1192 2625 potest.
1228 2558 1319 2615 Est
1349 2545 1490 2618 enim
1520 2567 1888 2629 irrationabile
1932 2591 2049 2630 omq

477 2634 568 2687 lia
603 2639 760 2692 s'mul
790 2642 1001 2709 quidem
1028 2646 1202 2703 facere
1224 2655 1566 2722 permittere;
1601 2661 1831 2717 discrete
1863 2675 2039 2721 autem

479 2728 721 2794 non‘ita,
765 2747 888 2788 cum
943 2738 1073 2791 nihil
1114 2741 1205 2804 sit,
1249 2745 1391 2812 quod
1453 2751 1750 2816 prohibeat.
1797 2757 1955 2825 Atqui
2008 2774 2036 2811 a

478 2817 687 2874 diaconi
739 2823 876 2877 stola
920 2825 1154 2896 dignitas
1182 2835 1532 2892 sacerdotalis
1562 2855 1666 2893 non
1720 2817 2039 2904 excluditur.

474 2903 592 2960 Non
626 2911 764 2963 enim
805 2913 904 2967 sihi
932 2914 1158 2973 invicem
1188 2919 1284 2975 ista
1315 2928 1584 2978 contraria
1619 2918 1868 2993 sunt,'ui
1923 2951 2042 2990 cum

477 2997 706 3053 alterum
740 3003 828 3065 sit,
859 3009 1085 3062 alterum
1123 3022 1245 3066 esse
1291 3027 1399 3068 non
1443 3006 1634 3084 possit.
1678 3020 1862 3092 Neque
1908 3029 2041 3081 stola

476 3090 713 3155 diaconi,
759 3108 918 3151 causa
990 3102 1406 3158 sacerdotalium
1477 3109 1740 3175 graduum
1776 3090 2039 3171 exsistit.

479 3168 585 3248 Sed
626 3181 816 3236 borum
866 3188 1060 3254 gratia.
1095 3191 1261 3246 etiam
1298 3195 1450 3250 stola
1480 3168 1788 3256 dill’erentia
1839 3168 2042 3262 haben;

481 3270 623 3324 tibus
650 3271 935 3344 distributa
963 3286 1064 3331 est.
1295 3295 1299 3299 ‘

549 3360 700 3426 Quod
735 3366 780 3418 si
815 3379 905 3419 eos
931 3356 1023 3435 qui
1051 3371 1148 3424 sub
1182 3386 1240 3426 se
1280 3384 1424 3438 sunt,
1485 3377 1536 3430 in
1570 3381 1756 3448 seipsu
1789 3386 2042 3439 sacerdos

483 3456 682 3520 gradus
730 3459 1009 3523 continet,
1059 3471 1268 3517 constat
1322 3467 1484 3532 quia,
1549 3475 1764 3537 quando
1833 3474 2042 3529 diaconi

476 3546 701 3600 seorsim
739 3549 924 3622 implet
965 3552 1342 3619 ministerium,
1380 3557 1504 3613 licet
1535 3561 1608 3613 illi
1652 3564 1844 3617 stolam
1879 3568 2042 3620 etiam

481 3636 630 3690 illius
656 3637 825 3692 indui.
855 3640 1026 3695 Aliter
1055 3652 1236 3698 autem
1271 3648 1879 3732 essetinconveuiens,
1907 3672 2044 3725 pon-

481 3725 679 3781 tiﬁcem
730 3729 965 3798 aliquem
1025 3732 1109 3788 vel
1155 3735 1368 3802 exsilio,
1432 3739 1515 3794 vel
1553 3741 1660 3795 alio
1700 3758 1827 3799 casu
1865 3729 2046 3816 aliquo

434 3818 757 3888 ⁸ιαἰξοιιιιιι,
817 3825 1078 3882 ministris
1142 3830 1457 3888 absentibus
1514 3837 1607 3904 qui
1661 3837 1734 3891 illi
1797 3841 1849 3894 in
1895 3842 2046 3897 obla-

482 3911 627 3964 tione
675 3912 924 3968 salutaris
972 3917 1165 3973 hostia:
1218 3921 1494 3989 assistant,
1527 3941 1630 3980 non
1658 3943 1752 3997 per
1802 3932 2038 4000 seipsum

481 4001 661 4055 omnia
692 4004 935 4073 implere,
965 4010 1079 4074 sed,
1115 4010 1232 4066 sine
1249 4027 1714 4074 sacramentorum
1749 4024 2046 4094 participa-

459 4094 628 4145 'tione
658 4092 965 4159 diutissime
986 4099 1295 4165 persistere,
1343 4105 1426 4158 vel
1459 4106 1574 4161 sine
1600 4109 1731 4177 ipsis
1753 4114 1917 4167 etiam
1949 4092 2046 4171 deo

486 4181 677 4235 crdere
702 4225 716 4247 ,
753 4176 876 4237 cum
907 4187 1040 4240 nihil
1061 4189 1220 4254 adsit,
1261 4193 1405 4260 quod
1443 4176 1834 4254 rationabiliter
1860 4217 1925 4257 ac
1956 4219 2046 4260 ne-

481 4275 720 4327 cessario
746 4276 998 4332 obsistat.

561 4367 714 4429 Quod
747 4368 893 4420 enim
943 4369 1164 4435 dicitur,
1201 4389 1302 4426 non
1333 4385 1566 4442 oportere
1597 4379 1952 4452 presbyterum
1988 4385 2042 4437 in

1519 384 1921 448 ADVERSUS
1956 393 2269 456 GR/ECOS
2299 401 2443 462 [ΑΒ.
2489 404 2562 461 ιν

472 472 725 537 crimine,
756 477 1205 545 culpatur-tamen
1233 497 1260 534 a
1293 488 1512 542 nostris.
1548 485 1662 545 Hoc
1711 504 1886 546 autem
1919 506 2018 555 est,
2053 504 2096 557 Α

3573 419 3678 480 238

2130 503 2263 566 Quia
2303 511 2442 562 «mini
2475 514 2830 568 sacerdotium
2885 532 3071 572 omnes
3105 523 3205 575 sub
3250 537 3306 575 se
3337 524 3530 590 gradus
3555 540 3653 578 con

2131 594 2282 662 tinet,
2309 612 2522 654 constat
2552 605 2602 658 in
2635 620 2736 656 una
2771 623 2995 674 persona
3037 625 3156 679 qua:
3197 612 3328 666 alios
3384 618 3680 681 contineat,

2132 688 2338 752 majore
2385 693 2614 751 sublato.
2669 707 2723 758 et
2762 699 2862 750 alia
2892 700 3058 761 simul
3104 702 3322 758 auferri.
3373 704 3521 760 Sit-ut
3555 722 3678 760 cum

2133 777 2406 839 rationalis
2433 782 2609 834 anima
2641 797 2924 852 separatur
2950 806 2978 843 a
3006 807 3248 860 corpore,
3270 797 3441 849 otiosa
3471 797 3678 866 reliqua

2131 875 2186 917 et
2228 867 2425 921 inutilia
2458 870 2609 938 ﬁunt,
2641 886 2692 927 et
2730 882 3080 945 quorumdam
3112 886 3412 939 sacerdotio
3447 889 3690 952 sublato,

2133 970 2238 1008 non
2273 962 2603 1024 permittitur
2629 965 2710 1019 his
2737 968 2815 1020 vel
2842 969 3053 1023 diaconi
3086 973 3166 1026 vel
3198 977 3508 1030 subdiacooi
3555 995 3678 1047 gra-

2136 1041 2262 1096 dum
2316 1049 2613 1114 continere,
2661 1063 2824 1120 atque
2863 1057 3002 1111 illius
3055 1063 3276 1128 implere
3303 1067 3680 1121 ministerium.

2138 1131 2240 1183 Sed
2270 1142 2319 1185 et
2359 1136 2511 1190 aliter
2549 1139 2778 1194 Ecclesia
2823 1148 3067 1211 prohibet
3113 1166 3206 1205 eos
3262 1156 3352 1222 qui
3398 1159 3684 1212 sacerdot‘i

2138 1221 2394 1278 deserunt
2436 1230 2684 1295 gradum,
2720 1235 2982 1291 minorem
3017 1255 3230 1309 quoque
3273 1221 3414 1312 apud
3454 1263 3511 1302 se
3559 1251 3689 1302 reti-

2142 1327 2290 1366 nere.
2323 1314 2504 1383 Neque
2540 1321 2681 1373 enim
2720 1323 2988 1388 deessent,
3033 1332 3121 1397 qui
3159 1335 3235 1387 vel
3266 1345 3479 1403 propter
3521 1354 3688 1393 cano-
3765 1320 3770 1334 ’

2143 1402 2225 1455 nis
2272 1403 2608 1472 facilitatem,
2661 1397 2742 1466 vel
2807 1417 2906 1471 sibi
2971 1415 3224 1476 honorem
3295 1440 3689 1493 comparantes,

2141 1507 2298 1559 quem
2332 1495 2476 1562 solis;
2507 1498 2748 1555 diaconis
2789 1505 2987 1561 habere
3043 1511 3184 1573 licet,
3230 1514 3344 1568 sive
3368 1517 3529 1571 etiam
3575 1520 3694 1574 aliis

2142 1585 2466 1651 quibusdam
2516 1584 2733 1648 casibus
2790 1600 3150 1654 sacerdotium
3179 1607 3400 1658 omnino
3424 1611 3692 1675 deserere,

2145 1677 2298 1741 quasi
2331 1681 2635 1737 sacerdotes
2688 1687 2757 1740 ab
2793 1688 2947 1742 initio
2983 1695 3278 1747 consecrati
3339 1711 3441 1749 non
3491 1710 3694 1764 essent,

2146 1781 2208 1821 ac
2256 1770 2602 1828 diaconorum
2652 1777 2912 1846 dignitate
2967 1784 3043 1836 uti
3091 1799 3194 1838 non
3247 1787 3560 1842 vellent.Ex
3589 1807 3695 1863 quo

2147 1858 2446 1916 ministeria
2482 1864 3135 1938 ecclesiastica,confundi
3168 1884 3327 1944 atque
3375 1878 3564 1932 ordine
3607 1858 3697 1932 ca-

2146 1962 2264 2002 rere
2294 1953 2646 2020 contingeret,
2680 1957 2928 2025 singulis,
2959 1976 3076 2028 qua:
3097 1963 3195 2017 sibi
3235 1967 3468 2035 gratiora
3496 1981 3696 2036 essent,

2144 2036 2485 2108 eligentibus.
2523 2041 2654 2097 Eam
2694 2061 2819 2108 vero
2858 2049 3127 2104 licentiam
3164 2051 3405 2109 Ecclesia
3436 2061 3696 2125 coercuit.

2343 2129 2416 2183 De
2451 2133 2654 2190 duobus
2691 2134 2943 2194 Romanis
2973 2144 3302 2226 pontiﬁcibus
3327 2148 3464 2217 (85).

2214 2222 2500 2281 Enimvero
2557 2231 2648 2298 qui
2730 2222 3160 2290 dissensionibus
3223 2242 3488 2307 gaudent,
3569 2245 3698 2298 illud

2145 2327 2356 2384 quoque
2396 2319 2774 2387 criminantur,
2819 2327 2959 2392 quod
2986 2341 3128 2380 nunc
3163 2326 3469 2388 Occidentis
3515 2333 3700 2390 Eccle-

2144 2402 2278 2457 siam
2332 2405 2438 2462 duo
2466 2421 2632 2478 agunt
2692 2415 2990 2480 pontiﬁces,
3032 2418 3194 2472 ambo
3250 2436 3343 2490 per
3394 2434 3582 2492 gentes
3646 2439 3700 2481 et

2145 2505 2339 2563 genera
2375 2496 2558 2563 divisi,
2606 2502 2761 2570 quasi
2791 2509 2898 2558 no‘n
2933 2505 3034 2561 hoc
3082 2509 3254 2578 ipsum
3285 2513 3366 2567 eis
3397 2529 3537 2582 saepe
3565 2531 3697 2570 eon-

2147 2587 2347 2654 tigerit.
2379 2588 2531 2655 Quod
2578 2593 2621 2646 si
2657 2597 2816 2649 ambo
2844 2598 3227 2655 ecclesiasticis
3257 2619 3360 2657 non
3389 2607 3699 2673 utebantur,

2147 2679 2274 2733 illud
2301 2682 2522 2750 omnino
2574 2684 2629 2738 in
2675 2702 2834 2741 causa
2866 2699 2947 2744 est
3001 2693 3144 2758 quod
3179 2697 3415 2751 conclusi
3465 2701 3704 2768 undique

2145 2768 2273 2834 sint,
2320 2785 2492 2840 neque
2515 2787 2576 2827 se
2622 2774 2874 2832 Ecclesiae
2925 2793 3126 2835 nostra:
3174 2774 3269 2838 ita
3300 2787 3554 2840 extendat
3605 2805 3702 2842 au-

2145 2863 2388 2929 ctoritas,
2421 2863 2688 2922 liostilher
2719 2878 2894 2923 tamen
2930 2873 3283 2930 nihilominus
3315 2877 3492 2932 ail'ecti
3524 2893 3699 2937 erant.

2145 2949 2463 3021 Quanquam
2511 2971 2638 3010 vero
2685 2959 2830 3013 istud
2858 2976 3016 3017 nemo
3049 2963 3146 3017 rite
3204 2964 3544 3034 laudaverit;
3578 2987 3701 3025 eum

2148 3053 2326 3096 tamen
2366 3058 2452 3098 res
2483 3046 2552 3098 ita
2601 3061 2659 3102 se
2685 3049 3054 3117 habeat,circa
3085 3069 3172 3108 res
3204 3065 3407 3111 tantum
3441 3059 3703 3116 Occiden-

2069 3126 2110 3182 C
2146 3132 2212 3186 tis
2245 3143 2488 3188 versatur
2516 3137 2614 3191 ista
2641 3138 2928 3207 dissensio,
2957 3141 3090 3198 ﬁdes
3118 3153 3295 3201 autem
3328 3149 3573 3217 utrisque
3594 3169 3698 3207 una

2145 3231 2248 3285 est,
2276 3223 2532 3292 quocirca
2574 3219 2744 3294 magis
2773 3243 2838 3282 ac
2874 3231 3046 3300 magis
3074 3234 3317 3290 veritatis
3350 3237 3575 3293 ﬁrmitas
3606 3240 3702 3293 ad-

2145 3311 2390 3366 miranda
2420 3323 2504 3369 est
2540 3357 2554 3371 .
2617 3307 2782 3385 quod,
2841 3334 2962 3374 cum
3023 3321 3099 3375 illi
3154 3326 3492 3382 extrinsecus
3541 3330 3704 3384 divisi

2143 3404 2280 3468 sint,
2333 3419 2440 3460 non
2494 3415 2673 3462 tamen
2707 3409 2838 3464 lides
2882 3411 2988 3464 illis
3017 3412 3250 3468 discreta
3276 3425 3377 3469 est.
3408 3415 3702 3485 Pmptcrea

2147 3499 2362 3557 propter
2415 3492 2770 3561 principatum
2827 3496 3165 3553 solummodo
3235 3499 3474 3566 differre,
3548 3507 3704 3576 longe

2146 3580 2315 3635 levius
2350 3591 2431 3636 est
2459 3598 2622 3654 quam
2655 3585 2772 3639 lldei
2795 3589 3002 3666 ratione
3028 3593 3292 3658 separari.
3339 3593 3524 3649 Utrum
3558 3601 3701 3652 enim

2147 3671 2358 3726 illorum
2399 3675 2631 3745 quisque
2681 3679 2783 3732 sibi
2824 3679 3007 3751 eligat,
3072 3684 3272 3738 nullout
3333 3687 3451 3744 ﬁdei
3509 3692 3703 3745 discri-

2095 3822 2102 3831 _
2149 3774 2266 3814 men
2311 3761 2557 3820 incurrit.

2564 3854 2642 3909 De
2666 3853 2944 3912 Dominicis
2979 3861 3312 3930 imaginibus.
3691 3934 3699 3942 η

2217 3929 2445 4007 Quidam
2467 3957 2592 3998 vero
2621 3954 2928 4000 nostrorum
2953 3929 3098 4002 adeo,
3116 3953 3317 4016 perdita
3346 3964 3525 4012 mente
3555 3971 3702 4019 sunt.

2150 4037 2204 4081 ut
2231 4030 2391 4083 etiam
2441 4029 2736 4089 Salvatoris
2785 4033 3069 4102 imaginem
3133 4037 3335 4094 Latinis
3378 4053 3586 4098 tantum
3627 4049 3710 4100 in-

2150 4119 2404 4188 scriptam
2448 4118 2638 4175 litteris
2692 4121 2919 4176 adorare
2973 4134 3220 4180 renuant.
3285 4129 3453 4196 ipsam
3494 4149 3709 4204 quoque

2152 4209 2522 4265 adorationem
2575 4211 2725 4266 ﬂexis
2754 4212 2976 4280 genibus
3009 4214 3116 4269 Deo
3142 4218 3366 4273 reddere
3391 4221 3706 4279 hmreticum

2151 4301 2464 4355 existimant
2517 4318 2736 4371 :ueque
2786 4305 3130 4373 evangelista:
3176 4325 3444 4367 memores
3497 4316 3562 4369 de
3609 4315 3712 4371 Do-

2152 4393 2298 4445 mino
2326 4393 2555 4447 dicentis
2587 4412 2598 4446 :
2630 4395 2814 4459 positis
2845 4397 3057 4464 genibus
3083 4404 3287 4465 orarit;
3319 4419 3494 4473 neque
3522 4423 3709 4461 sacer-

481 4455 692 4507 dioconi
751 4456 986 4511 ordinem
1025 4461 1214 4524 sortire,
1247 4464 1554 4532 hujusmodi
1594 4481 1697 4531 est,
1765 4486 1828 4524 ac
1881 4473 1925 4526 si
1968 4476 2045 4526 di-
2077 4451 2120 4504 D
2149 4483 2243 4536 ἀοι

2630 4451 2640 4459 _
2845 4451 2866 4464 ν
3269 4451 3282 4465 ,
3320 4451 3493 4473 ην--
3522 4451 3666 4461 ...ων

1968 4476 2045 4526 di-
2077 4451 2120 4504 D
2149 4483 2336 4536 dolum
2390 4483 2792 4538 admonentium
2827 4491 3079 4555 populum
3117 4507 3246 4544 vore
3277 4497 3457 4562 magni
3492 4497 3698 4560 Basilii,

481 4555 681 4597 catur:
749 4544 864 4600 Non
913 4549 1130 4617 expedit
1188 4561 1247 4606 ut
1299 4556 1588 4611 sacerdotii
1632 4560 1856 4629 gradum
1891 4563 2044 4618 dese-

484 4650 608 4688 rens
669 4634 942 4707 quispiam
999 4641 1068 4694 ad
1118 4641 1331 4699 diaconi
1385 4652 1729 4705 transcendat
1774 4654 2039 4711 ordinem.

2150 4585 2210 4623 ac
2248 4570 2542 4623 dicentium
2581 4571 2828 4625 :.Iterum
2873 4586 3029 4643 atque
3077 4580 3266 4632 iterum
3297 4593 3574 4637 curvantes
3625 4603 3710 4653 ge-

2151 4675 2254 4712 nua
2290 4660 2570 4712 Dominum
2599 4675 2884 4728 precemur.

1775 4766 1848 4821 De
1879 4772 2050 4824 crucis
2073 4771 2223 4840 signa
2264 4771 2402 4841 (84).

560 4848 719 4914 una
761 4852 854 4903 καὶ
899 4851 976 4922 (i)
1017 4854 1108 4908 τὸν
1163 4858 1415 4927 σταυρθον,
1455 4859 1643 4930 Ξτιπερ
1675 4861 2042 4933 ἀντιστρόφως

480 4941 705 5004 ἑαυτοὺς
751 4945 1149 5018 σχηματίζουσι
1186 4950 1590 5020 σημειούμενοι,
1634 4953 1932 5018 αἰτιῶνται,
1965 4957 2044 5007 ὦσ

481 5045 585 5099 περ
610 5030 708 5083 οὐκ
739 5015 795 5084 ἓν
823 5035 890 5106 τῇ
919 5033 1147 5105 δυνάμει
1167 5015 1380 5109 τοῧίσχὴ
1393 5015 1584 5109 ματος-ἑ
1602 5043 1790 5096 ἀλλ’ἑν
1809 5047 1876 5125 τῇ
1899 5015 2045 5098 θέσει

477 5119 577 5190 τῆς
610 5123 738 5192 περὶ
760 5122 852 5175 τὸν
881 5122 1142 5188 (monster;
1167 5131 1410 5200 σταυρὸν
1444 5133 1735 5196 εὐλαϐείας
1766 5119 1862 5188 καί
1904 5137 2042 5191 θεω-

549 5262 660 5331 (85)
692 5264 1143 5344 ;_F.‘.o_rte_l_oquit_ur
1191 5269 1382 5344 Caieca
1425 5274 1490 5325 de
1514 5274 1804 5330 schismate
1834 5282 2038 5344 tempo-

480 5346 536 5408 re
553 5334 764 5408 concilii
788 5334 1110 5408 Basileensis
1142 5340 1222 5393 vel
1251 5340 1710 5408 Constantiensis;
1734 5354 1861 5400 tunc
1891 5334 2033 5398 enim

479 5401 663 5482 phire:
693 5401 838 5482 fuere
869 5407 1151 5482 pontifices
1172 5418 1224 5461 et
1253 5411 1466 5482 quidem
1486 5411 1612 5471 duo,
1639 5401 1877 5482 tempore
1898 5431 2031 5468 con-

479 5470 590 5522 cilii
624 5470 949 5552 Basileettsis
977 5493 992 5539 ;
1023 5474 1086 5528 ex
1119 5492 1226 5546 quo
1254 5470 1318 5534 de
1345 5489 1500 5533 nitate
1529 5470 2034 5552 Caleca'coujertu—

480 5548 827 5614 ram_capere
884 5547 1374 5614 licetzquanquam
1414 5552 1552 5604 idem
1601 5568 1764 5606 rasus
1814 5547 2031 5614 accidit.

480 5609 715 5664 maxime
742 5615 960 5680 quando
983 5609 1202 5671 Urbano
1231 5609 1299 5671 Vl
1320 5617 1572 5674 .Cletneus
1619 5614 1707 5678 Vli
1744 5633 1844 5676 est~
1863 5609 2034 5692 oppo;

542 5727 616 5788 (ι)
646 5727 814 5779 Grece
837 5731 964 5792 apud
990 5733 1227 5783 Allatium
1262 5735 1328 5785 De
1348 5747 1598 5794 consensu,
1622 5751 1670 5798 p.
1702 5737 1839 5787 1360.

2218 4867 2523 4924 Causantur
2574 4873 2698 4928 item
2721 4913 2736 4938 ,
2783 4875 2907 4943 quia
2941 4867 3075 4930 dum'
3098 4880 3262 4934 vitale
3292 4883 3393 4936 sibi
3425 4886 3603 4938 crucis
3633 4887 3708 4938 si-

2151 4972 2312 5024 gnum
2349 4958 2686 5026 imprimunt,
2740 4969 3045 5019 transverse
3078 4982 3105 5020 a
3161 4970 3368 5024 dextris
3412 4972 3712 5026 inchoando

2152 5059 2369 5100 crucem
2405 5047 2658 5112 formant,
2717 5053 2873 5119 quasi
2909 5069 3013 5106 non
3073 5056 3273 5110 virtute
3332 5061 3492 5127 signi,
3529 5065 3622 5115 sed
3661 5065 3711 5114 in

2153 5139 2541 5206 compositione
2584 5141 2806 5195 viviﬁczc
2834 5146 3013 5199 crucis
3049 5146 3256 5225 religio,
3289 5160 3343 5202 et
3377 5155 3708 5218 reverentia,

2145 5279 2283 5356 situs
2310 5282 2584 5356 antipapa,
2620 5300 2764 5337 anno
2789 5285 2990 5341 Christi
3039 5289 3196 5343 1378.
3247 5291 3398 5356 Quod
3473 5295 3711 5351 schisma

2144 5350 2532 5418 quinquaginta
2564 5370 2734 5409 annos
2769 5360 2959 5410 tenuit.
2999 5357 3108 5414 Hoc
3159 5350 3339 5414 tamen
3384 5380 3485 5416 non
3554 5350 3714 5418 habet

2145 5418 2342 5498 locum,
2366 5422 2420 5498 si
2443 5421 2652 5498 _Ca_le_ca
2696 5427 2926 5498 concilio
2960 5427 3302 5498 Lugdunensi
3361 5435 3622 5498 interfurit,
3657 5447 3715 5489 ut

2143 5489 2331 5542 scribit
2359 5490 2663 5546 Galesinius
2698 5493 2746 5548 itt
2784 5495 2901 5555 Vita
2943 5489 3114 5552 sancti
3153 5499 3566 5558 Bonaventurae.

2215 5559 2328 5628 (ει)
2363 5560 2674 5617 Grelserum
2695 5564 2811 5635 lege
2836 5567 2931 5620 lib.
2964 5584 3034 5631 tv,
3071 5585 3118 5622 c.
3151 5570 3200 5634 l,
3235 5570 3305 5623 De
3324 5571 3380 5625 S.
3415 5572 3601 5628 Crucc.
