4472 6434
817 399 922 459 239

2066 406 2461 465 MANUEUS
2492 407 2815 466 CALEC-E‘
2889 485 2894 490 ἱ

3929 408 4030 469 240

817 520 868 561 et
900 509 1199 576 spcculatio
1253 513 1528 564 consistat.
1594 517 1765 580 Atque
1809 525 1863 568 ut
1927 517 2144 585 intelligi
2181 517 2366 581 datur,
2405 530 2440 578 Α
2477 523 2583 589 pta;

2263 517 2366 581 tur,
2405 530 2440 578 Α
2477 523 2594 589 pia;
2633 521 3043 587 συνισταμένης.
3081 516 3185 570 Καὶ
3219 521 3290 576 ὡς
3343 519 3539 576 ἔοικεν.
3575 517 3897 578 ἀξιώσουσιν
3932 520 4029 583 ξη-

815 612 934 648 cum
975 598 1120 662 prius
1178 599 1542 665 inquisieriut,
1581 604 1847 668 quomodo
1897 619 1956 656 ea
1989 620 2106 671 quze
2138 606 2368 664 videtur.

815 697 944 733 crux
999 688 1318 752 composita,
1367 689 1448 739 vel
1479 689 1617 753 pieta
1651 691 1769 749 fuit.
1829 693 1871 744 si
1908 692 2147 759 quidem,
2182 703 2238 744 ut
2270 693 2366 756 ipsi

815 774 1021 840 volunt,
1048 777 1225 840 riterit,
1255 786 1382 831 tunc
1405 781 1735 844 adorabunt;
1762 772 1842 834 sin
1877 797 2006 835 vero
2040 783 2194 835 aliter
2224 796 2369 834 com-

812 866 1006 929 positio
1031 867 1114 920 illa
1161 882 1333 935 empta
1371 869 1553 933 fuerit,
1583 874 1853 927 omittent.
1894 873 1956 926 Et
1982 873 2140 926 simul
2184 889 2372 939 quem-

809 955 1094 1007 admodum
1141 958 1430 1024 quispiam,
1479 961 1640 1011 alium
1683 961 1848 1028 ﬁgura
1901 962 2078 1015 crucis
2124 962 2365 1030 signans,

806 1049 1116 1099 transverso
1145 1061 1173 1098 a
1205 1049 1413 1103 dextris
1442 1051 1659 1104 inchoat
1696 1067 1713 1104 :
1744 1051 1875 1118 quid
1906 1051 2134 1105 sceleris
2166 1051 2366 1103 admit-

807 1134 898 1197 tit,
929 1137 972 1188 si
1001 1140 1241 1206 seipsum
1275 1142 1439 1194 etiam
1489 1144 1568 1196 sic
1593 1144 1809 1210 signet?
1841 1142 2110 1208 Quocirca
2143 1153 2196 1196 et
2219 1129 2366 1195 Lati-

803 1241 994 1282 norum
1025 1231 1236 1296 plurimi
1271 1233 1537 1286 mirantur
1566 1235 1778 1303 aliquos
1813 1237 1877 1289 ad
1905 1245 2109 1288 tantum
2145 1235 2364 1288 rustici-

804 1319 930 1373 tatis
965 1324 1248 1387 pcrvcuire
1273 1325 1510 1388 potuisse
1533 1332 1589 1377 ut
1607 1325 1770 1378 etiam
1804 1326 1944 1379 circa
1970 1334 2170 1378 sancta:
2191 1324 2366 1376 crucis

801 1408 1200 1478 formationem,
1231 1431 1352 1468 cum
1392 1418 1579 1469 eadem
1629 1418 2028 1484 quomodolibet
2081 1417 2363 1481 formetur,

799 1504 1178 1568 cententplatio
1223 1516 1272 1558 et
1303 1507 1470 1559 virtus
1508 1508 1579 1560 sit
1606 1526 1620 1571 ;
1654 1508 2020 1561 differentiam
2057 1509 2177 1562 ﬁdei
2209 1510 2254 1562 si
2283 1510 2363 1563 sic

799 1591 880 1644 vel
913 1595 992 1647 sic
1024 1597 1135 1658 ﬁat,
1175 1597 1531 1663 arbitrentur,
1581 1599 1723 1667 quod
1773 1615 1943 1667 neque
1993 1598 2211 1653 diﬁerre
2262 1600 2361 1665 ipsi

799 1692 1007 1748 putant,
1057 1695 1110 1737 et
1161 1689 1565 1754 quomodolibet
1616 1688 1894 1752 formetur,
1951 1689 2195 1743 ﬁdelibus
2240 1703 2385 1743 esse-

793 1775 1122 1841 adjutorium
1154 1794 1260 1832 non
1317 1780 1617 1848 ambigunt.

2287 1901 2310 1910 ς

934 1914 1013 1967 De
1050 1916 1356 1971 Cra'corum
1407 1921 1460 1972 in
1497 1923 1777 1975 schismate
1807 1936 1902 1974 suo
1944 1922 2258 1988 pervicacia.

864 2028 940 2082 Ita
964 2031 1126 2097 igitur
1157 2034 1491 2087 zizaniorum
1520 2029 1877 2090 seminat’ores
1902 2035 2351 2106 et‘SCandalorum

789 2122 1030 2187 Opiticcs,
1061 2123 1146 2209 liis
1174 2135 1226 2177 et
1251 2125 1578 2192 bujusmodi,
1601 2141 1827 2193 quorum
1851 2126 1952 2178 alia
1985 2127 2199 2192 quidem
2243 2125 2350 2176 odii

791 2222 844 2264 et
876 2212 1240 2267 contentio‘nis
1275 2214 1528 2267 iudicium
1565 2217 1791 2280 habent,
1829 2217 1930 2270 alia
1985 2216 2354 2280 simplicitatis

786 2315 836 2354 et
869 2304 1172 2372 imperitiae,
1207 2307 1306 2358 alia
1334 2307 1386 2359 in
1412 2307 1790 2361 criminatores
1817 2309 2019 2361 rectius
2045 2307 2348 2372 retorqueri

788 2406 1005 2462 possent
1036 2396 1114 2450 eis
1164 2398 1446 2452 erroribus
1473 2401 1718 2464 innexos,
1768 2414 1905 2468 quos
1950 2399 2068 2452 aliis
2100 2395 2348 2461 inurunt,

785 2482 1072 2539 commune
1119 2503 1315 2554 corpus
1364 2486 1626 2543 Ecclesia:
1676 2489 1966 2544 dividendo
1995 2489 2388 2555 dissiparunt,'

781 2589 943 2644 atque
993 2578 1044 2629 in
1119 2589 1323 2632 tantum
1380 2579 1488 2632 odii
1524 2589 1578 2633 et
1625 2581 1874 2634 amentia:
1917 2595 1979 2633 ac
2028 2579 2348 2632 temeritatis

780 2683 874 2719 eos
910 2670 997 2737 qui
1034 2667 1137 2721 sub
1165 2684 1220 2721 se
1251 2680 1398 2734 sunt,
1457 2671 1823 2739 perduxerunt
1857 2680 1912 2723 ut
1958 2669 2348 2724 tolerabiliores

780 2774 992 2830 putent,
1034 2767 1125 2833 qui
1153 2763 1549 2820 Saracmorum
1602 2766 1976 2834 superstitioni
2029 2764 2344 2819 exsecrabili

779 2859 1103 2923 inserviunt,
1153 2873 1311 2926 quam
1344 2859 1435 2927 qui
1481 2857 1792 2912 Oet-identis
1834 2857 2087 2912 Ecclesia:
2114 2857 2347 2925 jungun-

779 2960 863 3001 tur
903 2949 1018 3017 (85)
1052 2967 1066 3003 :
1111 2948 1434 3016 illorttmque
1481 2951 1660 3015 potius
1701 2950 1994 3002 amicitiam
2020 2960 2071 2998 ct
2105 2961 2344 3000 commu-

777 3045 1012 3104 nionem,
1045 3057 1203 3111 quam
1260 3043 1711 3107 Occidentalium
1751 3041 1973 3108 cll‘gaut,
2029 3049 2082 3092 et
2153 3053 2324 3105 neque

750 3136 1110 3220 ‘Cbristianos
1140 3151 1235 3190 eos
1278 3137 1581 3198 nominent,
1627 3135 1916 3202 pluresque
1944 3133 2104 3185 etiam
2131 3122 2199 3184 de
2237 3128 2343 3183 illis

773 3227 1052 3294 ambigant
1087 3241 1156 3279 an
1198 3226 1479 3279 nobiscum
1521 3233 1840 3279 venerentur
1881 3221 2202 3291 Erangelia;
2239 3220 2338 3274 nisi

774 3324 895 3389 quis
927 3322 1280 3388 plurimm-um
1327 3321 1635 3391 nugacilate
1663 3319 2000 3380 transmissa,
2068 3318 2338 3372 Christia-

775 3429 871 3467 nos
900 3427 994 3468 eos
1057 3413 1382 3480 simpliciter
1440 3415 1734 3468 existimet.
1793 3413 2037 3481 Cumque
2100 3410 2340 3478 quotidie

774 3511 984 3563 illormn
1039 3512 1284 3578 religioni
1332 3511 1546 3578 plurimi
1606 3511 1942 3579 applicentur
1976 3552 1989 3573 ,
2025 3527 2129 3562 non
2164 3507 2334 3561 solum

773 3601 893 3664 tiri,
927 3605 1018 3655 sed
1063 3612 1118 3656 et
1169 3602 1418 3658 civitates
1448 3613 1499 3656 et
1544 3611 1736 3671 gentes
1769 3602 1994 3670 integra:
2025 3600 2158 3669 (86),
2202 3601 2334 3653 uibil

766 3709 1020 3763 magnum
1050 3695 1343 3763 contigisse
1383 3697 1738 3748 arbitrantur.

839 3809 1006 3862 Porro
1055 3809 1226 3876 siqui
1278 3807 1702 3862 Occidentalium
1761 3807 2053 3860 Eeclesiam
2102 3807 2164 3859 de
2213 3821 2336 3872 pro-

767 3903 1012 3957 cessione
1062 3903 1234 3954 sancti
1284 3901 1520 3975 Spiritus
1575 3908 1721 3953 recte
1760 3899 1961 3952 sentire
2004 3906 2334 3960 essetet-aut,

763 4009 955 4047 omnes
1011 3974 1114 4045 ιιιιὰ
1163 3974 1558 4045 consentientes
1589 4000 1807 4043 sanctos
1840 3998 1893 4042 et
1923 3987 2173 4040 Eetrlesite
2226 4003 2336 4037 ttta-

762 4086 962 4155 gistros
992 4084 1353 4152 proh-rentes.
1379 4074 2001 4148 simulque'communes
2037 4079 2336 4146 intelligi-n-

764 4181 865 4231 tias
907 4188 960 4230 et
994 4177 1112 4228 ﬁdei
1164 4176 1430 4244 principia
1474 4188 1775 4227 consonare
1819 4171 2187 4233 ostendentes,
2239 4170 2335 4221 bos

762 4273 891 4323 Ario
938 4279 992 4324 et
1042 4268 1278 4323 Sabellio
1319 4268 1614 4321 deteriores
1665 4277 1876 4334 putant,
1928 4264 2241 4329 nullamque
2270 4261 2336 4314 de

760 4363 867 4413 illis
903 4361 1014 4428 jam
1067 4361 1370 4412 habendam
1423 4357 1721 4418 rationem,
1783 4364 1841 4408 ut
1905 4354 1992 4420 qui
2038 4349 2332 4426 spotttesin

759 4455 1115 4520 perditionem
1151 4452 1334 4515 ierint,
1381 4451 1713 4503 existimant.
1751 4448 1824 4500 lta
1852 4445 1995 4521 enim
2026 4444 2328 4496 animarum

2473 610 2738 677 τουμένου
2797 609 3100 676 πρότερον,
3155 607 3271 667 πῶς
3337 610 3363 658 ὁ
3419 609 3737 673 φαινόμενος
3797 609 4028 672 σταυρὸῆ

2475 700 2730 768 συνετέθη
2779 701 2808 767 ἢ
2838 700 3052 764 ἐγράφη
3077 715 3090 727 ⁸
3125 697 3172 747 εἰ
3205 698 3302 762 μὲν
3321 696 3392 757 ὡς
3423 697 3573 748 αὐτοὶ
3607 695 3882 763 βούλονται
3910 695 4036 746 τότε

2474 793 2819 858 προσκυνεῖν,
2863 788 2959 839 ε³δ’
3009 787 3116 838 atat.
3146 786 3253 836 τῶν
3285 787 3596 854 ἀριστερῶν
3630 787 3803 846 ἄλλως
3853 803 3969 845 πως

2473 881 2740 942 σύνθεσις,
2774 876 2976 946 ἦρκται
3011 877 3287 945 παριέναι,
3317 878 3410 928 καὶ
3442 878 3556 942 ἅμα
3586 876 3774 944 ὦστέερ
3798 893 3881 936 τις
3909 876 4028 926 ἔτε-

2471 991 2562 1041 ρον
2592 973 2669 1039 τῷ
2701 973 2939 1040 σχήματι
2974 971 3067 1020 τοῦ
3102 968 3338 1036 σταυροῦ
3390 969 3782 1035 σημειούμενος
3829 969 4030 1034 ἐγχαρ-

2472 1063 2600 1122 afro;
2631 1061 2738 1111 ἀπὸ
2762 1061 2868 1109 τῶν
2929 1058 3119 1120 δεξιῶν
3149 1058 3394 1125 ἄρχεται.
3414 1058 3477 1109 Τί
3503 1058 3560 1107 τὸ
3589 1060 3905 1124 παράνομον
3938 1059 4029 1106 οὐ-

2467 1153 2600 1204 serat
2641 1151 2734 1203 καὶ
2787 1149 2976 1202 ἑαυτὸν
3016 1147 3415 1215 σημειοῦσθαι;
3464 1148 3552 1197 Διὸ
3582 1151 3677 1198 καὶ
3705 1147 3886 1197 πολλοὶ
3920 1147 4029 1196 τῶν

2467 1243 2712 1295 Λατίνιον
2740 1240 3134 1307 θαυμάζουσιν,
3171 1239 3284 1304 εῐγε
3323 1238 3478 1298 τινὰς
3513 1240 3591 1299 εἰς
3624 1237 3893 1302 τοσαύτην
3938 1236 4026 1298 ἐξ·

2473 1336 2667 1386 ἔπεσον
2689 1330 2995 1398 ἀγροικίαν,
3012 1331 3085 1388 ὡς
3107 1331 3200 1380 καὶ
3228 1328 3355 1394 περὶ
3383 1327 3480 1394 τὴν
3504 1327 3597 1378 τοῦ
3631 1328 3905 1394 σχήματος
3933 1325 4027 1375 τοῦ

2466 1423 2613 1473 θείου
2647 1420 2879 1487 σταυροῦ
2909 1418 3156 1470 σύνθεσιν
3184 1418 3282 1484 τῆς
3312 1418 3482 1484 αὐτῆς
3534 1415 3654 1468 κατ’
3685 1417 3848 1467 αὑτὸν
3888 1416 4027 1466 θεω-

2465 1513 2587 1580 ρίας
2643 1509 3011 1576 ὑποκειμένης
3058 1507 3319 1573 διαφορὰν
3363 1507 3619 1567 πίστεως,
3663 1506 3694 1574 ἢ
3752 1504 3944 1565 οὕτως.
3992 1505 4024 1569 ἢ

2462 1601 2634 1661 οὕτως
2666 1597 2943 1668 ἡγεῖσθαι.
2975 1598 3154 1666 Ὅπερ
3209 1597 3333 1648 οὕτε
3379 1596 3657 1664 διαφέρων
3683 1591 3830 1647 οὗτοι
3876 1595 4027 1660 νομε-

2461 1693 2674 1756 ζουσιν,
2715 1691 2806 1742 καὶ
2834 1688 2900 1740 ἂν
2951 1687 3342 1757 σχηματίζοιτο
3386 1689 3497 1748 τοῖς
3549 1685 3898 1738 πιστεύουσιν
3946 1687 4026 1744 sl;

2465 1781 2721 1850 βοήθειαν
2753 1779 3025 1848 ἐξαρκεῖν.

2387 1920 2434 1977 Β
2465 1921 2668 1972 vivunt.
2703 1917 2806 1970 Sed
2851 1919 2951 1971 etsi
3001 1919 3091 1984 qui
3139 1927 3361 1986 prepter
3406 1915 3630 1984 proximi
3676 1914 4019 1982 dilectionem

2458 2013 2849 2064 medicamenta
2887 2011 2964 2063 eis
3001 2010 3197 2063 aﬁ'erre
3225 2009 3531 2071 voluerunt,
3555 2022 3674 2075 quae
3702 2005 4014 2060 inimicissi-

2458 2118 2665 2156 tnornm
2701 2111 2843 2165 sunt,
2871 2107 2949 2154 eis
2975 2111 3185 2153 tentare
3216 2101 3314 2154 visi
3350 2108 3493 2160 sunt,
3549 2100 3614 2151 ab
3642 2097 3746 2151 illis
3784 2096 4018 2162 undique

2454 2192 2706 2257 exagitati
2755 2201 2805 2243 et
2833 2189 3020 2256 fugati.
3079 2187 3133 2240 id
3199 2196 3381 2241 autem
3434 2187 3770 2241 solummodo
3831 2183 4021 2235 lucrati

2452 2290 2596 2342 sunt,
2656 2281 2794 2346 quod
2845 2280 3162 2333 tlraritatetn
3209 2278 3274 2329 ad
3306 2276 3625 2343 proximum,
3689 2273 3918 2339 bonique
3971 2282 4018 2324 ct

2453 2371 2664 2425 honesti
2696 2369 3024 2424 desideriqu
3050 2378 3102 2420 et
3128 2368 3466 2421 alacritatem
3497 2369 3871 2420 ostenderunt.

2522 2460 2600 2513 De
2617 2461 2849 2527 primatu
2877 2461 3046 2513 sancti
3086 2458 3226 2512 Petri
3251 2468 3298 2511 et
3330 2453 3555 2510 Rontani
3599 2457 3858 2531 pontiﬁcis
3880 2453 4016 2521 (87).

2520 2553 2594 2610 Ut
2614 2552 2782 2620 igitur
2811 2551 2876 2605 ad
2903 2552 3072 2618 prima
3097 2552 3398 2609 redeamus.
3431 2548 3688 2618 quoniam
3712 2556 3768 2601 et
3796 2562 3821 2597 a
3856 2545 4014 2597 Patre

2449 2654 2502 2698 ct
2559 2643 2692 2696 Filio
2745 2641 3005 2708 Spiritum
3062 2649 3308 2695 sanctum
3364 2639 3656 2706 procedere
3710 2635 4016 2691 communis
4069 2641 4081 2659 ·

2450 2743 2756 2788 sanctorum
2789 2730 2972 2798 opinio
3003 2729 3261 2792 declarat,
3294 2722 3478 2782 imo'et
3513 2729 3625 2796 ipsa
3668 2726 3792 2780 ﬁdei
3814 2726 4016 2793 princi-

2451 2827 2534 2891 pia
2592 2825 2642 2877 id
2675 2839 2858 2876 verum
2904 2835 3025 2875 esse
3072 2830 3468 2881 contestantur,
3520 2835 3717 2888 easque
3774 2819 4015 2871 rationes

2449 2935 2566 2988 quze
2630 2927 2820 2973 contra
2899 2918 3035 2970 lianc
3109 2900 3419 2984 opinionem
3494 2912 3822 2976 inferuntur,
3882 2913 4016 2965 nibil

2447 3013 2645 3074 valere,
2696 3025 2861 3078 supra
2907 3017 3182 3060 ostensum
3218 3013 3328 3068 est;
3363 3012 3441 3068 et,
3486 3017 3606 3072 quae
3639 3002 3743 3056 iiiis
3773 3003 4006 3056 absurda
4062 3069 4069 3076 '

2445 3102 2802 3170 objiciuntur,
2823 3099 2915 3168 qui
2945 3113 3007 3152 ex
3039 3097 3199 3152 Patre
3226 3103 3279 3149 et
3315 3093 3453 3148 Filio
3480 3092 3739 3162 Spiritum
3763 3101 4010 3145 sanctum

2368 3194 2410 3252 C
2443 3194 2792 3253 conﬁtentur,
2822 3188 2975 3253 nulli,
3020 3187 3122 3240 nisi
3176 3186 3281 3239 illis
3335 3185 3539 3237 tantum
3595 3182 3685 3251 qui
3715 3181 4003 3250 objiciunt,

2445 3281 2676 3336 absurda
2721 3280 2893 3334 videri
2929 3296 2943 3332 :
2984 3277 3236 3348 quodque
3259 3278 3323 3330 de
3351 3274 3625 3329 additione
3647 3273 4012 3342 objiciebatur

2443 3377 2756 3430 hesternum
2782 3388 2844 3426 ac
2871 3372 2995 3437 vile,
3039 3371 3492 3435 or-casiouemque
3521 3367 3693 3418 solam
3717 3368 4008 3433 primatum

2443 3451 2799 3532 quaarentidm
2855 3460 3487 3525 esse,'demoustratum
3529 3464 3645 3517 est,
3694 3465 3748 3507 et
3815 3463 4006 3508 contra

2445 3553 2700 3608 Ecclesia:
2762 3539 2974 3619 regulas
3029 3550 3358 3604 contendere
3412 3543 3706 3597 volentium
3766 3561 3779 3596 :
3828 3543 4012 3596 sedet

2441 3660 2575 3714 quas
2625 3645 2944 3696 invenerunt
2996 3653 3213 3699 causas,
3249 3647 3306 3689 ut
3357 3635 3620 3714 discessio
3650 3645 3757 3685 non
3795 3630 4014 3684 irratio-

2440 3737 2634 3791 nibilis
2686 3735 2979 3797 videretur,
3008 3731 3134 3799 ipsae
3188 3741 3402 3797 quoque
3451 3704 3811 3779 contentionis
3850 3729 4014 3790 atque

2439 3826 2547 3878 odii
2605 3821 2996 3876 documentum
3049 3827 3213 3871 sunt:
3277 3815 3562 3886 perspicue
3617 3813 3781 3880 liquet
3807 3810 4009 3888 nullam

2443 3918 2547 3971 illis
2604 3916 3043 3970 excusationcm‘
3076 3910 3334 3980 relinqui,
3388 3907 3480 3976 qui
3535 3907 3601 3959 de
3661 3903 4011 3980 processione

2441 4007 2614 4061 sancti
2695 4005 2932 4073 Spiritus
2999 4004 3260 4056 adversus
3335 3999 3635 4053 Romanam
3708 3995 4005 4048 Ecclesiam

2439 4098 2767 4154 contendere
2806 4095 3182 4148 instituerunt.
3235 4091 3502 4156 Quocirca
3549 4088 3778 4156 quisque
3826 4093 4008 4139 mente

2438 4200 2492 4242 et
2535 4189 2746 4241 ratione
2794 4186 3074 4254 praeditus,
3129 4181 3376 4235 eamdem
3413 4186 3538 4232 cum
3576 4178 3664 4232 illa
3698 4165 4008 4246 opinionem

2439 4282 2504 4335 de
2529 4279 2700 4332 sancti
2732 4276 2967 4345 Spiritus
3004 4275 3351 4341 processione
3372 4268 3802 4324 tutissimetueri
3828 4267 4008 4319 debet.

2443 4374 2505 4424 Et
2542 4385 2702 4440 quam
2734 4370 2787 4422 in
2826 4367 3084 4438 Symbolo
3132 4378 3316 4427 unam,
3354 4371 3600 4416 sanctam
3644 4371 3697 4412 et
3749 4358 4003 4428 apostoli-

2440 4479 2556 4515 cant
2615 4460 2941 4514 conﬁtemur
3000 4454 3321 4519 Eeclesiam,
3376 4453 3514 4505 banc
3550 4463 3669 4504 esse
3706 4448 4010 4517 justissima

758 4548 1153 4615 gubcrn-itorcs
1196 4554 1393 4597 vo-‘aut
1422 4559 1515 4595 eos
1544 4543 1634 4610 qtti
1689 4557 1755 4594 ex
1801 4539 1961 4594 Patre
2006 4551 2101 4605 per
2131 4533 2330 4587 Filium
2369 4521 2410 4574 Ῑ)
2441 4550 2855 4611 asseveravem’
2909 4547 3262 4614 eumque-qni
3325 4543 3398 4595 ξω
3458 4541 3766 4603 conﬁtetur.
3818 4537 4009 4592 εέιιιο.

760 4641 1122 4694 substantiam
1161 4640 1360 4691 habere
1399 4638 1661 4702 Spiritum
1697 4641 1944 4686 sanctum
1980 4630 2331 4688 conﬁtentur,

756 4735 1122 4801 omnibusque
1167 4733 1394 4784 cmtibus
1439 4741 1489 4781 ct
1541 4729 1686 4780 omni
1731 4726 2139 4786 consuetudine,
2196 4737 2335 4774 Cttn-

757 4829 966 4895 rtisque
999 4823 1380 4878 communibus
1405 4823 1553 4873 illum
1587 4820 1884 4887 exagitant.
1911 4817 1976 4870 Et
2001 4815 2332 4883 nequissime

754 4919 972 4986 quidem
1019 4915 1473 4971 Occidcutalium
1554 4912 1847 4965 Ecclesium
1886 4956 1896 4966 .
1937 4907 2325 4972 blasplu-mant.

756 5011 1192 5081 saeriﬁriumque
1241 5018 1294 5061 et
1328 5021 1490 5060 omne
1540 5009 1958 5064 sacramentum,
2006 4999 2148 5068 quin!
2191 4995 2328 5064 apud

755 5106 915 5157 illaur
933 5103 1012 5167 ﬁt,
1037 5083 1412 5154 exsecrantur.

824 5198 969 5263 Quos
993 5211 1122 5249 sane
1176 5193 1424 5247 miserari
1475 5188 1728 5244 convenit
1775 5200 1836 5238 a3,
1862 5199 1961 5252 pro
1993 5181 2095 5235 illis
2148 5192 2327 5238 orare,

753 5291 951 5359 quippe
978 5304 1098 5340 cum
1122 5285 1214 5339 Dei
1238 5300 1370 5353 opus
1393 5283 1522 5344 sint,
1554 5281 1647 5350 qui
1687 5277 1920 5331 viviﬁeut
1940 5283 2200 5327 mortuos.
2229 5269 2331 5322 Ne—

751 5397 856 5449 que
879 5383 1022 5434 enim
1043 5380 1108 5433 de
1136 5378 1330 5446 quibus
1354 5376 1730 5441 dicuntneque
1752 5365 2327 5440 dequibusaﬂirmant,

751 5473 929 5526 sciunt
958 5490 970 5532 ;
1001 5481 1162 5541 atque
1198 5469 1420 5522 omnino
1451 5468 1568 5521 sine
1592 5480 1777 5526 sensu,
1810 5474 1864 5517 et
1891 5461 1996 5523 sui,
2027 5470 2079 5512 et
2101 5458 2325 5510 aliorum

821 5587 932 5656 (85)
966 5586 1155 5640 Merito
1189 5587 1354 5652 igitur
1382 5584 1491 5649 jam
1555 5581 1684 5649 jugo
1729 5577 1962 5656 Turcico
1990 5580 2344 5656 premuntur.

820 5642 931 5726 (863
967 5657 1075 5710 Hoc
1105 5642 1338 5726 masiiue
1361 5642 1415 5706 ﬁ't
1449 5642 1644 5705 nostro
1663 5647 1861 5726 saeculo
1890 5649 1940 5698 in
1974 5642 2324 5726 conversione

750 5711 1029 5782 Indorum.
1061 5726 1199 5793 Lege
1230 5725 1296 5777 de
1349 5726 1448 5777 hac
1484 5739 1538 5774 re
1588 5720 1873 5789 epistulam
1935 5711 2320 5793 primatuiiar-

747 5799 907 5855 laatni
946 5783 1187 5864 episcopi
1229 5795 1579 5862 Gyraccnsis,
1606 5783 1722 5861 qum
1747 5783 2073 5842 exstattom.
2111 5783 2316 5839 VlAnt.

2444 4646 2600 4696 licam
2645 4643 2816 4694 tidem.
2847 4649 3051 4703 tenere,
3092 4637 3179 4689 illa
3217 4636 3352 4690 duce
3393 4649 3499 4686 non
3533 4632 3790 4701 ambiget.

2502 4736 2588 4797 Ad
2632 4733 2745 4786 ha'c
2779 4742 2831 4785 et
2873 4729 3000 4783 illud
3038 4726 3375 4787 intuendum,
3416 4732 3618 4793 quanta
3650 4725 3719 4777 sit
3755 4721 4009 4776 Ecclesiae

2441 4822 2773 4894 magnitudo,
2839 4831 3037 4889 quanta
3101 4833 3276 4870 rerum
3345 4815 3532 4875 moles,
3591 4822 3751 4881 utque
3827 4811 3894 4864 ab
3947 4828 4006 4863 ea

2443 4916 2585 4967 nulla
2641 4927 2876 4979 unquam
2911 4908 3164 4965 itmretica
3212 4906 3481 4961 sententia
3526 4904 3782 4964 manarit,
3843 4917 4005 4969 quam

2438 5009 2623 5057 ιιριιιις
2689 5003 2930 5056 fundavit
2984 4999 3204 5060 νου-υς.
3260 5013 3383 5068 qute
3432 5009 3646 5064 semper
3692 4995 3780 5047 ad‘
3802 5006 3999 5047 omnes

2440 5096 2634 5149 ﬁuctus
2688 5092 2978 5147 immobilis
3026 5089 3292 5159 perstitit;
3343 5087 3469 5157 quia
3502 5100 3666 5155 supra
3694 5094 3922 5152 petram,
3956 5085 4006 5136 id

2441 5198 2546 5252 est,
2573 5200 2736 5254 super
2767 5186 2938 5252 ipsum
2979 5179 3514 5239 Dominuml'undata
3543 5187 3681 5238 erat,
3708 5177 3821 5229 sive
3846 5189 4009 5243 super

2442 5279 2578 5332 beati
2611 5276 2750 5330 Petri
2804 5272 3168 5329 ﬁrmissimam
3201 5273 3359 5325 ﬁdem
3394 5284 3588 5337 :quem
3616 5268 3690 5321 illi
3723 5265 4005 5326 Dominus,

2439 5383 2562 5422 cum
2598 5365 2866 5437 corporali
2900 5361 3185 5434 prasentia
3222 5359 3481 5413 mundum
3528 5358 3822 5420 desereret,
3866 5369 4005 5421 prae-

2439 5461 2590 5526 l'ecit,
2625 5461 2832 5515 beatum
2863 5459 3012 5512 illum
3042 5455 3351 5525 appellans,
3392 5455 3516 5521 quia
3568 5469 3670 5505 non
3705 5449 3783 5502 ii'li
3807 5464 3932 5502 caro
3956 5458 4007 5502 et

2431 5579 2548 5631 lect.
2579 5576 2638 5631 0.
2674 5574 2890 5631 llenriei
2928 5573 3154 5626 Canisii.

2505 5648 2618 5716 (87)
2652 5646 2796 5712 Lege
2825 5643 3165 5716 Gennadiunt
3201 5654 3299 5708 pro
3323 5636 3555 5716 concilio
3585 5634 3918 5716 Florentino,
3947 5643 4003 5712 et

2435 5703 2822 5771 Beilar'miuiim
2857 5715 2948 5769 lib.
2983 5713 3056 5767 De
3103 5703 3284 5776 Parit”
3332 5718 3384 5764 et
3454 5707 3615 5777 epist.
3658 5705 3693 5758 2
3733 5703 4000 5757 Barlaami

2418 5789 2627 5856 Cyrae.
