  <div class='ocr_page' id='page_1' title='image "/cluster/home/n/w/nwhite01/storage/ocr_20150623/152/nnc1.0046980377/130.png"; bbox 0 0 4472 6434; ppageno 0'>
   <div class='ocr_carea' id='block_1_1' title="bbox 527 348 624 410">
    <p class='ocr_par' dir='ltr' id='par_1_1' title="bbox 527 348 624 410">
     <span class='ocr_line' id='line_1_1' title="bbox 527 348 624 410; baseline 0 0"><span class='ocrx_word' id='word_1_1' title='bbox 527 348 624 410; x_wconf 73' lang='grc'><strong>241</strong></span> 
     </span>
    </p>
   </div>
   <div class='ocr_carea' id='block_1_2' title="bbox 515 549 2074 639">
    <p class='ocr_par' dir='ltr' id='par_1_2' title="bbox 515 549 2074 639">
     <span class='ocr_line' id='line_1_2' title="bbox 515 549 2074 639; baseline 0.018 -39"><span class='ocrx_word' id='word_1_2' title='bbox 515 549 641 603; x_wconf 82' lang='lat' dir='ltr'><strong>lude</strong></span> <span class='ocrx_word' id='word_1_3' title='bbox 669 552 779 617; x_wconf 79' lang='lat' dir='ltr'><strong>jam</strong></span> <span class='ocrx_word' id='word_1_4' title='bbox 809 556 1086 624; x_wconf 82' lang='lat' dir='ltr'><strong>principiis</strong></span> <span class='ocrx_word' id='word_1_5' title='bbox 1133 563 1486 624; x_wconf 68' lang='lat' dir='ltr'><strong>ecclesiaStici</strong></span> <span class='ocrx_word' id='word_1_6' title='bbox 1527 570 2074 639; x_wconf 84' lang='lat' dir='ltr'><strong>principatnsjactis,</strong></span> 
     </span>
    </p>
   </div>
   <div class='ocr_carea' id='block_1_3' title="bbox 517 645 2074 723">
    <p class='ocr_par' dir='ltr' id='par_1_3' title="bbox 517 645 2074 723">
     <span class='ocr_line' id='line_1_3' title="bbox 517 645 2074 723; baseline 0.015 -29"><span class='ocrx_word' id='word_1_7' title='bbox 517 658 639 694; x_wconf 79' lang='lat' dir='ltr'><strong>eum</strong></span> <span class='ocrx_word' id='word_1_8' title='bbox 697 645 1037 715; x_wconf 83' lang='lat' dir='ltr'><strong>interrogatis</strong></span> <span class='ocrx_word' id='word_1_9' title='bbox 1089 651 1384 720; x_wconf 87' lang='lat' dir='ltr'><strong>discipulis,</strong></span> <span class='ocrx_word' id='word_1_10' title='bbox 1437 673 1596 723; x_wconf 90' lang='lat' dir='ltr'><strong>quem</strong></span> <span class='ocrx_word' id='word_1_11' title='bbox 1649 675 1770 713; x_wconf 78' lang='lat' dir='ltr'><strong>esse</strong></span> <span class='ocrx_word' id='word_1_12' title='bbox 1831 663 2074 718; x_wconf 91' lang='lat' dir='ltr'><strong>homines</strong></span> 
     </span>
    </p>
   </div>
   <div class='ocr_carea' id='block_1_4' title="bbox 519 735 2075 816">
    <p class='ocr_par' dir='ltr' id='par_1_4' title="bbox 519 735 2075 816">
     <span class='ocr_line' id='line_1_4' title="bbox 519 735 2075 816; baseline 0.016 -34"><span class='ocrx_word' id='word_1_13' title='bbox 519 742 776 800; x_wconf 83' lang='lat' dir='ltr'><strong>putarent</strong></span> <span class='ocrx_word' id='word_1_14' title='bbox 840 735 1036 790; x_wconf 88' lang='lat' dir='ltr'><strong>Filium</strong></span> <span class='ocrx_word' id='word_1_15' title='bbox 1095 741 1347 813; x_wconf 68' lang='lat' dir='ltr'><strong>hominis,</strong></span> <span class='ocrx_word' id='word_1_16' title='bbox 1416 757 1641 801; x_wconf 72' lang='lat' dir='ltr'><strong>caeteros</strong></span> <span class='ocrx_word' id='word_1_17' title='bbox 1719 754 2075 816; x_wconf 67' lang='lat' dir='ltr'><strong>‘prtcveniens,</strong></span> 
     </span>
    </p>
   </div>
   <div class='ocr_carea' id='block_1_5' title="bbox 515 826 2072 911">
    <p class='ocr_par' dir='ltr' id='par_1_5' title="bbox 515 826 2072 911">
     <span class='ocr_line' id='line_1_5' title="bbox 515 826 2072 911; baseline 0.013 -35"><span class='ocrx_word' id='word_1_18' title='bbox 515 828 650 878; x_wconf 77' lang='lat' dir='ltr'><strong>divit</strong></span> <span class='ocrx_word' id='word_1_19' title='bbox 682 846 693 877; x_wconf 92' lang='lat'>:</span> <span class='ocrx_word' id='word_1_20' title='bbox 736 826 810 879; x_wconf 83' lang='lat' dir='ltr'><strong>Tu</strong></span> <span class='ocrx_word' id='word_1_21' title='bbox 837 845 888 881; x_wconf 84' lang='lat' dir='ltr'><strong>es</strong></span> <span class='ocrx_word' id='word_1_22' title='bbox 912 830 1147 885; x_wconf 76' lang='lat' dir='ltr'><strong>Christus</strong></span> <span class='ocrx_word' id='word_1_23' title='bbox 1172 832 1339 888; x_wconf 81' lang='lat' dir='ltr'><strong>Filius</strong></span> <span class='ocrx_word' id='word_1_24' title='bbox 1362 836 1453 889; x_wconf 82' lang='lat' dir='ltr'><strong>Dei</strong></span> <span class='ocrx_word' id='word_1_25' title='bbox 1481 840 1596 891; x_wconf 85' lang='lat' dir='ltr'><strong>vivi.</strong></span> <span class='ocrx_word' id='word_1_26' title='bbox 1631 840 1725 893; x_wconf 89' lang='lat' dir='ltr'><strong>Cui</strong></span> <span class='ocrx_word' id='word_1_27' title='bbox 1758 857 2072 911; x_wconf 89' lang='lat' dir='ltr'><strong>responsum</strong></span> 
     </span>
    </p>
   </div>
   <div class='ocr_carea' id='block_1_6' title="bbox 517 916 2076 999">
    <p class='ocr_par' dir='ltr' id='par_1_6' title="bbox 517 916 2076 999">
     <span class='ocr_line' id='line_1_6' title="bbox 517 916 2076 999; baseline 0.015 -36"><span class='ocrx_word' id='word_1_28' title='bbox 517 916 757 981; x_wconf 89' lang='lat' dir='ltr'><strong>protinus</strong></span> <span class='ocrx_word' id='word_1_29' title='bbox 798 928 879 970; x_wconf 90' lang='lat' dir='ltr'><strong>est</strong></span> <span class='ocrx_word' id='word_1_30' title='bbox 915 936 928 971; x_wconf 92' lang='lat'><strong>:</strong></span> <span class='ocrx_word' id='word_1_31' title='bbox 963 920 1037 972; x_wconf 79' lang='lat' dir='ltr'><strong>Tu</strong></span> <span class='ocrx_word' id='word_1_32' title='bbox 1088 939 1138 975; x_wconf 77' lang='lat' dir='ltr'><strong>es</strong></span> <span class='ocrx_word' id='word_1_33' title='bbox 1178 921 1382 990; x_wconf 81' lang='lat' dir='ltr'><strong>Petrus,</strong></span> <span class='ocrx_word' id='word_1_34' title='bbox 1430 937 1477 979; x_wconf 84' lang='lat' dir='ltr'><strong>et</strong></span> <span class='ocrx_word' id='word_1_35' title='bbox 1510 945 1659 995; x_wconf 80' lang='lat' dir='ltr'><strong>super</strong></span> <span class='ocrx_word' id='word_1_36' title='bbox 1700 933 1831 984; x_wconf 76' lang='lat' dir='ltr'><strong>hanc</strong></span> <span class='ocrx_word' id='word_1_37' title='bbox 1880 945 2076 999; x_wconf 76' lang='lat' dir='ltr'><strong>petram</strong></span> 
     </span>
    </p>
   </div>
   <div class='ocr_carea' id='block_1_7' title="bbox 518 1005 2079 1091">
    <p class='ocr_par' dir='ltr' id='par_1_7' title="bbox 518 1005 2079 1091">
     <span class='ocr_line' id='line_1_7' title="bbox 518 1005 2079 1091; baseline 0.014 -35"><span class='ocrx_word' id='word_1_38' title='bbox 518 1005 786 1068; x_wconf 69' lang='lat' dir='ltr'><strong>tc-.&#39;i,’icabo</strong></span> <span class='ocrx_word' id='word_1_39' title='bbox 812 1006 1274 1065; x_wconf 80' lang='lat' dir='ltr'><strong>Ecclesiammeam</strong></span> <span class='ocrx_word' id='word_1_40' title='bbox 1302 1027 1380 1068; x_wconf 84' lang='lat' dir='ltr'><strong>:et</strong></span> <span class='ocrx_word' id='word_1_41' title='bbox 1402 1028 1565 1086; x_wconf 75' lang='lat' dir='ltr'><strong>parite</strong></span> <span class='ocrx_word' id='word_1_42' title='bbox 1587 1021 1740 1085; x_wconf 77' lang='lat' dir='ltr'><strong>inferi</strong></span> <span class='ocrx_word' id='word_1_43' title='bbox 1762 1040 1859 1076; x_wconf 79' lang='lat' dir='ltr'><strong>non</strong></span> <span class='ocrx_word' id='word_1_44' title='bbox 1884 1041 2079 1091; x_wconf 53' lang='lat' dir='ltr'><strong>pra’vae</strong></span> 
     </span>
    </p>
   </div>
   <div class='ocr_carea' id='block_1_8' title="bbox 519 1094 2076 1173">
    <p class='ocr_par' dir='ltr' id='par_1_8' title="bbox 519 1094 2076 1173">
     <span class='ocr_line' id='line_1_8' title="bbox 519 1094 2076 1173; baseline 0.014 -30"><span class='ocrx_word' id='word_1_45' title='bbox 519 1094 692 1145; x_wconf 79' lang='lat' dir='ltr'><strong>Iebtmt</strong></span> <span class='ocrx_word' id='word_1_46' title='bbox 716 1094 960 1150; x_wconf 70' lang='lat' dir='ltr'><strong>adversus</strong></span> <span class='ocrx_word' id='word_1_47' title='bbox 987 1102 1168 1153; x_wconf 80' lang='lat' dir='ltr'><strong>eam”.</strong></span> <span class='ocrx_word' id='word_1_48' title='bbox 1194 1100 1536 1173; x_wconf 82' lang='lat' dir='ltr'><strong>Rursumque</strong></span> <span class='ocrx_word' id='word_1_49' title='bbox 1554 1109 1624 1160; x_wconf 85' lang='lat' dir='ltr'><strong>illi</strong></span> <span class='ocrx_word' id='word_1_50' title='bbox 1655 1111 1788 1164; x_wconf 90' lang='lat' dir='ltr'><strong>hanc</strong></span> <span class='ocrx_word' id='word_1_51' title='bbox 1810 1126 2076 1165; x_wconf 56' lang='lat' dir='ltr'><strong>commenc</strong></span> 
     </span>
    </p>
   </div>
   <div class='ocr_carea' id='block_1_9' title="bbox 518 1184 2073 1270">
    <p class='ocr_par' dir='ltr' id='par_1_9' title="bbox 518 1184 2073 1270">
     <span class='ocr_line' id='line_1_9' title="bbox 518 1184 2073 1270; baseline 0.014 -36"><span class='ocrx_word' id='word_1_52' title='bbox 518 1184 649 1236; x_wconf 87' lang='lat' dir='ltr'><strong>dans</strong></span> <span class='ocrx_word' id='word_1_53' title='bbox 671 1186 766 1238; x_wconf 71' lang='lat' dir='ltr'><strong>dict</strong></span> <span class='ocrx_word' id='word_1_54' title='bbox 790 1185 875 1239; x_wconf 89' lang='lat' dir='ltr'><strong>bat</strong></span> <span class='ocrx_word' id='word_1_55' title='bbox 895 1207 907 1240; x_wconf 89' lang='lat'><strong>:</strong></span> <span class='ocrx_word' id='word_1_56' title='bbox 930 1188 987 1240; x_wconf 90' lang='lat' dir='ltr'><strong>Si</strong></span> <span class='ocrx_word' id='word_1_57' title='bbox 1008 1206 1085 1242; x_wconf 80' lang='lat' dir='ltr'><strong>me</strong></span> <span class='ocrx_word' id='word_1_58' title='bbox 1102 1208 1264 1249; x_wconf 81' lang='lat' dir='ltr'><strong>amns.</strong></span> <span class='ocrx_word' id='word_1_59' title='bbox 1291 1194 1458 1259; x_wconf 69' lang='lat' dir='ltr'><strong>Petra,</strong></span> <span class='ocrx_word' id='word_1_60' title='bbox 1475 1215 1623 1262; x_wconf 81' lang='lat' dir='ltr'><strong>pasce</strong></span> <span class='ocrx_word' id='word_1_61' title='bbox 1639 1217 1793 1268; x_wconf 81' lang='lat' dir='ltr'><strong>agnos</strong></span> <span class='ocrx_word' id='word_1_62' title='bbox 1809 1218 1964 1264; x_wconf 79' lang='lat' dir='ltr'><strong>meos,</strong></span> <span class='ocrx_word' id='word_1_63' title='bbox 1987 1221 2073 1270; x_wconf 85' lang='lat' dir='ltr'><strong>pa-</strong></span> 
     </span>
    </p>
   </div>
   <div class='ocr_carea' id='block_1_10' title="bbox 518 1279 2071 1358">
    <p class='ocr_par' dir='ltr' id='par_1_10' title="bbox 518 1279 2071 1358">
     <span class='ocr_line' id='line_1_10' title="bbox 518 1279 2071 1358; baseline 0.012 -33"><span class='ocrx_word' id='word_1_64' title='bbox 518 1289 602 1325; x_wconf 75' lang='lat' dir='ltr'><strong>sce</strong></span> <span class='ocrx_word' id='word_1_65' title='bbox 626 1291 738 1327; x_wconf 83' lang='lat' dir='ltr'><strong>oves</strong></span> <span class='ocrx_word' id='word_1_66' title='bbox 761 1293 898 1329; x_wconf 77' lang='lat' dir='ltr'><strong>meas</strong></span> <span class='ocrx_word' id='word_1_67' title='bbox 922 1279 990 1332; x_wconf 75' lang='lat'><strong>“.</strong></span> <span class='ocrx_word' id='word_1_68' title='bbox 1010 1279 1071 1332; x_wconf 87' lang='lat' dir='ltr'><strong>Et</strong></span> <span class='ocrx_word' id='word_1_69' title='bbox 1103 1282 1166 1333; x_wconf 85' lang='lat' dir='ltr'><strong>de</strong></span> <span class='ocrx_word' id='word_1_70' title='bbox 1193 1299 1298 1350; x_wconf 88' lang='lat' dir='ltr'><strong>quo</strong></span> <span class='ocrx_word' id='word_1_71' title='bbox 1327 1290 1431 1338; x_wconf 86' lang='lat' dir='ltr'><strong>alt:</strong></span> <span class='ocrx_word' id='word_1_72' title='bbox 1473 1286 1580 1355; x_wconf 70' lang='lat' dir='ltr'><strong>Ego</strong></span> <span class='ocrx_word' id='word_1_73' title='bbox 1599 1293 1772 1357; x_wconf 82' lang='lat' dir='ltr'><strong>rogavi</strong></span> <span class='ocrx_word' id='word_1_74' title='bbox 1799 1307 1890 1358; x_wconf 87' lang='lat' dir='ltr'><strong>pro</strong></span> <span class='ocrx_word' id='word_1_75' title='bbox 1923 1305 1989 1351; x_wconf 84' lang='lat' dir='ltr'><strong>te,</strong></span> <span class='ocrx_word' id='word_1_76' title='bbox 2021 1305 2071 1343; x_wconf 83' lang='lat' dir='ltr'><strong>nt</strong></span> 
     </span>
    </p>
   </div>
   <div class='ocr_carea' id='block_1_11' title="bbox 517 1363 2073 1445">
    <p class='ocr_par' dir='ltr' id='par_1_11' title="bbox 517 1363 2073 1445">
     <span class='ocr_line' id='line_1_11' title="bbox 517 1363 2073 1445; baseline 0.015 -34"><span class='ocrx_word' id='word_1_77' title='bbox 517 1379 616 1414; x_wconf 86' lang='lat' dir='ltr'><strong>non</strong></span> <span class='ocrx_word' id='word_1_78' title='bbox 665 1363 871 1429; x_wconf 79' lang='lat' dir='ltr'><strong>deﬁciat</strong></span> <span class='ocrx_word' id='word_1_79' title='bbox 925 1368 1050 1430; x_wconf 79' lang='lat' dir='ltr'><strong>ﬁdes</strong></span> <span class='ocrx_word' id='word_1_80' title='bbox 1107 1379 1194 1422; x_wconf 84' lang='lat' dir='ltr'><strong>tua</strong></span> <span class='ocrx_word' id='word_1_81' title='bbox 1221 1387 1238 1422; x_wconf 88' lang='lat'><strong><em>:</em></strong></span> <span class='ocrx_word' id='word_1_82' title='bbox 1266 1383 1313 1424; x_wconf 83' lang='lat' dir='ltr'><strong>et</strong></span> <span class='ocrx_word' id='word_1_83' title='bbox 1346 1385 1398 1426; x_wconf 84' lang='lat' dir='ltr'><strong>tu</strong></span> <span class='ocrx_word' id='word_1_84' title='bbox 1445 1377 1729 1445; x_wconf 76' lang='lat' dir='ltr'><strong>aliquando</strong></span> <span class='ocrx_word' id='word_1_85' title='bbox 1776 1397 2073 1441; x_wconf 77' lang='lat' dir='ltr'><strong>conversus.</strong></span> 
     </span>
    </p>
   </div>
   <div class='ocr_carea' id='block_1_12' title="bbox 537 1445 2073 1538">
    <p class='ocr_par' dir='ltr' id='par_1_12' title="bbox 537 1445 2073 1538">
     <span class='ocr_line' id='line_1_12' title="bbox 537 1445 2073 1538; baseline 0.014 -36"><span class='ocrx_word' id='word_1_86' title='bbox 537 1452 789 1515; x_wconf 77' lang='lat' dir='ltr'><strong>Cttnﬁrttta</strong></span> <span class='ocrx_word' id='word_1_87' title='bbox 821 1455 1012 1521; x_wconf 77' lang='lat' dir='ltr'><strong>fratres</strong></span> <span class='ocrx_word' id='word_1_88' title='bbox 1049 1467 1162 1511; x_wconf 75' lang='lat' dir='ltr'><strong>tuos</strong></span> <span class='ocrx_word' id='word_1_89' title='bbox 1192 1461 1259 1513; x_wconf 82' lang='grc'><strong>’⁵.</strong></span> <span class='ocrx_word' id='word_1_90' title='bbox 1289 1445 1354 1516; x_wconf 84' lang='lat' dir='ltr'><strong>Et</strong></span> <span class='ocrx_word' id='word_1_91' title='bbox 1382 1481 1537 1530; x_wconf 89' lang='lat' dir='ltr'><strong>quem</strong></span> <span class='ocrx_word' id='word_1_92' title='bbox 1587 1469 1766 1534; x_wconf 90' lang='lat' dir='ltr'><strong>posuit</strong></span> <span class='ocrx_word' id='word_1_93' title='bbox 1817 1472 2073 1538; x_wconf 71' lang='lat' dir='ltr'><strong>a‘qrtalcm</strong></span> 
     </span>
    </p>
   </div>
   <div class='ocr_carea' id='block_1_13' title="bbox 514 1537 2072 1622">
    <p class='ocr_par' dir='ltr' id='par_1_13' title="bbox 514 1537 2072 1622">
     <span class='ocr_line' id='line_1_13' title="bbox 514 1537 2072 1622; baseline 0.018 -36"><span class='ocrx_word' id='word_1_94' title='bbox 514 1537 638 1596; x_wconf 50' lang='lat' dir='ltr'><strong>sibi,</strong></span> <span class='ocrx_word' id='word_1_95' title='bbox 699 1542 911 1605; x_wconf 85' lang='lat' dir='ltr'><strong>quando</strong></span> <span class='ocrx_word' id='word_1_96' title='bbox 974 1543 1291 1602; x_wconf 77' lang='lat' dir='ltr'><strong>Czcsarianis</strong></span> <span class='ocrx_word' id='word_1_97' title='bbox 1369 1553 1631 1606; x_wconf 89' lang='lat' dir='ltr'><strong>tributum</strong></span> <span class='ocrx_word' id='word_1_98' title='bbox 1710 1537 2072 1622; x_wconf 77' lang='lat' dir='ltr'><strong>exigentibus.</strong></span> 
     </span>
    </p>
   </div>
   <div class='ocr_carea' id='block_1_14' title="bbox 521 1632 2074 1710">
    <p class='ocr_par' dir='ltr' id='par_1_14' title="bbox 521 1632 2074 1710">
     <span class='ocr_line' id='line_1_14' title="bbox 521 1632 2074 1710; baseline 0.019 -35"><span class='ocrx_word' id='word_1_99' title='bbox 521 1632 773 1697; x_wconf 74' lang='lat' dir='ltr'><strong>prmcepit</strong></span> <span class='ocrx_word' id='word_1_100' title='bbox 827 1632 989 1687; x_wconf 80' lang='lat' dir='ltr'><strong>Petro</strong></span> <span class='ocrx_word' id='word_1_101' title='bbox 1035 1636 1252 1691; x_wconf 82' lang='lat' dir='ltr'><strong>hamum</strong></span> <span class='ocrx_word' id='word_1_102' title='bbox 1312 1641 1364 1693; x_wconf 90' lang='lat' dir='ltr'><strong>in</strong></span> <span class='ocrx_word' id='word_1_103' title='bbox 1425 1658 1570 1698; x_wconf 90' lang='lat' dir='ltr'><strong>mare</strong></span> <span class='ocrx_word' id='word_1_104' title='bbox 1606 1647 1898 1710; x_wconf 89' lang='lat' dir='ltr'><strong>dimittere,</strong></span> <span class='ocrx_word' id='word_1_105' title='bbox 1934 1650 2074 1703; x_wconf 76' lang='lat' dir='ltr'><strong>inve-</strong></span> 
     </span>
    </p>
   </div>
   <div class='ocr_carea' id='block_1_15' title="bbox 514 1719 2071 1804">
    <p class='ocr_par' dir='ltr' id='par_1_15' title="bbox 514 1719 2071 1804">
     <span class='ocr_line' id='line_1_15' title="bbox 514 1719 2071 1804; baseline 0.013 -34"><span class='ocrx_word' id='word_1_106' title='bbox 514 1719 878 1790; x_wconf 84' lang='lat' dir='ltr'><strong>niendumque</strong></span> <span class='ocrx_word' id='word_1_107' title='bbox 896 1726 946 1778; x_wconf 92' lang='lat' dir='ltr'><strong>in</strong></span> <span class='ocrx_word' id='word_1_108' title='bbox 972 1726 1248 1796; x_wconf 83' lang='lat' dir='ltr'><strong>primoqui</strong></span> <span class='ocrx_word' id='word_1_109' title='bbox 1277 1734 1599 1788; x_wconf 83' lang='lat' dir='ltr'><strong>occurrisset</strong></span> <span class='ocrx_word' id='word_1_110' title='bbox 1628 1738 1795 1804; x_wconf 92' lang='lat' dir='ltr'><strong>pisce,</strong></span> <span class='ocrx_word' id='word_1_111' title='bbox 1820 1749 2071 1792; x_wconf 70' lang='lat' dir='ltr'><strong>staterem</strong></span> 
     </span>
    </p>
   </div>
   <div class='ocr_carea' id='block_1_16' title="bbox 519 1817 2147 1890">
    <p class='ocr_par' dir='ltr' id='par_1_16' title="bbox 519 1817 2147 1890">
     <span class='ocr_line' id='line_1_16' title="bbox 519 1817 2147 1890; baseline 0.014 -30"><span class='ocrx_word' id='word_1_112' title='bbox 519 1826 738 1864; x_wconf 74' lang='lat' dir='ltr'><strong>aureum</strong></span> <span class='ocrx_word' id='word_1_113' title='bbox 771 1817 900 1867; x_wconf 88' lang='lat' dir='ltr'><strong>dare</strong></span> <span class='ocrx_word' id='word_1_114' title='bbox 942 1819 1277 1890; x_wconf 72' lang='lat' dir='ltr'><strong>exigentibus</strong></span> <span class='ocrx_word' id='word_1_115' title='bbox 1323 1837 1420 1890; x_wconf 90' lang='lat' dir='ltr'><strong>pro</strong></span> <span class='ocrx_word' id='word_1_116' title='bbox 1444 1840 1500 1878; x_wconf 90' lang='lat' dir='ltr'><strong>se</strong></span> <span class='ocrx_word' id='word_1_117' title='bbox 1528 1837 1581 1879; x_wconf 92' lang='lat' dir='ltr'><strong>et</strong></span> <span class='ocrx_word' id='word_1_118' title='bbox 1611 1826 1771 1881; x_wconf 87' lang='lat' dir='ltr'><strong>Petro</strong></span> <span class='ocrx_word' id='word_1_119' title='bbox 1805 1831 1872 1882; x_wconf 82' lang='grc'><strong>⁷⁸.</strong></span> <span class='ocrx_word' id='word_1_120' title='bbox 1900 1831 1952 1883; x_wconf 63' lang='grc' dir='ltr'><strong>ΙιΙ</strong></span> <span class='ocrx_word' id='word_1_121' title='bbox 1980 1847 2071 1882; x_wconf 90' lang='lat' dir='ltr'><strong>au-</strong></span> <span class='ocrx_word' id='word_1_122' title='bbox 2109 1818 2147 1870; x_wconf 79' lang='grc' dir='ltr'><strong><em>Β</em></strong></span> 
     </span>
    </p>
   </div>
   <div class='ocr_carea' id='block_1_17' title="bbox 524 1887 2083 1988">
    <p class='ocr_par' dir='ltr' id='par_1_17' title="bbox 524 1887 2083 1988">
     <span class='ocr_line' id='line_1_17' title="bbox 524 1887 2083 1988; baseline 0.017 -41"><span class='ocrx_word' id='word_1_123' title='bbox 524 1909 628 1950; x_wconf 87' lang='lat' dir='ltr'><strong>tem</strong></span> <span class='ocrx_word' id='word_1_124' title='bbox 682 1911 764 1954; x_wconf 83' lang='lat' dir='ltr'><strong>est</strong></span> <span class='ocrx_word' id='word_1_125' title='bbox 818 1887 1044 1960; x_wconf 64' lang='lat' dir='ltr'><strong>volentis</strong></span> <span class='ocrx_word' id='word_1_126' title='bbox 1094 1909 1240 1964; x_wconf 88' lang='lat' dir='ltr'><strong>illum</strong></span> <span class='ocrx_word' id='word_1_127' title='bbox 1295 1926 1449 1980; x_wconf 69' lang='lat' dir='ltr'><strong>teque</strong></span> <span class='ocrx_word' id='word_1_128' title='bbox 1493 1929 1556 1969; x_wconf 88' lang='lat' dir='ltr'><strong>ac</strong></span> <span class='ocrx_word' id='word_1_129' title='bbox 1589 1930 1646 1970; x_wconf 85' lang='lat' dir='ltr'><strong>se</strong></span> <span class='ocrx_word' id='word_1_130' title='bbox 1682 1919 1932 1972; x_wconf 88' lang='lat' dir='ltr'><strong>honorari</strong></span> <span class='ocrx_word' id='word_1_131' title='bbox 1989 1936 2083 1988; x_wconf 87' lang='lat' dir='ltr'><strong>pro</strong></span> 
     </span>
    </p>
   </div>
   <div class='ocr_carea' id='block_1_18' title="bbox 520 1990 2082 2068">
    <p class='ocr_par' dir='ltr' id='par_1_18' title="bbox 520 1990 2082 2068">
     <span class='ocr_line' id='line_1_18' title="bbox 520 1990 2082 2068; baseline 0.015 -31"><span class='ocrx_word' id='word_1_132' title='bbox 520 1990 761 2052; x_wconf 82' lang='lat' dir='ltr'><strong>portione</strong></span> <span class='ocrx_word' id='word_1_133' title='bbox 805 1993 1008 2057; x_wconf 88' lang='lat' dir='ltr'><strong>debita,</strong></span> <span class='ocrx_word' id='word_1_134' title='bbox 1042 1996 1302 2068; x_wconf 89' lang='lat' dir='ltr'><strong>illumque</strong></span> <span class='ocrx_word' id='word_1_135' title='bbox 1332 2006 1553 2057; x_wconf 80' lang='lat' dir='ltr'><strong>verbum</strong></span> <span class='ocrx_word' id='word_1_136' title='bbox 1586 2020 1738 2060; x_wconf 91' lang='lat' dir='ltr'><strong>suum</strong></span> <span class='ocrx_word' id='word_1_137' title='bbox 1780 2009 2082 2063; x_wconf 86' lang='lat' dir='ltr'><strong>continere.</strong></span> 
     </span>
    </p>
   </div>
   <div class='ocr_carea' id='block_1_19' title="bbox 523 2078 2082 2151">
    <p class='ocr_par' dir='ltr' id='par_1_19' title="bbox 523 2078 2082 2151">
     <span class='ocr_line' id='line_1_19' title="bbox 523 2078 2082 2151; baseline 0.006 -11"><span class='ocrx_word' id='word_1_138' title='bbox 523 2078 658 2140; x_wconf 77' lang='lat' dir='ltr'><strong>Quia</strong></span> <span class='ocrx_word' id='word_1_139' title='bbox 689 2082 826 2134; x_wconf 89' lang='lat' dir='ltr'><strong>enim</strong></span> <span class='ocrx_word' id='word_1_140' title='bbox 860 2099 887 2136; x_wconf 89' lang='lat' dir='ltr'><strong>a</strong></span> <span class='ocrx_word' id='word_1_141' title='bbox 918 2083 1148 2141; x_wconf 83' lang='lat' dir='ltr'><strong>Domino</strong></span> <span class='ocrx_word' id='word_1_142' title='bbox 1170 2086 1302 2143; x_wconf 83' lang='lat' dir='ltr'><strong>nihil</strong></span> <span class='ocrx_word' id='word_1_143' title='bbox 1327 2092 1520 2149; x_wconf 79' lang='lat' dir='ltr'><strong>frustra</strong></span> <span class='ocrx_word' id='word_1_144' title='bbox 1544 2093 1744 2150; x_wconf 88' lang='lat' dir='ltr'><strong>dictum</strong></span> <span class='ocrx_word' id='word_1_145' title='bbox 1774 2107 1862 2151; x_wconf 82' lang='lat' dir='ltr'><strong>aut</strong></span> <span class='ocrx_word' id='word_1_146' title='bbox 1888 2097 2082 2151; x_wconf 75' lang='lat' dir='ltr'><strong>factum</strong></span> 
     </span>
    </p>
   </div>
   <div class='ocr_carea' id='block_1_20' title="bbox 522 2178 2084 2255">
    <p class='ocr_par' dir='ltr' id='par_1_20' title="bbox 522 2178 2084 2255">
     <span class='ocr_line' id='line_1_20' title="bbox 522 2178 2084 2255; baseline 0.014 -36"><span class='ocrx_word' id='word_1_147' title='bbox 522 2178 626 2232; x_wconf 86' lang='lat' dir='ltr'><strong>est,</strong></span> <span class='ocrx_word' id='word_1_148' title='bbox 660 2185 882 2226; x_wconf 85' lang='lat' dir='ltr'><strong>necesse</strong></span> <span class='ocrx_word' id='word_1_149' title='bbox 932 2186 1031 2234; x_wconf 77' lang='lat' dir='ltr'><strong>est.</strong></span> <span class='ocrx_word' id='word_1_150' title='bbox 1058 2186 1109 2233; x_wconf 87' lang='lat' dir='ltr'><strong>et</strong></span> <span class='ocrx_word' id='word_1_151' title='bbox 1143 2191 1261 2247; x_wconf 73' lang='lat' dir='ltr'><strong>qua:</strong></span> <span class='ocrx_word' id='word_1_152' title='bbox 1313 2181 1556 2250; x_wconf 85' lang='lat' dir='ltr'><strong>apostolo</strong></span> <span class='ocrx_word' id='word_1_153' title='bbox 1617 2183 1772 2237; x_wconf 84' lang='lat' dir='ltr'><strong>Petro</strong></span> <span class='ocrx_word' id='word_1_154' title='bbox 1816 2189 2084 2255; x_wconf 45' lang='lat' dir='ltr'><strong>pra‘cipue</strong></span> 
     </span>
    </p>
   </div>
   <div class='ocr_carea' id='block_1_21' title="bbox 515 2265 2081 2346">
    <p class='ocr_par' dir='ltr' id='par_1_21' title="bbox 515 2265 2081 2346">
     <span class='ocr_line' id='line_1_21' title="bbox 515 2265 2081 2346; baseline 0.015 -36"><span class='ocrx_word' id='word_1_155' title='bbox 515 2275 623 2331; x_wconf 68' lang='lat' dir='ltr'><strong>[rte</strong></span> <span class='ocrx_word' id='word_1_156' title='bbox 657 2265 866 2317; x_wconf 71' lang='lat' dir='ltr'><strong>caneris</strong></span> <span class='ocrx_word' id='word_1_157' title='bbox 897 2266 1035 2319; x_wconf 89' lang='lat' dir='ltr'><strong>dicta</strong></span> <span class='ocrx_word' id='word_1_158' title='bbox 1060 2269 1172 2323; x_wconf 84' lang='lat' dir='ltr'><strong>sive</strong></span> <span class='ocrx_word' id='word_1_159' title='bbox 1207 2268 1343 2325; x_wconf 79' lang='lat' dir='ltr'><strong>facta</strong></span> <span class='ocrx_word' id='word_1_160' title='bbox 1375 2283 1521 2339; x_wconf 89' lang='lat' dir='ltr'><strong>sunt,</strong></span> <span class='ocrx_word' id='word_1_161' title='bbox 1583 2289 1830 2342; x_wconf 88' lang='lat' dir='ltr'><strong>magnum</strong></span> <span class='ocrx_word' id='word_1_162' title='bbox 1881 2279 2081 2346; x_wconf 86' lang='lat' dir='ltr'><strong>aliquid</strong></span> 
     </span>
    </p>
   </div>
   <div class='ocr_carea' id='block_1_22' title="bbox 526 2355 2080 2438">
    <p class='ocr_par' dir='ltr' id='par_1_22' title="bbox 526 2355 2080 2438">
     <span class='ocr_line' id='line_1_22' title="bbox 526 2355 2080 2438; baseline 0.014 -37"><span class='ocrx_word' id='word_1_163' title='bbox 526 2355 745 2407; x_wconf 76' lang='lat' dir='ltr'><strong>rretlt‘re</strong></span> <span class='ocrx_word' id='word_1_164' title='bbox 778 2357 1100 2432; x_wconf 73' lang='lat' dir='ltr'><strong>signiﬁcare.</strong></span> <span class='ocrx_word' id='word_1_165' title='bbox 1152 2361 1288 2428; x_wconf 84' lang='lat' dir='ltr'><strong>Quid</strong></span> <span class='ocrx_word' id='word_1_166' title='bbox 1329 2375 1505 2418; x_wconf 89' lang='lat' dir='ltr'><strong>autem</strong></span> <span class='ocrx_word' id='word_1_167' title='bbox 1541 2368 1710 2435; x_wconf 85' lang='lat' dir='ltr'><strong>majus</strong></span> <span class='ocrx_word' id='word_1_168' title='bbox 1737 2383 1858 2423; x_wconf 82' lang='lat' dir='ltr'><strong>esse</strong></span> <span class='ocrx_word' id='word_1_169' title='bbox 1885 2383 2080 2438; x_wconf 79' lang='lat' dir='ltr'><strong>patest,</strong></span> 
     </span>
    </p>
   </div>
   <div class='ocr_carea' id='block_1_23' title="bbox 513 2444 2084 2526">
    <p class='ocr_par' dir='ltr' id='par_1_23' title="bbox 513 2444 2084 2526">
     <span class='ocr_line' id='line_1_23' title="bbox 513 2444 2084 2526; baseline 0.013 -33"><span class='ocrx_word' id='word_1_170' title='bbox 513 2444 654 2510; x_wconf 68' lang='lat' dir='ltr'><strong>quod</strong></span> <span class='ocrx_word' id='word_1_171' title='bbox 686 2445 981 2513; x_wconf 77' lang='lat' dir='ltr'><strong>hujusmodi</strong></span> <span class='ocrx_word' id='word_1_172' title='bbox 1011 2446 1300 2504; x_wconf 84' lang='lat' dir='ltr'><strong>Ecclesiam</strong></span> <span class='ocrx_word' id='word_1_173' title='bbox 1320 2465 1471 2505; x_wconf 85' lang='lat' dir='ltr'><strong>suam</strong></span> <span class='ocrx_word' id='word_1_174' title='bbox 1495 2455 1592 2507; x_wconf 88' lang='lat' dir='ltr'><strong>sub</strong></span> <span class='ocrx_word' id='word_1_175' title='bbox 1617 2455 1715 2509; x_wconf 88' lang='lat' dir='ltr'><strong>hoc</strong></span> <span class='ocrx_word' id='word_1_176' title='bbox 1736 2457 1868 2512; x_wconf 90' lang='lat' dir='ltr'><strong>duce</strong></span> <span class='ocrx_word' id='word_1_177' title='bbox 1892 2460 2084 2526; x_wconf 84' lang='lat' dir='ltr'><strong>guber-</strong></span> 
     </span>
    </p>
   </div>
   <div class='ocr_carea' id='block_1_24' title="bbox 516 2533 2086 2610">
    <p class='ocr_par' dir='ltr' id='par_1_24' title="bbox 516 2533 2086 2610">
     <span class='ocr_line' id='line_1_24' title="bbox 516 2533 2086 2610; baseline 0.012 -26"><span class='ocrx_word' id='word_1_178' title='bbox 516 2533 628 2584; x_wconf 63' lang='grc' dir='ltr'><strong>και-ἰ</strong></span> <span class='ocrx_word' id='word_1_179' title='bbox 658 2536 956 2600; x_wconf 80' lang='lat' dir='ltr'><strong>constituit,</strong></span> <span class='ocrx_word' id='word_1_180' title='bbox 991 2555 1176 2608; x_wconf 87' lang='lat' dir='ltr'><strong>quam,</strong></span> <span class='ocrx_word' id='word_1_181' title='bbox 1198 2543 1386 2610; x_wconf 86' lang='lat' dir='ltr'><strong>ntipse</strong></span> <span class='ocrx_word' id='word_1_182' title='bbox 1410 2543 1601 2604; x_wconf 86' lang='lat' dir='ltr'><strong>voluit,</strong></span> <span class='ocrx_word' id='word_1_183' title='bbox 1634 2545 1682 2597; x_wconf 91' lang='lat' dir='ltr'><strong>in</strong></span> <span class='ocrx_word' id='word_1_184' title='bbox 1716 2544 1873 2601; x_wconf 88' lang='lat' dir='ltr'><strong>Petro</strong></span> <span class='ocrx_word' id='word_1_185' title='bbox 1895 2550 2086 2602; x_wconf 79' lang='lat' dir='ltr'><strong>solida-</strong></span> 
     </span>
    </p>
   </div>
   <div class='ocr_carea' id='block_1_25' title="bbox 519 2625 2082 2695">
    <p class='ocr_par' dir='ltr' id='par_1_25' title="bbox 519 2625 2082 2695">
     <span class='ocr_line' id='line_1_25' title="bbox 519 2625 2082 2695; baseline 0.012 -20"><span class='ocrx_word' id='word_1_186' title='bbox 519 2625 708 2685; x_wconf 85' lang='lat' dir='ltr'><strong>vit,ut</strong></span> <span class='ocrx_word' id='word_1_187' title='bbox 738 2627 988 2695; x_wconf 83' lang='lat' dir='ltr'><strong>adjuncta</strong></span> <span class='ocrx_word' id='word_1_188' title='bbox 1047 2631 1209 2687; x_wconf 88' lang='lat' dir='ltr'><strong>rebus</strong></span> <span class='ocrx_word' id='word_1_189' title='bbox 1279 2632 1440 2687; x_wconf 85' lang='lat' dir='ltr'><strong>verba</strong></span> <span class='ocrx_word' id='word_1_190' title='bbox 1495 2634 1597 2687; x_wconf 88' lang='lat' dir='ltr'><strong>ista</strong></span> <span class='ocrx_word' id='word_1_191' title='bbox 1664 2641 1966 2692; x_wconf 76' lang='lat' dir='ltr'><strong>testantur?</strong></span> <span class='ocrx_word' id='word_1_192' title='bbox 2027 2627 2082 2694; x_wconf 84' lang='lat' dir='ltr'><strong>Si</strong></span> 
     </span>
    </p>
   </div>
   <div class='ocr_carea' id='block_1_26' title="bbox 516 2712 2079 2800">
    <p class='ocr_par' dir='ltr' id='par_1_26' title="bbox 516 2712 2079 2800">
     <span class='ocr_line' id='line_1_26' title="bbox 516 2712 2079 2800; baseline 0.012 -35"><span class='ocrx_word' id='word_1_193' title='bbox 516 2712 662 2766; x_wconf 86' lang='lat' dir='ltr'><strong>enim</strong></span> <span class='ocrx_word' id='word_1_194' title='bbox 711 2717 791 2768; x_wconf 82' lang='lat' dir='ltr'><strong>vel</strong></span> <span class='ocrx_word' id='word_1_195' title='bbox 843 2719 1024 2772; x_wconf 88' lang='lat' dir='ltr'><strong>multis</strong></span> <span class='ocrx_word' id='word_1_196' title='bbox 1059 2721 1109 2772; x_wconf 93' lang='lat' dir='ltr'><strong>in</strong></span> <span class='ocrx_word' id='word_1_197' title='bbox 1145 2721 1397 2793; x_wconf 84' lang='lat' dir='ltr'><strong>humanis</strong></span> <span class='ocrx_word' id='word_1_198' title='bbox 1445 2724 1604 2778; x_wconf 90' lang='lat' dir='ltr'><strong>rebus</strong></span> <span class='ocrx_word' id='word_1_199' title='bbox 1640 2727 2079 2800; x_wconf 81' lang='lat' dir='ltr'><strong>principantibns,</strong></span> 
     </span>
    </p>
   </div>
   <div class='ocr_carea' id='block_1_27' title="bbox 523 2803 2076 2892">
    <p class='ocr_par' dir='ltr' id='par_1_27' title="bbox 523 2803 2076 2892">
     <span class='ocr_line' id='line_1_27' title="bbox 523 2803 2076 2892; baseline 0.016 -38"><span class='ocrx_word' id='word_1_200' title='bbox 523 2803 605 2858; x_wconf 90' lang='lat' dir='ltr'><strong>vel</strong></span> <span class='ocrx_word' id='word_1_201' title='bbox 647 2804 814 2870; x_wconf 85' lang='lat' dir='ltr'><strong>nullo,</strong></span> <span class='ocrx_word' id='word_1_202' title='bbox 856 2807 1283 2880; x_wconf 84' lang='lat' dir='ltr'><strong>contusioneque</strong></span> <span class='ocrx_word' id='word_1_203' title='bbox 1311 2822 1600 2882; x_wconf 74' lang='lat' dir='ltr'><strong>regnante,</strong></span> <span class='ocrx_word' id='word_1_204' title='bbox 1627 2815 1857 2874; x_wconf 86' lang='lat' dir='ltr'><strong>nihilvel</strong></span> <span class='ocrx_word' id='word_1_205' title='bbox 1888 2837 2076 2892; x_wconf 87' lang='lat' dir='ltr'><strong>parum</strong></span> 
     </span>
    </p>
   </div>
   <div class='ocr_carea' id='block_1_28' title="bbox 522 2896 2069 2964">
    <p class='ocr_par' dir='ltr' id='par_1_28' title="bbox 522 2896 2069 2964">
     <span class='ocr_line' id='line_1_28' title="bbox 522 2896 2069 2964; baseline 0.014 -19"><span class='ocrx_word' id='word_1_206' title='bbox 522 2896 813 2950; x_wconf 65' lang='lat' dir='ltr'><strong>consistere</strong></span> <span class='ocrx_word' id='word_1_207' title='bbox 844 2910 1038 2964; x_wconf 86' lang='lat' dir='ltr'><strong>posset.</strong></span> <span class='ocrx_word' id='word_1_208' title='bbox 1859 2925 1865 2931; x_wconf 77' lang='lat'><strong>‘</strong></span> <span class='ocrx_word' id='word_1_209' title='bbox 2053 2909 2069 2915; x_wconf 64' lang='grc'><em>“</em></span> 
     </span>
    </p>
   </div>
   <div class='ocr_carea' id='block_1_29' title="bbox 600 2987 2076 3074">
    <p class='ocr_par' dir='ltr' id='par_1_29' title="bbox 600 2987 2076 3074">
     <span class='ocr_line' id='line_1_29' title="bbox 600 2987 2076 3074; baseline 0.014 -35"><span class='ocrx_word' id='word_1_210' title='bbox 600 2987 664 3041; x_wconf 85' lang='lat' dir='ltr'><strong>Et</strong></span> <span class='ocrx_word' id='word_1_211' title='bbox 726 3000 870 3044; x_wconf 74' lang='lat' dir='ltr'><strong>certe</strong></span> <span class='ocrx_word' id='word_1_212' title='bbox 920 3006 1040 3045; x_wconf 92' lang='lat' dir='ltr'><strong>cum</strong></span> <span class='ocrx_word' id='word_1_213' title='bbox 1095 2996 1146 3047; x_wconf 92' lang='lat' dir='ltr'><strong>in</strong></span> <span class='ocrx_word' id='word_1_214' title='bbox 1201 2999 1314 3066; x_wconf 89' lang='lat' dir='ltr'><strong>ipsa</strong></span> <span class='ocrx_word' id='word_1_215' title='bbox 1344 3005 1583 3057; x_wconf 86' lang='lat' dir='ltr'><strong>omnium</strong></span> <span class='ocrx_word' id='word_1_216' title='bbox 1610 3017 1826 3070; x_wconf 88' lang='lat' dir='ltr'><strong>natura,</strong></span> <span class='ocrx_word' id='word_1_217' title='bbox 1863 3006 2076 3074; x_wconf 83' lang='lat' dir='ltr'><strong>singula</strong></span> 
     </span>
    </p>
   </div>
   <div class='ocr_carea' id='block_1_30' title="bbox 506 3069 2146 3166">
    <p class='ocr_par' dir='ltr' id='par_1_30' title="bbox 506 3069 2146 3166">
     <span class='ocr_line' id='line_1_30' title="bbox 506 3069 2146 3166; baseline 0.016 -38"><span class='ocrx_word' id='word_1_218' title='bbox 506 3092 605 3145; x_wconf 87' lang='lat' dir='ltr'><strong>per</strong></span> <span class='ocrx_word' id='word_1_219' title='bbox 637 3081 878 3134; x_wconf 86' lang='lat' dir='ltr'><strong>ordinem</strong></span> <span class='ocrx_word' id='word_1_220' title='bbox 922 3087 1060 3153; x_wconf 63' lang='lat' dir='ltr'><strong>quod</strong></span> <span class='ocrx_word' id='word_1_221' title='bbox 1121 3104 1277 3143; x_wconf 81' lang='lat' dir='ltr'><strong>suum</strong></span> <span class='ocrx_word' id='word_1_222' title='bbox 1326 3105 1405 3147; x_wconf 88' lang='lat' dir='ltr'><strong>est</strong></span> <span class='ocrx_word' id='word_1_223' title='bbox 1438 3109 1751 3165; x_wconf 70' lang='lat' dir='ltr'><strong>operentur,</strong></span> <span class='ocrx_word' id='word_1_224' title='bbox 1802 3114 1906 3166; x_wconf 88' lang='lat' dir='ltr'><strong>quo</strong></span> <span class='ocrx_word' id='word_1_225' title='bbox 1951 3100 2076 3152; x_wconf 88' lang='lat' dir='ltr'><strong>snb-</strong></span> <span class='ocrx_word' id='word_1_226' title='bbox 2105 3069 2146 3125; x_wconf 66' lang='grc' dir='ltr'>ο</span> 
     </span>
    </p>
   </div>
   <div class='ocr_carea' id='block_1_31' title="bbox 518 3168 2076 3256">
    <p class='ocr_par' dir='ltr' id='par_1_31' title="bbox 518 3168 2076 3256">
     <span class='ocr_line' id='line_1_31' title="bbox 518 3168 2076 3256; baseline 0.019 -38"><span class='ocrx_word' id='word_1_227' title='bbox 518 3168 646 3233; x_wconf 88' lang='lat' dir='ltr'><strong>lato,</strong></span> <span class='ocrx_word' id='word_1_228' title='bbox 701 3174 882 3224; x_wconf 88' lang='lat' dir='ltr'><strong>mundi</strong></span> <span class='ocrx_word' id='word_1_229' title='bbox 947 3177 1111 3231; x_wconf 88' lang='lat' dir='ltr'><strong>totius</strong></span> <span class='ocrx_word' id='word_1_230' title='bbox 1160 3172 1444 3238; x_wconf 80' lang='lat' dir='ltr'><strong>harmonia</strong></span> <span class='ocrx_word' id='word_1_231' title='bbox 1521 3189 1820 3243; x_wconf 71' lang='lat' dir='ltr'><strong>solveretur</strong></span> <span class='ocrx_word' id='word_1_232' title='bbox 1880 3205 1895 3244; x_wconf 88' lang='lat'><strong>:</strong></span> <span class='ocrx_word' id='word_1_233' title='bbox 1958 3189 2076 3256; x_wconf 72' lang='lat' dir='ltr'><strong>Ipse</strong></span> 
     </span>
    </p>
   </div>
   <div class='ocr_carea' id='block_1_32' title="bbox 506 3251 2072 3351">
    <p class='ocr_par' dir='ltr' id='par_1_32' title="bbox 506 3251 2072 3351">
     <span class='ocr_line' id='line_1_32' title="bbox 506 3251 2072 3351; baseline 0.015 -38"><span class='ocrx_word' id='word_1_234' title='bbox 506 3251 667 3322; x_wconf 76' lang='lat' dir='ltr'><strong>enim,</strong></span> <span class='ocrx_word' id='word_1_235' title='bbox 720 3265 914 3330; x_wconf 78' lang='lat' dir='ltr'><strong>inquit,</strong></span> <span class='ocrx_word' id='word_1_236' title='bbox 970 3269 1199 3324; x_wconf 71' lang='lat' dir='ltr'><strong>calestiu</strong></span> <span class='ocrx_word' id='word_1_237' title='bbox 1248 3284 1295 3326; x_wconf 85' lang='lat' dir='ltr'><strong>et</strong></span> <span class='ocrx_word' id='word_1_238' title='bbox 1329 3284 1535 3330; x_wconf 81' lang='lat' dir='ltr'><strong>terrena</strong></span> <span class='ocrx_word' id='word_1_239' title='bbox 1569 3269 1796 3334; x_wconf 66' lang='lat' dir='ltr'><strong>continet</strong></span> <span class='ocrx_word' id='word_1_240' title='bbox 1831 3282 1906 3348; x_wconf 86' lang='grc'><strong>⁷⁷;</strong></span> <span class='ocrx_word' id='word_1_241' title='bbox 1935 3297 2072 3351; x_wconf 86' lang='lat' dir='ltr'><strong>quo-</strong></span> 
     </span>
    </p>
   </div>
   <div class='ocr_carea' id='block_1_33' title="bbox 507 3351 2065 3439">
    <p class='ocr_par' dir='ltr' id='par_1_33' title="bbox 507 3351 2065 3439">
     <span class='ocr_line' id='line_1_33' title="bbox 507 3351 2065 3439; baseline 0.018 -42"><span class='ocrx_word' id='word_1_242' title='bbox 507 3351 668 3401; x_wconf 84' lang='lat' dir='ltr'><strong>modo</strong></span> <span class='ocrx_word' id='word_1_243' title='bbox 722 3363 866 3406; x_wconf 89' lang='lat' dir='ltr'><strong>esset</strong></span> <span class='ocrx_word' id='word_1_244' title='bbox 921 3358 1195 3424; x_wconf 72' lang='lat' dir='ltr'><strong>possibile,</strong></span> <span class='ocrx_word' id='word_1_245' title='bbox 1221 3376 1417 3418; x_wconf 89' lang='lat' dir='ltr'><strong>cuncta</strong></span> <span class='ocrx_word' id='word_1_246' title='bbox 1444 3367 1817 3437; x_wconf 88' lang='lat' dir='ltr'><strong>disponentem</strong></span> <span class='ocrx_word' id='word_1_247' title='bbox 1849 3375 2065 3439; x_wconf 87' lang='lat' dir='ltr'><strong>sapien-</strong></span> 
     </span>
    </p>
   </div>
   <div class='ocr_carea' id='block_1_34' title="bbox 508 3441 2068 3532">
    <p class='ocr_par' dir='ltr' id='par_1_34' title="bbox 508 3441 2068 3532">
     <span class='ocr_line' id='line_1_34' title="bbox 508 3441 2068 3532; baseline 0.018 -42"><span class='ocrx_word' id='word_1_248' title='bbox 508 3441 662 3506; x_wconf 88' lang='lat' dir='ltr'><strong>tiam,</strong></span> <span class='ocrx_word' id='word_1_249' title='bbox 723 3454 770 3495; x_wconf 82' lang='lat' dir='ltr'><strong>et</strong></span> <span class='ocrx_word' id='word_1_250' title='bbox 812 3462 843 3496; x_wconf 87' lang='grc' dir='ltr'><em>α</em></span> <span class='ocrx_word' id='word_1_251' title='bbox 887 3447 988 3513; x_wconf 82' lang='lat' dir='ltr'><strong>ﬁne</strong></span> <span class='ocrx_word' id='word_1_252' title='bbox 1026 3467 1182 3518; x_wconf 81' lang='lat' dir='ltr'><strong>usque</strong></span> <span class='ocrx_word' id='word_1_253' title='bbox 1219 3456 1286 3508; x_wconf 91' lang='lat' dir='ltr'><strong>ad</strong></span> <span class='ocrx_word' id='word_1_254' title='bbox 1323 3459 1478 3523; x_wconf 81' lang='lat' dir='ltr'><strong>ﬁnem</strong></span> <span class='ocrx_word' id='word_1_255' title='bbox 1514 3464 1884 3530; x_wconf 81' lang='lat' dir='ltr'><strong>pertingentem</strong></span> <span class='ocrx_word' id='word_1_256' title='bbox 1915 3465 2068 3532; x_wconf 73' lang='lat' dir='ltr'><strong>[orti-</strong></span> 
     </span>
    </p>
   </div>
   <div class='ocr_carea' id='block_1_35' title="bbox 511 3537 2070 3626">
    <p class='ocr_par' dir='ltr' id='par_1_35' title="bbox 511 3537 2070 3626">
     <span class='ocr_line' id='line_1_35' title="bbox 511 3537 2070 3626; baseline 0.02 -45"><span class='ocrx_word' id='word_1_257' title='bbox 511 3541 618 3593; x_wconf 64' lang='grc' dir='ltr'><strong>(εγ,</strong></span> <span class='ocrx_word' id='word_1_258' title='bbox 693 3537 1020 3607; x_wconf 80' lang='lat' dir='ltr'><strong>sttnviterque</strong></span> <span class='ocrx_word' id='word_1_259' title='bbox 1067 3547 1274 3606; x_wconf 50' lang='lat' dir='ltr'><strong>,cuncta</strong></span> <span class='ocrx_word' id='word_1_260' title='bbox 1330 3551 1686 3618; x_wconf 67' lang='lat' dir='ltr'><strong>disponentem</strong></span> <span class='ocrx_word' id='word_1_261' title='bbox 1726 3556 1810 3620; x_wconf 82' lang='grc'><strong>⁷⁸,</strong></span> <span class='ocrx_word' id='word_1_262' title='bbox 1857 3571 2070 3626; x_wconf 64' lang='lat' dir='ltr'><strong>gregem</strong></span> 
     </span>
    </p>
   </div>
   <div class='ocr_carea' id='block_1_36' title="bbox 504 3623 2072 3714">
    <p class='ocr_par' dir='ltr' id='par_1_36' title="bbox 504 3623 2072 3714">
     <span class='ocr_line' id='line_1_36' title="bbox 504 3623 2072 3714; baseline 0.018 -41"><span class='ocrx_word' id='word_1_263' title='bbox 504 3637 695 3684; x_wconf 80' lang='lat' dir='ltr'><strong>suum,</strong></span> <span class='ocrx_word' id='word_1_264' title='bbox 751 3623 1045 3684; x_wconf 74' lang='lat' dir='ltr'><strong>Ecclesium</strong></span> <span class='ocrx_word' id='word_1_265' title='bbox 1097 3649 1276 3698; x_wconf 88' lang='lat' dir='ltr'><strong>suam,</strong></span> <span class='ocrx_word' id='word_1_266' title='bbox 1324 3653 1483 3713; x_wconf 75' lang='lat' dir='ltr'><strong>quam</strong></span> <span class='ocrx_word' id='word_1_267' title='bbox 1533 3643 1752 3710; x_wconf 84' lang='lat' dir='ltr'><strong>proprio</strong></span> <span class='ocrx_word' id='word_1_268' title='bbox 1809 3623 2072 3714; x_wconf 75' lang='lat' dir='ltr'><strong>sanguine</strong></span> 
     </span>
    </p>
   </div>
   <div class='ocr_carea' id='block_1_37' title="bbox 505 3714 2067 3806">
    <p class='ocr_par' dir='ltr' id='par_1_37' title="bbox 505 3714 2067 3806">
     <span class='ocr_line' id='line_1_37' title="bbox 505 3714 2067 3806; baseline 0.017 -43"><span class='ocrx_word' id='word_1_269' title='bbox 505 3714 757 3778; x_wconf 86' lang='lat' dir='ltr'><strong>redemit,</strong></span> <span class='ocrx_word' id='word_1_270' title='bbox 784 3732 880 3785; x_wconf 91' lang='lat' dir='ltr'><strong>pro</strong></span> <span class='ocrx_word' id='word_1_271' title='bbox 904 3734 1009 3788; x_wconf 88' lang='lat' dir='ltr'><strong>qua</strong></span> <span class='ocrx_word' id='word_1_272' title='bbox 1045 3725 1222 3779; x_wconf 87' lang='lat' dir='ltr'><strong>omnis</strong></span> <span class='ocrx_word' id='word_1_273' title='bbox 1249 3729 1296 3780; x_wconf 92' lang='lat' dir='ltr'><strong>ei</strong></span> <span class='ocrx_word' id='word_1_274' title='bbox 1319 3732 1454 3784; x_wconf 85' lang='lat' dir='ltr'><strong>ratio</strong></span> <span class='ocrx_word' id='word_1_275' title='bbox 1481 3744 1535 3786; x_wconf 90' lang='lat' dir='ltr'><strong>et</strong></span> <span class='ocrx_word' id='word_1_276' title='bbox 1562 3749 1723 3789; x_wconf 91' lang='lat' dir='ltr'><strong>omne</strong></span> <span class='ocrx_word' id='word_1_277' title='bbox 1751 3737 2067 3806; x_wconf 76' lang='lat' dir='ltr'><strong>mysterium</strong></span> 
     </span>
    </p>
   </div>
   <div class='ocr_carea' id='block_1_38' title="bbox 502 3803 2068 3895">
    <p class='ocr_par' dir='ltr' id='par_1_38' title="bbox 502 3803 2068 3895">
     <span class='ocr_line' id='line_1_38' title="bbox 502 3803 2068 3895; baseline 0.016 -39"><span class='ocrx_word' id='word_1_278' title='bbox 502 3813 606 3865; x_wconf 87' lang='lat' dir='ltr'><strong>est,</strong></span> <span class='ocrx_word' id='word_1_279' title='bbox 624 3803 737 3855; x_wconf 84' lang='lat' dir='ltr'><strong>sine</strong></span> <span class='ocrx_word' id='word_1_280' title='bbox 758 3808 1148 3875; x_wconf 77' lang='lat' dir='ltr'><strong>gubernatione</strong></span> <span class='ocrx_word' id='word_1_281' title='bbox 1169 3817 1494 3887; x_wconf 84' lang='lat' dir='ltr'><strong>relinquere,</strong></span> <span class='ocrx_word' id='word_1_282' title='bbox 1522 3839 1613 3888; x_wconf 85' lang='lat' dir='ltr'><strong>per</strong></span> <span class='ocrx_word' id='word_1_283' title='bbox 1639 3827 1832 3880; x_wconf 87' lang='lat' dir='ltr'><strong>multas</strong></span> <span class='ocrx_word' id='word_1_284' title='bbox 1852 3829 2068 3895; x_wconf 82' lang='lat' dir='ltr'><strong>quidem</strong></span> 
     </span>
    </p>
   </div>
   <div class='ocr_carea' id='block_1_39' title="bbox 504 3894 2074 3978">
    <p class='ocr_par' dir='ltr' id='par_1_39' title="bbox 504 3894 2074 3978">
     <span class='ocr_line' id='line_1_39' title="bbox 504 3894 2074 3978; baseline 0.017 -33"><span class='ocrx_word' id='word_1_285' title='bbox 504 3894 826 3950; x_wconf 56' lang='lat' dir='ltr'><strong>tt-ntationes</strong></span> <span class='ocrx_word' id='word_1_286' title='bbox 860 3907 914 3952; x_wconf 89' lang='lat' dir='ltr'><strong>et</strong></span> <span class='ocrx_word' id='word_1_287' title='bbox 961 3905 1282 3968; x_wconf 64' lang='lat' dir='ltr'><strong>quaestiones</strong></span> <span class='ocrx_word' id='word_1_288' title='bbox 1323 3909 1374 3961; x_wconf 93' lang='lat' dir='ltr'><strong>in</strong></span> <span class='ocrx_word' id='word_1_289' title='bbox 1401 3915 1651 3978; x_wconf 69' lang='lat' dir='ltr'><strong>praesenti</strong></span> <span class='ocrx_word' id='word_1_290' title='bbox 1687 3894 2074 3971; x_wconf 76' lang='lat' dir='ltr'><strong>exercitatam?</strong></span> 
     </span>
    </p>
   </div>
   <div class='ocr_carea' id='block_1_40' title="bbox 508 3984 2071 4078">
    <p class='ocr_par' dir='ltr' id='par_1_40' title="bbox 508 3984 2071 4078">
     <span class='ocr_line' id='line_1_40' title="bbox 508 3984 2071 4078; baseline 0.017 -43"><span class='ocrx_word' id='word_1_291' title='bbox 508 3984 626 4051; x_wconf 81' lang='lat' dir='ltr'><strong>ipso</strong></span> <span class='ocrx_word' id='word_1_292' title='bbox 679 4003 800 4040; x_wconf 67' lang='lat' dir='ltr'><strong>vero</strong></span> <span class='ocrx_word' id='word_1_293' title='bbox 854 3995 1212 4059; x_wconf 80' lang='lat' dir='ltr'><strong>corporaliter</strong></span> <span class='ocrx_word' id='word_1_294' title='bbox 1240 4004 1654 4057; x_wconf 82' lang='lat' dir='ltr'><strong>etsensibiliter</strong></span> <span class='ocrx_word' id='word_1_295' title='bbox 1701 4007 1824 4059; x_wconf 92' lang='lat' dir='ltr'><strong>hinc</strong></span> <span class='ocrx_word' id='word_1_296' title='bbox 1875 4010 2071 4078; x_wconf 77' lang='lat' dir='ltr'><strong>migra-</strong></span> 
     </span>
    </p>
   </div>
   <div class='ocr_carea' id='block_1_41' title="bbox 507 4077 2068 4155">
    <p class='ocr_par' dir='ltr' id='par_1_41' title="bbox 507 4077 2068 4155">
     <span class='ocr_line' id='line_1_41' title="bbox 507 4077 2068 4155; baseline 0.02 -31"><span class='ocrx_word' id='word_1_297' title='bbox 507 4077 769 4138; x_wconf 84' lang='lat' dir='ltr'><strong>tnro,ctsi</strong></span> <span class='ocrx_word' id='word_1_298' title='bbox 817 4094 1089 4147; x_wconf 81' lang='lat' dir='ltr'><strong>nunquam</strong></span> <span class='ocrx_word' id='word_1_299' title='bbox 1120 4087 1185 4140; x_wconf 83' lang='lat' dir='ltr'><strong>ab</strong></span> <span class='ocrx_word' id='word_1_300' title='bbox 1219 4086 1453 4145; x_wconf 82' lang='lat' dir='ltr'><strong>Ecclesia</strong></span> <span class='ocrx_word' id='word_1_301' title='bbox 1482 4095 1824 4152; x_wconf 71' lang='lat' dir='ltr'><strong>invisibiliter</strong></span> <span class='ocrx_word' id='word_1_302' title='bbox 1852 4100 2023 4151; x_wconf 81' lang='lat' dir='ltr'><strong>abfuit</strong></span> <span class='ocrx_word' id='word_1_303' title='bbox 2055 4119 2068 4155; x_wconf 87' lang='lat'><strong>:</strong></span> 
     </span>
    </p>
   </div>
   <div class='ocr_carea' id='block_1_42' title="bbox 513 4163 2070 4255">
    <p class='ocr_par' dir='ltr' id='par_1_42' title="bbox 513 4163 2070 4255">
     <span class='ocr_line' id='line_1_42' title="bbox 513 4163 2070 4255; baseline 0.019 -39"><span class='ocrx_word' id='word_1_304' title='bbox 513 4163 622 4255; x_wconf 43' lang='lat' dir='ltr'><strong>ligo</strong></span> <span class='ocrx_word' id='word_1_305' title='bbox 673 4169 830 4232; x_wconf 85' lang='lat' dir='ltr'><strong>enim,</strong></span> <span class='ocrx_word' id='word_1_306' title='bbox 873 4171 1068 4240; x_wconf 90' lang='lat' dir='ltr'><strong>inquit,</strong></span> <span class='ocrx_word' id='word_1_307' title='bbox 1119 4180 1379 4235; x_wconf 79' lang='lat' dir='ltr'><strong>vobiscum</strong></span> <span class='ocrx_word' id='word_1_308' title='bbox 1413 4202 1528 4237; x_wconf 79' lang='lat' dir='ltr'><strong>sum</strong></span> <span class='ocrx_word' id='word_1_309' title='bbox 1574 4190 1812 4244; x_wconf 74' lang='lat' dir='ltr'><strong>omnibus</strong></span> <span class='ocrx_word' id='word_1_310' title='bbox 1866 4192 2070 4255; x_wconf 81' lang='lat' dir='ltr'><strong>diebus,</strong></span> 
     </span>
    </p>
   </div>
   <div class='ocr_carea' id='block_1_43' title="bbox 508 4253 1612 4329">
    <p class='ocr_par' dir='ltr' id='par_1_43' title="bbox 508 4253 1612 4329">
     <span class='ocr_line' id='line_1_43' title="bbox 508 4253 1612 4329; baseline 0.024 -26"><span class='ocrx_word' id='word_1_311' title='bbox 508 4253 670 4319; x_wconf 57' lang='lat' dir='ltr'><strong>neque</strong></span> <span class='ocrx_word' id='word_1_312' title='bbox 701 4259 768 4307; x_wconf 80' lang='lat' dir='ltr'><strong>ad</strong></span> <span class='ocrx_word' id='word_1_313' title='bbox 802 4268 1300 4321; x_wconf 72' lang='lat' dir='ltr'><strong>consummationem</strong></span> <span class='ocrx_word' id='word_1_314' title='bbox 1332 4275 1514 4327; x_wconf 71' lang='lat' dir='ltr'><strong>sttcnli</strong></span> <span class='ocrx_word' id='word_1_315' title='bbox 1545 4277 1612 4329; x_wconf 85' lang='lat'><strong>&quot;.</strong></span> 
     </span>
    </p>
   </div>
   <div class='ocr_carea' id='block_1_44' title="bbox 581 4347 2224 4452">
    <p class='ocr_par' dir='ltr' id='par_1_44' title="bbox 581 4347 2224 4452">
     <span class='ocr_line' id='line_1_44' title="bbox 581 4347 2224 4452; baseline 0.021 -54"><span class='ocrx_word' id='word_1_316' title='bbox 581 4347 711 4452; x_wconf 69' lang='lat' dir='ltr'><strong>Nam</strong></span> <span class='ocrx_word' id='word_1_317' title='bbox 755 4352 851 4403; x_wconf 84' lang='lat' dir='ltr'><strong>etsi</strong></span> <span class='ocrx_word' id='word_1_318' title='bbox 907 4365 1025 4444; x_wconf 83' lang='lat' dir='ltr'><strong>post</strong></span> <span class='ocrx_word' id='word_1_319' title='bbox 1075 4372 1360 4415; x_wconf 84' lang='lat' dir='ltr'><strong>ascensum</strong></span> <span class='ocrx_word' id='word_1_320' title='bbox 1414 4366 1714 4424; x_wconf 78' lang='lat' dir='ltr'><strong>Salvatoris</strong></span> <span class='ocrx_word' id='word_1_321' title='bbox 1770 4374 1835 4425; x_wconf 86' lang='lat' dir='ltr'><strong>ad</strong></span> <span class='ocrx_word' id='word_1_322' title='bbox 1880 4375 2068 4438; x_wconf 76' lang='lat' dir='ltr'><strong>cmlos,</strong></span> <span class='ocrx_word' id='word_1_323' title='bbox 2106 4399 2147 4452; x_wconf 71' lang='grc' dir='ltr'><strong>ι)</strong></span> <span class='ocrx_word' id='word_1_324' title='bbox 2187 4397 2224 4449; x_wconf 74' lang='grc' dir='ltr'><em>Α</em></span> 
     </span>
    </p>
   </div>
   <div class='ocr_carea' id='block_1_45' title="bbox 509 4436 2065 4526">
    <p class='ocr_par' dir='ltr' id='par_1_45' title="bbox 509 4436 2065 4526">
     <span class='ocr_line' id='line_1_45' title="bbox 509 4436 2065 4526; baseline 0.021 -41"><span class='ocrx_word' id='word_1_325' title='bbox 509 4436 639 4487; x_wconf 87' lang='lat' dir='ltr'><strong>nihil</strong></span> <span class='ocrx_word' id='word_1_326' title='bbox 695 4438 1001 4506; x_wconf 77' lang='lat' dir='ltr'><strong>indigebant</strong></span> <span class='ocrx_word' id='word_1_327' title='bbox 1064 4450 1291 4510; x_wconf 87' lang='lat' dir='ltr'><strong>apostoli</strong></span> <span class='ocrx_word' id='word_1_328' title='bbox 1345 4453 1560 4521; x_wconf 88' lang='lat' dir='ltr'><strong>aliquo,</strong></span> <span class='ocrx_word' id='word_1_329' title='bbox 1611 4461 1702 4526; x_wconf 91' lang='lat' dir='ltr'><strong>qui</strong></span> <span class='ocrx_word' id='word_1_330' title='bbox 1774 4436 2065 4518; x_wconf 84' lang='lat' dir='ltr'><strong>secundum</strong></span> 
     </span>
    </p>
   </div>
   <div class='ocr_carea' id='block_1_46' title="bbox 505 4528 2070 4610">
    <p class='ocr_par' dir='ltr' id='par_1_46' title="bbox 505 4528 2070 4610">
     <span class='ocr_line' id='line_1_46' title="bbox 505 4528 2070 4610; baseline 0.019 -29"><span class='ocrx_word' id='word_1_331' title='bbox 505 4528 871 4594; x_wconf 78' lang='lat' dir='ltr'><strong>evangelicaui</strong></span> <span class='ocrx_word' id='word_1_332' title='bbox 922 4535 1222 4593; x_wconf 77' lang='lat' dir='ltr'><strong>doctrinam</strong></span> <span class='ocrx_word' id='word_1_333' title='bbox 1269 4557 1331 4596; x_wconf 84' lang='lat' dir='ltr'><strong>ac</strong></span> <span class='ocrx_word' id='word_1_334' title='bbox 1385 4551 1790 4606; x_wconf 79' lang='lat' dir='ltr'><strong>conversionem</strong></span> <span class='ocrx_word' id='word_1_335' title='bbox 1823 4568 1885 4608; x_wconf 86' lang='lat' dir='ltr'><strong>ac</strong></span> <span class='ocrx_word' id='word_1_336' title='bbox 1926 4558 2070 4610; x_wconf 81' lang='lat' dir='ltr'><strong>circa</strong></span> 
     </span>
    </p>
   </div>
   <div class='ocr_carea' id='block_1_47' title="bbox 505 4621 2072 4706">
    <p class='ocr_par' dir='ltr' id='par_1_47' title="bbox 505 4621 2072 4706">
     <span class='ocr_line' id='line_1_47' title="bbox 505 4621 2072 4706; baseline 0.02 -36"><span class='ocrx_word' id='word_1_337' title='bbox 505 4621 815 4687; x_wconf 83' lang='lat' dir='ltr'><strong>dogmatum</strong></span> <span class='ocrx_word' id='word_1_338' title='bbox 869 4623 1202 4694; x_wconf 77' lang='lat' dir='ltr'><strong>diligentiam</strong></span> <span class='ocrx_word' id='word_1_339' title='bbox 1235 4644 1329 4688; x_wconf 89' lang='lat' dir='ltr'><strong>cos</strong></span> <span class='ocrx_word' id='word_1_340' title='bbox 1362 4633 1709 4706; x_wconf 80' lang='lat' dir='ltr'><strong>inlormaret;</strong></span> <span class='ocrx_word' id='word_1_341' title='bbox 1742 4654 1794 4696; x_wconf 85' lang='lat' dir='ltr'><strong>at</strong></span> <span class='ocrx_word' id='word_1_342' title='bbox 1819 4643 2072 4701; x_wconf 75' lang='lat' dir='ltr'><strong>Ecclesia:</strong></span> 
     </span>
    </p>
   </div>
   <div class='ocr_carea' id='block_1_48' title="bbox 505 4711 2072 4804">
    <p class='ocr_par' dir='ltr' id='par_1_48' title="bbox 505 4711 2072 4804">
     <span class='ocr_line' id='line_1_48' title="bbox 505 4711 2072 4804; baseline 0.024 -46"><span class='ocrx_word' id='word_1_343' title='bbox 505 4724 641 4778; x_wconf 82' lang='lat' dir='ltr'><strong>quas</strong></span> <span class='ocrx_word' id='word_1_344' title='bbox 673 4711 868 4780; x_wconf 79' lang='lat' dir='ltr'><strong>singuli</strong></span> <span class='ocrx_word' id='word_1_345' title='bbox 916 4719 1144 4784; x_wconf 86' lang='lat' dir='ltr'><strong>apostoli</strong></span> <span class='ocrx_word' id='word_1_346' title='bbox 1198 4725 1556 4796; x_wconf 80' lang='lat' dir='ltr'><strong>:edilicavere,</strong></span> <span class='ocrx_word' id='word_1_347' title='bbox 1605 4741 1660 4786; x_wconf 87' lang='lat' dir='ltr'><strong>et</strong></span> <span class='ocrx_word' id='word_1_348' title='bbox 1691 4739 1778 4804; x_wconf 91' lang='lat' dir='ltr'><strong>qui</strong></span> <span class='ocrx_word' id='word_1_349' title='bbox 1814 4737 1919 4792; x_wconf 86' lang='lat' dir='ltr'><strong>illis</strong></span> <span class='ocrx_word' id='word_1_350' title='bbox 1949 4755 2072 4794; x_wconf 90' lang='lat' dir='ltr'><strong>sue-</strong></span> 
     </span>
    </p>
   </div>
   <div class='ocr_carea' id='block_1_49' title="bbox 503 4807 2070 4899">
    <p class='ocr_par' dir='ltr' id='par_1_49' title="bbox 503 4807 2070 4899">
     <span class='ocr_line' id='line_1_49' title="bbox 503 4807 2070 4899; baseline 0.021 -46"><span class='ocrx_word' id='word_1_351' title='bbox 503 4813 813 4866; x_wconf 85' lang='lat' dir='ltr'><strong>ccsscrunt,</strong></span> <span class='ocrx_word' id='word_1_352' title='bbox 866 4807 1030 4861; x_wconf 83' lang='lat' dir='ltr'><strong>Petro</strong></span> <span class='ocrx_word' id='word_1_353' title='bbox 1081 4811 1334 4883; x_wconf 77' lang='lat' dir='ltr'><strong>illiusque</strong></span> <span class='ocrx_word' id='word_1_354' title='bbox 1381 4826 1787 4881; x_wconf 81' lang='lat' dir='ltr'><strong>successoribus</strong></span> <span class='ocrx_word' id='word_1_355' title='bbox 1835 4831 2070 4899; x_wconf 89' lang='lat' dir='ltr'><strong>indigne-</strong></span> 
     </span>
    </p>
   </div>
   <div class='ocr_carea' id='block_1_50' title="bbox 503 4899 2069 4976">
    <p class='ocr_par' dir='ltr' id='par_1_50' title="bbox 503 4899 2069 4976">
     <span class='ocr_line' id='line_1_50' title="bbox 503 4899 2069 4976; baseline 0.02 -32"><span class='ocrx_word' id='word_1_356' title='bbox 503 4901 632 4945; x_wconf 88' lang='lat' dir='ltr'><strong>runt</strong></span> <span class='ocrx_word' id='word_1_357' title='bbox 665 4907 897 4966; x_wconf 85' lang='lat' dir='ltr'><strong>semper,</strong></span> <span class='ocrx_word' id='word_1_358' title='bbox 925 4907 977 4951; x_wconf 87' lang='lat' dir='ltr'><strong>et</strong></span> <span class='ocrx_word' id='word_1_359' title='bbox 1003 4899 1268 4972; x_wconf 85' lang='lat' dir='ltr'><strong>indigent.</strong></span> <span class='ocrx_word' id='word_1_360' title='bbox 1301 4908 1468 4973; x_wconf 87' lang='lat' dir='ltr'><strong>Quem</strong></span> <span class='ocrx_word' id='word_1_361' title='bbox 1505 4915 1714 4970; x_wconf 89' lang='lat' dir='ltr'><strong>scilicet</strong></span> <span class='ocrx_word' id='word_1_362' title='bbox 1739 4920 1982 4976; x_wconf 85' lang='lat' dir='ltr'><strong>ordinem</strong></span> <span class='ocrx_word' id='word_1_363' title='bbox 2017 4923 2069 4976; x_wconf 93' lang='lat' dir='ltr'><strong>in</strong></span> 
     </span>
    </p>
   </div>
   <div class='ocr_carea' id='block_1_51' title="bbox 500 4988 2066 5070">
    <p class='ocr_par' dir='ltr' id='par_1_51' title="bbox 500 4988 2066 5070">
     <span class='ocr_line' id='line_1_51' title="bbox 500 4988 2066 5070; baseline 0.02 -32"><span class='ocrx_word' id='word_1_364' title='bbox 500 4988 764 5056; x_wconf 86' lang='lat' dir='ltr'><strong>apostolis</strong></span> <span class='ocrx_word' id='word_1_365' title='bbox 833 4990 1065 5056; x_wconf 88' lang='lat' dir='ltr'><strong>primum</strong></span> <span class='ocrx_word' id='word_1_366' title='bbox 1133 4995 1375 5053; x_wconf 87' lang='lat' dir='ltr'><strong>inchoari</strong></span> <span class='ocrx_word' id='word_1_367' title='bbox 1447 5003 1649 5070; x_wconf 85' lang='lat' dir='ltr'><strong>decuit,</strong></span> <span class='ocrx_word' id='word_1_368' title='bbox 1707 5011 1849 5064; x_wconf 86' lang='lat' dir='ltr'><strong>sicut</strong></span> <span class='ocrx_word' id='word_1_369' title='bbox 1903 5016 2066 5068; x_wconf 86' lang='lat' dir='ltr'><strong>etiam</strong></span> 
     </span>
    </p>
   </div>
   <div class='ocr_carea' id='block_1_52' title="bbox 501 5080 2067 5161">
    <p class='ocr_par' dir='ltr' id='par_1_52' title="bbox 501 5080 2067 5161">
     <span class='ocr_line' id='line_1_52' title="bbox 501 5080 2067 5161; baseline 0.018 -28"><span class='ocrx_word' id='word_1_370' title='bbox 501 5080 747 5150; x_wconf 76' lang='lat' dir='ltr'><strong>contigit.</strong></span> <span class='ocrx_word' id='word_1_371' title='bbox 811 5081 1014 5138; x_wconf 85' lang='lat' dir='ltr'><strong>Omnes</strong></span> <span class='ocrx_word' id='word_1_372' title='bbox 1066 5089 1231 5142; x_wconf 63' lang='lat' dir='ltr'><strong>enim</strong></span> <span class='ocrx_word' id='word_1_373' title='bbox 1292 5094 1427 5146; x_wconf 89' lang='lat' dir='ltr'><strong>alias</strong></span> <span class='ocrx_word' id='word_1_374' title='bbox 1486 5098 1644 5151; x_wconf 85' lang='lat' dir='ltr'><strong>aliter</strong></span> <span class='ocrx_word' id='word_1_375' title='bbox 1702 5103 1866 5157; x_wconf 65' lang='lat' dir='ltr'><strong>circa&#39;</strong></span> <span class='ocrx_word' id='word_1_376' title='bbox 1915 5107 2067 5161; x_wconf 84' lang='lat' dir='ltr'><strong>tidem</strong></span> 
     </span>
    </p>
   </div>
   <div class='ocr_carea' id='block_1_53' title="bbox 501 5168 2069 5266">
    <p class='ocr_par' dir='ltr' id='par_1_53' title="bbox 501 5168 2069 5266">
     <span class='ocr_line' id='line_1_53' title="bbox 501 5168 2069 5266; baseline 0.02 -46"><span class='ocrx_word' id='word_1_377' title='bbox 501 5168 905 5237; x_wconf 81' lang='lat' dir='ltr'><strong>nanl‘ragantes,</strong></span> <span class='ocrx_word' id='word_1_378' title='bbox 947 5185 1040 5229; x_wconf 84' lang='lat' dir='ltr'><strong>aut</strong></span> <span class='ocrx_word' id='word_1_379' title='bbox 1069 5177 1121 5232; x_wconf 92' lang='lat' dir='ltr'><strong>id</strong></span> <span class='ocrx_word' id='word_1_380' title='bbox 1152 5180 1263 5247; x_wconf 85' lang='lat' dir='ltr'><strong>pati</strong></span> <span class='ocrx_word' id='word_1_381' title='bbox 1294 5185 1664 5249; x_wconf 87' lang='lat' dir='ltr'><strong>periclitantes</strong></span> <span class='ocrx_word' id='word_1_382' title='bbox 1690 5231 1702 5254; x_wconf 86' lang='lat'><strong>,</strong></span> <span class='ocrx_word' id='word_1_383' title='bbox 1753 5193 1945 5250; x_wconf 81' lang='lat' dir='ltr'><strong>Petrus</strong></span> <span class='ocrx_word' id='word_1_384' title='bbox 1976 5214 2069 5266; x_wconf 80' lang='lat' dir='ltr'><strong>per</strong></span> 
     </span>
    </p>
   </div>
   <div class='ocr_carea' id='block_1_54' title="bbox 498 5274 2069 5358">
    <p class='ocr_par' dir='ltr' id='par_1_54' title="bbox 498 5274 2069 5358">
     <span class='ocr_line' id='line_1_54' title="bbox 498 5274 2069 5358; baseline 0.021 -48"><span class='ocrx_word' id='word_1_385' title='bbox 498 5275 848 5317; x_wconf 63' lang='lat' dir='ltr'><strong>successores</strong></span> <span class='ocrx_word' id='word_1_386' title='bbox 893 5279 1022 5322; x_wconf 85' lang='lat' dir='ltr'><strong>suos</strong></span> <span class='ocrx_word' id='word_1_387' title='bbox 1063 5283 1324 5340; x_wconf 82' lang='lat' dir='ltr'><strong>suamque</strong></span> <span class='ocrx_word' id='word_1_388' title='bbox 1368 5274 1660 5333; x_wconf 83' lang='lat' dir='ltr'><strong>Ecclesiam</strong></span> <span class='ocrx_word' id='word_1_389' title='bbox 1703 5288 1874 5339; x_wconf 81' lang='lat' dir='ltr'><strong>erexit</strong></span> <span class='ocrx_word' id='word_1_390' title='bbox 1905 5298 2069 5358; x_wconf 88' lang='lat' dir='ltr'><strong>atque</strong></span> 
     </span>
    </p>
   </div>
   <div class='ocr_carea' id='block_1_55' title="bbox 496 5353 2066 5438">
    <p class='ocr_par' dir='ltr' id='par_1_55' title="bbox 496 5353 2066 5438">
     <span class='ocr_line' id='line_1_55' title="bbox 496 5353 2066 5438; baseline 0.024 -36"><span class='ocrx_word' id='word_1_391' title='bbox 496 5353 762 5418; x_wconf 79' lang='lat' dir='ltr'><strong>servavit;</strong></span> <span class='ocrx_word' id='word_1_392' title='bbox 803 5359 1253 5423; x_wconf 85' lang='lat' dir='ltr'><strong>quemadmodum</strong></span> <span class='ocrx_word' id='word_1_393' title='bbox 1307 5364 1483 5435; x_wconf 89' lang='lat' dir='ltr'><strong>ipsum</strong></span> <span class='ocrx_word' id='word_1_394' title='bbox 1529 5381 1686 5427; x_wconf 87' lang='lat' dir='ltr'><strong>antea</strong></span> <span class='ocrx_word' id='word_1_395' title='bbox 1725 5353 1992 5437; x_wconf 75' lang='lat' dir='ltr'><strong>Dominus</strong></span> <span class='ocrx_word' id='word_1_396' title='bbox 2014 5385 2066 5438; x_wconf 92' lang='lat' dir='ltr'><strong>in</strong></span> 
     </span>
    </p>
   </div>
   <div class='ocr_carea' id='block_1_56' title="bbox 494 5443 2066 5542">
    <p class='ocr_par' dir='ltr' id='par_1_56' title="bbox 494 5443 2066 5542">
     <span class='ocr_line' id='line_1_56' title="bbox 494 5443 2066 5542; baseline 0.024 -47"><span class='ocrx_word' id='word_1_397' title='bbox 494 5443 620 5495; x_wconf 84' lang='lat' dir='ltr'><strong>navi</strong></span> <span class='ocrx_word' id='word_1_398' title='bbox 688 5444 1085 5512; x_wconf 77' lang='lat' dir='ltr'><strong>periclitantem</strong></span> <span class='ocrx_word' id='word_1_399' title='bbox 1165 5468 1286 5509; x_wconf 91' lang='lat' dir='ltr'><strong>cum</strong></span> <span class='ocrx_word' id='word_1_400' title='bbox 1365 5447 1612 5527; x_wconf 63' lang='lat' dir='ltr'><strong>ueteris,</strong></span> <span class='ocrx_word' id='word_1_401' title='bbox 1667 5481 1729 5521; x_wconf 87' lang='lat' dir='ltr'><strong>ac</strong></span> <span class='ocrx_word' id='word_1_402' title='bbox 1784 5483 2066 5542; x_wconf 83' lang='lat' dir='ltr'><strong>propterea</strong></span> 
     </span>
    </p>
   </div>
   <div class='ocr_carea' id='block_1_57' title="bbox 561 5645 1262 5711">
    <p class='ocr_par' dir='ltr' id='par_1_57' title="bbox 561 5645 1262 5711">
     <span class='ocr_line' id='line_1_57' title="bbox 561 5645 1262 5711; baseline 0.023 -16"><span class='ocrx_word' id='word_1_403' title='bbox 561 5647 606 5677; x_wconf 87' lang='lat'>&quot;</span> <span class='ocrx_word' id='word_1_404' title='bbox 649 5645 833 5699; x_wconf 66' lang='lat' dir='ltr'><strong>Matth.</strong></span> <span class='ocrx_word' id='word_1_405' title='bbox 884 5665 994 5711; x_wconf 76' lang='lat' dir='ltr'><strong>xu.</strong></span> <span class='ocrx_word' id='word_1_406' title='bbox 1057 5653 1138 5709; x_wconf 83' lang='lat' dir='ltr'><strong>l7.</strong></span> <span class='ocrx_word' id='word_1_407' title='bbox 1217 5659 1262 5690; x_wconf 84' lang='lat'><strong>&quot;</strong></span> 
     </span>
    </p>
   </div>
   <div class='ocr_carea' id='block_1_58' title="bbox 1328 5662 1674 5726">
    <p class='ocr_par' dir='ltr' id='par_1_58' title="bbox 1328 5662 1674 5726">
     <span class='ocr_line' id='line_1_58' title="bbox 1328 5662 1674 5726; baseline 0.043 -14"><span class='ocrx_word' id='word_1_408' title='bbox 1328 5662 1453 5719; x_wconf 84' lang='lat' dir='ltr'><strong>ibid.</strong></span> <span class='ocrx_word' id='word_1_409' title='bbox 1498 5669 1674 5726; x_wconf 85' lang='lat' dir='ltr'><strong>lli-l8.</strong></span> 
     </span>
    </p>
   </div>
   <div class='ocr_carea' id='block_1_59' title="bbox 492 5717 860 5784">
    <p class='ocr_par' dir='ltr' id='par_1_59' title="bbox 492 5717 860 5784">
     <span class='ocr_line' id='line_1_59' title="bbox 492 5717 860 5784; baseline 0.011 -13"><span class='ocrx_word' id='word_1_410' title='bbox 492 5723 540 5752; x_wconf 77' lang='lat'>”</span> <span class='ocrx_word' id='word_1_411' title='bbox 578 5719 704 5784; x_wconf 64' lang='grc' dir='ltr'><strong>ὅπῃ.</strong></span> <span class='ocrx_word' id='word_1_412' title='bbox 739 5733 779 5783; x_wconf 89' lang='lat' dir='ltr'><strong>I,</strong></span> <span class='ocrx_word' id='word_1_413' title='bbox 809 5717 860 5775; x_wconf 87' lang='lat'><strong>7.</strong></span> 
     </span>
    </p>
   </div>
   <div class='ocr_carea' id='block_1_60' title="bbox 942 5722 2070 5813">
    <p class='ocr_par' dir='ltr' id='par_1_60' title="bbox 942 5722 2070 5813">
     <span class='ocr_line' id='line_1_60' title="bbox 942 5722 2070 5813; baseline 0.03 -38"><span class='ocrx_word' id='word_1_414' title='bbox 942 5722 985 5752; x_wconf 85' lang='grc'>’⁸</span> <span class='ocrx_word' id='word_1_415' title='bbox 1014 5725 1138 5795; x_wconf 76' lang='lat' dir='ltr'><strong>Sap.</strong></span> <span class='ocrx_word' id='word_1_416' title='bbox 1163 5743 1279 5794; x_wconf 90' lang='lat' dir='ltr'><strong>vttt,</strong></span> <span class='ocrx_word' id='word_1_417' title='bbox 1345 5734 1393 5786; x_wconf 80' lang='grc'><strong>1.</strong></span> <span class='ocrx_word' id='word_1_418' title='bbox 1472 5738 1513 5770; x_wconf 86' lang='lat'>&quot;</span> <span class='ocrx_word' id='word_1_419' title='bbox 1553 5722 1739 5799; x_wconf 73' lang='lat' dir='ltr'><strong>Matth.</strong></span> <span class='ocrx_word' id='word_1_420' title='bbox 1774 5722 2070 5813; x_wconf 27' lang='lat' dir='ltr'><strong>similium):</strong></span> 
     </span>
    </p>
   </div>
   <div class='ocr_carea' id='block_1_61' title="bbox 1566 367 2618 450">
    <p class='ocr_par' dir='ltr' id='par_1_61' title="bbox 1566 367 2618 450">
     <span class='ocr_line' id='line_1_61' title="bbox 1566 367 2618 450; baseline 0.026 -27"><span class='ocrx_word' id='word_1_421' title='bbox 1566 367 2296 439; x_wconf 66' lang='lat' dir='ltr'><strong>ADVERSUSGILECOS</strong></span> <span class='ocrx_word' id='word_1_422' title='bbox 2344 386 2482 450; x_wconf 88' lang='lat' dir='ltr'><strong>LlB.</strong></span> <span class='ocrx_word' id='word_1_423' title='bbox 2526 392 2618 450; x_wconf 87' lang='lat' dir='ltr'><strong>lV.</strong></span> 
     </span>
    </p>
   </div>
   <div class='ocr_carea' id='block_1_62' title="bbox 515 465 2160 548">
    <p class='ocr_par' dir='ltr' id='par_1_62' title="bbox 515 465 2160 548">
     <span class='ocr_line' id='line_1_62' title="bbox 515 465 2160 548; baseline 0.016 -36"><span class='ocrx_word' id='word_1_424' title='bbox 515 465 744 531; x_wconf 74' lang='lat' dir='ltr'><strong>sanguis,</strong></span> <span class='ocrx_word' id='word_1_425' title='bbox 776 467 863 518; x_wconf 81' lang='lat' dir='ltr'><strong>sed</strong></span> <span class='ocrx_word' id='word_1_426' title='bbox 896 469 1107 522; x_wconf 75' lang='lat' dir='ltr'><strong>ctrlestis</strong></span> <span class='ocrx_word' id='word_1_427' title='bbox 1146 471 1300 524; x_wconf 76' lang='lat' dir='ltr'><strong>Pater</strong></span> <span class='ocrx_word' id='word_1_428' title='bbox 1344 491 1511 527; x_wconf 78' lang='lat' dir='ltr'><strong>ceram</strong></span> <span class='ocrx_word' id='word_1_429' title='bbox 1566 485 1803 533; x_wconf 81' lang='lat' dir='ltr'><strong>revelnvit</strong></span> <span class='ocrx_word' id='word_1_430' title='bbox 1846 484 2084 548; x_wconf 68' lang='lat' dir='ltr'><strong>ﬁdem“.</strong></span> <span class='ocrx_word' id='word_1_431' title='bbox 2119 497 2160 547; x_wconf 82' lang='grc' dir='ltr'><strong>Α</strong></span> 
     </span>
    </p>
   </div>
   <div class='ocr_carea' id='block_1_63' title="bbox 1755 5676 2338 5752">
    <p class='ocr_par' dir='ltr' id='par_1_63' title="bbox 1755 5676 2338 5752">
     <span class='ocr_line' id='line_1_63' title="bbox 1755 5676 2338 5752; baseline 0.029 -23"><span class='ocrx_word' id='word_1_432' title='bbox 1755 5676 1794 5704; x_wconf 76' lang='grc'><strong>’⁵</strong></span> <span class='ocrx_word' id='word_1_433' title='bbox 1830 5676 1984 5736; x_wconf 79' lang='lat' dir='ltr'><strong>Joan.</strong></span> <span class='ocrx_word' id='word_1_434' title='bbox 2019 5701 2124 5752; x_wconf 73' lang='lat' dir='ltr'><strong>ut,</strong></span> <span class='ocrx_word' id='word_1_435' title='bbox 2164 5689 2338 5746; x_wconf 77' lang='lat' dir='ltr'><strong>lli-l7.</strong></span> 
     </span>
    </p>
   </div>
   <div class='ocr_carea' id='block_1_64' title="bbox 2149 5760 2679 5824">
    <p class='ocr_par' dir='ltr' id='par_1_64' title="bbox 2149 5760 2679 5824">
     <span class='ocr_line' id='line_1_64' title="bbox 2149 5760 2679 5824; baseline 0.013 -11"><span class='ocrx_word' id='word_1_436' title='bbox 2149 5760 2192 5789; x_wconf 81' lang='grc'><strong>⁸⁸</strong></span> <span class='ocrx_word' id='word_1_437' title='bbox 2227 5761 2414 5818; x_wconf 74' lang='lat' dir='ltr'><strong>Matth.</strong></span> <span class='ocrx_word' id='word_1_438' title='bbox 2441 5780 2557 5824; x_wconf 73' lang='grc' dir='ltr'><strong>νηί.</strong></span> <span class='ocrx_word' id='word_1_439' title='bbox 2588 5767 2679 5820; x_wconf 74' lang='lat'><strong>25.</strong></span> 
     </span>
    </p>
   </div>
   <div class='ocr_carea' id='block_1_65' title="bbox 3636 401 3741 460">
    <p class='ocr_par' dir='ltr' id='par_1_65' title="bbox 3636 401 3741 460">
     <span class='ocr_line' id='line_1_65' title="bbox 3636 401 3741 460; baseline 0.029 -2"><span class='ocrx_word' id='word_1_440' title='bbox 3636 401 3741 460; x_wconf 68' lang='grc'><strong>242</strong></span> 
     </span>
    </p>
   </div>
   <div class='ocr_carea' id='block_1_66' title="bbox 2569 506 3739 577">
    <p class='ocr_par' dir='ltr' id='par_1_66' title="bbox 2569 506 3739 577">
     <span class='ocr_line' id='line_1_66' title="bbox 2569 506 3739 577; baseline 0.007 -21"><span class='ocrx_word' id='word_1_441' title='bbox 2569 506 2884 574; x_wconf 76' lang='lat' dir='ltr'><strong>Pra&#39;ceptor,</strong></span> <span class='ocrx_word' id='word_1_442' title='bbox 2938 512 3076 562; x_wconf 77' lang='lat' dir='ltr'><strong>sult&#39;a</strong></span> <span class='ocrx_word' id='word_1_443' title='bbox 3129 529 3238 570; x_wconf 84' lang='lat' dir='ltr'><strong>nos.</strong></span> <span class='ocrx_word' id='word_1_444' title='bbox 3288 515 3514 577; x_wconf 69' lang='lat' dir='ltr'><strong>pet-intus</strong></span> <span class='ocrx_word' id='word_1_445' title='bbox 3551 513 3622 572; x_wconf 63' lang='grc'><strong>⁸³,</strong></span> <span class='ocrx_word' id='word_1_446' title='bbox 3656 513 3739 564; x_wconf 86' lang='lat' dir='ltr'><strong>itt-</strong></span> 
     </span>
    </p>
   </div>
   <div class='ocr_carea' id='block_1_67' title="bbox 2188 593 3742 666">
    <p class='ocr_par' dir='ltr' id='par_1_67' title="bbox 2188 593 3742 666">
     <span class='ocr_line' id='line_1_67' title="bbox 2188 593 3742 666; baseline 0.01 -26"><span class='ocrx_word' id='word_1_447' title='bbox 2188 593 2416 656; x_wconf 87' lang='lat' dir='ltr'><strong>crepatis</strong></span> <span class='ocrx_word' id='word_1_448' title='bbox 2477 597 2647 647; x_wconf 89' lang='lat' dir='ltr'><strong>ventis</strong></span> <span class='ocrx_word' id='word_1_449' title='bbox 2695 606 2989 666; x_wconf 68' lang='lat' dir='ltr'><strong>exsurgens</strong></span> <span class='ocrx_word' id='word_1_450' title='bbox 3033 601 3295 664; x_wconf 75' lang='lat' dir='ltr'><strong>servavit;</strong></span> <span class='ocrx_word' id='word_1_451' title='bbox 3353 601 3492 665; x_wconf 89' lang='lat' dir='ltr'><strong>quod</strong></span> <span class='ocrx_word' id='word_1_452' title='bbox 3549 602 3742 655; x_wconf 75' lang='lat' dir='ltr'><strong>futura:</strong></span> 
     </span>
    </p>
   </div>
   <div class='ocr_carea' id='block_1_68' title="bbox 2187 681 3737 757">
    <p class='ocr_par' dir='ltr' id='par_1_68' title="bbox 2187 681 3737 757">
     <span class='ocr_line' id='line_1_68' title="bbox 2187 681 3737 757; baseline 0.008 -25"><span class='ocrx_word' id='word_1_453' title='bbox 2187 681 2384 750; x_wconf 87' lang='lat' dir='ltr'><strong>ubique</strong></span> <span class='ocrx_word' id='word_1_454' title='bbox 2483 686 2533 738; x_wconf 92' lang='lat' dir='ltr'><strong>in</strong></span> <span class='ocrx_word' id='word_1_455' title='bbox 2623 689 2863 740; x_wconf 75' lang='lat' dir='ltr'><strong>navicula</strong></span> <span class='ocrx_word' id='word_1_456' title='bbox 2952 691 3200 743; x_wconf 72' lang='lat' dir='ltr'><strong>Ecclesiae</strong></span> <span class='ocrx_word' id='word_1_457' title='bbox 3291 683 3737 757; x_wconf 81' lang='lat' dir='ltr'><strong>perturbationis,</strong></span> 
     </span>
    </p>
   </div>
   <div class='ocr_carea' id='block_1_69' title="bbox 2190 772 3737 847">
    <p class='ocr_par' dir='ltr' id='par_1_69' title="bbox 2190 772 3737 847">
     <span class='ocr_line' id='line_1_69' title="bbox 2190 772 3737 847; baseline 0.007 -24"><span class='ocrx_word' id='word_1_458' title='bbox 2190 772 2486 829; x_wconf 66' lang='lat' dir='ltr'><strong>bmresibus</strong></span> <span class='ocrx_word' id='word_1_459' title='bbox 2547 779 2798 830; x_wconf 79' lang='lat' dir='ltr'><strong>Omnibus</strong></span> <span class='ocrx_word' id='word_1_460' title='bbox 2867 779 3007 829; x_wconf 88' lang='lat' dir='ltr'><strong>illam</strong></span> <span class='ocrx_word' id='word_1_461' title='bbox 3059 795 3299 847; x_wconf 75' lang='lat' dir='ltr'><strong>mergere</strong></span> <span class='ocrx_word' id='word_1_462' title='bbox 3344 782 3737 846; x_wconf 66' lang='lat' dir='ltr'><strong>quatrentibtts,</strong></span> 
     </span>
    </p>
   </div>
   <div class='ocr_carea' id='block_1_70' title="bbox 2186 868 3734 936">
    <p class='ocr_par' dir='ltr' id='par_1_70' title="bbox 2186 868 3734 936">
     <span class='ocr_line' id='line_1_70' title="bbox 2186 868 3734 936; baseline 0.006 -24"><span class='ocrx_word' id='word_1_463' title='bbox 2186 873 2554 929; x_wconf 81' lang='lat' dir='ltr'><strong>argumentum</strong></span> <span class='ocrx_word' id='word_1_464' title='bbox 2580 877 2712 919; x_wconf 85' lang='lat' dir='ltr'><strong>erat.</strong></span> <span class='ocrx_word' id='word_1_465' title='bbox 2749 868 2913 934; x_wconf 69' lang='lat' dir='ltr'><strong>Cujus</strong></span> <span class='ocrx_word' id='word_1_466' title='bbox 2942 869 3198 936; x_wconf 77' lang='lat' dir='ltr'><strong>regimine</strong></span> <span class='ocrx_word' id='word_1_467' title='bbox 3220 880 3494 936; x_wconf 75' lang='lat' dir='ltr'><strong>suscepto,</strong></span> <span class='ocrx_word' id='word_1_468' title='bbox 3545 871 3734 923; x_wconf 70' lang='lat' dir='ltr'><strong>Petrus</strong></span> 
     </span>
    </p>
   </div>
   <div class='ocr_carea' id='block_1_71' title="bbox 2198 952 3741 1028">
    <p class='ocr_par' dir='ltr' id='par_1_71' title="bbox 2198 952 3741 1028">
     <span class='ocr_line' id='line_1_71' title="bbox 2198 952 3741 1028; baseline 0.009 -28"><span class='ocrx_word' id='word_1_469' title='bbox 2198 952 2590 1018; x_wconf 87' lang='lat' dir='ltr'><strong>periclitantem</strong></span> <span class='ocrx_word' id='word_1_470' title='bbox 2668 958 2902 1009; x_wconf 77' lang='lat' dir='ltr'><strong>servavit</strong></span> <span class='ocrx_word' id='word_1_471' title='bbox 2977 974 3071 1023; x_wconf 84' lang='lat' dir='ltr'><strong>per</strong></span> <span class='ocrx_word' id='word_1_472' title='bbox 3143 975 3198 1010; x_wconf 89' lang='lat' dir='ltr'><strong>sc</strong></span> <span class='ocrx_word' id='word_1_473' title='bbox 3261 961 3428 1025; x_wconf 89' lang='lat' dir='ltr'><strong>ipsum</strong></span> <span class='ocrx_word' id='word_1_474' title='bbox 3488 963 3741 1028; x_wconf 82' lang='lat' dir='ltr'><strong>magistro</strong></span> 
     </span>
    </p>
   </div>
   <div class='ocr_carea' id='block_1_72' title="bbox 2184 1035 3744 1111">
    <p class='ocr_par' dir='ltr' id='par_1_72' title="bbox 2184 1035 3744 1111">
     <span class='ocr_line' id='line_1_72' title="bbox 2184 1035 3744 1111; baseline 0.008 -19"><span class='ocrx_word' id='word_1_475' title='bbox 2184 1035 2440 1094; x_wconf 72' lang='lat' dir='ltr'><strong>exeitato.’</strong></span> <span class='ocrx_word' id='word_1_476' title='bbox 2491 1041 2672 1111; x_wconf 86' lang='lat' dir='ltr'><strong>Neque</strong></span> <span class='ocrx_word' id='word_1_477' title='bbox 2720 1048 2858 1098; x_wconf 88' lang='lat' dir='ltr'><strong>enim</strong></span> <span class='ocrx_word' id='word_1_478' title='bbox 2909 1047 3108 1099; x_wconf 77' lang='lat' dir='ltr'><strong>frustra</strong></span> <span class='ocrx_word' id='word_1_479' title='bbox 3144 1048 3191 1100; x_wconf 89' lang='lat' dir='ltr'><strong>ei</strong></span> <span class='ocrx_word' id='word_1_480' title='bbox 3245 1049 3504 1100; x_wconf 72' lang='lat' dir='ltr'><strong>Douziutts</strong></span> <span class='ocrx_word' id='word_1_481' title='bbox 3563 1051 3744 1105; x_wconf 83' lang='lat' dir='ltr'><strong>claves</strong></span> 
     </span>
    </p>
   </div>
   <div class='ocr_carea' id='block_1_73' title="bbox 2188 1131 3742 1204">
    <p class='ocr_par' dir='ltr' id='par_1_73' title="bbox 2188 1131 3742 1204">
     <span class='ocr_line' id='line_1_73' title="bbox 2188 1131 3742 1204; baseline 0.008 -26"><span class='ocrx_word' id='word_1_482' title='bbox 2188 1131 2334 1195; x_wconf 79' lang='lat' dir='ltr'><strong>regni</strong></span> <span class='ocrx_word' id='word_1_483' title='bbox 2411 1133 2670 1194; x_wconf 82' lang='lat' dir='ltr'><strong>credidit;</strong></span> <span class='ocrx_word' id='word_1_484' title='bbox 2753 1135 3268 1204; x_wconf 78' lang='lat' dir='ltr'><strong>tutulamcntntnqm:</strong></span> <span class='ocrx_word' id='word_1_485' title='bbox 3338 1153 3393 1190; x_wconf 92' lang='lat' dir='ltr'><strong>se</strong></span> <span class='ocrx_word' id='word_1_486' title='bbox 3446 1139 3742 1203; x_wconf 87' lang='lat' dir='ltr'><strong>positurum</strong></span> 
     </span>
    </p>
   </div>
   <div class='ocr_carea' id='block_1_74' title="bbox 2185 1221 3740 1290">
    <p class='ocr_par' dir='ltr' id='par_1_74' title="bbox 2185 1221 3740 1290">
     <span class='ocr_line' id='line_1_74' title="bbox 2185 1221 3740 1290; baseline 0.005 -18"><span class='ocrx_word' id='word_1_487' title='bbox 2185 1221 2338 1284; x_wconf 80' lang='lat' dir='ltr'><strong>dixit,</strong></span> <span class='ocrx_word' id='word_1_488' title='bbox 2400 1238 2561 1290; x_wconf 84' lang='lat' dir='ltr'><strong>super</strong></span> <span class='ocrx_word' id='word_1_489' title='bbox 2621 1241 2724 1290; x_wconf 85' lang='lat' dir='ltr'><strong>quo</strong></span> <span class='ocrx_word' id='word_1_490' title='bbox 2787 1225 3084 1278; x_wconf 83' lang='lat' dir='ltr'><strong>Ecclesiam</strong></span> <span class='ocrx_word' id='word_1_491' title='bbox 3145 1242 3295 1279; x_wconf 86' lang='lat' dir='ltr'><strong>suam</strong></span> <span class='ocrx_word' id='word_1_492' title='bbox 3353 1230 3740 1282; x_wconf 72' lang='lat' dir='ltr'><strong>mdit‘tcatnrnm</strong></span> 
     </span>
    </p>
   </div>
   <div class='ocr_carea' id='block_1_75' title="bbox 2187 1313 3744 1382">
    <p class='ocr_par' dir='ltr' id='par_1_75' title="bbox 2187 1313 3744 1382">
     <span class='ocr_line' id='line_1_75' title="bbox 2187 1313 3744 1382; baseline 0.004 -20"><span class='ocrx_word' id='word_1_493' title='bbox 2187 1313 2484 1376; x_wconf 84' lang='lat' dir='ltr'><strong>repromisit</strong></span> <span class='ocrx_word' id='word_1_494' title='bbox 2511 1332 2522 1371; x_wconf 85' lang='lat'><strong>;</strong></span> <span class='ocrx_word' id='word_1_495' title='bbox 2564 1317 2806 1381; x_wconf 72' lang='lat' dir='ltr'><strong>bamque</strong></span> <span class='ocrx_word' id='word_1_496' title='bbox 2843 1318 3109 1382; x_wconf 64' lang='lat' dir='ltr'><strong>prwcipue</strong></span> <span class='ocrx_word' id='word_1_497' title='bbox 3140 1335 3348 1382; x_wconf 77' lang='lat' dir='ltr'><strong>pascere</strong></span> <span class='ocrx_word' id='word_1_498' title='bbox 3381 1319 3536 1370; x_wconf 78' lang='lat' dir='ltr'><strong>Petro</strong></span> <span class='ocrx_word' id='word_1_499' title='bbox 3557 1357 3570 1380; x_wconf 93' lang='lat'><strong>,</strong></span> <span class='ocrx_word' id='word_1_500' title='bbox 3615 1321 3655 1372; x_wconf 92' lang='lat' dir='ltr'><strong>si</strong></span> <span class='ocrx_word' id='word_1_501' title='bbox 3687 1333 3744 1370; x_wconf 87' lang='lat' dir='ltr'><strong>se.</strong></span> 
     </span>
    </p>
   </div>
   <div class='ocr_carea' id='block_1_76' title="bbox 2186 1400 3742 1474">
    <p class='ocr_par' dir='ltr' id='par_1_76' title="bbox 2186 1400 3742 1474">
     <span class='ocr_line' id='line_1_76' title="bbox 2186 1400 3742 1474; baseline 0.006 -22"><span class='ocrx_word' id='word_1_502' title='bbox 2186 1415 2426 1464; x_wconf 84' lang='lat' dir='ltr'><strong>amaret,</strong></span> <span class='ocrx_word' id='word_1_503' title='bbox 2477 1400 2757 1470; x_wconf 73' lang='lat' dir='ltr'><strong>imperavit</strong></span> <span class='ocrx_word' id='word_1_504' title='bbox 2780 1445 2793 1468; x_wconf 93' lang='lat'><strong>,</strong></span> <span class='ocrx_word' id='word_1_505' title='bbox 2827 1409 3058 1474; x_wconf 72' lang='lat' dir='ltr'><strong>atquein</strong></span> <span class='ocrx_word' id='word_1_506' title='bbox 3091 1409 3274 1460; x_wconf 76' lang='lat' dir='ltr'><strong>tributi</strong></span> <span class='ocrx_word' id='word_1_507' title='bbox 3308 1410 3574 1463; x_wconf 84' lang='lat' dir='ltr'><strong>solutione</strong></span> <span class='ocrx_word' id='word_1_508' title='bbox 3599 1411 3742 1462; x_wconf 92' lang='lat' dir='ltr'><strong>hunc</strong></span> 
     </span>
    </p>
   </div>
   <div class='ocr_carea' id='block_1_77' title="bbox 2184 1495 3077 1561">
    <p class='ocr_par' dir='ltr' id='par_1_77' title="bbox 2184 1495 3077 1561">
     <span class='ocr_line' id='line_1_77' title="bbox 2184 1495 3077 1561; baseline 0.008 -16"><span class='ocrx_word' id='word_1_509' title='bbox 2184 1504 2278 1558; x_wconf 82' lang='lat' dir='ltr'><strong>pro</strong></span> <span class='ocrx_word' id='word_1_510' title='bbox 2309 1507 2364 1544; x_wconf 90' lang='lat' dir='ltr'><strong>se</strong></span> <span class='ocrx_word' id='word_1_511' title='bbox 2398 1495 2510 1558; x_wconf 84' lang='lat' dir='ltr'><strong>ipso</strong></span> <span class='ocrx_word' id='word_1_512' title='bbox 2543 1499 2864 1561; x_wconf 85' lang='lat' dir='ltr'><strong>respondere</strong></span> <span class='ocrx_word' id='word_1_513' title='bbox 2894 1500 3077 1553; x_wconf 88' lang='lat' dir='ltr'><strong>voluit.</strong></span> 
     </span>
    </p>
   </div>
   <div class='ocr_carea' id='block_1_78' title="bbox 2254 1583 3740 1655">
    <p class='ocr_par' dir='ltr' id='par_1_78' title="bbox 2254 1583 3740 1655">
     <span class='ocr_line' id='line_1_78' title="bbox 2254 1583 3740 1655; baseline 0.007 -23"><span class='ocrx_word' id='word_1_514' title='bbox 2254 1583 2560 1647; x_wconf 58' lang='lat' dir='ltr'><strong>liniiuvero,</strong></span> <span class='ocrx_word' id='word_1_515' title='bbox 2613 1597 2663 1638; x_wconf 90' lang='lat' dir='ltr'><strong>et</strong></span> <span class='ocrx_word' id='word_1_516' title='bbox 2714 1588 2852 1655; x_wconf 85' lang='lat' dir='ltr'><strong>quod</strong></span> <span class='ocrx_word' id='word_1_517' title='bbox 2891 1597 3007 1654; x_wconf 87' lang='lat' dir='ltr'><strong>post</strong></span> <span class='ocrx_word' id='word_1_518' title='bbox 3040 1591 3487 1644; x_wconf 86' lang='lat' dir='ltr'><strong>resurrectionem</strong></span> <span class='ocrx_word' id='word_1_519' title='bbox 3537 1591 3740 1643; x_wconf 87' lang='lat' dir='ltr'><strong>dictum</strong></span> 
     </span>
    </p>
   </div>
   <div class='ocr_carea' id='block_1_79' title="bbox 2184 1674 3748 1749">
    <p class='ocr_par' dir='ltr' id='par_1_79' title="bbox 2184 1674 3748 1749">
     <span class='ocr_line' id='line_1_79' title="bbox 2184 1674 3748 1749; baseline 0.006 -24"><span class='ocrx_word' id='word_1_520' title='bbox 2184 1683 2302 1727; x_wconf 87' lang='lat' dir='ltr'><strong>est:</strong></span> <span class='ocrx_word' id='word_1_521' title='bbox 2342 1674 2508 1727; x_wconf 87' lang='lat' dir='ltr'><strong>Dicite</strong></span> <span class='ocrx_word' id='word_1_522' title='bbox 2544 1677 2815 1738; x_wconf 76' lang='lat' dir='ltr'><strong>discipulis</strong></span> <span class='ocrx_word' id='word_1_523' title='bbox 2843 1680 2975 1746; x_wconf 81' lang='lat' dir='ltr'><strong>ejus,</strong></span> <span class='ocrx_word' id='word_1_524' title='bbox 3001 1691 3046 1733; x_wconf 87' lang='lat' dir='ltr'><strong>ct</strong></span> <span class='ocrx_word' id='word_1_525' title='bbox 3097 1679 3252 1733; x_wconf 79' lang='lat' dir='ltr'><strong>Petro</strong></span> <span class='ocrx_word' id='word_1_526' title='bbox 3291 1683 3358 1744; x_wconf 83' lang='grc'><strong>⁸¹,</strong></span> <span class='ocrx_word' id='word_1_527' title='bbox 3391 1698 3497 1749; x_wconf 66' lang='lat' dir='ltr'><strong>prae</strong></span> <span class='ocrx_word' id='word_1_528' title='bbox 3535 1684 3748 1736; x_wconf 70' lang='lat' dir='ltr'><strong>cmtcris</strong></span> 
     </span>
    </p>
   </div>
   <div class='ocr_carea' id='block_1_80' title="bbox 2187 1766 3743 1836">
    <p class='ocr_par' dir='ltr' id='par_1_80' title="bbox 2187 1766 3743 1836">
     <span class='ocr_line' id='line_1_80' title="bbox 2187 1766 3743 1836; baseline 0.004 -20"><span class='ocrx_word' id='word_1_529' title='bbox 2187 1766 2333 1818; x_wconf 88' lang='lat' dir='ltr'><strong>illum</strong></span> <span class='ocrx_word' id='word_1_530' title='bbox 2395 1767 2710 1835; x_wconf 78' lang='lat' dir='ltr'><strong>appellanlis</strong></span> <span class='ocrx_word' id='word_1_531' title='bbox 2773 1780 2930 1836; x_wconf 87' lang='lat' dir='ltr'><strong>atque</strong></span> <span class='ocrx_word' id='word_1_532' title='bbox 2987 1771 3303 1824; x_wconf 80' lang='lat' dir='ltr'><strong>Itonorautis</strong></span> <span class='ocrx_word' id='word_1_533' title='bbox 3366 1781 3467 1825; x_wconf 85' lang='lat' dir='ltr'><strong>est.</strong></span> <span class='ocrx_word' id='word_1_534' title='bbox 3535 1770 3639 1823; x_wconf 82' lang='lat' dir='ltr'><strong>Sed</strong></span> <span class='ocrx_word' id='word_1_535' title='bbox 3690 1777 3743 1822; x_wconf 88' lang='lat' dir='ltr'><strong>et</strong></span> 
     </span>
    </p>
   </div>
   <div class='ocr_carea' id='block_1_81' title="bbox 2186 1855 3742 1925">
    <p class='ocr_par' dir='ltr' id='par_1_81' title="bbox 2186 1855 3742 1925">
     <span class='ocr_line' id='line_1_81' title="bbox 2186 1855 3742 1925; baseline 0.001 -18"><span class='ocrx_word' id='word_1_536' title='bbox 2186 1857 2569 1921; x_wconf 85' lang='lat' dir='ltr'><strong>discipulorum</strong></span> <span class='ocrx_word' id='word_1_537' title='bbox 2619 1859 2826 1922; x_wconf 74' lang='lat' dir='ltr'><strong>primus</strong></span> <span class='ocrx_word' id='word_1_538' title='bbox 2886 1859 3163 1925; x_wconf 69' lang='lat' dir='ltr'><strong>ingressus</strong></span> <span class='ocrx_word' id='word_1_539' title='bbox 3214 1869 3295 1912; x_wconf 78' lang='lat' dir='ltr'><strong>est</strong></span> <span class='ocrx_word' id='word_1_540' title='bbox 3329 1862 3382 1912; x_wconf 85' lang='lat' dir='ltr'><strong>in</strong></span> <span class='ocrx_word' id='word_1_541' title='bbox 3429 1855 3742 1910; x_wconf 83' lang='lat' dir='ltr'><strong>monumen-</strong></span> 
     </span>
    </p>
   </div>
   <div class='ocr_carea' id='block_1_82' title="bbox 2187 1937 3744 2017">
    <p class='ocr_par' dir='ltr' id='par_1_82' title="bbox 2187 1937 3744 2017">
     <span class='ocr_line' id='line_1_82' title="bbox 2187 1937 3744 2017; baseline 0.005 -21"><span class='ocrx_word' id='word_1_542' title='bbox 2187 1955 2318 2008; x_wconf 88' lang='lat' dir='ltr'><strong>tum,</strong></span> <span class='ocrx_word' id='word_1_543' title='bbox 2350 1955 2402 1997; x_wconf 89' lang='lat' dir='ltr'><strong>et</strong></span> <span class='ocrx_word' id='word_1_544' title='bbox 2438 1947 2587 2004; x_wconf 83' lang='lat' dir='ltr'><strong>vidit.</strong></span> <span class='ocrx_word' id='word_1_545' title='bbox 2621 1960 2671 2000; x_wconf 91' lang='lat' dir='ltr'><strong>ct</strong></span> <span class='ocrx_word' id='word_1_546' title='bbox 2709 1937 2956 2011; x_wconf 80' lang='lat' dir='ltr'><strong>credidit,</strong></span> <span class='ocrx_word' id='word_1_547' title='bbox 2988 1961 3065 2012; x_wconf 86' lang='lat' dir='ltr'><strong>ul,</strong></span> <span class='ocrx_word' id='word_1_548' title='bbox 3103 1951 3194 2017; x_wconf 87' lang='lat' dir='ltr'><strong>qui</strong></span> <span class='ocrx_word' id='word_1_549' title='bbox 3221 1951 3468 2017; x_wconf 84' lang='lat' dir='ltr'><strong>princeps</strong></span> <span class='ocrx_word' id='word_1_550' title='bbox 3491 1941 3744 2004; x_wconf 67' lang='lat' dir='ltr'><strong>Ecclesia:</strong></span> 
     </span>
    </p>
   </div>
   <div class='ocr_carea' id='block_1_83' title="bbox 2186 2035 3744 2107">
    <p class='ocr_par' dir='ltr' id='par_1_83' title="bbox 2186 2035 3744 2107">
     <span class='ocr_line' id='line_1_83' title="bbox 2186 2035 3744 2107; baseline 0.003 -21"><span class='ocrx_word' id='word_1_551' title='bbox 2186 2035 2628 2103; x_wconf 82' lang='lat' dir='ltr'><strong>reliuqnehatnc,</strong></span> <span class='ocrx_word' id='word_1_552' title='bbox 2711 2037 2916 2103; x_wconf 88' lang='lat' dir='ltr'><strong>primus</strong></span> <span class='ocrx_word' id='word_1_553' title='bbox 2989 2041 3039 2091; x_wconf 77' lang='lat' dir='ltr'><strong>ia</strong></span> <span class='ocrx_word' id='word_1_554' title='bbox 3127 2042 3492 2107; x_wconf 68' lang='lat' dir='ltr'><strong>apastnlorum</strong></span> <span class='ocrx_word' id='word_1_555' title='bbox 3579 2047 3744 2093; x_wconf 83' lang='lat' dir='ltr'><strong>choro</strong></span> 
     </span>
    </p>
   </div>
   <div class='ocr_carea' id='block_1_84' title="bbox 2186 2127 3739 2198">
    <p class='ocr_par' dir='ltr' id='par_1_84' title="bbox 2186 2127 3739 2198">
     <span class='ocr_line' id='line_1_84' title="bbox 2186 2127 3739 2198; baseline 0.004 -20"><span class='ocrx_word' id='word_1_556' title='bbox 2186 2127 2402 2195; x_wconf 81' lang='lat' dir='ltr'><strong>reliquis</strong></span> <span class='ocrx_word' id='word_1_557' title='bbox 2451 2130 2898 2183; x_wconf 74' lang='lat' dir='ltr'><strong>resurrectionem</strong></span> <span class='ocrx_word' id='word_1_558' title='bbox 2949 2132 3147 2184; x_wconf 78' lang='lat' dir='ltr'><strong>Cluisti</strong></span> <span class='ocrx_word' id='word_1_559' title='bbox 3196 2133 3491 2183; x_wconf 77' lang='lat' dir='ltr'><strong>nuntiaret.</strong></span> <span class='ocrx_word' id='word_1_560' title='bbox 3535 2132 3739 2198; x_wconf 76' lang='lat' dir='ltr'><strong>Nempe</strong></span> 
     </span>
    </p>
   </div>
   <div class='ocr_carea' id='block_1_85' title="bbox 2184 2221 3740 2289">
    <p class='ocr_par' dir='ltr' id='par_1_85' title="bbox 2184 2221 3740 2289">
     <span class='ocr_line' id='line_1_85' title="bbox 2184 2221 3740 2289; baseline 0.001 -18"><span class='ocrx_word' id='word_1_561' title='bbox 2184 2221 2321 2272; x_wconf 89' lang='lat' dir='ltr'><strong>cnim</strong></span> <span class='ocrx_word' id='word_1_562' title='bbox 2382 2229 2434 2272; x_wconf 89' lang='lat' dir='ltr'><strong>et</strong></span> <span class='ocrx_word' id='word_1_563' title='bbox 2514 2222 2956 2274; x_wconf 62' lang='lat' dir='ltr'><strong>convenientibus</strong></span> <span class='ocrx_word' id='word_1_564' title='bbox 3022 2224 3329 2284; x_wconf 62' lang='lat' dir='ltr'><strong>omnibus,</strong></span> <span class='ocrx_word' id='word_1_565' title='bbox 3402 2225 3606 2289; x_wconf 88' lang='lat' dir='ltr'><strong>primus</strong></span> <span class='ocrx_word' id='word_1_566' title='bbox 3692 2224 3740 2274; x_wconf 90' lang='lat' dir='ltr'><strong>in</strong></span> 
     </span>
    </p>
   </div>
   <div class='ocr_carea' id='block_1_86' title="bbox 2184 2299 3748 2376">
    <p class='ocr_par' dir='ltr' id='par_1_86' title="bbox 2184 2299 3748 2376">
     <span class='ocr_line' id='line_1_86' title="bbox 2184 2299 3748 2376; baseline 0.003 -15"><span class='ocrx_word' id='word_1_567' title='bbox 2184 2311 2528 2363; x_wconf 84' lang='lat' dir='ltr'><strong>conciOnibus</strong></span> <span class='ocrx_word' id='word_1_568' title='bbox 2562 2322 2661 2364; x_wconf 81' lang='lat' dir='ltr'><strong>est.</strong></span> <span class='ocrx_word' id='word_1_569' title='bbox 2695 2312 2890 2364; x_wconf 81' lang='lat' dir='ltr'><strong>Paulus</strong></span> <span class='ocrx_word' id='word_1_570' title='bbox 2921 2313 3044 2366; x_wconf 83' lang='lat' dir='ltr'><strong>item</strong></span> <span class='ocrx_word' id='word_1_571' title='bbox 3097 2332 3109 2366; x_wconf 89' lang='lat'><strong>:</strong></span> <span class='ocrx_word' id='word_1_572' title='bbox 3152 2314 3393 2374; x_wconf 78' lang='lat' dir='ltr'><strong>Ascendi,</strong></span> <span class='ocrx_word' id='word_1_573' title='bbox 3427 2299 3522 2376; x_wconf 82' lang='lat' dir='ltr'><strong>ait,</strong></span> <span class='ocrx_word' id='word_1_574' title='bbox 3563 2314 3748 2366; x_wconf 80' lang='lat' dir='ltr'><strong>Hiero-</strong></span> 
     </span>
    </p>
   </div>
   <div class='ocr_carea' id='block_1_87' title="bbox 2187 2399 3744 2472">
    <p class='ocr_par' dir='ltr' id='par_1_87' title="bbox 2187 2399 3744 2472">
     <span class='ocr_line' id='line_1_87' title="bbox 2187 2399 3744 2472; baseline 0.003 -22"><span class='ocrx_word' id='word_1_575' title='bbox 2187 2399 2437 2468; x_wconf 74' lang='lat' dir='ltr'><strong>solymam</strong></span> <span class='ocrx_word' id='word_1_576' title='bbox 2498 2400 2666 2452; x_wconf 76' lang='lat' dir='ltr'><strong>ridere</strong></span> <span class='ocrx_word' id='word_1_577' title='bbox 2726 2400 2935 2453; x_wconf 83' lang='lat' dir='ltr'><strong>Petrum</strong></span> <span class='ocrx_word' id='word_1_578' title='bbox 3002 2402 3067 2465; x_wconf 75' lang='grc'><strong>⁸³,</strong></span> <span class='ocrx_word' id='word_1_579' title='bbox 3108 2404 3249 2454; x_wconf 75' lang='lat' dir='ltr'><strong>Velut</strong></span> <span class='ocrx_word' id='word_1_580' title='bbox 3307 2406 3369 2456; x_wconf 53' lang='lat' dir='ltr'><strong>atl</strong></span> <span class='ocrx_word' id='word_1_581' title='bbox 3418 2406 3744 2472; x_wconf 61' lang='lat' dir='ltr'><strong>pratcipuum</strong></span> 
     </span>
    </p>
   </div>
   <div class='ocr_carea' id='block_1_88' title="bbox 2185 2491 3748 2564">
    <p class='ocr_par' dir='ltr' id='par_1_88' title="bbox 2185 2491 3748 2564">
     <span class='ocr_line' id='line_1_88' title="bbox 2185 2491 3748 2564; baseline 0.004 -24"><span class='ocrx_word' id='word_1_582' title='bbox 2185 2492 2460 2559; x_wconf 80' lang='lat' dir='ltr'><strong>quiddam,</strong></span> <span class='ocrx_word' id='word_1_583' title='bbox 2507 2491 2571 2544; x_wconf 91' lang='lat' dir='ltr'><strong>ad</strong></span> <span class='ocrx_word' id='word_1_584' title='bbox 2605 2491 2820 2545; x_wconf 83' lang='lat' dir='ltr'><strong>Petrum</strong></span> <span class='ocrx_word' id='word_1_585' title='bbox 2857 2493 3159 2546; x_wconf 72' lang='lat' dir='ltr'><strong>intendens.</strong></span> <span class='ocrx_word' id='word_1_586' title='bbox 3208 2497 3317 2548; x_wconf 74' lang='lat' dir='ltr'><strong>ijtsi</strong></span> <span class='ocrx_word' id='word_1_587' title='bbox 3367 2512 3488 2547; x_wconf 88' lang='lat' dir='ltr'><strong>cum</strong></span> <span class='ocrx_word' id='word_1_588' title='bbox 3529 2505 3748 2564; x_wconf 86' lang='lat' dir='ltr'><strong>propter</strong></span> 
     </span>
    </p>
   </div>
   <div class='ocr_carea' id='block_1_89' title="bbox 2184 2582 3750 2655">
    <p class='ocr_par' dir='ltr' id='par_1_89' title="bbox 2184 2582 3750 2655">
     <span class='ocr_line' id='line_1_89' title="bbox 2184 2582 3750 2655; baseline 0.003 -21"><span class='ocrx_word' id='word_1_589' title='bbox 2184 2582 2653 2634; x_wconf 59' lang='lat' dir='ltr'><strong>circumcisionem</strong></span> <span class='ocrx_word' id='word_1_590' title='bbox 2704 2585 2924 2649; x_wconf 89' lang='lat' dir='ltr'><strong>quidam</strong></span> <span class='ocrx_word' id='word_1_591' title='bbox 2993 2587 3528 2648; x_wconf 82' lang='lat' dir='ltr'><strong>scandalizarcntnr,</strong></span> <span class='ocrx_word' id='word_1_592' title='bbox 3591 2597 3750 2655; x_wconf 85' lang='lat' dir='ltr'><strong>atque</strong></span> 
     </span>
    </p>
   </div>
   <div class='ocr_carea' id='block_1_90' title="bbox 2187 2671 3754 2740">
    <p class='ocr_par' dir='ltr' id='par_1_90' title="bbox 2187 2671 3754 2740">
     <span class='ocr_line' id='line_1_90' title="bbox 2187 2671 3754 2740; baseline 0.004 -17"><span class='ocrx_word' id='word_1_593' title='bbox 2187 2671 2238 2723; x_wconf 88' lang='lat' dir='ltr'><strong>in</strong></span> <span class='ocrx_word' id='word_1_594' title='bbox 2288 2671 2556 2739; x_wconf 77' lang='lat' dir='ltr'><strong>Evangelii</strong></span> <span class='ocrx_word' id='word_1_595' title='bbox 2602 2673 2984 2740; x_wconf 67' lang='lat' dir='ltr'><strong>prrmlicatione</strong></span> <span class='ocrx_word' id='word_1_596' title='bbox 3029 2676 3500 2728; x_wconf 81' lang='lat' dir='ltr'><strong>circumcisiouem</strong></span> <span class='ocrx_word' id='word_1_597' title='bbox 3549 2676 3754 2729; x_wconf 71' lang='lat' dir='ltr'><strong>inferte</strong></span> 
     </span>
    </p>
   </div>
   <div class='ocr_carea' id='block_1_91' title="bbox 2187 2741 3744 2832">
    <p class='ocr_par' dir='ltr' id='par_1_91' title="bbox 2187 2741 3744 2832">
     <span class='ocr_line' id='line_1_91' title="bbox 2187 2741 3744 2832; baseline 0.001 -18"><span class='ocrx_word' id='word_1_598' title='bbox 2187 2741 2542 2827; x_wconf 72' lang='lat' dir='ltr'><strong>molirentur,</strong></span> <span class='ocrx_word' id='word_1_599' title='bbox 2632 2765 2887 2831; x_wconf 87' lang='lat' dir='ltr'><strong>quoniam</strong></span> <span class='ocrx_word' id='word_1_600' title='bbox 2964 2765 3182 2832; x_wconf 90' lang='lat' dir='ltr'><strong>quidem</strong></span> <span class='ocrx_word' id='word_1_601' title='bbox 3271 2767 3520 2831; x_wconf 64' lang='lat' dir='ltr'><strong>apostoli,</strong></span> <span class='ocrx_word' id='word_1_602' title='bbox 3600 2769 3744 2817; x_wconf 84' lang='lat' dir='ltr'><strong>circa</strong></span> 
     </span>
    </p>
   </div>
   <div class='ocr_carea' id='block_1_92' title="bbox 2185 2853 3750 2921">
    <p class='ocr_par' dir='ltr' id='par_1_92' title="bbox 2185 2853 3750 2921">
     <span class='ocr_line' id='line_1_92' title="bbox 2185 2853 3750 2921; baseline 0.001 -22"><span class='ocrx_word' id='word_1_603' title='bbox 2185 2853 2586 2917; x_wconf 71' lang='lat' dir='ltr'><strong>prmdicatinuis</strong></span> <span class='ocrx_word' id='word_1_604' title='bbox 2635 2853 2801 2913; x_wconf 81' lang='lat' dir='ltr'><strong>initia,</strong></span> <span class='ocrx_word' id='word_1_605' title='bbox 2831 2853 2898 2905; x_wconf 88' lang='lat' dir='ltr'><strong>ob</strong></span> <span class='ocrx_word' id='word_1_606' title='bbox 2950 2853 3129 2904; x_wconf 86' lang='lat' dir='ltr'><strong>varias</strong></span> <span class='ocrx_word' id='word_1_607' title='bbox 3177 2858 3529 2906; x_wconf 80' lang='lat' dir='ltr'><strong>necessitates</strong></span> <span class='ocrx_word' id='word_1_608' title='bbox 3579 2854 3750 2921; x_wconf 73' lang='lat' dir='ltr'><strong>main-</strong></span> 
     </span>
    </p>
   </div>
   <div class='ocr_carea' id='block_1_93' title="bbox 2187 2943 3743 3008">
    <p class='ocr_par' dir='ltr' id='par_1_93' title="bbox 2187 2943 3743 3008">
     <span class='ocr_line' id='line_1_93' title="bbox 2187 2943 3743 3008; baseline 0.001 -15"><span class='ocrx_word' id='word_1_609' title='bbox 2187 2957 2416 3008; x_wconf 81' lang='lat' dir='ltr'><strong>rumqne</strong></span> <span class='ocrx_word' id='word_1_610' title='bbox 2445 2943 2852 3008; x_wconf 87' lang='lat' dir='ltr'><strong>dispositiones,</strong></span> <span class='ocrx_word' id='word_1_611' title='bbox 2896 2954 2952 2996; x_wconf 93' lang='lat' dir='ltr'><strong>ut</strong></span> <span class='ocrx_word' id='word_1_612' title='bbox 2987 2944 3180 2996; x_wconf 90' lang='lat' dir='ltr'><strong>medici</strong></span> <span class='ocrx_word' id='word_1_613' title='bbox 3215 2959 3400 2996; x_wconf 88' lang='lat' dir='ltr'><strong>cura-n</strong></span> <span class='ocrx_word' id='word_1_614' title='bbox 3439 2945 3743 2995; x_wconf 88' lang='lat' dir='ltr'><strong>animarum</strong></span> 
     </span>
    </p>
   </div>
   <div class='ocr_carea' id='block_1_94' title="bbox 2187 3034 3752 3104">
    <p class='ocr_par' dir='ltr' id='par_1_94' title="bbox 2187 3034 3752 3104">
     <span class='ocr_line' id='line_1_94' title="bbox 2187 3034 3752 3104; baseline 0 -18"><span class='ocrx_word' id='word_1_615' title='bbox 2187 3042 2432 3101; x_wconf 85' lang='lat' dir='ltr'><strong>gerentes</strong></span> <span class='ocrx_word' id='word_1_616' title='bbox 2467 3053 2479 3086; x_wconf 89' lang='lat'><strong>:</strong></span> <span class='ocrx_word' id='word_1_617' title='bbox 2518 3034 2605 3086; x_wconf 83' lang='lat' dir='ltr'><strong>ille</strong></span> <span class='ocrx_word' id='word_1_618' title='bbox 2633 3037 2874 3103; x_wconf 88' lang='lat' dir='ltr'><strong>quidem,</strong></span> <span class='ocrx_word' id='word_1_619' title='bbox 2904 3036 3026 3103; x_wconf 89' lang='lat' dir='ltr'><strong>quia</strong></span> <span class='ocrx_word' id='word_1_620' title='bbox 3061 3036 3298 3104; x_wconf 81' lang='lat' dir='ltr'><strong>gentium</strong></span> <span class='ocrx_word' id='word_1_621' title='bbox 3328 3036 3585 3102; x_wconf 77' lang='lat' dir='ltr'><strong>magister</strong></span> <span class='ocrx_word' id='word_1_622' title='bbox 3615 3046 3752 3095; x_wconf 81' lang='lat' dir='ltr'><strong>erat,</strong></span> 
     </span>
    </p>
   </div>
   <div class='ocr_carea' id='block_1_95' title="bbox 2185 3124 3748 3195">
    <p class='ocr_par' dir='ltr' id='par_1_95' title="bbox 2185 3124 3748 3195">
     <span class='ocr_line' id='line_1_95' title="bbox 2185 3124 3748 3195; baseline 0.001 -19"><span class='ocrx_word' id='word_1_623' title='bbox 2185 3137 2288 3177; x_wconf 93' lang='lat' dir='ltr'><strong>non</strong></span> <span class='ocrx_word' id='word_1_624' title='bbox 2347 3124 2646 3190; x_wconf 73' lang='lat' dir='ltr'><strong>cogebatur</strong></span> <span class='ocrx_word' id='word_1_625' title='bbox 2701 3126 2909 3192; x_wconf 87' lang='lat' dir='ltr'><strong>aliquos</strong></span> <span class='ocrx_word' id='word_1_626' title='bbox 2964 3127 3339 3181; x_wconf 87' lang='lat' dir='ltr'><strong>accedentium</strong></span> <span class='ocrx_word' id='word_1_627' title='bbox 3375 3128 3748 3195; x_wconf 68' lang='lat' dir='ltr'><strong>prrdicationi</strong></span> 
     </span>
    </p>
   </div>
   <div class='ocr_carea' id='block_1_96' title="bbox 2179 3215 3742 3287">
    <p class='ocr_par' dir='ltr' id='par_1_96' title="bbox 2179 3215 3742 3287">
     <span class='ocr_line' id='line_1_96' title="bbox 2179 3215 3742 3287; baseline 0.001 -20"><span class='ocrx_word' id='word_1_628' title='bbox 2179 3215 2566 3268; x_wconf 85' lang='lat' dir='ltr'><strong>circumcidere</strong></span> <span class='ocrx_word' id='word_1_629' title='bbox 2601 3234 2612 3267; x_wconf 91' lang='lat'>:</span> <span class='ocrx_word' id='word_1_630' title='bbox 2648 3215 2863 3270; x_wconf 86' lang='lat' dir='ltr'><strong>Petrum</strong></span> <span class='ocrx_word' id='word_1_631' title='bbox 2928 3233 3054 3270; x_wconf 90' lang='lat' dir='ltr'><strong>vero</strong></span> <span class='ocrx_word' id='word_1_632' title='bbox 3101 3235 3192 3272; x_wconf 84' lang='lat' dir='ltr'><strong>eos</strong></span> <span class='ocrx_word' id='word_1_633' title='bbox 3229 3221 3318 3287; x_wconf 90' lang='lat' dir='ltr'><strong>qui</strong></span> <span class='ocrx_word' id='word_1_634' title='bbox 3355 3235 3415 3271; x_wconf 72' lang='lat' dir='ltr'><strong>et</strong></span> <span class='ocrx_word' id='word_1_635' title='bbox 3455 3220 3742 3271; x_wconf 87' lang='lat' dir='ltr'><strong>circumci-</strong></span> 
     </span>
    </p>
   </div>
   <div class='ocr_carea' id='block_1_97' title="bbox 2176 3293 3749 3376">
    <p class='ocr_par' dir='ltr' id='par_1_97' title="bbox 2176 3293 3749 3376">
     <span class='ocr_line' id='line_1_97' title="bbox 2176 3293 3749 3376; baseline 0.001 -18"><span class='ocrx_word' id='word_1_636' title='bbox 2176 3293 2326 3358; x_wconf 85' lang='lat' dir='ltr'><strong>sione</strong></span> <span class='ocrx_word' id='word_1_637' title='bbox 2362 3306 2706 3360; x_wconf 80' lang='lat' dir='ltr'><strong>crediderant</strong></span> <span class='ocrx_word' id='word_1_638' title='bbox 2733 3311 3038 3373; x_wconf 80' lang='lat' dir='ltr'><strong>assumens,</strong></span> <span class='ocrx_word' id='word_1_639' title='bbox 3084 3318 3138 3362; x_wconf 90' lang='lat' dir='ltr'><strong>nt</strong></span> <span class='ocrx_word' id='word_1_640' title='bbox 3167 3310 3373 3376; x_wconf 79' lang='lat' dir='ltr'><strong>majora</strong></span> <span class='ocrx_word' id='word_1_641' title='bbox 3425 3309 3749 3372; x_wconf 82' lang='lat' dir='ltr'><strong>lucraretur,</strong></span> 
     </span>
    </p>
   </div>
   <div class='ocr_carea' id='block_1_98' title="bbox 2179 3397 3752 3472">
    <p class='ocr_par' dir='ltr' id='par_1_98' title="bbox 2179 3397 3752 3472">
     <span class='ocr_line' id='line_1_98' title="bbox 2179 3397 3752 3472; baseline 0.003 -23"><span class='ocrx_word' id='word_1_642' title='bbox 2179 3397 2389 3450; x_wconf 66' lang='lat' dir='ltr'><strong>minora</strong></span> <span class='ocrx_word' id='word_1_643' title='bbox 2444 3400 2508 3450; x_wconf 78' lang='lat' dir='ltr'><strong>ad</strong></span> <span class='ocrx_word' id='word_1_644' title='bbox 2538 3408 2751 3467; x_wconf 86' lang='lat' dir='ltr'><strong>tempus</strong></span> <span class='ocrx_word' id='word_1_645' title='bbox 2799 3403 3183 3456; x_wconf 79' lang='lat' dir='ltr'><strong>contemnebat</strong></span> <span class='ocrx_word' id='word_1_646' title='bbox 3240 3423 3252 3457; x_wconf 91' lang='lat'><strong>:</strong></span> <span class='ocrx_word' id='word_1_647' title='bbox 3291 3405 3357 3455; x_wconf 84' lang='lat' dir='ltr'><strong>ab</strong></span> <span class='ocrx_word' id='word_1_648' title='bbox 3396 3405 3477 3456; x_wconf 73' lang='lat' dir='ltr'><strong>his</strong></span> <span class='ocrx_word' id='word_1_649' title='bbox 3507 3405 3596 3472; x_wconf 91' lang='lat' dir='ltr'><strong>qui</strong></span> <span class='ocrx_word' id='word_1_650' title='bbox 3635 3405 3752 3456; x_wconf 88' lang='lat' dir='ltr'><strong>illn-</strong></span> 
     </span>
    </p>
   </div>
   <div class='ocr_carea' id='block_1_99' title="bbox 2178 3489 3752 3558">
    <p class='ocr_par' dir='ltr' id='par_1_99' title="bbox 2178 3489 3752 3558">
     <span class='ocr_line' id='line_1_99' title="bbox 2178 3489 3752 3558; baseline 0.004 -18"><span class='ocrx_word' id='word_1_651' title='bbox 2178 3503 2297 3540; x_wconf 90' lang='lat' dir='ltr'><strong>rum</strong></span> <span class='ocrx_word' id='word_1_652' title='bbox 2358 3489 2676 3545; x_wconf 87' lang='lat' dir='ltr'><strong>intentionis</strong></span> <span class='ocrx_word' id='word_1_653' title='bbox 2731 3502 2889 3547; x_wconf 89' lang='lat' dir='ltr'><strong>erant</strong></span> <span class='ocrx_word' id='word_1_654' title='bbox 2953 3494 3146 3558; x_wconf 88' lang='lat' dir='ltr'><strong>ucscii,</strong></span> <span class='ocrx_word' id='word_1_655' title='bbox 3199 3495 3427 3548; x_wconf 81' lang='lat' dir='ltr'><strong>invicem</strong></span> <span class='ocrx_word' id='word_1_656' title='bbox 3463 3496 3752 3548; x_wconf 65' lang='lat' dir='ltr'><strong>dissentire</strong></span> 
     </span>
    </p>
   </div>
   <div class='ocr_carea' id='block_1_100' title="bbox 2177 3583 3747 3650">
    <p class='ocr_par' dir='ltr' id='par_1_100' title="bbox 2177 3583 3747 3650">
     <span class='ocr_line' id='line_1_100' title="bbox 2177 3583 3747 3650; baseline 0.006 -22"><span class='ocrx_word' id='word_1_657' title='bbox 2177 3588 2518 3646; x_wconf 86' lang='lat' dir='ltr'><strong>putarentur,</strong></span> <span class='ocrx_word' id='word_1_658' title='bbox 2569 3595 2692 3634; x_wconf 90' lang='lat' dir='ltr'><strong>cum</strong></span> <span class='ocrx_word' id='word_1_659' title='bbox 2721 3597 2785 3633; x_wconf 83' lang='lat' dir='ltr'><strong>eo</strong></span> <span class='ocrx_word' id='word_1_660' title='bbox 2820 3583 2941 3650; x_wconf 81' lang='lat' dir='ltr'><strong>ipso</strong></span> <span class='ocrx_word' id='word_1_661' title='bbox 2990 3585 3223 3638; x_wconf 80' lang='lat' dir='ltr'><strong>maxime</strong></span> <span class='ocrx_word' id='word_1_662' title='bbox 3253 3599 3638 3649; x_wconf 75' lang='lat' dir='ltr'><strong>Cttttgrttcrettt.</strong></span> <span class='ocrx_word' id='word_1_663' title='bbox 3672 3585 3747 3638; x_wconf 77' lang='lat' dir='ltr'><strong>Ne</strong></span> 
     </span>
    </p>
   </div>
   <div class='ocr_carea' id='block_1_101' title="bbox 2176 3670 3744 3742">
    <p class='ocr_par' dir='ltr' id='par_1_101' title="bbox 2176 3670 3744 3742">
     <span class='ocr_line' id='line_1_101' title="bbox 2176 3670 3744 3742; baseline 0.006 -21"><span class='ocrx_word' id='word_1_664' title='bbox 2176 3670 2322 3722; x_wconf 92' lang='lat' dir='ltr'><strong>enim</strong></span> <span class='ocrx_word' id='word_1_665' title='bbox 2373 3681 2425 3724; x_wconf 86' lang='lat' dir='ltr'><strong>et</strong></span> <span class='ocrx_word' id='word_1_666' title='bbox 2463 3671 2512 3724; x_wconf 92' lang='lat' dir='ltr'><strong>in</strong></span> <span class='ocrx_word' id='word_1_667' title='bbox 2575 3672 2872 3742; x_wconf 80' lang='lat' dir='ltr'><strong>Evangelia</strong></span> <span class='ocrx_word' id='word_1_668' title='bbox 2926 3675 3272 3730; x_wconf 86' lang='lat' dir='ltr'><strong>circumcisio</strong></span> <span class='ocrx_word' id='word_1_669' title='bbox 3327 3677 3502 3730; x_wconf 90' lang='lat' dir='ltr'><strong>locum</strong></span> <span class='ocrx_word' id='word_1_670' title='bbox 3543 3679 3744 3730; x_wconf 88' lang='lat' dir='ltr'><strong>habere</strong></span> 
     </span>
    </p>
   </div>
   <div class='ocr_carea' id='block_1_102' title="bbox 2176 3760 3750 3832">
    <p class='ocr_par' dir='ltr' id='par_1_102' title="bbox 2176 3760 3750 3832">
     <span class='ocr_line' id='line_1_102' title="bbox 2176 3760 3750 3832; baseline 0.005 -20"><span class='ocrx_word' id='word_1_671' title='bbox 2176 3760 2479 3826; x_wconf 88' lang='lat' dir='ltr'><strong>videretur,</strong></span> <span class='ocrx_word' id='word_1_672' title='bbox 2519 3777 2580 3816; x_wconf 86' lang='lat' dir='ltr'><strong>ea</strong></span> <span class='ocrx_word' id='word_1_673' title='bbox 2619 3779 2736 3831; x_wconf 72' lang='lat' dir='ltr'><strong>qua)</strong></span> <span class='ocrx_word' id='word_1_674' title='bbox 2778 3766 3066 3832; x_wconf 86' lang='lat' dir='ltr'><strong>putabatur</strong></span> <span class='ocrx_word' id='word_1_675' title='bbox 3101 3767 3242 3821; x_wconf 90' lang='lat' dir='ltr'><strong>inter</strong></span> <span class='ocrx_word' id='word_1_676' title='bbox 3299 3783 3394 3822; x_wconf 82' lang='lat' dir='ltr'><strong>eos</strong></span> <span class='ocrx_word' id='word_1_677' title='bbox 3448 3768 3750 3822; x_wconf 79' lang='lat' dir='ltr'><strong>ttillcrcntia</strong></span> 
     </span>
    </p>
   </div>
   <div class='ocr_carea' id='block_1_103' title="bbox 2180 3854 3752 3923">
    <p class='ocr_par' dir='ltr' id='par_1_103' title="bbox 2180 3854 3752 3923">
     <span class='ocr_line' id='line_1_103' title="bbox 2180 3854 3752 3923; baseline 0.004 -19"><span class='ocrx_word' id='word_1_678' title='bbox 2180 3854 2494 3908; x_wconf 87' lang='lat' dir='ltr'><strong>necessario</strong></span> <span class='ocrx_word' id='word_1_679' title='bbox 2517 3865 2786 3923; x_wconf 86' lang='lat' dir='ltr'><strong>assumpta</strong></span> <span class='ocrx_word' id='word_1_680' title='bbox 2815 3869 2914 3910; x_wconf 90' lang='lat' dir='ltr'><strong>est.</strong></span> <span class='ocrx_word' id='word_1_681' title='bbox 2950 3857 3102 3923; x_wconf 86' lang='lat' dir='ltr'><strong>Quod</strong></span> <span class='ocrx_word' id='word_1_682' title='bbox 3127 3860 3270 3913; x_wconf 89' lang='lat' dir='ltr'><strong>enim</strong></span> <span class='ocrx_word' id='word_1_683' title='bbox 3304 3861 3403 3913; x_wconf 90' lang='lat' dir='ltr'><strong>sibi</strong></span> <span class='ocrx_word' id='word_1_684' title='bbox 3435 3861 3590 3913; x_wconf 81' lang='lat' dir='ltr'><strong>valde</strong></span> <span class='ocrx_word' id='word_1_685' title='bbox 3620 3877 3752 3913; x_wconf 81' lang='lat' dir='ltr'><strong>con-</strong></span> 
     </span>
    </p>
   </div>
   <div class='ocr_carea' id='block_1_104' title="bbox 2187 3938 3751 4017">
    <p class='ocr_par' dir='ltr' id='par_1_104' title="bbox 2187 3938 3751 4017">
     <span class='ocr_line' id='line_1_104' title="bbox 2187 3938 3751 4017; baseline 0.005 -20"><span class='ocrx_word' id='word_1_686' title='bbox 2187 3945 2380 3998; x_wconf 88' lang='lat' dir='ltr'><strong>c0rdcs</strong></span> <span class='ocrx_word' id='word_1_687' title='bbox 2411 3955 2616 4010; x_wconf 86' lang='lat' dir='ltr'><strong>essent,</strong></span> <span class='ocrx_word' id='word_1_688' title='bbox 2644 3949 2767 4001; x_wconf 87' lang='lat' dir='ltr'><strong>hinc</strong></span> <span class='ocrx_word' id='word_1_689' title='bbox 2806 3951 3150 4017; x_wconf 85' lang='lat' dir='ltr'><strong>perspicuum</strong></span> <span class='ocrx_word' id='word_1_690' title='bbox 3180 3961 3282 4006; x_wconf 90' lang='lat' dir='ltr'><strong>est.</strong></span> <span class='ocrx_word' id='word_1_691' title='bbox 3316 3951 3429 4005; x_wconf 80' lang='lat' dir='ltr'><strong>Non</strong></span> <span class='ocrx_word' id='word_1_692' title='bbox 3459 3953 3630 4006; x_wconf 90' lang='lat' dir='ltr'><strong>solum</strong></span> <span class='ocrx_word' id='word_1_693' title='bbox 3655 3938 3751 4006; x_wconf 71' lang='lat' dir='ltr'><strong>Pe-</strong></span> 
     </span>
    </p>
   </div>
   <div class='ocr_carea' id='block_1_105' title="bbox 2185 4035 3749 4105">
    <p class='ocr_par' dir='ltr' id='par_1_105' title="bbox 2185 4035 3749 4105">
     <span class='ocr_line' id='line_1_105' title="bbox 2185 4035 3749 4105; baseline 0.008 -19"><span class='ocrx_word' id='word_1_694' title='bbox 2185 4044 2300 4089; x_wconf 92' lang='lat' dir='ltr'><strong>trus</strong></span> <span class='ocrx_word' id='word_1_695' title='bbox 2326 4035 2559 4105; x_wconf 84' lang='lat' dir='ltr'><strong>aliquos,</strong></span> <span class='ocrx_word' id='word_1_696' title='bbox 2591 4052 2775 4092; x_wconf 86' lang='lat' dir='ltr'><strong>verum</strong></span> <span class='ocrx_word' id='word_1_697' title='bbox 2819 4051 2872 4094; x_wconf 78' lang='lat' dir='ltr'><strong>et</strong></span> <span class='ocrx_word' id='word_1_698' title='bbox 2905 4041 3103 4096; x_wconf 82' lang='lat' dir='ltr'><strong>Paulus</strong></span> <span class='ocrx_word' id='word_1_699' title='bbox 3141 4042 3481 4096; x_wconf 80' lang='lat' dir='ltr'><strong>Timotheum</strong></span> <span class='ocrx_word' id='word_1_700' title='bbox 3518 4045 3749 4100; x_wconf 86' lang='lat' dir='ltr'><strong>circnm-</strong></span> 
     </span>
    </p>
   </div>
   <div class='ocr_carea' id='block_1_106' title="bbox 2183 4125 3753 4194">
    <p class='ocr_par' dir='ltr' id='par_1_106' title="bbox 2183 4125 3753 4194">
     <span class='ocr_line' id='line_1_106' title="bbox 2183 4125 3753 4194; baseline 0.006 -18"><span class='ocrx_word' id='word_1_701' title='bbox 2183 4125 2330 4190; x_wconf 84' lang='lat' dir='ltr'><strong>t-idit,</strong></span> <span class='ocrx_word' id='word_1_702' title='bbox 2371 4128 2459 4194; x_wconf 91' lang='lat' dir='ltr'><strong>qui</strong></span> <span class='ocrx_word' id='word_1_703' title='bbox 2508 4126 2690 4182; x_wconf 69' lang='lat' dir='ltr'><strong>Judtea</strong></span> <span class='ocrx_word' id='word_1_704' title='bbox 2730 4140 2902 4183; x_wconf 88' lang='lat' dir='ltr'><strong>matre</strong></span> <span class='ocrx_word' id='word_1_705' title='bbox 2935 4140 3090 4186; x_wconf 84' lang='lat' dir='ltr'><strong>natus</strong></span> <span class='ocrx_word' id='word_1_706' title='bbox 3125 4141 3262 4188; x_wconf 80' lang='lat' dir='ltr'><strong>erat.</strong></span> <span class='ocrx_word' id='word_1_707' title='bbox 3294 4133 3384 4187; x_wconf 84' lang='lat' dir='ltr'><strong>Sic</strong></span> <span class='ocrx_word' id='word_1_708' title='bbox 3427 4135 3570 4187; x_wconf 88' lang='lat' dir='ltr'><strong>enim</strong></span> <span class='ocrx_word' id='word_1_709' title='bbox 3625 4145 3753 4188; x_wconf 71' lang='lat' dir='ltr'><strong>tune.</strong></span> 
     </span>
    </p>
   </div>
   <div class='ocr_carea' id='block_1_107' title="bbox 2178 4218 3749 4293">
    <p class='ocr_par' dir='ltr' id='par_1_107' title="bbox 2178 4218 3749 4293">
     <span class='ocr_line' id='line_1_107' title="bbox 2178 4218 3749 4293; baseline 0.007 -24"><span class='ocrx_word' id='word_1_710' title='bbox 2178 4219 2472 4273; x_wconf 88' lang='lat' dir='ltr'><strong>necessitas</strong></span> <span class='ocrx_word' id='word_1_711' title='bbox 2489 4218 2756 4288; x_wconf 80' lang='lat' dir='ltr'><strong>ﬂagitabat</strong></span> <span class='ocrx_word' id='word_1_712' title='bbox 2771 4222 2836 4274; x_wconf 88' lang='lat' dir='ltr'><strong>ad</strong></span> <span class='ocrx_word' id='word_1_713' title='bbox 2853 4224 3249 4290; x_wconf 71' lang='lat' dir='ltr'><strong>praedicationis</strong></span> <span class='ocrx_word' id='word_1_714' title='bbox 3269 4225 3749 4293; x_wconf 73' lang='lat' dir='ltr'><strong>dispensationem.</strong></span> 
     </span>
    </p>
   </div>
   <div class='ocr_carea' id='block_1_108' title="bbox 2244 4306 3749 4383">
    <p class='ocr_par' dir='ltr' id='par_1_108' title="bbox 2244 4306 3749 4383">
     <span class='ocr_line' id='line_1_108' title="bbox 2244 4306 3749 4383; baseline 0.007 -24"><span class='ocrx_word' id='word_1_715' title='bbox 2244 4306 2644 4380; x_wconf 42' lang='lat' dir='ltr'><strong>‘Vernmtamcn</strong></span> <span class='ocrx_word' id='word_1_716' title='bbox 2675 4309 2873 4368; x_wconf 86' lang='lat' dir='ltr'><strong>Paulus</strong></span> <span class='ocrx_word' id='word_1_717' title='bbox 2923 4311 3143 4368; x_wconf 80' lang='lat' dir='ltr'><strong>Petrum</strong></span> <span class='ocrx_word' id='word_1_718' title='bbox 3182 4316 3403 4368; x_wconf 87' lang='lat' dir='ltr'><strong>minime</strong></span> <span class='ocrx_word' id='word_1_719' title='bbox 3444 4317 3699 4383; x_wconf 75' lang='lat' dir='ltr'><strong>ignorans</strong></span> <span class='ocrx_word' id='word_1_720' title='bbox 3736 4336 3749 4370; x_wconf 87' lang='lat'><strong>:</strong></span> 
     </span>
    </p>
   </div>
   <div class='ocr_carea' id='block_1_109' title="bbox 2237 4398 3751 4472">
    <p class='ocr_par' dir='ltr' id='par_1_109' title="bbox 2237 4398 3751 4472">
     <span class='ocr_line' id='line_1_109' title="bbox 2237 4398 3751 4472; baseline 0.005 -21"><span class='ocrx_word' id='word_1_721' title='bbox 2237 4399 2433 4463; x_wconf 72' lang='lat' dir='ltr'><strong>scandi,</strong></span> <span class='ocrx_word' id='word_1_722' title='bbox 2476 4398 2668 4468; x_wconf 90' lang='lat' dir='ltr'><strong>inquit,</strong></span> <span class='ocrx_word' id='word_1_723' title='bbox 2705 4399 3125 4472; x_wconf 80' lang='lat' dir='ltr'><strong>Hierosolymam</strong></span> <span class='ocrx_word' id='word_1_724' title='bbox 3149 4405 3320 4458; x_wconf 77' lang='lat' dir='ltr'><strong>videre</strong></span> <span class='ocrx_word' id='word_1_725' title='bbox 3353 4403 3596 4468; x_wconf 75' lang='lat' dir='ltr'><strong>Petrum,</strong></span> <span class='ocrx_word' id='word_1_726' title='bbox 3635 4408 3751 4459; x_wconf 86' lang='lat' dir='ltr'><strong>vcl-</strong></span> 
     </span>
    </p>
   </div>
   <div class='ocr_carea' id='block_1_110' title="bbox 2183 4487 3748 4555">
    <p class='ocr_par' dir='ltr' id='par_1_110' title="bbox 2183 4487 3748 4555">
     <span class='ocr_line' id='line_1_110' title="bbox 2183 4487 3748 4555; baseline 0.005 -15"><span class='ocrx_word' id='word_1_727' title='bbox 2183 4488 2258 4540; x_wconf 89' lang='lat' dir='ltr'><strong>uti</strong></span> <span class='ocrx_word' id='word_1_728' title='bbox 2313 4487 2528 4555; x_wconf 90' lang='lat' dir='ltr'><strong>aliquod</strong></span> <span class='ocrx_word' id='word_1_729' title='bbox 2573 4503 2854 4544; x_wconf 89' lang='lat' dir='ltr'><strong>sacrorum</strong></span> <span class='ocrx_word' id='word_1_730' title='bbox 2910 4493 3188 4546; x_wconf 89' lang='lat' dir='ltr'><strong>monillum</strong></span> <span class='ocrx_word' id='word_1_731' title='bbox 3227 4494 3748 4550; x_wconf 78' lang='lat' dir='ltr'><strong>excellentissimum</strong></span> 
     </span>
    </p>
   </div>
   <div class='ocr_carea' id='block_1_111' title="bbox 2183 4579 3753 4651">
    <p class='ocr_par' dir='ltr' id='par_1_111' title="bbox 2183 4579 3753 4651">
     <span class='ocr_line' id='line_1_111' title="bbox 2183 4579 3753 4651; baseline 0.006 -20"><span class='ocrx_word' id='word_1_732' title='bbox 2183 4579 2483 4632; x_wconf 87' lang='lat' dir='ltr'><strong>intuitttrus</strong></span> <span class='ocrx_word' id='word_1_733' title='bbox 2545 4581 2702 4647; x_wconf 84' lang='lat' dir='ltr'><strong>eique</strong></span> <span class='ocrx_word' id='word_1_734' title='bbox 2749 4584 3007 4637; x_wconf 89' lang='lat' dir='ltr'><strong>honorem</strong></span> <span class='ocrx_word' id='word_1_735' title='bbox 3057 4584 3388 4651; x_wconf 76' lang='lat' dir='ltr'><strong>redditurus,</strong></span> <span class='ocrx_word' id='word_1_736' title='bbox 3435 4588 3548 4640; x_wconf 84' lang='lat' dir='ltr'><strong>sive</strong></span> <span class='ocrx_word' id='word_1_737' title='bbox 3591 4588 3753 4640; x_wconf 88' lang='lat' dir='ltr'><strong>etiam</strong></span> 
     </span>
    </p>
   </div>
   <div class='ocr_carea' id='block_1_112' title="bbox 2185 4669 3756 4738">
    <p class='ocr_par' dir='ltr' id='par_1_112' title="bbox 2185 4669 3756 4738">
     <span class='ocr_line' id='line_1_112' title="bbox 2185 4669 3756 4738; baseline 0.005 -18"><span class='ocrx_word' id='word_1_738' title='bbox 2185 4669 2528 4736; x_wconf 81' lang='lat' dir='ltr'><strong>Evangelium</strong></span> <span class='ocrx_word' id='word_1_739' title='bbox 2578 4686 2698 4724; x_wconf 91' lang='lat' dir='ltr'><strong>cum</strong></span> <span class='ocrx_word' id='word_1_740' title='bbox 2739 4688 2806 4726; x_wconf 87' lang='lat' dir='ltr'><strong>eo</strong></span> <span class='ocrx_word' id='word_1_741' title='bbox 2849 4675 3178 4738; x_wconf 84' lang='lat' dir='ltr'><strong>collaturus;</strong></span> <span class='ocrx_word' id='word_1_742' title='bbox 3219 4684 3275 4728; x_wconf 92' lang='lat' dir='ltr'><strong>ut</strong></span> <span class='ocrx_word' id='word_1_743' title='bbox 3323 4677 3408 4728; x_wconf 86' lang='lat' dir='ltr'><strong>vel</strong></span> <span class='ocrx_word' id='word_1_744' title='bbox 3446 4678 3756 4730; x_wconf 82' lang='lat' dir='ltr'><strong>ﬁrmaretur</strong></span> 
     </span>
    </p>
   </div>
   <div class='ocr_carea' id='block_1_113' title="bbox 2181 4759 3754 4837">
    <p class='ocr_par' dir='ltr' id='par_1_113' title="bbox 2181 4759 3754 4837">
     <span class='ocr_line' id='line_1_113' title="bbox 2181 4759 3754 4837; baseline 0.008 -28"><span class='ocrx_word' id='word_1_745' title='bbox 2181 4759 2323 4824; x_wconf 81' lang='lat' dir='ltr'><strong>quod</strong></span> <span class='ocrx_word' id='word_1_746' title='bbox 2381 4771 2591 4814; x_wconf 89' lang='lat' dir='ltr'><strong>rectum</strong></span> <span class='ocrx_word' id='word_1_747' title='bbox 2644 4774 2782 4828; x_wconf 88' lang='lat' dir='ltr'><strong>erat,</strong></span> <span class='ocrx_word' id='word_1_748' title='bbox 2834 4768 2917 4819; x_wconf 82' lang='lat' dir='ltr'><strong>vel</strong></span> <span class='ocrx_word' id='word_1_749' title='bbox 2967 4769 3314 4834; x_wconf 87' lang='lat' dir='ltr'><strong>suppleretur</strong></span> <span class='ocrx_word' id='word_1_750' title='bbox 3358 4771 3502 4837; x_wconf 83' lang='lat' dir='ltr'><strong>quod</strong></span> <span class='ocrx_word' id='word_1_751' title='bbox 3547 4772 3754 4823; x_wconf 87' lang='lat' dir='ltr'><strong>deerat.</strong></span> 
     </span>
    </p>
   </div>
   <div class='ocr_carea' id='block_1_114' title="bbox 2180 4847 3757 4929">
    <p class='ocr_par' dir='ltr' id='par_1_114' title="bbox 2180 4847 3757 4929">
     <span class='ocr_line' id='line_1_114' title="bbox 2180 4847 3757 4929; baseline 0.008 -28"><span class='ocrx_word' id='word_1_752' title='bbox 2180 4847 2312 4902; x_wconf 83' lang='lat' dir='ltr'><strong>Nam</strong></span> <span class='ocrx_word' id='word_1_753' title='bbox 2353 4853 2451 4905; x_wconf 85' lang='lat' dir='ltr'><strong>etsi</strong></span> <span class='ocrx_word' id='word_1_754' title='bbox 2487 4855 2662 4908; x_wconf 89' lang='lat' dir='ltr'><strong>onmis</strong></span> <span class='ocrx_word' id='word_1_755' title='bbox 2689 4859 2909 4911; x_wconf 84' lang='lat' dir='ltr'><strong>ambitio</strong></span> <span class='ocrx_word' id='word_1_756' title='bbox 2938 4872 2966 4910; x_wconf 94' lang='lat' dir='ltr'><strong>e</strong></span> <span class='ocrx_word' id='word_1_757' title='bbox 2991 4861 3158 4912; x_wconf 90' lang='lat' dir='ltr'><strong>choro</strong></span> <span class='ocrx_word' id='word_1_758' title='bbox 3190 4861 3280 4913; x_wconf 87' lang='lat' dir='ltr'><strong>illo</strong></span> <span class='ocrx_word' id='word_1_759' title='bbox 3312 4862 3609 4929; x_wconf 89' lang='lat' dir='ltr'><strong>apostolico</strong></span> <span class='ocrx_word' id='word_1_760' title='bbox 3637 4875 3757 4916; x_wconf 90' lang='lat' dir='ltr'><strong>erat</strong></span> 
     </span>
    </p>
   </div>
   <div class='ocr_carea' id='block_1_115' title="bbox 2183 4944 3757 5021">
    <p class='ocr_par' dir='ltr' id='par_1_115' title="bbox 2183 4944 3757 5021">
     <span class='ocr_line' id='line_1_115' title="bbox 2183 4944 3757 5021; baseline 0.007 -26"><span class='ocrx_word' id='word_1_761' title='bbox 2183 4944 2544 4998; x_wconf 87' lang='lat' dir='ltr'><strong>remotissima</strong></span> <span class='ocrx_word' id='word_1_762' title='bbox 2601 4946 2851 5015; x_wconf 78' lang='lat' dir='ltr'><strong>(perfecti</strong></span> <span class='ocrx_word' id='word_1_763' title='bbox 2895 4951 3038 5002; x_wconf 88' lang='lat' dir='ltr'><strong>enim</strong></span> <span class='ocrx_word' id='word_1_764' title='bbox 3097 4961 3256 5006; x_wconf 85' lang='lat' dir='ltr'><strong>erant</strong></span> <span class='ocrx_word' id='word_1_765' title='bbox 3308 4953 3529 5020; x_wconf 75' lang='lat' dir='ltr'><strong>singuli,</strong></span> <span class='ocrx_word' id='word_1_766' title='bbox 3584 4968 3757 5021; x_wconf 89' lang='lat' dir='ltr'><strong>neque</strong></span> 
     </span>
    </p>
   </div>
   <div class='ocr_carea' id='block_1_116' title="bbox 2183 5034 3757 5112">
    <p class='ocr_par' dir='ltr' id='par_1_116' title="bbox 2183 5034 3757 5112">
     <span class='ocr_line' id='line_1_116' title="bbox 2183 5034 3757 5112; baseline 0.009 -27"><span class='ocrx_word' id='word_1_767' title='bbox 2183 5034 2322 5108; x_wconf 80' lang='lat' dir='ltr'><strong>duce</strong></span> <span class='ocrx_word' id='word_1_768' title='bbox 2369 5036 2725 5106; x_wconf 85' lang='lat' dir='ltr'><strong>indigebant),</strong></span> <span class='ocrx_word' id='word_1_769' title='bbox 2764 5049 2939 5093; x_wconf 86' lang='lat' dir='ltr'><strong>tamen</strong></span> <span class='ocrx_word' id='word_1_770' title='bbox 2974 5043 3111 5112; x_wconf 82' lang='lat' dir='ltr'><strong>apud</strong></span> <span class='ocrx_word' id='word_1_771' title='bbox 3145 5043 3263 5096; x_wconf 85' lang='lat' dir='ltr'><strong>illos</strong></span> <span class='ocrx_word' id='word_1_772' title='bbox 3319 5045 3481 5098; x_wconf 87' lang='lat' dir='ltr'><strong>etiam</strong></span> <span class='ocrx_word' id='word_1_773' title='bbox 3541 5045 3676 5098; x_wconf 90' lang='lat' dir='ltr'><strong>ordo</strong></span> <span class='ocrx_word' id='word_1_774' title='bbox 3700 5055 3757 5099; x_wconf 83' lang='lat' dir='ltr'><strong>ut</strong></span> 
     </span>
    </p>
   </div>
   <div class='ocr_carea' id='block_1_117' title="bbox 2178 5126 3755 5202">
    <p class='ocr_par' dir='ltr' id='par_1_117' title="bbox 2178 5126 3755 5202">
     <span class='ocr_line' id='line_1_117' title="bbox 2178 5126 3755 5202; baseline 0.006 -26"><span class='ocrx_word' id='word_1_775' title='bbox 2178 5127 2384 5190; x_wconf 83' lang='lat' dir='ltr'><strong>primus</strong></span> <span class='ocrx_word' id='word_1_776' title='bbox 2452 5126 2715 5182; x_wconf 89' lang='lat' dir='ltr'><strong>bonorum</strong></span> <span class='ocrx_word' id='word_1_777' title='bbox 2789 5128 3028 5185; x_wconf 76' lang='lat' dir='ltr'><strong>omnium</strong></span> <span class='ocrx_word' id='word_1_778' title='bbox 3094 5149 3120 5185; x_wconf 90' lang='lat' dir='ltr'><strong>a</strong></span> <span class='ocrx_word' id='word_1_779' title='bbox 3197 5133 3425 5187; x_wconf 90' lang='lat' dir='ltr'><strong>Domino</strong></span> <span class='ocrx_word' id='word_1_780' title='bbox 3479 5134 3755 5202; x_wconf 88' lang='lat' dir='ltr'><strong>plantatus</strong></span> 
     </span>
    </p>
   </div>
   <div class='ocr_carea' id='block_1_118' title="bbox 2176 5216 3746 5289">
    <p class='ocr_par' dir='ltr' id='par_1_118' title="bbox 2176 5216 3746 5289">
     <span class='ocr_line' id='line_1_118' title="bbox 2176 5216 3746 5289; baseline 0.007 -21"><span class='ocrx_word' id='word_1_781' title='bbox 2176 5216 2393 5281; x_wconf 83' lang='lat' dir='ltr'><strong>fuerat;</strong></span> <span class='ocrx_word' id='word_1_782' title='bbox 2429 5225 2593 5288; x_wconf 89' lang='lat' dir='ltr'><strong>atque</strong></span> <span class='ocrx_word' id='word_1_783' title='bbox 2625 5219 2690 5275; x_wconf 89' lang='lat' dir='ltr'><strong>ad</strong></span> <span class='ocrx_word' id='word_1_784' title='bbox 2723 5222 2968 5289; x_wconf 87' lang='lat' dir='ltr'><strong>Petrum,</strong></span> <span class='ocrx_word' id='word_1_785' title='bbox 3003 5224 3165 5278; x_wconf 91' lang='lat' dir='ltr'><strong>veluti</strong></span> <span class='ocrx_word' id='word_1_786' title='bbox 3196 5225 3263 5278; x_wconf 86' lang='lat' dir='ltr'><strong>ad</strong></span> <span class='ocrx_word' id='word_1_787' title='bbox 3291 5226 3433 5278; x_wconf 83' lang='lat' dir='ltr'><strong>illius</strong></span> <span class='ocrx_word' id='word_1_788' title='bbox 3463 5241 3746 5280; x_wconf 87' lang='lat' dir='ltr'><strong>successo—</strong></span> 
     </span>
    </p>
   </div>
   <div class='ocr_carea' id='block_1_119' title="bbox 2174 5307 3751 5385">
    <p class='ocr_par' dir='ltr' id='par_1_119' title="bbox 2174 5307 3751 5385">
     <span class='ocr_line' id='line_1_119' title="bbox 2174 5307 3751 5385; baseline 0.008 -26"><span class='ocrx_word' id='word_1_789' title='bbox 2174 5319 2314 5371; x_wconf 89' lang='lat' dir='ltr'><strong>rem,</strong></span> <span class='ocrx_word' id='word_1_790' title='bbox 2367 5307 2956 5371; x_wconf 70' lang='lat' dir='ltr'><strong>intuebantur‘omnes.</strong></span> <span class='ocrx_word' id='word_1_791' title='bbox 3004 5315 3190 5385; x_wconf 72' lang='lat' dir='ltr'><strong>Neque</strong></span> <span class='ocrx_word' id='word_1_792' title='bbox 3223 5318 3365 5371; x_wconf 89' lang='lat' dir='ltr'><strong>enim</strong></span> <span class='ocrx_word' id='word_1_793' title='bbox 3407 5316 3631 5372; x_wconf 74' lang='lat' dir='ltr'><strong>fortuito</strong></span> <span class='ocrx_word' id='word_1_794' title='bbox 3664 5334 3751 5371; x_wconf 87' lang='lat' dir='ltr'><strong>res</strong></span> 
     </span>
    </p>
   </div>
   <div class='ocr_carea' id='block_1_120' title="bbox 2173 5399 3748 5478">
    <p class='ocr_par' dir='ltr' id='par_1_120' title="bbox 2173 5399 3748 5478">
     <span class='ocr_line' id='line_1_120' title="bbox 2173 5399 3748 5478; baseline 0.01 -28"><span class='ocrx_word' id='word_1_795' title='bbox 2173 5399 2312 5466; x_wconf 85' lang='lat' dir='ltr'><strong>apud</strong></span> <span class='ocrx_word' id='word_1_796' title='bbox 2353 5400 2475 5456; x_wconf 89' lang='lat' dir='ltr'><strong>illos</strong></span> <span class='ocrx_word' id='word_1_797' title='bbox 2505 5405 2816 5473; x_wconf 86' lang='lat' dir='ltr'><strong>gerebatur,</strong></span> <span class='ocrx_word' id='word_1_798' title='bbox 2851 5409 2968 5473; x_wconf 92' lang='lat' dir='ltr'><strong>sed,</strong></span> <span class='ocrx_word' id='word_1_799' title='bbox 3002 5411 3148 5464; x_wconf 83' lang='lat' dir='ltr'><strong>velut</strong></span> <span class='ocrx_word' id='word_1_800' title='bbox 3175 5420 3439 5478; x_wconf 71' lang='lat' dir='ltr'><strong>praesente</strong></span> <span class='ocrx_word' id='word_1_801' title='bbox 3474 5412 3636 5475; x_wconf 89' lang='lat' dir='ltr'><strong>duce,</strong></span> <span class='ocrx_word' id='word_1_802' title='bbox 3668 5405 3748 5465; x_wconf 64' lang='grc' dir='ltr'><strong>’δὴ</strong></span> 
     </span>
    </p>
   </div>
   <div class='ocr_carea' id='block_1_121' title="bbox 2173 5488 3748 5570">
    <p class='ocr_par' dir='ltr' id='par_1_121' title="bbox 2173 5488 3748 5570">
     <span class='ocr_line' id='line_1_121' title="bbox 2173 5488 3748 5570; baseline 0.008 -30"><span class='ocrx_word' id='word_1_803' title='bbox 2173 5488 2289 5557; x_wconf 90' lang='lat' dir='ltr'><strong>ipso</strong></span> <span class='ocrx_word' id='word_1_804' title='bbox 2332 5491 2543 5561; x_wconf 83' lang='lat' dir='ltr'><strong>signum</strong></span> <span class='ocrx_word' id='word_1_805' title='bbox 2574 5500 2964 5566; x_wconf 74' lang='lat' dir='ltr'><strong>exspectabant</strong></span> <span class='ocrx_word' id='word_1_806' title='bbox 3003 5518 3015 5553; x_wconf 90' lang='lat'><strong>:</strong></span> <span class='ocrx_word' id='word_1_807' title='bbox 3057 5517 3116 5555; x_wconf 80' lang='lat' dir='ltr'><strong>ac</strong></span> <span class='ocrx_word' id='word_1_808' title='bbox 3149 5503 3322 5570; x_wconf 85' lang='lat' dir='ltr'><strong>primo</strong></span> <span class='ocrx_word' id='word_1_809' title='bbox 3353 5502 3748 5564; x_wconf 77' lang='lat' dir='ltr'><strong>concedebant,</strong></span> 
     </span>
    </p>
   </div>
   <div class='ocr_carea' id='block_1_122' title="bbox 2194 496 2507 555">
    <p class='ocr_par' dir='ltr' id='par_1_122' title="bbox 2194 496 2507 555">
     <span class='ocr_line' id='line_1_122' title="bbox 2194 496 2507 555; baseline 0.035 -11"><span class='ocrx_word' id='word_1_810' title='bbox 2194 496 2453 554; x_wconf 79' lang='lat' dir='ltr'><strong>dicentem</strong></span> <span class='ocrx_word' id='word_1_811' title='bbox 2498 522 2507 555; x_wconf 96' lang='lat'>:</span> 
     </span>
    </p>
   </div>
   <div class='ocr_carea' id='block_1_123' title="bbox 2422 5671 3746 5763">
    <p class='ocr_par' dir='ltr' id='par_1_123' title="bbox 2422 5692 3746 5763">
     <span class='ocr_line' id='line_1_123' title="bbox 2422 5692 3746 5763; baseline 0.002 -16"><span class='ocrx_word' id='word_1_812' title='bbox 2422 5695 2465 5725; x_wconf 83' lang='lat'>”</span> <span class='ocrx_word' id='word_1_813' title='bbox 2505 5692 2638 5750; x_wconf 85' lang='lat' dir='ltr'><strong>Luc.</strong></span> <span class='ocrx_word' id='word_1_814' title='bbox 2667 5697 2904 5754; x_wconf 70' lang='lat'><strong>“11.32.</strong></span> <span class='ocrx_word' id='word_1_815' title='bbox 3002 5699 3047 5728; x_wconf 81' lang='lat'><strong>&quot;</strong></span> <span class='ocrx_word' id='word_1_816' title='bbox 3073 5698 3262 5752; x_wconf 85' lang='lat' dir='ltr'><strong>Matth.</strong></span> <span class='ocrx_word' id='word_1_817' title='bbox 3317 5715 3452 5760; x_wconf 77' lang='lat' dir='ltr'><strong>nit,</strong></span> <span class='ocrx_word' id='word_1_818' title='bbox 3486 5699 3556 5752; x_wconf 64' lang='grc' dir='ltr'><strong>Ἠ)</strong></span> <span class='ocrx_word' id='word_1_819' title='bbox 3591 5713 3746 5763; x_wconf 78' lang='lat' dir='ltr'><strong>seqq.</strong></span> 
     </span>
    </p>
   </div>
   <div class='ocr_carea' id='block_1_124' title="bbox 2758 5768 3750 5831">
    <p class='ocr_par' dir='ltr' id='par_1_124' title="bbox 2758 5768 3750 5831">
     <span class='ocr_line' id='line_1_124' title="bbox 2758 5768 3750 5831; baseline 0 -10"><span class='ocrx_word' id='word_1_820' title='bbox 2758 5768 2798 5798; x_wconf 81' lang='grc'><strong>⁸⁸</strong></span> <span class='ocrx_word' id='word_1_821' title='bbox 2840 5768 3004 5822; x_wconf 76' lang='lat' dir='ltr'><strong>Marc.</strong></span> <span class='ocrx_word' id='word_1_822' title='bbox 3045 5771 3226 5831; x_wconf 71' lang='lat' dir='ltr'><strong>X\&#39;I,7.</strong></span> <span class='ocrx_word' id='word_1_823' title='bbox 3303 5771 3346 5804; x_wconf 81' lang='lat'><strong>&quot;</strong></span> <span class='ocrx_word' id='word_1_824' title='bbox 3378 5769 3550 5823; x_wconf 78' lang='lat' dir='ltr'><strong>Galut.</strong></span> <span class='ocrx_word' id='word_1_825' title='bbox 3591 5785 3626 5826; x_wconf 80' lang='grc' dir='ltr'><strong>ι,</strong></span> <span class='ocrx_word' id='word_1_826' title='bbox 3667 5768 3750 5825; x_wconf 84' lang='grc' dir='ltr'><strong>Ιδ.</strong></span> 
     </span>
    </p>
   </div>
  </div>
