4472 6434
792 356 898 417 243

2037 368 2432 433 ΜΛΝΠΕΙᾸΞ
2462 375 2766 437 CALECE

3907 369 4012 440 ait

792 482 913 520 cum
958 468 1065 521 illic
1098 469 1148 522 in
1180 474 1452 524 communi
1490 483 1631 527 cmtu
1664 475 1863 542 aliquid
1890 478 2177 532 dicendum
2213 493 2350 543 erat,
2382 501 2427 550 Α
2456 487 2648 553 simque
2699 489 2858 553 ἱρήια
2884 491 3246 558 principatus;
3283 492 3392 545 illic
3415 493 3571 546 etiam
3599 495 3790 545 terreni
3812 493 4012 559 imperii

791 566 849 606 ut
879 557 1083 626 liquido
1122 560 1171 610 in
1196 561 1416 613 Actibus
1443 574 1666 629 apparet
1691 564 1755 618 ⁸³.
1804 566 2016 618 Primus
2040 572 2180 621 enim
2212 571 2350 622 inter

789 659 999 708 omnes,
1044 649 1402 712 praesentibus
1439 651 1580 713 aliis,
1613 662 1670 703 ut
1710 654 1876 720 ipsius
1919 657 2068 709 chori
2102 660 2351 728 prfnccps

791 734 1096 787 eoneionari
1132 737 1567 802 deprehenditur,
1603 755 1743 792 nunc
1764 742 1979 808 quidem
2012 746 2075 795 ad
2107 744 2345 807 Jidzeos,

791 838 935 876 nunc
968 834 1146 897 autem
1180 826 1243 877 ad
1273 828 1505 890 sodales,
1542 845 1665 883 cum
1699 846 1877 884 sermo
1904 844 2047 885 essu
2079 834 2144 886 de
2173 851 2352 887 Surru-

790 917 965 979 gamlo
994 917 1254 983 pro:litori
1292 934 1605 972 successore
1662 930 1715 973 et
1747 924 2017 991 eligendo.
2046 924 2342 991 Oportebat

792 1007 963 1058 extim-
988 1016 1043 1059 ut
1091 1007 1328 1060 futurum
1375 1012 1424 1061 in
1456 1012 1691 1064 Ecclesia
1745 1014 1946 1067 Christi
1981 1018 2221 1068 Ordinem
2258 1019 2354 1085 ipsi

788 1097 1218 1164 prmligurai'ent,
1294 1107 1349 1151 ut
1411 1104 1863 1167 quemmlaimlnm
1929 1108 2136 1158 eri-teris
2195 1108 2356 1158 duces

790 1187 1053 1238 bonorum
1130 1188 1369 1240 omnium
1464 1188 1647 1251 luere,
1732 1193 1809 1243 sic

789 1287 993 1329 essent.

858 1367 1017 1433 Atqui
1051 1368 1094 1419 si
1132 1368 1223 1429 illi,
1264 1384 1385 1420 cum
1434 1370 1655 1437 perfecti
1689 1384 1895 1433 essent,
1934 1375 2138 1426 ordinis
2178 1383 2353 1426 tamen

791 1470 973 1507 ruram
1009 1457 1294 1507 maximam
1324 1460 1705 1522 adhibuerunt,
1746 1476 1917 1525 neque
1967 1472 2198 1514 statutos
2248 1472 2359 1515 ter-

793 1544 967 1597 minos
1032 1547 1354 1614 transgressi
1404 1558 1549 1609 sunt,
1603 1551 1872 1614 quomodo
1919 1566 2019 1603 non
2070 1564 2159 1601 eos
2210 1554 2355 1605 arhis

792 1645 998 1689 tremur
1052 1652 1145 1703 per
1194 1652 1253 1689 ea
1308 1652 1426 1705 qua:
1484 1653 1716 1707 gessere,
1758 1642 1989 1706 posteris
2040 1644 2150 1693 suis
2206 1643 2346 1695 hunc

794 1726 965 1778 modis
1045 1729 1295 1781 onmibus
1386 1731 1702 1782 servandum
1786 1715 2117 1784 tradidisse?
2178 1735 2357 1800 Atque

792 1820 1132 1884 apponebant
1163 1819 1235 1871 illi
1274 1819 1513 1888 quidem,
1555 1823 1645 1886 qui
1690 1821 2057 1885 crediderant,
2106 1824 2363 1889 pecunias

794 1906 860 1957 ad
904 1907 1064 1972 pedes
1096 1910 1458 1971 apostolorum
1494 1927 1507 1973 ;
1548 1909 1737 1964 Petrus
1775 1922 1949 1964 autem
1983 1928 2077 1965 eos
2107 1914 2195 1980 qui
2240 1914 2351 1968 Deo

795 1999 1003 2052 mentiti
1058 1997 1313 2063 luerunt,
1378 2001 1641 2054 Auaniam
1699 2013 1751 2055 et
1814 2002 2153 2071 Sapphiram,
2206 2007 2366 2059 simul

795 2091 1032 2159 reliquos
1080 2094 1374 2145 admonens
1411 2110 1472 2145 ac.
1520 2094 1797 2164 malignari
1832 2098 2141 2163 prohibens,
2174 2099 2279 2151 dux
2314 2108 2366 2151 ct

792 2176 955 2240 judex
1026 2180 1271 2233 veritatis
1350 2190 1575 2243 astans,
1650 2183 1837 2235 mortis
1904 2186 2166 2238 sententia
2228 2186 2365 2239 mulo

797 2268 951 2322 tavit.

1900 1196 2063 1244 etiam
2148 1196 2355 1247 ordinis

867 2381 1138 2450 Seriptnm
1192 2394 1276 2439 est
1326 2396 1503 2441 autem
1553 2396 1600 2440 et
1657 2388 1707 2440 in
1741 2388 1963 2440 historia
2024 2390 2313 2444 Clementis
2349 2432 2364 2456 ,

796 2469 887 2535 qui
930 2481 1048 2537 post
1080 2470 1298 2525 Petrum
1345 2489 1629 2529 successor
1659 2475 1774 2541 ejus
1818 2476 1936 2541 fuit,
1971 2480 2109 2546 quod
2146 2496 2267 2533 cum
2298 2496 2365 2534 ex

794 2567 898 2614 hac
929 2564 1032 2615 vita
1079 2563 1267 2617 Petrus
1322 2566 1666 2622 beatissimus
1725 2570 2049 2639 migraturus
2099 2582 2244 2627 esset
2299 2575 2365 2627 ad

798 2654 1110 2720 Dominum,
1160 2658 1488 2711 Clementem
1568 2662 1884 2727 advocatis,
1945 2664 2042 2733 ipsi
2104 2666 2365 2731 tradidit,

796 2759 954 2811 quem
1008 2758 1285 2815 acceperat
1318 2765 1345 2802 a
1392 2750 1636 2815 Domino,
1701 2752 1950 2807 Ecclesia:
1988 2756 2365 2824 principatum,

796 2837 1084 2906 fidelesque
1143 2841 1438 2909 :cqualiter,
1491 2852 1547 2894 ut
1583 2843 1684 2896 sibi
1719 2846 1934 2905 viventi,
1970 2845 2130 2900 veluti
2182 2847 2368 2902 Eccle-

795 2929 891 2979 sia}
923 2930 1150 2997 principi
1191 2943 1419 2985 eatenus
1458 2933 1821 2995 intenderant,
1861 2935 1932 2987 ita
1978 2946 2029 2988 et
2071 2936 2136 2988 ad
2198 2937 2367 2999 illum,

797 3029 855 3072 nt
902 3035 1079 3084 suum,
1122 3036 1183 3074 ac
1229 3024 1505 3090 dignitatis
1545 3039 1656 3078 sum
1701 3042 2069 3080 successorem
2120 3030 2363 3096 aSpicerc

2455 582 2625 628 sedem
2662 579 2843 639 statui,
2869 580 2957 631 scd
2990 580 3119 631 lianc
3141 581 3344 648 quidem
3373 593 3550 633 sancto
3599 581 3750 633 Petro
3806 584 4016 650 ejusque

2458 670 2841 719 successoribus
2864 671 3205 735 dcputmnus;
3237 686 3325 722 nos
3354 682 3521 723 antem
3553 687 3840 737 qucrremus
3874 673 4015 737 regni

2460 756 2625 807 sedent
2652 758 2754 808 alio
2780 759 2984 819 inloco,
3005 758 3242 819 Byzantii
3274 760 3493 821 scilicet,
3512 759 3788 824 nidi/imre.
3817 760 3873 811 Et
3901 774 4018 822 qu.e

2461 846 2561 896 alia
2610 862 2635 896 a
2663 846 2826 911 ljvcit,
2862 858 2909 899 et
2961 850 3024 901 de
3063 851 3412 902 conversione
3460 866 3552 901 sua
3586 866 3828 911 nari-ars,
3868 863 3915 900 et
3955 854 4016 900 de

2461 936 2713 999 δίπηῖῑτηο
2744 953 3109 991 Sttt‘ct‘ssorum
3145 941 3279 992 beati
3307 942 3448 993 Petri
3478 943 3651 993 edicta
3690 958 4013 1006 proponens,

2461 1030 2829 1094 servandaque
2860 1030 3084 1093 posteris
3119 1032 3356 1092 tradens,
3386 1046 3507 1095 erga
3558 1046 3717 1096 quam
3760 1029 3859 1079 nisi
3896 1042 4019 1079 Suc-

2460 1128 2699 1166 ce=sures
2748 1117 2956 1182 imperii
2994 1132 3173 1183 parem
3223 1121 3572 1171 reverentiam
3628 1129 3862 1181 servent.
3907 1128 4019 1170 δια·

2462 1206 2676 1256 tumulos
2753 1223 2868 1257 cum
2933 1208 3334 1275 cruciﬁxoribus
3404 1208 3614 1260 Domini
3676 1210 3838 1258 nostri
3894 1206 4019 1257 .lcsu

2461 1298 2685 1358 Christi,
2745 1301 3109 1369 (malorumque
3158 1303 3508 1365 apostolorum
3568 1299 3710 1352 Petri
3769 1312 3817 1352 ct
3867 1298 4022 1351 Pauli

2462 1389 2765 1441 incursuros
2796 1391 3201 1458 indignationem
3242 1393 3461 1445 iudicat.

2534 1478 2731 1531 Pro-ter
2765 1490 2952 1532 mut-ra
2988 1483 3129 1533 enim
3168 1497 3351 1533 rursus
3398 1490 3448 1532 ct
3487 1482 3584 1533 hoc
3615 1482 3689 1533 ait
3725 1498 3735 1532 :
3775 1480 4020 1532 Ordine-iv

2462 1569 2706 1620 stratoris
2755 1585 2845 1620 nos
2875 1571 3022 1621 beato
3067 1568 3330 1638 Sylvcstro
3394 1586 3544 1637 papae
3602 1572 3883 1623 successori
3910 1572 4027 1621 ben-

2463 1658 2647 1708 tissimi
2702 1664 2800 1709 mci
2847 1659 2987 1711 Petri
3040 1662 3263 1727 apostoli
3312 1661 3490 1712 vicarii
3533 1660 3725 1714 Citriin
3784 1662 4025 1728 impleri-

2397 1772 2438 1824 ‘3
2470 1762 2605 1798 nius.

2539 1836 2661 1891 llaec
2701 1851 2753 1893 ct
2789 1840 2838 1893 hi
2887 1841 2974 1907 qui
3024 1850 3204 1908 postea
3239 1840 3385 1895 fuere
3417 1810 3841 1896 Christianortim
3879 1857 4028 1909 reges

2469 1940 2838 1993 agnoscentes,
2872 1940 3030 1998 atque
3064 1931 3113 1982 in
3147 1932 3228 1983 his
3262 1946 3476 1984 manere
3509 1934 3700 1993 coacti,
3760 1934 4025 1999 siquidem

2472 2017 2707 2070 hmretici
2759 2018 3007 2085 fuissent,
3048 2018 3275 2073 Romani
3323 2021 3555 2091 episcOpi
3592 2023 3936 2085 sententiam,
3979 2024 4029 2073 in

2468 2108 2666 2175 quibus
2728 2117 2995 2178 poterant,
3056 2125 3237 2164 secum
3290 2111 3487 2164 habere
3546 2113 3721 2165 modis
3782 2114 4032 2166 omnibus

2471 2196 2854 2262 moliebantur,
2896 2198 3210 2266 dignitatem
3241 2198 3357 2268 ejus
3390 2199 3551 2266 probe
3585 2200 3836 2260 scientes,
3868 2209 4033 2264 utque

2470 2286 2740 2341 subiceret
2790 2287 2855 2341 ad
2904 2288 3083 2342 omnia
3143 2291 3409 2343 sententia
3460 2290 3635 2353 illius;
3694 2302 3845 2358 turpe
3891 2294 4032 2344 enim

2469 2379 2628 2432 sintnl
2657 2388 2819 2449 atque
2838 2379 3015 2433 audax
3035 2380 3331 2445 videbatur,
3352 2381 3553 2435 Christi
3577 2400 3695 2436 eum
3721 2392 3918 2447 essent,
3939 2384 4032 2435 im-

2475 2473 2767 2537 prudenter
2797 2487 2976 2541 agcre,
3015 2472 3115 2527 nisi
3154 2474 3273 2540 quis
3296 2475 3543 2528 fortassis
3571 2478 3634 2528 ad
3665 2491 3852 2529 omnes
3888 2475 4031 2543 leges

2472 2562 2732 2616 rebellare
2754 2563 3091 2617 instituisset.
3128 2563 3219 2618 Sin
3255 2580 3378 2617 vero
3402 2566 3472 2633 pii
3500 2580 3560 2618 ac
3586 2566 3809 2632 religiosi
3834 2576 4033 2629 essent,

2472 2654 2534 2706 de
2558 2654 2639 2707 his
2664 2668 2781 2722 quae
2802 2653 3200 2722 quomodolibet
3227 2667 3403 2709 essent
3423 2657 3687 2724 ambigua,
3709 2656 3827 2724 ejus
3845 2671 4038 2724 exspe-

2471 2740 2687 2794 ctabant
2731 2741 3014 2811 judicium,
3056 2749 3112 2794 ut
3144 2756 3264 2795 cum
3296 2742 3422 2795 illud
3449 2742 3752 2807 haberetur,
3777 2744 3898 2796 aliis
3926 2741 4032 2795 alia

2473 2832 2799 2896 dicentibus,
2847 2832 3021 2886 nullus
3057 2833 3195 2887 ultra
3232 2834 3461 2903 amplius
3503 2835 3779 2903 inquirere
3812 2836 4038 2904 permit-

2476 2933 2700 2977 teretur.

2545 3012 2599 3065 In
2652 3012 2875 3081 synodis
2929 3028 3057 3068 vero
3106 3014 3219 3082 ipso
3248 3014 3487 3069 omnium
3554 3015 3801 3083 princeps
3857 3017 4039 3084 ρι’ωεὶ-

797 3114 1069 3177 ιιτωεορίι.
1113 3113 1265 3165 Hunc
1318 3116 1477 3178 enim,
1540 3118 1732 3185 inquit,
1774 3120 1911 3170 robis
1947 3136 2041 3185 pro
2072 3137 2151 3175 me
2188 3095 2360 3175 ircliu-
2390 3095 2436 3156 δ
2472 3104 2632 3158 debat
2667 3120 2683 3170 ἶ
2719 3114 2773 3158 ει
2805 3105 2886 3158 vel
2923 3119 3018 3174 Per
3046 3120 3190 3169 emno
3243 3106 3327 3160 νει
3356 3121 3448 3174 Per
3474 3104 3630 3171 alios:
3666 3108 3755 3175 qui
3790 3108 3905 3162 νῖοθ
3937 3121 4033 3160 ⁸¹¹³

793 3217 916 3264 quo.
973 3200 1174 3272 Nempe
1205 3213 1255 3256 ct
1294 3206 1620 3259 sanctissimi
1667 3208 2010 3275 evangelista:
2043 3211 2095 3263 in
2146 3228 2366 3268 enume-

799 3292 1009 3347 ratione
1070 3296 1458 3361 apostolorum,
1512 3307 1567 3349 ut
1626 3298 1775 3351 chori
1852 3301 2012 3355 totius
2073 3303 2366 3371 principem

800 3385 1010 3437 Petrum
1078 3401 1291 3454 semper
1350 3399 1686 3456 prmpanunt,
1756 3390 1835 3442 Et'
1876 3392 2111 3447 Ecclesia
2171 3395 2370 3464 ubique

795 3475 1096 3545 principem
1159 3481 1527 3547 apoStolorum
1594 3484 1885 3550 appellat;
1940 3486 2134 3553 quippe
2194 3497 2247 3541 et
2316 3488 2367 3541 in

795 3569 1008 3635 hymnis
1052 3570 1164 3623 suis
1217 3571 1586 3626 Damasccnus
1634 3571 1854 3627 Petrum
1897 3586 1949 3628 et
1988 3576 2208 3629 Paulum
2258 3579 2371 3631 lau-

795 3658 927 3713 dare
992 3662 1196 3724 volens,
1262 3664 1425 3717 alium
1477 3665 1691 3733 quidem
1744 3675 1799 3719 ut
1865 3669 2104 3720 onmium
2160 3678 2373 3739 aposto-

794 3749 970 3803 lorum
1008 3753 1328 3823 principem,
1366 3756 1533 3809 alium
1568 3770 1695 3809 vero
1734 3766 1789 3810 ut
1822 3760 1912 3827 qui
1966 3758 2101 3827 ultra
2145 3771 2370 3817 ca-teros

795 3840 1073 3909 laborarit,
1130 3846 1333 3900 laudat.
1388 3848 1688 3901 Attestatur
1730 3859 1784 3903 et
1834 3851 1992 3904 divus
2044 3850 2369 3922 Chrysosto-

796 3949 916 3990 mus
961 3951 1123 4004 super
1170 3937 1497 3993 Matthmum.

1128 4076 1201 4127 De
1260 4075 1611 4131 Constantino
1666 4087 1717 4133 et
1774 4078 2064 4149 Sylvestro.

864 4190 967 4242 Ista
998 4204 1170 4257 neque
1200 4191 1633 4245 Christianorum
1686 4209 1840 4263 rcges
1883 4196 2207 4263 ignorantes,
2243 4212 2375 4264 quo—

789 4298 910 4335 rum
947 4283 1154 4349 primus
1192 4282 1291 4335 fuit
1326 4282 1517 4336 beatus
1569 4284 1981 4353 Constantinus,
2034 4287 2370 4359 Sytvestrum

792 4384 917 4428 tunc
951 4374 1202 4428 Romam:
1229 4374 1483 4430 Ecclesia:
1516 4378 1873 4444 gubernacula
1914 4390 2373 4451 regentem,com-

792 4468 942 4518 lttltni
986 4469 1205 4520 decreto
1243 4467 1355 4533 (88)
1395 4469 1594 4537 ubique
1626 4485 1722 4537 per
1773 4472 1959 4525 orbem
2006 4475 2368 4543 promulgato,

793 4556 941 4608 l'ctri
971 4568 1017 4609 et
1055 4556 1250 4610 Christi
1290 4574 1634 4613 successorem
1696 4562 1947 4630 appellat,
2008 4574 2369 4632 pastoremque

790 4650 1024 4716 primunt
1049 4659 1096 4701 et
1132 4651 1445 4717 magistrum
1481 4651 1733 4704 Ecclesia:
1773 4653 1936 4706 totius
1973 4664 2128 4706 vocat
2161 4672 2174 4707 :
2209 4653 2368 4722 liqui-

792 4741 971 4810 doque
1008 4745 1345 4809 comprobat,
1379 4758 1438 4795 se
1473 4758 1633 4812 quam
1672 4743 1813 4797 inter
1845 4745 2188 4799 ChrIStiauos
2221 4748 2371 4799 inve-

793 4840 950 4884 nerat
981 4834 1428 4887 consuetudinem
1467 4836 1567 4888 hoc
1599 4836 1816 4889 decreto
1850 4838 2154 4892 rohorassc.
2188 4838 2372 4908 Neqttc

789 4920 936 4971 cnim
990 4936 1161 4987 unper
1217 4936 1281 4975 ex
1341 4925 1624 4991 gentilium
1694 4939 1884 4979 errore
1948 4941 2245 4981 conversus
2305 4929 2371 4981 ad

789 5010 1098 5075 Christum,
1138 5015 1259 5067 novi
1295 5015 1499 5083 aliquid
1552 5016 1604 5068 in
1653 5015 1895 5071 Ecclesia
1930 5020 2107 5072 moliri
2142 5020 2375 5076 voluisse

789 5102 1065 5169 putandus
1116 5114 1219 5169 est,
1269 5106 1428 5173 eique
1479 5107 1701 5160 Ruinam
1766 5111 1834 5162 ob
1886 5112 2199 5166 cathedram
2233 5114 2373 5168 beati

791 5194 937 5248 Petri
974 5195 1268 5264 dereliquit
1301 5217 1314 5252 :
1349 5198 1632 5266 indignum
1666 5201 2003 5265 existimans,
2040 5213 2096 5256 ut
2128 5204 2202 5257 ait
2240 5207 2372 5273 ipse,

793 5289 882 5339 ubi
914 5289 1061 5341 sedes
1090 5290 1416 5342 sanctissimi
1441 5291 1539 5343 mei
1578 5288 1726 5344 Petri
1769 5293 2018 5360 apostoli,
2059 5295 2236 5348 vicarii
2270 5296 2375 5349 Do-

794 5380 944 5445 mini,
969 5390 1021 5434 et
1052 5384 1186 5450 regis
1224 5386 1392 5439 nostri
1412 5384 1538 5437 Jesu
1579 5382 1776 5441 Christi
1803 5388 2030 5455 fundata
2057 5398 2153 5455 est,
2187 5389 2372 5443 Eccle-

867 5550 912 5581 ⁸³
941 5550 1063 5605 Act.
1098 5568 1136 5617 ι,
1170 5553 1186 5606 l
1230 5567 1386 5622 seqq.

2472 3193 2849 3264 fungerentur,
2885 3206 3029 3250 recta
3065 3197 3195 3250 ﬁdes
3238 3196 3613 3261 roborabatur,
3646 3197 3761 3249 siue
3807 3211 3911 3264 quo
3944 3198 4039 3249 ad-

2470 3302 2661 3341 versus
2716 3288 3002 3342 haereticos
3070 3287 3257 3342 obsisti
3324 3287 3578 3356 nequibat
3634 3304 3650 3352 ;
3718 3296 3876 3356 atque
3936 3301 4040 3339 non

2472 3376 2642 3430 solum
2706 3391 3057 3446 congregare.
3094 3375 3402 3445 synodum,
3460 3376 3555 3428 sed
3609 3389 3780 3442 neque.
3855 3384 4044 3429 contra

2472 3468 2814 3522 adversarios
2872 3467 3179 3521 dimicando
3226 3466 3541 3534 prmvalere,
3576 3467 3695 3519 sine
3753 3466 3896 3518 illius
3949 3480 4047 3516 au-

2472 3558 2719 3611 ctoritate
2768 3557 3036 3625 quispiam
3082 3564 3316 3625 poterat.
3365 3554 3816 3608 Attcstanturhis
3844 3554 4037 3621 partim

2474 3645 2527 3699 hi
2559 3646 2650 3713 qui
2683 3661 2779 3715 per
2810 3646 2860 3700 id
2896 3646 3153 3713 temporis
3202 3645 3611 3706 delitescebaut,
3649 3658 3819 3712 neque
3858 3656 4043 3697 vocem

2473 3737 2696 3793 liberam
2755 3753 2851 3807 pro
2915 3736 3016 3791 ﬁde
3106 3735 3358 3790 emittere
3420 3736 3722 3797 audebant,
3775 3734 3875 3788 etsi
3948 3734 4045 3803 ipsi

2474 3828 2673 3897 Optime
2710 3829 2977 3883 sentirent
3008 3844 3021 3880 :
3067 3828 3261 3895 partim
3290 3836 3343 3880 ct
3379 3841 3605 3893 magnus
3667 3825 3899 3879 Basilius
3933 3826 4048 3893 epi-

2475 3920 2628 3974 stolis
2652 3920 2764 3974 suis
2794 3918 3170 3974 Occidentales
3201 3918 3639 3986 excitans,atqne
3669 3918 3790 3971 lidei
3822 3918 4049 3971 veritate

2475 4011 2834 4081 periclitante,
2871 4020 2925 4065 ut
2963 4025 3116 4078 opem
3151 4008 3348 4073 ierant,
3386 4010 3699 4070 obsecrans,
3732 4007 3830 4062 nisi
3871 4008 4053 4076 provi-

2474 4104 2654 4169 deant,
2690 4103 2739 4157 id
2772 4118 3049 4172 passuram
3079 4115 3418 4164 asseverans,
3454 4100 3607 4169 quasi
3643 4114 3746 4153 non
3786 4098 4053 4153 sul'ﬁcicn-
4094 4138 4099 4141 -

2477 4195 2637 4260 tibus,
2661 4195 2750 4263 qui
2776 4193 2913 4261 apud
2940 4192 3243 4247 Orientales
3274 4191 3464 4258 reliqui
3493 4197 3672 4255 erant,
3702 4189 4049 4243 orthodoxis:

2477 4295 2572 4341 aut
2614 4301 2717 4339 non
2751 4284 3076 4339 audentibus
3122 4282 3317 4337 bellum
3352 4284 3416 4334 ad
3449 4282 3871 4335 destructionem
3915 4282 4055 4335 blas-

2477 4377 2844 4447 phemantium
2879 4377 3142 4443 arripere.

2548 4467 2651 4521 Sed
2683 4476 2735 4521 et
2768 4467 3047 4535 theologus
3072 4465 3385 4533 Gregorius,
3418 4464 3467 4518 in
3496 4464 3773 4533 cpitaphio
3797 4477 4046 4519 sermone

2478 4572 2641 4627 quem
2674 4558 2724 4610 in
2767 4572 2889 4632 eum
2917 4556 3156 4623 scripsit,
3187 4556 3288 4609 hoc
3328 4556 3499 4621 ipsum
3534 4563 3785 4615 testatur,
3824 4555 4051 4606 dicens:

2476 4650 2711 4703 Aderant
2739 4658 2785 4700 et
2821 4647 3236 4701 Occidentalium
3254 4648 3625 4713 episcoporum
3686 4645 3855 4711 aliqui
3886 4646 3952 4695 ad
3999 4659 4054 4695 se

2481 4741 2813 4795 ultra/rentes
2859 4741 3175 4792 orthodoxos
3222 4755 3419 4791 on'ncs.
3476 4735 3587 4791 Etsi
3646 4736 3789 4788 enim
3846 4750 4059 4803 semper

2482 4836 2620 4888 inter
2652 4834 2884 4888 hmreses
2920 4833 3085 4900 aliqui
3135 4844 3260 4883 vera
3311 4830 3376 4883 de
3418 4830 3520 4881 [ide
3566 4829 3885 4891 sentientes,
3918 4828 4049 4880 reli-

2483 4928 2572 4996 qui
2605 4934 2781 4987 eraut,
2813 4922 2974 4979 veluti
3005 4922 3244 4991 quaedam
3274 4920 3506 4975 scintilla
3537 4918 3815 4972 veritatis:
3847 4933 4054 4983 veruzn,

2485 5037 2589 5075 non
2652 5030 2855 5074 tantum
2914 5018 3182 5071 habebant
3251 5014 3482 5077 roboris,
3540 5022 3598 5067 ut
3642 5013 3723 5065 vel
3793 5011 4055 5081 synodum

2484 5127 2699 5180 cogere,
2736 5112 2978 5179 aliasque
3021 5109 3287 5163 obsistere
3334 5106 3615 5164 auderent,
3642 5120 3765 5158 cum
3817 5103 3914 5171 ipsi
3962 5102 4061 5154 mi-

2486 5206 2631 5259 nima
2680 5219 2803 5273 pars
2853 5212 3056 5264 essent,
3105 5216 3168 5253 ac
3198 5200 3392 5266 smpius
3437 5197 3837 5251 occulerentur.
3873 5199 3976 5281 Aut
4018 5195 4061 5247 si

2487 5294 2810 5364 coegissent,
2849 5293 3013 5345 robur
3046 5307 3105 5343 ea
3140 5290 3380 5361 synodus
3422 5304 3527 5343 non
3584 5288 3882 5343 habuisset.
3912 5286 4062 5339 Nulla

2486 5387 2631 5439 enim
2676 5384 2919 5456 synodus
2963 5399 3069 5438 non
3114 5392 3401 5453 prmsente,
3433 5380 3514 5435 vel
3546 5395 3651 5434 non
3686 5379 4063 5434 consentiente

872 5712 993 5783 (88),
1018 5711 1205 5783 Exstat
1236 5711 1337 5765 hoc
1363 5713 1639 5783 decretum
1677 5711 1816 5781 apud
1846 5708 2165 5765 Gratianum
2198 5710 2249 5764 ιι.
2286 5705 2376 5773 96,
2418 5717 2592 5775 neque
2629 5705 2836 5761 GI'IBCii
2873 5712 2955 5759 est
2988 5703 3318 5773 ignoratum,
3354 5707 3413 5753 ut
3463 5706 3609 5768 patet
3666 5711 3731 5752 ex
3793 5712 4062 5754 commcn-

804 5786 960 5838 tariis
980 5782 1317 5837 Balsamonis
1351 5783 1400 5836 in
1438 5782 1688 5837 concilia.
