4472 6434
454 436 562 496 245
1500 433 1892 493 aovausus
1929 433 2239 492 caecos
2274 436 2407 493 un.
2450 438 2542 496 IV.
3568 442 3675 503 θέε

454 524 699 577 ltomano
743 524 1016 605 episcopo,
1055 522 1135 573 rel
1172 522 1330 575 robur
1360 520 1608 581 habebat,
1638 522 1717 574 vel
1748 520 2088 584 catholicaA
2119 526 2280 591 aliqui
2313 537 2368 577 ut
2395 527 2719 589 lnnretieum,
2758 526 3052 580 Romanum
3097 538 3270 582 lann'n
3319 534 3625 597 episcopum
3655 573 3670 597 ,

454 615 817 667 credebatur.
882 612 947 665 lit
1012 613 1153 664 enim
1219 612 1405 664 beatus
1484 610 1787 678 Stephanus
1839 610 2016 674 iunior
2120 613 2497 676 causabantur,
2536 614 2765 683 lim-331;
2800 619 3233 670 ειηηιωιτριίρηε
3263 615 3501 687 pymms
3531 621 3664 675 con.

456 704 770 765 Ῐ¹¹5²¹¹υ³νίιν
807 703 923 754 Sim:
950 717 1018 753 ευ
1063 716 1149 754 I'CS
1197 700 1562 759 CCCleSiaSlit‘a
1610 701 1826 752 ll‘acmri
1882 699 2016 751 diri-
2121 706 2654 773 Stantinoltolitanam
2721 718 2845 757 tunc
2910 707 3201 760 Eri-lt-siam
3269 690 3494 774 regeret,
3524 721 3573 763 et
3610 714 3669 762 ad

456 792 618 859 giqtte
666 805 767 842 non
814 798 1056 853 poterat:
1104 787 1684 853 Icouomachorumqtto
1732 785 2014 853 synodum,
2122 812 2222 847 mu,

1906 800 2014 847 υιιὶν
2122 796 2391 849 munimen
2442 798 2643 850 erroris
2680 798 2763 848 sui
2794 796 3087 850 llonorimu
3144 780 3426 866 proferret.
3463 800 3527 856 Iit
3553 817 3672 855 vere

460 881 704 933 ltontano
774 880 1025 946 pontifice
1093 894 1195 932 non
1263 878 1642 946 approbante.
1695 875 2017 928 catholicam
2122 888 2219 939 istc

1909 888 2017 927 τειηι
2122 888 2219 939 iste
2266 889 2585 953 respondit:
2622 887 2908 939 Honorium
2947 890 3188 956 pietatem
3250 890 3442 952 colere,
3485 893 3675 957 sitique

460 971 728 1038 appellare
777 970 976 1021 renuit.
2120 977 2237 1042 ipsi,
2273 976 2324 1027 in
2376 976 2454 1026 his
2488 992 2602 1043 qua:
2634 978 2789 1037 dixit,
2836 978 2980 1029 illius
3037 995 3573 1048 semum_rongrncre
3603 971 3671 1033 si-

533 1060 654 1111 "8‘30
724 1067 901 1110 δηιυιη
978 1072 1083 1109 ιιοη
1157 1056 1412 1109 Romam!3
1481 1055 1627 1106 “ritis
1691 1054 1859 1116 utalia
1940 1052 2012 1104 il”
2121 1067 2474 1134 mulqueipsi,
2504 1066 2722 1119 etillius
2753 1068 2914 1120 verba
2947 1066 3152 1136 Pyrrho
3184 1069 3487 1137 proposuit,
3518 1082 3676 1136 ques-

460 1152 689 1218 dignitas
737 1150 1005 1217 contigit,
1075 1148 1167 1199 sed
1232 1146 1355 1213 quia
1415 1158 1693 1197 successor
1740 1142 1877 1203 beati
1930 1142 2020 1193 l’e-
2124 1157 2226 1209 ἀει,

1930 1142 2020 1193 νιε-
2124 1157 2251 1209 dam
2289 1171 2544 1210 asserens
2593 1158 2737 1211 illius
2778 1173 2998 1211 sensum
3031 1161 3342 1227 ignorantes
3374 1158 3488 1212 sive
3517 1158 3679 1212 etiam

462 1240 528 1291 tri
588 1238 707 1290 fuit.
779 1238 909 1290 Eum
982 1250 1109 1288 vero
1168 1233 1423 1288 Dominus
1494 1246 1593 1299 pro
1640 1246 1698 1285 se
1771 1231 2024 1284 Ecclesia:
2125 1249 2228 1303 αιιι

1878 1231 2024 1284 κείω
2125 1245 2538 1310 calumniantes,
2566 1248 2752 1301 falsam
2784 1248 2851 1302 de
2877 1248 2969 1301 illo
3009 1249 3395 1304 dissetninasse
3423 1249 3641 1302 fatuam.

458 1325 716 1395 prafecit,
775 1333 935 1395 atque
973 1334 1192 1393 propter
1243 1324 1510 1389 eximiam.
1542 1323 1878 1390 pralicientis
1911 1321 2022 1397 glo-

464 1414 914 1473 riatn,successor
942 1410 1078 1478 ejus,
1116 1420 1250 1463 etca
1281 1422 1439 1476 quam
1479 1422 1572 1475 per
1624 1406 2024 1460 successionem
2060 1432 2064 1437 α

461 1504 619 1570 cepit,
662 1500 925 1563 Ecclesia,
984 1499 1290 1567 ubicunque
1348 1507 1614 1551 terrarum
1677 1498 1759 1552 vel
1810 1496 2022 1550 urbiuin

419 1602 609 1644 'esset
656 1590 938 1652 aedificata,
990 1588 1131 1643 idem
1170 1587 1411 1656 profecto
1458 1587 1661 1640 valeret
1683 1586 1736 1640 in
1777 1587 2026 1639 omnibus

462 1681 714 1734 Ecclesia:
746 1679 1009 1748 negotiis;
1035 1675 1115 1732 sin
1147 1691 1274 1730 vero
1295 1692 1435 1738 eam,
1457 1692 1559 1745 qua
1595 1676 1693 1730 sub
1726 1677 1862 1729 ctelo
1885 1676 2024 1727 nulla

463 1783 607 1825 esset
638 1770 831 1837 major,
859 1769 1132 1822 civitatem
1168 1770 1407 1835 oportuit
1432 1768 1699 1834 praecipue
1741 1768 1806 1820 ad
1841 1767 2023 1820 sedem

465 1860 587 1927 eligi
611 1857 962 1927 magnitudini
995 1855 1251 1912 Ecclesia:
1272 1856 1471 1910 Chrisu
1497 1864 1882 1924 congruentem
1910 1874 1922 1906 :
1969 1864 2026 1908 ut
2057 1838 2102 1895 Β

464 1952 599 2005 sicut
626 1952 976 2003 humanarunt
1012 1946 1121 2001 illic
1142 1962 1318 2001 rerum
1339 1948 1577 2000 omnium
1602 1948 1879 2014 imperium
1904 1946 2045 2015 fuit,_

465 2044 537 2093 ita
571 2041 677 2093 illic
701 2041 865 2094 etiam
888 2047 1048 2106 caput
1077 2037 1327 2091 Ecclesia'
1347 2036 1709 2100 Christi,tidei
1741 2051 1833 2104 per
1856 2036 2045 2091 totuni'

469 2133 653 2185 orbem
676 2130 856 2185 edicta
912 2129 1296 2198 promulgarct,
1330 2137 1487 2196 atque
1530 2128 1672 2180 unde
1718 2126 2029 2180 idololatriae

467 2230 732 2289 praecepta
767 2229 1142 2279 tnanaverant,
1165 2218 1287 2270 inde
1318 2217 1671 2271 ecclesiastici
1698 2218 2030 2285 principatus

467 2312 669 2379 ubique
717 2320 979 2363 terrarum
1052 2308 1222 2361 edicta
1272 2308 1795 2361 ittnotestcrentzac
1825 2307 2031 2361 facilius

470 2405 627 2455 unico
684 2404 783 2456 sub
841 2400 1165 2469 principatu,
1228 2399 1425 2465 ubique
1473 2399 1781 2463 praedicatio
1835 2398 2032 2451 diffun-

468 2494 707 2557 deretur,
757 2492 955 2545 idcirco
1011 2490 1175 2543 etiam
1238 2488 1461 2540 llotnam
1536 2489 1585 2539 in
1660 2496 1864 2541 tantum
1918 2502 2032 2540 cre-

470 2586 632 2647 visse,
683 2591 942 2651 quantum
991 2582 1042 2634 itt
1101 2580 1348 2633 humanis
1391 2580 1552 2632 rebus
1590 2578 1694 2631 diei
1736 2581 1933 2647 potuit,
1973 2587 2060 2647 ut.

471 2692 647 2729 rerum
715 2674 959 2742 dignitati
1009 2686 1157 2740 mqua
1207 2679 1349 2723 esset
1407 2671 1719 2737 proportio,
1771 2682 1824 2722 et
1883 2671 2035 2721 undi-

472 2782 577 2836 que
629 2766 913 2827 nobilitas,
965 2772 1020 2816 et
1078 2761 1474 2829 magniﬁcentia
1541 2762 1659 2813 tidei
1712 2761 2036 2813 Christiana:

472 2858 855 2923 colligeretur:
894 2854 944 2905 id
986 2864 1199 2920 quoque
1230 2850 1348 2919 ejus
1383 2860 1486 2910 est,
1533 2852 1623 2918 qui
1667 2852 1936 2902 Cilllll'tll‘lil
1967 2866 2032 2904 ex

475 2947 765 3002 contrariis
830 2944 1050 2997 virtutis
1107 2942 1477 3007 magnitudine
1530 2943 1767 3006 eonlicit,
1814 2957 1867 2995 et
1912 2942 2036 2993 fan-

477 3039 730 3092 tlamenta
779 3038 907 3104 jacit
943 3073 957 3099 ,
1010 3044 1171 3102 atque
1223 3033 1328 3099 his,
1373 3049 1489 3100 qua:
1545 3034 1813 3101 proposita
1864 3044 2035 3096 sunt,

477 3131 675 3198 Optime
724 3129 964 3198 quadrat.

548 3222 807 3275 Praedicta
876 3238 1003 3277 vero
1049 3225 1212 3278 etiam
1278 3224 1441 3277 rebus
1496 3220 1840 3274 roborantur.
1907 3215 2111 3302 NamC

477 3324 659 3380 partas
703 3314 859 3382 inferi
901 3315 1073 3368 sancti
1122 3329 1243 3371 esse
1281 3302 1562 3368 hmrelicos
1589 3313 1792 3375 dicunt,
1836 3318 1889 3362 et
1922 3324 2039 3360 om-

478 3421 577 3459 nes
600 3408 835 3459 ‘omnino
884 3407 971 3473 qui
1026 3407 1098 3459 illi
1167 3407 1561 3466 adversantur;
1604 3415 1738 3468 quos
1792 3400 2043 3453 Ecclesiae

481 3514 583 3550 non
616 3497 991 3565 praevalituras
1027 3499 1078 3550 in
1138 3496 1277 3551 Petri
1318 3505 1465 3564 petra
1504 3494 1757 3556 fundata),
1802 3490 2045 3559 praedixit

481 3588 761 3643 Dominus.
820 3590 1041 3643 Constat
1084 3597 1261 3643 autem
1341 3589 1483 3655 quo-.l
1532 3586 1650 3637 aliis
1684 3585 1898 3653 quidem
1944 3584 2044 3635 Ee-

480 3681 686 3745 elesiis,
720 3695 853 3748 quas
885 3679 1111 3749 apostoli
1147 3679 1568 3737 aedificat/erunt,
1607 3676 1658 3727 hi
1721 3676 1812 3743 qui
1874 3673 2047 3725 varias

482 3783 535 3825 et
564 3772 682 3825 aliis
716 3773 1049 3840 temporibus
1098 3770 1232 3825 alias
1273 3772 1520 3823 invexere
1549 3769 1801 3830 haereses,
1840 3780 2047 3832 prrcta-

480 3863 716 3917 luerunt.
778 3860 886 3916 Etsi
962 3863 1106 3917 enim
1182 3877 1289 3915 non
1371 3873 1761 3930 usquequaque
1847 3856 2046 3909 malitia

479 3954 734 4019 obtinuit,
772 3958 825 4007 in
877 3961 1134 4022 quantum
1181 3961 1357 4005 tamen
1432 3950 1688 4015 obtinuit,
1719 3946 2044 4017 .prwvaluit.

484 4043 739 4097 llomante
770 4054 951 4097 autem
985 4043 1261 4108 Eet-lesia',
1303 4057 1460 4112 quam
1514 4041 1705 4094 Petrus
1756 4037 2008 4091 solidat-it
2035 4074 2048 4099 ,

482 4135 666 4188 nullus
698 4134 921 4188 omnino
956 4149 1190 4201 unquam
1220 4133 1518 4198 prtevaluit.
1554 4130 1736 4199 Neque
1770 4130 1912 4185 enim
1953 4130 2079 4210 hoc.

483 4227 761 4295 quaeritur,
816 4241 883 4279 an
921 4224 1112 4293 aliquis
1157 4225 1204 4278 ei
1237 4222 1532 4293 prafuerit,
1580 4223 1668 4290 qui
1722 4222 2050 4275 contrarium

482 4317 685 4384 aliquid
740 4314 1019 4369 catholicae
1069 4314 1190 4368 fidei
1241 4312 1707 4382 pronuntiaverit:
1746 4324 2052 4379 quanquam

484 4409 614 4460 etsi
652 4406 778 4475 quid
821 4404 1135 4473 contigisset
1184 4402 1472 4472 ejusmodi,
1506 4402 1747 4470 protinus
1798 4399 2055 4453 Ecclesia}

463 4501 749 4553 .sententia
807 4497 1069 4564 dejectus,
1119 4493 1263 4547 Petti
1313 4496 1438 4546 sede
1481 4492 1640 4545 simul
1697 4500 1750 4544 et
1798 4491 2057 4559 dignitate

2199 1344 2388 1396 Veram
2429 1353 2605 1393 autem
2654 1342 2818 1417 fuisse
2866 1341 3294 1402 excusationem,
3331 1341 3457 1392 hinc
3493 1340 3681 1408 quner.

2128 1434 2324 1485 Prteter
2354 1432 2403 1484 id
2428 1431 2591 1489 enim.
2635 1430 2776 1498 quod
2813 1429 2988 1484 nullus
3045 1429 3204 1484 facile
3245 1432 3504 1492 crederet,
3554 1446 3679 1483 san-

2127 1529 2272 1578 cttnn
2314 1522 2604 1574 Maximum
2662 1506 2875 1574 mentiri
2915 1536 3093 1589 posse,
3132 1522 3290 1589 idque
3341 1536 3462 1575 eum
3521 1522 3688 1590 pluri-

2128 1629 2271 1668 mum
2304 1613 2558 1680 temporis
2595 1612 2776 1665 Roma:
2806 1621 2929 1665 tunc
2959 1612 3139 1677 fuerit,
3178 1627 3275 1680 pro
3301 1613 3686 1665 ecclesiasticis

2130 1707 2376 1773 negotiis,
2423 1714 2474 1757 et
2507 1718 2679 1772 neque
2728 1703 2887 1771 impie
2930 1701 3191 1755 sentiente
3242 1700 3498 1764 Honorio,
3544 1712 3687 1761 recte

2130 1797 2387 1851 sensisset
2417 1794 2654 1847 Ecclesia
2689 1810 2703 1859 ;
2738 1794 2828 1846 sed
2865 1793 2943 1844 vel
2980 1807 3097 1844 cum
3129 1792 3220 1845 illo
3257 1793 3366 1860 ipsa
3414 1792 3567 1852 falsa,
3605 1792 3687 1843 vel

2132 1906 2254 1944 cum
2304 1888 2419 1956 ipsa
2473 1887 2561 1940 ille
2620 1899 2741 1937 vera
2800 1886 3054 1944 sentiret,
3112 1885 3159 1935 id
3204 1884 3443 1951 profecto
3505 1871 3687 1936 verum

2130 1995 2247 2034 esse
2287 1981 2554 2041 cernitur,
2608 1985 2661 2029 et
2695 1992 2757 2031 ex
2790 1977 2871 2028 his
2910 1991 3027 2042 quae
3061 1976 3214 2028 divos
3247 1973 3508 2027 Masimus
3542 1974 3688 2024 illum

2130 2085 2392 2126 excusans
2451 2070 2602 2135 dixit,
2666 2083 2786 2122 eum
2838 2082 2941 2135 qua
2988 2077 3037 2117 et
3079 2068 3188 2133 ipse
3230 2081 3377 2117 Stans
3434 2066 3693 2117 :lthCl‘slti

2131 2164 2394 2235 Pyrrhum
2446 2160 3203 2228 Constantinopolilanamun
3240 2159 3539 2213 Ecclesium
3600 2174 3694 2222 pro

2133 2257 2329 2324 pietate
2373 2252 2667 2322 pugnabat.
2712 2251 2778 2304 Et
2815 2265 2877 2304 ex
2936 2251 3207 2312 coetiam,
3258 2252 3398 2316 quod
3460 2249 3529 2300 nil
3592 2249 3695 2300 tale

2134 2349 2502 2416 blasphemum
2525 2345 2587 2398 de
2609 2344 2693 2397 illa
2730 2357 2823 2411 per
2856 2343 2903 2395 i-l
2934 2344 3187 2411 temporis
3214 2342 3427 2395 historia
3457 2340 3694 2395 tradid-t.

2207 2439 2321 2492 Non
2354 2452 2480 2506 ergo
2530 2435 2656 2489 illtttl
2694 2434 3001 2503 inquiritur,
3041 2450 3107 2485 an
3163 2434 3357 2501 aliquis
3398 2434 3523 2499 ipsis
3556 2450 3696 2500 pra:-

2140 2530 2310 2583 feetus
2359 2538 2542 2581 contra
2607 2520 2924 2580 catholicam
2980 2526 3137 2577 tidem
3203 2542 3435 2593 unquam
3492 2526 3693 2593 aliquid

2139 2622 2420 2691 protulerit
2454 2637 2470 2685 ;
2508 2621 2703 2687 quippe
2756 2620 2799 2673 si
2836 2620 2955 2684 quis
3020 2619 3141 2671 talis
3203 2629 3363 2680 esset,
3426 2615 3700 2670 Romanus

2139 2718 2418 2785 cpiscopus
2453 2728 2556 2766 non
2589 2721 2758 2775 esset;
2819 2711 3292 2776 ltujnsmodi’cnim
3337 2725 3543 2776 semper
3577 2726 3700 2761 una

2139 2810 2391 2879 prosequi
2439 2809 2675 2860 'neet‘sse
2730 2814 2831 2867 est,
2887 2804 3177 2871 sedemque
3229 2803 3369 2855 illam
3427 2818 3698 2867 nunquam

2143 2909 2290 2970 patre
2338 2898 2558 2967 privari,
2613 2898 2703 2964 qui
2740 2894 2866 2948 inde
2915 2894 2981 2947 de
3038 2893 3379 2960 dogmatibus
3428 2907 3547 2945 Vera
3612 2894 3705 2943 de—

2143 3001 2346 3053 cernat,
2392 2989 2635 3058 quamvis
2688 2980 2755 3039 ne
2783 2987 2859 3038 sie
2903 2985 3119 3054 quidem
3177 2984 3278 3036 tale
3334 2983 3531 3051 aliquid
3579 3001 3707 3040 con-

2144 3083 2282 3149 tigit.
2317 3082 2420 3135 Sed
2450 3096 2514 3132 an
2556 3078 2756 3147 al'quid
2806 3092 3039 3144 unquam
3072 3078 3136 3128 ab
3175 3075 3412 3128 Ecclesia
3465 3074 3704 3128 Romana

2148 3176 2249 3228 tale
2300 3172 2562 3241 prolatum
2608 3172 2671 3223 sit
2707 3210 2741 3237 η
2780 3179 2829 3222 el
2882 3169 2963 3221 vel
3019 3167 3083 3220 ad
3140 3167 3407 3223 modicum
3465 3166 3512 3218 ei
3575 3182 3709 3233 pne-

2147 3265 2393 3327 raluerit,
2429 3262 2571 3331 quod
2634 3276 2771 3326 nunc
2820 3260 3149 3312 anathemati
3192 3260 3551 3310 communiter
3583 3259 3709 3308 sob-

2144 3360 2337 3427 jeetom
2390 3355 2480 3417 sit,
2539 3354 2677 3407 sicut
2713 3339 2872 3426 isa-pe
2906 3349 2957 3403 in
3004 3350 3125 3402 aliis
3184 3348 3441 3402 Ecclesiis
3500 3348 3709 3402 contin-

2144 3453 2237 3517 git,
2268 3447 2544 3517 qmeritnr.
2579 3444 2687 3499 lloc
2718 3428 2894 3521 autem
2949 3458 3106 3497 nemo
3156 3440 3260 3493 ulla
3322 3440 3527 3493 ratione
3562 3456 3711 3491 mon-

2147 3556 2316 3595 sarare
2345 3548 2539 3609 potest.

2221 3655 2274 3707 Si
2330 3654 2492 3721 igitur
2538 3650 2656 3703 aliis
2709 3648 2936 3717 quidem
3012 3645 3267 3699 Eet'lesiis
3321 3655 3485 3711 porta:
3556 3637 3711 3698 inferi

2149 3747 2543 3816 praevaluertlnt
2575 3745 2689 3796 sive
2743 3756 2949 3809 patum,
2993 3741 3104 3794 sive
3148 3738 3397 3807 amplius,
3447 3737 3575 3790 nihil
3632 3750 3712 3789 re-

2150 3842 2273 3893 fert.
2325 3838 2386 3891 Et
2416 3846 2559 3891 certe
2590 3850 2710 3889 cum
2749 3832 3104 3903 quarumdam
3139 3834 3345 3885 ruinam
3396 3831 3529 3883 ultra
3561 3832 3718 3894 quin-

2150 3930 2410 3999 quaginta
2458 3941 2628 3979 annos
2669 3927 2896 3978 durasse
2947 3922 3156 3977 ostendi
3204 3923 3391 3990 possit,
3439 3920 3488 3972 id
3540 3920 3712 3971 solum

2151 4020 2368 4084 sullicit,
2408 4019 2616 4072 illarum
2644 4016 2935 4070 sententias
2965 4016 3029 4067 ab
3064 4016 3204 4067 onmi
3235 4008 3471 4065 Ecclesia
3496 4011 3714 4063 anathe-

2155 4112 2281 4165 tnati
2327 4112 2553 4165 traditas
2584 4110 2747 4162 fuisse
2779 4133 2790 4161 ι
2828 4116 3008 4161 contra
3058 4122 3191 4175 quas
3219 4107 3513 4157 θυιιιςιιιῐίις
3557 4104 3715 4153 etiam

2157 4212 2453 4270 inartytum
2490 4198 2643 4252 fusus
2670 4207 2752 4250 est
2798 4196 3037 4264 sanguis.
3082 4194 3333 4246 ltomame
3387 4191 3718 4245 veroEcele-

2160 4297 2251 4348 site
2285 4293 2417 4346 nihil
2470 4304 2704 4359 unquam
2767 4289 2868 4339 tale
2914 4285 3187 4354 pneraluit
3218 4300 3231 4346 ;
3266 4293 3498 4341 constat.
3535 4280 3728 4332 Salva—

2162 4387 2290 4440 toris
2340 4384 2663 4439 sententiam
2708 4382 2759 4433 itt
2817 4383 2927 4448 ipsa
2988 4390 3192 4431 tantum
3234 4393 3411 4429 veram
3475 4388 3617 4435 esse,
3673 4384 3727 4424 et

2162 4478 2301 4531 hanc
2362 4474 2658 4528 Ecclesiam
2716 4488 2867 4530 esse,
2923 4472 2984 4522 de
3043 4486 3145 4536 qua
3207 4465 3467 4519 Dominus
3526 4464 3720 4516 dixit:

484 4588 798 4642 excidisset,
834 4585 1020 4653 Neque
1073 4584 1215 4637 enim
1255 4584 1389 4635 ultra
1438 4593 1582 4636 esset
1629 4583 1900 4634 ltomanus
1942 4582 2050 4649 cpi.
2084 4584 2133 4642 υ
2160 4569 2458 4635 Λίιιὶῇεαὺυ
2488 4566 2772 4618 Ecclesium
2811 4580 2996 4623 meum,
3044 4571 3099 4613 et
3133 4574 3292 4627 quam
3338 4557 3472 4609 alias
3518 4572 3732 4610 coorer-

482 4696 701 4748 scopus,
754 4693 924 4746 neque
978 4676 1183 4731 Christi
1226 4674 1480 4743 Petrique
1536 4670 1789 4737 vicarius,
1818 4673 2063 4742 aliusque

484 4772 680 4839 dignus
714 4769 1022 4838 apostolica:
1077 4767 1191 4822 sedi
1221 4767 1549 4836 subrogatus
1577 4774 1741 4830 esset,
1775 4763 2057 4819 Ecclesia:-

484 4877 590 4932 que
618 4870 794 4916 status
846 4861 1444 4930 idetn‘perseverasset,
1494 4861 1705 4911 nemine
1746 4857 1819 4910 illi
1853 4870 2057 4927 przeva-

485 4957 677 5009 lente:
721 4966 896 5021 neque
938 4953 1020 5007 vel
1053 4967 1238 5022 parum
1275 4961 1427 5020 patro
1459 4949 1656 5011 illa,ch
1691 4958 1905 5020 pastore
1966 4949 2059 5001 de-

484 5050 671 5101 stituta
701 5044 909 5117 (esset.)
934 5044 1002 5100 Ut
1034 5046 1157 5098 inde
1174 5059 1389 5112 quoque
1413 5058 1537 5097 vera
1568 5040 2059 5097 Dominisententia

490 5142 789 5209 probetur:
829 5137 941 5208 Ego
1002 5136 1266 5191 vobiscum
1302 5152 1440 5201 sum,
1495 5136 1763 5203 inquiens,
1822 5134 2057 5186 omnibus

483 5230 685 5297 diebus,
702 5246 862 5299 usque
880 5230 946 5282 ad
966 5230 1459 5282 consummationem
1476 5225 1681 5289 screnti,
1700 5240 1819 5280 cum
1841 5211 2078 5278 necesse-

482 5324 575 5387 sit,
618 5338 685 5375 ne
713 5337 857 5376 nunc
883 5321 1099 5391 quidem
1150 5319 1449 5373 infidelium
1483 5319 1788 5386 praedictam
1838 5324 2057 5369 senten-

483 5417 615 5470 tiant
647 5414 930 5480 excedere,
953 5425 1011 5468 ut
1037 5422 1091 5469 et
1124 5414 1226 5466 alia
1259 5411 1417 5467 simul
1444 5426 1565 5463 vera
1601 5424 1718 5464 esse
1746 5409 2054 5472 credantur,

482 5520 537 5562 et
564 5522 796 5562 consona
841 5521 935 5577 per
966 5507 1150 5561 omnia
1196 5505 1295 5560 sibi
1339 5505 1565 5558 invicem
1630 5510 1679 5557 et
1733 5501 2058 5557 cohaerentia

484 5612 800 5671 appareant.
831 5600 1034 5670 Nempe
1065 5601 1209 5654 enim
1242 5610 1295 5654 et
1324 5600 1511 5652 beatus
1550 5597 1833 5663 Maximus,
1863 5596 1915 5648 in
1950 5592 2059 5649 tta-

484 5692 853 5761 putationibus
906 5692 1166 5748 adversus
1218 5690 1507 5762 Pyrrhum,
1548 5688 1860 5755 Honorium,
1898 5700 2057 5756 quem

558 5809 603 5839 "’
649 5806 799 5864 Joan.
856 5820 942 5868 xv,
998 5806 1049 5858 ὃ.

2162 4680 2276 4717 sunt
2316 4662 2529 4713 Petrum
2554 4658 2876 4712 confirmare
2910 4653 3183 4722 pl“.L‘CCpll.
3218 4652 3366 4703 Alias
3402 4666 3525 4701 vero
3567 4662 3747 4715 super
3823 4664 3827 4668 λ

2164 4758 2301 4808 hanc
2356 4752 2607 4805 fundatas
2662 4764 2800 4808 esse,
2842 4756 2894 4799 et
2952 4746 3252 4797 consistere
3306 4740 3727 4799 confessionem,

2162 4857 2215 4899 et
2257 4852 2544 4910 sequentes
2585 4839 2903 4909 quidem,ttt
2955 4845 3136 4903 partes
3188 4843 3240 4887 et
3283 4833 3523 4884 membra
3583 4829 3731 4880 salu-

2164 4937 2414 4991 britatem
2475 4933 2632 4985 sitnul
2700 4915 3122 4996 habereiatque
3176 4923 3361 4988 robur,
3411 4922 3627 4991 quando
3680 4929 3732 4969 et

2166 5028 2429 5099 plurimas
2494 5039 2651 5076 unam
2727 5020 3039 5075 existimare
3118 5017 3403 5080 convenit;
3462 5016 3736 5068 deviantes

2164 5131 2345 5177 autem
2381 5135 2409 5172 a
2448 5118 2624 5187 capite
2668 5127 2720 5171 et
2771 5128 3000 5183 corpore
3049 5110 3288 5180 praecidi,
3322 5118 3372 5160 et
3407 5119 3577 5173 neque
3615 5105 3736 5154 abis

2162 5228 2279 5267 esse
2309 5213 2420 5280 jam
2450 5210 2626 5264 utiles.

2238 5306 2390 5360 Unde
2434 5314 2487 5357 et
2550 5302 2808 5356 Dominus
2883 5296 3093 5351 monuit
3146 5296 3199 5348 in
3258 5295 3353 5346 rite
3408 5291 3731 5357 persistere,

2164 5402 2420 5469 seipsunL
2456 5398 2604 5450 citem
2638 5395 2824 5447 dicens
2851 5404 2902 5446 et
2934 5406 3026 5457 per
3083 5390 3233 5443 vitem
3266 5385 3558 5439 Ecclesiam
3595 5381 3737 5432 desi-

2165 5506 2376 5563 gnans:
2418 5491 2658 5558 palmites
2698 5502 2824 5539 vero
2869 5484 3051 5537 fideles
3087 5482 3371 5535 nominans
3404 5477 3467 5539 “,
3503 5476 3590 5543 qui
3642 5489 3738 5538 per

2170 5587 2563 5643 confessionem
2602 5583 2742 5635 illius
2790 5588 2842 5633 et
2878 5580 3073 5632 bonam
3127 5573 3595 5627 cotm-rsationem
3629 5567 3742 5617 l'tn-

2169 5693 2313 5737 ctum
2349 5682 2564 5734 ferrent.
2602 5675 2805 5740 Quibus
2835 5673 3073 5742 pl'UiCt'lO
3103 5667 3281 5721 verbis
3310 5678 3516 5719 summa
3551 5655 3741 5715 Ecde-
