4472 6434
735 390 845 455 247

2000 377 2397 442 MANUELIS
2435 382 2521 438 CA
2537 378 2740 437 LEC/E

3865 375 3969 437 248

734 515 826 564 sia:
875 510 1001 561 unio
1052 507 1375 566 insinuatur,
1418 513 1473 569 ut
1523 500 1756 552 fructum
1793 495 1984 548 invite
2034 492 2619 552 manentesAdcbeat,
2653 504 2787 556 quos
2831 488 3011 540 ntultis
3063 487 3234 540 modis
3282 487 3392 554 ipse
3446 501 3540 554 per
3589 501 3646 539 se
3694 501 3869 554 ipsum
3910 457 3975 541 de.

737 601 934 659 ferant,
974 608 1026 647 et
1074 609 1334 661 nusquam
1396 590 1636 656 corporis
1695 586 2002 653 integritate
2057 583 2303 635 deviante

736 707 763 740 a
815 689 1008 754 capite,
1075 684 1312 736 membra
1372 681 1552 738 omnia
1611 676 1974 735 vivificcntur,
2036 675 2303 738 uirumque

733 779 1018 846 perfectum
1059 778 1108 826 in
1143 789 1434 825 mensuram
1470 771 1640 821 (rimis
1684 767 2022 835 plenitudinis
2048 765 2096 794 "'
2149 765 2305 817 Citri-

734 870 804 950 sti
839 866 1076 921 Eoi-lesia
1131 870 1454 928 coaugeatur
1487 878 1499 910 :
1537 876 1642 909 non
1675 872 1704 910 c
1761 855 2056 913 contrario,
2090 855 2169 905 vel
2211 857 2296 905 ab-

733 945 926 1018 scissa,
983 967 1193 1008 mortua
1244 953 1392 1014 fiant,
1453 951 1535 1002 vel
1591 965 1652 1001 ex
1710 949 1815 1000 vite
1877 947 2140 1014 prnjceta,
2193 945 2300 1012 igni

735 1047 1164 1112 iuexstinguibiti
1216 1042 1576 1095 consumenda
1631 1040 1968 1090 tlamnentur.

807 1139 980 1204 Atque
1041 1137 1218 1185 unitas
1269 1132 1486 1200 quidem
1548 1129 1814 1181 Ecclesias
1863 1126 2142 1179 Psalmista
2188 1128 2303 1188 ait,

734 1227 1030 1279 benedicere
1063 1225 1340 1274 Dominum
1363 1220 1408 1249 "
1446 1237 1458 1282 ;
1494 1233 1595 1269 non
1628 1218 1770 1269 enim
1799 1217 1862 1266 de
1886 1215 2108 1282 singulis
2137 1214 2306 1281 magis

733 1329 896 1382 quam
959 1313 1024 1364 de
1079 1310 1331 1362 Ecclesiis
1391 1307 1698 1366 dicendum,
1756 1318 1875 1370 qua:
1939 1317 2001 1355 ex
2057 1302 2303 1369 partibus

730 1403 974 1456 collecta!
1048 1408 1213 1458 sunt;
1271 1396 1530 1447 discissas
1578 1407 1724 1451 vero,
1792 1402 1844 1443 et
1903 1392 1955 1442 in
2025 1391 2305 1456 Opiniones

731 1493 1043 1546 contrarias
1093 1489 1313 1548 divisas,
1371 1487 1483 1536 sive
1546 1484 1803 1534 adverStis
1866 1469 2302 1542 Ecclesiain,'t3ui

731 1596 893 1633 nemo
936 1579 1236 1646 praevaluit,
1293 1576 1649 1630 reluctantes.
1687 1582 1742 1623 ut
1790 1572 2059 1639 prioribus
2105 1581 2307 1637 tempo-

732 1673 884 1724 ribus
947 1671 1141 1734 smpius
1197 1665 1461 1730 contigit,
1547 1665 1709 1716 scissa
1769 1663 2019 1714 Ecclesia:
2076 1660 2305 1713 membra

729 1756 958 1829 ttiagrius
998 1758 1227 1808 Basilius
1282 1764 1455 1816 vocat,
1507 1753 1707 1805 Psalmi
1760 1742 1962 1803 dictum
2008 1765 2304 1817 exponens,

732 1854 1003 1918 falsasque
1048 1861 1346 1918 synagogas
1395 1861 1486 1898 eas
1558 1843 1815 1911 appellat,
1870 1856 2181 1910 quanquam
2253 1853 2305 1892 et

730 1943 1125 2008 consequentia
1181 1953 1389 1991 summa
1449 1952 1545 2003 per
1604 1937 1780 1987 omnia
1850 1935 2106 1987 Ecclesia:
2163 1932 2304 1985 Petri

729 2031 906 2083 adest.
955 2029 1050 2080 Ait’
1080 2028 1222 2079 enim
1274 2027 1338 2078 ad
1391 2025 1539 2077 illum
1589 2023 1891 2076 Dominus:
1939 2020 2104 2075 Pasce
2145 2037 2305 2089 agnos

730 2139 888 2183 meos,
943 2136 1094 2186 pasce
1128 2135 1240 2171 oves
1303 2134 1466 2170 meos.
1515 2114 1622 2166 Hoc
1673 2114 1909 2167 Ecclesia
1969 2113 2207 2166 Routana
2241 2113 2306 2164 ad

731 2218 969 2282 reliquas
1003 2217 1173 2268 facere
1201 2214 1432 2281 perstitit
1468 2252 1481 2274 ,
1517 2211 1742 2277 aliisque
1775 2210 1825 2260 in
1862 2209 2147 2276 opiniones
2174 2222 2307 2260 con-

731 2306 930 2360 trarias
977 2317 1031 2358 et
1081 2303 1425 2362 solitudines,
1474 2315 1526 2353 ct
1581 2311 1870 2367 [)l'ﬂ‘l'llpln,
1913 2309 1966 2351 et
2009 2298 2306 2365 prtecipitia

741 2400 1140 2460 oberrantibus,
1204 2397 1314 2464 ipsa
1392 2410 1486 2448 eas
1541 2393 1606 2445 ad
1685 2409 1849 2445 unum
1908 2400 2201 2458 pastorem,
2256 2398 2308 2440 et

731 2508 896 2546 unum
950 2491 1090 2544 ovile
1133 2487 1347 2542 reduxit
1376 2504 1390 2539 :
1417 2485 1607 2539 noxiis'
1637 2483 1853 2553 quidem
1910 2481 2310 2547 tnortiferisqne

730 2585 1068 2658 graminibus
1114 2595 1334 2644 eruens,
1377 2578 1612 2632 salubria
1672 2591 1797 2629 vero
1870 2583 1923 2626 ct
1979 2574 2097 2626 lseta
2157 2573 2306 2639 inge-

730 2695 880 2740 rens,
916 2679 1022 2729 imo
1054 2682 1107 2728 et
1135 2674 1393 2725 adversus
1439 2671 1723 2723 saevientes
1767 2669 1940 2731 lupos,
1992 2681 2310 2718 mammonae

730 2770 964 2828 scilicet,
1013 2782 1073 2818 ac
1121 2765 1378 2825 Caesaris.
1430 2776 1668 2829 ovesque
1709 2767 1923 2812 vastare
1979 2757 2261 2809 molientes
2293 2797 2307 2820 ,

730 2875 830 2928 pro
881 2858 1122 2918 Christo,
1174 2870 1377 2923 proque
1416 2853 1536 2920 ejus
1577 2851 1678 2902 fide
1728 2858 1853 2901 ante
1906 2861 2124 2914 gregem
2159 2857 2308 2898 stans

732 2952 988 3020 pugnavit
1024 2967 1036 3002 :
1076 2958 1236 3014 atque
1268 2947 1412 2999 omni
1448 2945 1670 2996 omnino
1706 2940 1999 3006 inquirenti
2050 2939 2309 2990 rationem

731 3053 945 3105 semper
987 3035 1222 3088 reddidit
1279 3035 1346 3087 de
1392 3048 1452 3085 ca
1512 3047 1632 3100 qua:
1679 3033 1728 3081 in
1777 3029 1926 3081 nobis
1969 3038 2051 3082 est
2097 3042 2226 3095 spe,
2258 3038 2314 3077 ut

731 3130 848 3194 ipse
920 3127 1108 3177 beatus
1165 3123 1358 3177 Petrus
1403 3121 1680 3173 admonuit
1720 3120 1784 3172 ⁸⁷.
1831 3118 1912 3179 Et,
1965 3119 2103 3185 quod
2134 3117 2313 3169 Domi-

729 3233 835 3270 nus
900 3218 1195 3270 secundum
1261 3214 1537 3268 heminem
1601 3211 1774 3264 oravit
1826 3211 2009 3261 dit-ens
2037 3223 2054 3259 :
2084 3208 2264 3261 Simon
2295 3245 2311 3268 ,
2344 3208 2384 3263 ς

729 3311 910 3378 rogari
953 3325 1046 3374 pro
1103 3317 1172 3370 te,
1211 3315 1265 3358 ut
1311 3320 1412 3356 non
1465 3301 1678 3367 deﬁciat
1723 3301 1852 3366 ﬁdes
1906 3313 2032 3362 tua;
2098 3310 2150 3351 et
2214 3299 2314 3350 hoc

731 3406 782 3454 in
836 3401 978 3454 Petri
1034 3381 1451 3452 successoribus
1500 3402 1774 3448 servatum
1828 3403 1934 3453 est,
1993 3389 2144 3455 cujus
2186 3390 2314 3442 fides

729 3494 784 3546 in
843 3493 976 3559 ipsis
1020 3506 1299 3557 nunquam
1343 3487 1562 3540 defecit.
1595 3484 1885 3552 Oportebat
1935 3483 2078 3534 enim
2111 3483 2313 3532 oratio-

730 3599 851 3637 nem
897 3574 1041 3634 illam
1101 3581 1234 3647 ipsis
1275 3580 1436 3633 rebus
1488 3591 1594 3628 non
1641 3591 1799 3643 posse
1841 3573 2096 3626 decidere
2134 3591 2145 3622 :
2204 3571 2314 3637 Ego

728 3674 890 3734 enim,
940 3670 1139 3738 inquit,
1194 3669 1458 3730 sciebam,
1513 3667 1636 3734 quia
1671 3679 1868 3729 semper
1915 3679 1994 3715 me
2039 3663 2191 3714 audis
2219 3661 2264 3690 ⁸⁸
2301 3700 2314 3722 ,

729 3776 784 3817 et
830 3764 1042 3832 aliquos
1077 3774 1292 3828 semper
1347 3759 1398 3810 in
1453 3767 1593 3830 terra
1663 3757 1712 3808 in
1743 3755 1884 3807 illius
1935 3754 2163 3808 veritate
2198 3767 2316 3805 ser-

730 3858 871 3921 Vari,
937 3869 1033 3923 pro
1085 3852 1280 3920 quibus
1352 3849 1528 3902 oratio
1586 3847 1673 3898 illa
1715 3845 1831 3898 fusa
1865 3867 1874 3898 :
1912 3845 2068 3896 Serra
2133 3859 2217 3894 eos
2266 3843 2318 3893 in

728 3951 973 4012 feritate,
1031 3945 1193 3998 Pater
1239 3952 1437 4003 sancte,
1481 3950 1534 3992 ut
1565 3941 1668 3992 sint
1711 3952 1892 3998 unum,
1943 3945 1996 3988 et
2040 3950 2159 4000 qua:
2212 3934 2320 3986 illic

731 4040 913 4094 addita
975 4045 1106 4090 sunt
1139 4035 1229 4097 l'9;
1294 4032 1577 4099 undique,
1644 4037 1696 4082 et
1761 4028 1935 4080 ventis
2010 4025 2127 4077 aliis
2187 4024 2318 4074 alias

731 4142 924 4186 contra
959 4127 1260 4180 Salvatoris
1295 4121 1586 4176 (editicium
1627 4133 1684 4173 se
1717 4116 2071 4186 erigentibus,
2115 4114 2320 4167 electos

731 4225 852 4278 illos
895 4220 1154 4274 infractos
1185 4216 1453 4286 prmcipue
1493 4214 1544 4265 in
1579 4221 1726 4280 petra
1759 4219 1907 4264 stare
1939 4225 1952 4272 ;
1985 4217 2037 4260 et
2062 4207 2150 4273 qui
2184 4206 2321 4258 alios

733 4314 1006 4369 servaturi
1064 4319 1254 4371 erant,
1321 4314 1638 4375 tempestate
1703 4302 1971 4368 undisque
2031 4299 2262 4368 jaCtatos
2306 4335 2321 4361 ,

734 4410 1095 4474 iufirmosque
1135 4395 1433 4464 curaturi,
1493 4398 1637 4465 ipsos
1693 4394 1809 4448 illos
1854 4394 2082 4462 primmn
2111 4390 2163 4441 in
2211 4398 2321 4440 tuta

736 4497 1016 4568 crepidine
1069 4494 1312 4557 solidari,
1351 4501 1672 4557 semperque
1702 4499 1864 4540 ranos
1929 4492 1983 4539 et
2041 4480 2323 4535 inviolatos

731 4606 875 4644 esse.
1599 4589 1608 4592 ’

818 4680 973 4745 Quod
1029 4680 1081 4753 in
1117 4677 1299 4740 Petro,
1353 4673 1579 4740 ejusque
1626 4667 2053 4729 successoribus,
2102 4665 2326 4732 ejusque

732 4773 960 4827 omnino
1019 4767 1262 4842 Ecclesia
1312 4763 1611 4818 concurrit.
1677 4759 1808 4812 Nam
1891 4772 2014 4810 cum
2072 4756 2327 4823 apostoli-

731 4878 921 4918 corum
973 4872 1354 4914 successorum
1419 4868 1576 4907 nemo
1621 4851 1844 4913 fuerit,’
1876 4863 2035 4917 quem
2090 4846 2321 4900 Satanas

734 4968 844 5007 non
900 4951 1159 5006 cribrarit
1205 4958 1264 5000 ut
1317 4945 1579 5005 triticum,
1623 4943 1833 4996 zizania
1886 4954 1981 4994 sua
2041 4935 2314 4991 subsemi-

731 5059 921 5106 nans.‘
951 5040 1148 5094 Petrus
1193 5050 1470 5106 nunquam
1521 5036 1572 5086 in
1605 5033 1720 5087 suis
1775 5029 2180 5085 successoribus
2226 5029 2323 5082 de-

735 5139 861 5200 fuit,
913 5137 1005 5192 sed
1044 5136 1209 5190 etiam
1265 5147 1362 5202 per
1412 5133 1533 5195 hos,
1573 5129 1884 5183 deficientes
1917 5136 2131 5194 quoque
2173 5121 2326 5184 alios,

738 5229 892 5296 juxta
951 5227 1190 5282 edictum
1241 5222 1613 5276 confirmavit.

815 5320 1001 5390 Neque
1033 5321 1177 5372 enim
1212 5316 1389 5371 solum
1441 5314 1508 5367 de
1562 5309 1968 5366 resurrectione
2003 5303 2326 5366 Salvatoris,

709 5416 779 5475 .si
821 5416 941 5484 quis
977 5413 1173 5464 adhoc.
1223 5410 1275 5462 id
1308 5410 1534 5462 verbum
1593 5405 1816 5466 trahat,
1868 5402 2072 5455 dictum
2134 5409 2326 5467 putare

740 5510 1024 5574 debemus,
1054 5503 1196 5576 quod
1229 5501 1423 5556 Petrus
1451 5511 1748 5552 conversus
1773 5494 1968 5547 fratres
2001 5489 2329 5545 conﬁrmare

809 5711 856 5744 ε’
890 5711 1084 5780 Ephes.
1117 5722 1188 5780 tv,
1222 5706 1310 5780 l5.

742 5785 872 5849 tn,l
913 5771 1064 5850 seqq.
1146 5776 1371 5830 ""Joan.
1411 5789 1487 5835 xi,
1517 5771 1602 5823 ti.

2409 579 2497 631 illa
2529 578 2801 631 roboravit
2839 593 2851 627 :
2891 578 2982 628 sed
3011 577 3174 628 etiam
3205 578 3269 628 de
3299 576 3459 628 Petro
3504 590 3600 642 per
3629 589 3976 630 successores

2407 687 2534 724 suos
2567 671 2796 723 aliorum
2831 671 3130 736 corrigente
3163 669 3551 720 infirmitatem.

2481 763 2662 828 Neque
2695 763 2881 829 magis,
2923 776 2988 812 ne
3033 775 3126 828 per
3155 758 3494 827 negationem
3529 757 3674 811 Petri
3719 758 3976 811 deficeret

2406 854 2556 915 fides,
2579 854 2877 907 orationem
2905 851 3044 903 illam
3062 850 3232 904 fusam
3253 865 3373 905 esse
3398 849 3687 918 putandum
3711 857 3813 910 est,
3833 847 3975 914 quod

2405 957 2458 999 et
2483 948 2654 1011 ipsum
2683 959 2861 996 verum
2892 953 2992 1005 est,
3019 959 3197 1007 turam,
3224 959 3288 995 ne
3311 957 3543 1011 unquam
3573 941 3824 994 Ecclesia:
3848 955 3979 992 con-

2408 1035 2593 1096 fessio,
2631 1048 2747 1099 qua
2777 1033 2875 1086 sibi
2918 1033 3129 1085 caelitus
3172 1032 3402 1085 revelata
3437 1041 3518 1083 est
3553 1069 3568 1091 ,
3621 1030 3674 1081 in
3711 1029 3821 1081 suis
3853 1043 3994 1096 suc-.

2409 1125 2720 1178 cessoribus
2778 1123 3185 1185 infirmaretur,
3236 1136 3411 1188 neque
3470 1122 3703 1187 unquam
3756 1105 3996 1202 nutaret"|

2411 1216 2843 1270 fundamentum.
2880 1212 3190 1267 Orationem
3227 1213 3369 1265 enim
3411 1201 3580 1270 illam,
3627 1211 3678 1261 in
3726 1222 3788 1260 eo
3833 1207 3974 1275 quod

2410 1320 2679 1374 nunquam
2734 1305 2874 1357 Petri
2937 1303 3214 1357 defectura
3268 1313 3411 1356 esset
3459 1301 3624 1360 fides.
3677 1301 3740 1352 ad
3787 1313 3975 1351 omnes

2409 1411 2622 1464 quoque
2653 1397 2794 1451 illius
2826 1410 3177 1450 successores
3200 1394 3435 1448 efficacia
3463 1395 3677 1446 virtutis
3701 1409 3757 1444 se
3785 1375 3997 1445 esten?

2409 1487 2552 1539 ditse
2585 1486 3026 1539 constantissime
3046 1485 3338 1552 putandum
3361 1492 3441 1537 est
3469 1499 3481 1534 :
3508 1498 3663 1550 quem
3697 1482 3984 1548 Dominus.

2410 1589 2467 1632 ut
2499 1579 2685 1641 voluit,
2716 1578 2836 1630 aliis
2869 1577 3185 1643 prmfcrens,
3216 1588 3308 1640 per
3339 1573 3509 1641 ipsum
3540 1573 3834 1631 roboravit,
3861 1586 3980 1622 cre-

2409 1667 2642 1736 pidinem
2674 1682 2782 1721 sua:
2811 1665 3068 1719 Ecolesia:
3098 1663 3413 1731 subjicicns,
3447 1674 3793 1728 praesensque
3828 1658 3968 1712 invi-

2411 1754 2639 1808 sibiliter
2693 1756 2743 1806 in
2796 1754 3026 1806 veritate
3068 1765 3284 1818 semper
3337 1749 3719 1811 conservavit,
3772 1749 3878 1799 imo
3927 1753 3981 1798 ct

2339 1867 2380 1924 Β
2412 1859 2577 1912 usque
2605 1845 2655 1896 in
2691 1843 2847 1897 finem
2877 1843 3073 1911 juvans
3104 1840 3472 1895 conservabit.
3499 1839 3668 1892 Filius
3711 1838 3852 1890 enim
3885 1837 3984 1889 ho-

2412 1935 2570 1986 minis
2625 1934 2677 1986 in
2731 1942 2928 1986 terram
2981 1934 3225 1991 veniens,
3281 1930 3517 1983 inveniet
3581 1929 3758 1980 fidem.
3811 1926 3981 1978 Aliter

2411 2027 2606 2094 quippe
2640 2025 2815 2078 inanis
2847 2031 2992 2078 esset
3027 2023 3292 2088 Ecclesia,
3322 2035 3481 2089 quam
3520 2020 3573 2073 in
3627 2030 3766 2072 terra
3799 2017 3982 2070 Domi-

2413 2132 2511 2170 nus
2545 2118 2752 2179 statuit,
2782 2117 2883 2170 nisi
2927 2130 3096 2184 usque
3144 2115 3208 2167 ad
3249 2109 3770 2166 consummationem
3804 2107 3983 2161 επιξυιί

2411 2210 2674 2261 servanda
2699 2222 2763 2260 ex
2792 2207 3042 2260 onmibus
3070 2212 3233 2268 esset,
3265 2204 3329 2256 de
3361 2217 3486 2269 qua,
3509 2207 3568 2254 ut
3591 2195 3984 2263 conservanda,

2413 2302 2658 2368 prmdixit
2697 2315 2710 2351 :
2741 2298 2897 2364 Ecce,
2932 2315 3024 2367 ego
3055 2299 3317 2351 vobiscum
3348 2311 3487 2357 sum,
3517 2293 3755 2346 omnibus
3778 2289 3980 2355 diebus,

2413 2406 2574 2456 usque
2608 2392 2677 2443 ad
2709 2390 3211 2442 consummationem
3241 2386 3423 2440 surculi
3444 2386 3512 2437 ⁸ο.
3539 2383 3707 2450 Quam
3741 2381 3984 2451 profecto

2415 2484 2535 2535 ideo
2570 2485 2780 2537 ca-teris
2814 2496 3044 2551 prmesse
3082 2480 3286 2543 voluit,
3318 2487 3378 2532 ut
3407 2478 3548 2542 aliis,
3579 2476 3741 2530 veluti
3772 2475 3837 2527 de
3865 2489 3988 2541 spe-

2414 2575 2556 2639 cula,
2588 2576 2709 2642 jura
2740 2574 3012 2644 dietaret_:
3044 2586 3106 2625 ac
3137 2573 3202 2623 de
3255 2571 3410 2637 longe
3441 2582 3630 2622 omnes
3665 2567 3716 2619 in
3755 2581 3870 2619 eam
3905 2565 3989 2616 in—

2415 2675 2650 2728 tuentes,
2686 2665 2889 2732 absque
2920 2663 3275 2729 ambiguitate
3308 2660 3449 2712 illius
3482 2660 3698 2712 decreta
3743 2657 3991 2722 suscipe-

2415 2766 2534 2808 rent
2568 2770 2580 2805 :
2612 2769 2858 2822 quasnam
2892 2754 2960 2808 sit
2991 2752 3228 2805 Ecclesia
3263 2750 3550 2804 manifeste
3580 2749 3836 2810 scientes,
3862 2760 3985 2811 per-

2417 2862 2753 2913 suastttuqtte
2796 2846 3058 2915 habentes
3095 2858 3214 2897 eam
3263 2857 3477 2911 semper
3510 2856 3632 2896 vera
3677 2837 3989 2893 necessario

2415 2938 2698 3008 prosequi.
2889 2976 2894 2987 .
3154 2940 3155 2943 “

2486 3076 2688 3142 Nempe
2718 3072 2884 3132 enim,
2920 3078 2976 3122 ut
3027 3070 3230 3122 dictum
3278 3076 3382 3129 est,
3409 3065 3529 3117 aliis
3587 3062 3842 3116 Eeclesiis
3896 3075 3987 3112 ca-

2416 3169 2632 3221 tholicas
2663 3165 2786 3216 fidei
2821 3161 3093 3215 contraria
3132 3174 3273 3226 saepe
3304 3155 3736 3224 praeferentibus,
3768 3156 3900 3205 adeo
3931 3160 3988 3202 ut

2419 3277 2546 3314 vera
2575 3260 2895 3318 sentientes.
2931 3255 3237 3309 maledictis
3275 3252 3560 3321 positisque
3596 3249 3927 3316 Snbjicerent
3973 3261 3985 3295 :

2415 3366 2470 3406 et
2497 3351 2762 3404 mendacii
2801 3349 3038 3409 litteras,
3070 3356 3260 3399 contra
3287 3343 3589 3406 veritatem,
3619 3341 3753 3393 alios
3776 3339 3990 3406 quidem

2417 3440 2685 3501 confiteri,
2714 3439 2850 3492 alios
2911 3445 3038 3488 vero
3078 3435 3243 3486 etiam
3299 3433 3539 3485 scribere
3567 3429 3990 3496 'compellerent.

2419 3534 2561 3587 Petri
2597 3547 2726 3584 vero
2757 3529 2997 3583 Ecclesia
3030 3566 3044 3588 ,
3083 3526 3320 3577 Romana
3359 3524 3590 3584 scilicet,
3633 3534 3905 3588 nunquam
3940 3519 3992 3570 in

2421 3621 2639 3686 aliquod
2675 3615 2980 3685 hujusmodi
3017 3615 3282 3666 lubricum
3313 3612 3598 3679 prolapsa;
3636 3611 3685 3661 in
3734 3608 3838 3660 illis
3868 3607 3994 3674 qui-

2422 3710 2543 3763 dem
2575 3707 2876 3760 Salvatoris
2901 3703 3170 3758 sententia
3198 3702 3414 3768 impleta
3449 3716 3552 3753 non
3579 3713 3690 3752 est:
3723 3697 3996 3750 Vobiscum

2423 3820 2560 3866 sum,
2596 3801 2846 3858 dicentis.
2885 3796 3122 3850 omnibus
3150 3795 3352 3854 diebus,
3385 3807 3545 3859 usque
3569 3789 3636 3841 ad
3667 3803 3998 3843 consumma-

2422 3897 2612 3947 tionem
2647 3892 2848 3945 surculi.
2874 3887 3041 3954 impie
3066 3887 3208 3939 enim
3233 3882 3592 3937 sentientibus
3615 3894 3882 3946 nunquam
3911 3879 3997 3931 ifle

2424 3988 2609 4051 adest;
2646 3981 3102 4053 quemadmodum
3147 3993 3268 4031 eum
3314 3977 3428 4028 suis
3453 3984 3534 4028 est
3563 3974 3762 4042 jugiter
3805 3971 3856 4022 in
3896 3971 3996 4032 eis,

2425 4083 2618 4148 hisque
2646 4079 2790 4129 velut
2819 4072 3197 4129 instrumentis
3225 4080 3405 4132 utens,
3433 4077 3487 4121 et
3515 4068 3668 4136 quasi
3706 4064 3996 4131 inspirans,

2425 4188 2487 4224 ac
2523 4186 2618 4238 per
2649 4166 2934 4222 veritatem
2978 4163 3100 4216 fidei
3136 4177 3163 4214 a
3191 4161 3306 4214 suis
3339 4157 3713 4218 sacramentis,
3753 4165 3806 4207 et
3837 4154 3999 4220 spiri-

2427 4265 2518 4318 tali
2569 4265 2677 4315 vita
2727 4260 2794 4313 ad
2845 4257 3115 4311 co~lestem
3151 4252 3381 4323 patriam
3419 4249 3777 4310 transferens,
3829 4244 4003 4297 utubi

2427 4357 2542 4424 ipse
2580 4364 2662 4406 est
2697 4361 2750 4405 et
2781 4350 2880 4418 ipsi
2914 4349 3043 4401 sint.

2499 4467 2554 4519 ln
2589 4467 2689 4520 bac
2721 4478 2872 4526 vero,
2904 4434 3166 4529 quoniam
3209 4468 3484 4524 nunquam
3522 4466 3550 4507 a
3583 4451 3814 4505 veritate
3842 4449 4001 4507 aber-

2355 4537 2398 4592 D
2433 4559 2594 4619 ravlt,
2625 4556 2894 4610 sententia
2944 4552 3045 4604 ista
3081 4559 3134 4603 et
3178 4548 3468 4616 promissio
3537 4545 3770 4596 maxime
3805 4556 4006 4595 conveo

2432 4649 2537 4713 uit,
2569 4658 2625 4700 ut
2658 4645 2976 4699 hinc'stiam
3012 4640 3358 4708 perspicuum
3392 4637 3481 4700 sit,
3515 4637 3653 4688 hanc
3681 4647 3807 4686 esse
3834 4630 4013 4684 Eccle-

2433 4742 2592 4803 siam,
2631 4753 2793 4806 quant
2830 4737 2882 4789 in
2920 4732 3081 4787 Petro
3122 4723 3514 4786 adificatttrum
3549 4727 3808 4781 Dominus
3835 4740 3892 4778 se
3922 4739 4009 4776 re-

2435 4831 2713 4902 promisit.

2495 4944 2773 4996 Prteterea
2803 4941 2940 5008 quod
2979 4937 3045 4991 ab
3078 4950 3143 4989 eo
3173 4935 3372 4988 dictum
3405 4943 3507 4999 est,
3550 4930 3690 5001 quod
3726 4930 3868 4983 inter
3900 4928 4012 4982 fra-

2393 5046 2541 5090 -tres
2604 5032 2905 5088 differentia
2969 5032 3148 5098 aliqua
3208 5036 3436 5090 exorta,
3496 5026 3727 5092 primum
3783 5021 4000 5092 quidem

2431 5127 2611 5192 ipsum
2653 5122 2743 5189 qui
2778 5121 2938 5173 Imsus
2973 5118 3064 5182 sit,
3097 5115 3160 5168 ad
3202 5129 3326 5168 eum
3360 5114 3451 5182 qui
3503 5127 3561 5166 se
3598 5112 3822 5171 Itnserit,
3855 5122 4013 5162 acce-

2433 5215 2563 5268 dere
2595 5222 2648 5265 et
2672 5226 2887 5279 regare,
2921 5225 3040 5275 qua:
3070 5207 3136 5260 ad
3169 5221 3354 5273 pacem
3390 5213 3539 5267 sunt,
3563 5204 3794 5265 debere;
3821 5201 4016 5253 deinde

2434 5307 2478 5360 si
2523 5306 2673 5358 illum
2719 5301 3075 5356 reconciliare
3127 5313 3233 5352 non
3285 5297 3481 5366 possit,
3516 5304 3569 5350 et
3629 5295 3791 5348 alium
3828 5287 4012 5346 secum

2434 5409 2750 5458 assumere;
2790 5394 2874 5446 sin
2929 5403 3108 5444 autem
3140 5404 3240 5443 nec
3267 5389 3345 5442 sic
3374 5388 3591 5456 quidem
3636 5384 4019 5440 reconciliare-

2434 5496 2542 5579 ιγ,
2598 5482 2853 5540 Ecclesia:
2889 5482 3105 5536 tandem
3159 5479 3446 5545 nuntiare;
3492 5480 3601 5543 cui,
3640 5475 3745 5530 nisi
3783 5472 4018 5539 obediat,

1388 5702 1432 5733 “
1473 5699 1614 5754 Psal.
1661 5709 1831 5756 stit,
1884 5694 1933 5745 l.
1967 5691 2031 5744 In
2069 5689 2316 5744 Ecclesiis
2366 5688 2652 5743 benedicite
2700 5676 2804 5737 Dé’o
2841 5678 3064 5735 Domino
3093 5680 3157 5733 de
3197 5681 3425 5749 fontibus
3462 5679 3654 5734 Israel.
3734 5679 3776 5710 "
3821 5680 3838 5734 l
3877 5678 4018 5736 Petr.

1411 5789 1487 5830 xi,
1517 5771 1602 5823 ti.
1684 5768 1727 5798 ⁸³
1789 5763 1944 5816 .loau.
2007 5778 2136 5827 xvu,
2183 5764 2246 5816 t7
2282 5777 2435 5830 seqq.
2515 5760 2562 5790 "
2597 5756 2781 5810 Matth.
2811 5766 3007 5815 xxvut,
3044 5750 3134 5805 ΞΟ.

1823 5793 1944 5816 Udlln
2009 5793 2136 5827 AVII,
2188 5793 2200 5810 ‘
2226 5793 2238 5816 Ι
2282 5793 2435 5827 θιὶιιιιο

2515 5760 2562 5790 ’⁸
2597 5756 2781 5810 Matth.
2811 5766 3007 5815 xxvut,
3044 5750 3134 5805 ΞΟ.
