4472 6434
479 404 587 466 249

1522 394 1923 455 ADVERSUS
1954 394 2268 453 GR/ECOS
2295 394 2438 453 LIB.
2484 396 2577 454 ιν.

3593 396 3696 459 250

477 521 535 564 ιιι
566 511 841 565 etlmicum
876 517 930 564 ct
956 508 1299 577 publicanum
1334 503 1444 574 jam
1482 517 1601 558 esse
1642 502 2029 570 iudicandum;
2057 502 2413 569 Adictantes,
2453 503 2754 574 cujusmodi
2809 512 3029 556 sanctus
3077 503 3342 558 Maximus
3396 506 3515 583 fuit,
3553 520 3605 561 et
3648 508 3697 565 ei

477 600 577 653 boc
612 608 698 653 est
726 598 1089 653 inﬁdelent‘et
1119 597 1185 651 ab
1211 593 1451 650 Ecclesia
1480 592 1788 662 praecisum.
1827 604 1890 644 ea
1918 604 2035 658 quae

477 688 847 758 praediximus,
889 689 1125 743 roborat.
1161 682 1538 752 Praesupponit
1581 681 1722 735 enim
1753 679 2032 742 Dominus,

478 776 771 831 Ecclesiam
820 776 1094 829 deﬁnitam
1156 788 1276 828 esse
1315 772 1548 839 aliquam
1604 785 1739 833 rem,
1794 778 1849 823 et
1896 768 2034 821 hanc

475 882 688 933 semper
712 881 980 927 veraeem,
1010 865 1128 918 aliis
1160 878 1278 932 quae
1308 853 1430 917 Sunt
1466 861 1618 914 utilia
1652 869 1701 913 et
1727 858 2033 914 necessaria

475 957 823 1019 annuntiare,
865 965 1027 1024 atque
1071 968 1252 1022 agere.
1292 936 1477 1020 Neque
1510 950 1653 1004 enim
1682 949 1788 1002 nisi
1824 954 2037 1015 semper

475 1062 641 1099 wrax
667 1056 811 1100 esset
854 1044 1053 1108 futura,
1098 1042 1405 1097 indeﬁniter
1430 1056 1525 1109 per
1547 1054 1705 1095 omne
1735 1049 1944 1106 tempus
1970 1038 2036 1091 ad
2067 1089 2071 1093 .

475 1136 616 1189 hanc
652 1136 837 1189 ﬁdeles
872 1136 1132 1195 mitteret,
1164 1134 1230 1188 de
1261 1134 1421 1185 rebus
1444 1131 1709 1198 ambiguis
1742 1131 2039 1182 decernen-

478 1232 588 1278 tem
637 1226 939 1279 audituros.
992 1223 1176 1293 Neque
1229 1223 1273 1276 si
1331 1222 1666 1277 indeﬁnitum
1720 1221 1857 1285 ejus,
1898 1219 2040 1286 apud

476 1315 663 1368 fideles
686 1316 961 1368 definitum
988 1324 1153 1378 esset,
1177 1314 1318 1366 scire
1342 1322 1559 1380 possent
1582 1324 1686 1380 quo
1715 1325 1770 1363 se
1791 1308 2038 1363 conferre

474 1404 756 1465 deberent,
793 1404 873 1456 vel
912 1402 1007 1457 sua
1036 1402 1215 1455 omnia
1253 1404 1480 1463 referre,
1514 1408 1571 1452 ut
1604 1400 2040 1465 obtemperantes

477 1494 691 1561 quidem
739 1494 916 1546 securi
962 1492 1072 1560 jam
1106 1501 1159 1545 et
1189 1492 1285 1544 tuti
1317 1506 1436 1544 esse
1469 1497 1690 1557 possent
1732 1504 1746 1540 :
1801 1501 1904 1539 non
1950 1486 2043 1539 ob-

478 1592 841 1650 temperantes
869 1592 1070 1645 autctn,
1102 1596 1220 1633 cum
1255 1580 1493 1633 ethnicis
1526 1593 1585 1633 se
1646 1586 1699 1631 et
1738 1575 2043 1630 inﬁdelibus

476 1670 790 1723 statuendus
838 1671 1058 1724 scirent.

2140 590 2263 660 quis
2314 593 2388 645 illi
2439 592 2631 645 similis
2663 602 2747 646 cst
2792 609 2805 645 :
2850 608 2956 647 non
3012 601 3191 649 tamen
3240 593 3345 660 ita,‘
3369 606 3426 650 ttt
3477 599 3699 654 inti-uitis

2142 680 2446 748 agminibus
2482 681 2937 746 Christianorum,
2977 698 3075 752 pro
3110 673 3479 754 magnitudine
3518 691 3701 744 Eccle-

2143 771 2235 824 siae
2283 780 2335 825 ct
2374 772 2657 842 dignitate,
2697 775 2830 827 satis
2878 789 2999 827 esse
3038 786 3256 843 possent
3304 793 3317 828 :
3358 772 3604 846 quodque
3648 782 3697 832 in

2142 863 2244 928 eis,
2285 866 2436 933 quasi
2490 866 2541 917 in
2587 866 2821 919 obscuro
2855 874 2993 931 erat,
3034 868 3100 918 ad
3153 867 3308 919 ﬁdem
3348 884 3533 920 eorum
3582 886 3701 937 qua:

2144 958 2491 1021 dicerentur,
2541 958 2794 1010 omnibus
2847 957 3117 1011 sufﬁceret
3164 976 3177 1011 :
3224 961 3378 1027 quasi
3440 961 3534 1026 ipsi
3597 962 3700 1015 Ec-

2145 1048 2321 1103 clesia:
2362 1056 2522 1115 caput
2556 1057 2741 1101 essent
2776 1049 2913 1116 ejus,
2944 1047 3028 1099 ‘nd
3073 1063 3232 1116 quant
3271 1050 3534 1109 mittimur
3571 1071 3581 1104 :
3615 1070 3705 1105 t‘tt-

2143 1137 2338 1207 jusque
2396 1134 2795 1204 proccssidnen‘t
2858 1139 2991 1191 ﬁnes
3052 1150 3207 1193 terra)
3244 1158 3362 1193 esse
3424 1140 3703 1197 l’salinista

2146 1229 2386 1282 deﬁnivit
2415 1231 2479 1283 ".

2223 1318 2349 1372 llaec
2383 1335 2504 1372 eum
2535 1322 2606 1373 ita
2641 1337 2760 1375 esse
2789 1322 3093 1375 nctcssario
3128 1337 3437 1375 concessum
3470 1326 3558 1388 sit,
3590 1327 3707 1377 ali;e

2150 1409 2368 1477 quidem
2415 1408 2695 1474 Ecclesiae,
2724 1422 2781 1464 ut
2814 1413 3013 1466 dictum
3056 1425 3155 1475 est,
3190 1430 3219 1465 a
3258 1416 3479 1467 veritate
3514 1418 3710 1480 smpius

2148 1501 2305 1554 aliter
2338 1502 2471 1555 alias
2513 1503 2897 1557 aberraverunt
2929 1520 2943 1557 :
2983 1504 3198 1569 quando
3229 1506 3289 1556 de
3328 1505 3448 1557 lidt-i
3486 1509 3710 1558 inritato

2150 1586 2281 1639 orbe
2322 1594 2432 1640 toto
2484 1587 2623 1640 inter
2674 1603 2733 1640 se
2772 1603 2878 1639 non
2912 1590 3288 1652 conveniente,
3340 1590 3443 1642 illa:
3484 1589 3615 1643 falsa
3658 1601 3713 1643 et

2150 1675 2469 1740 sentiebant,
2528 1686 2581 1731 et
2618 1678 2741 1731 aliis
2790 1680 3070 1731 sentiendo
3109 1680 3497 1747 prope-ebant,
3544 1698 3710 1750 quos-

549 1780 653 1833 Scd
696 1794 870 1848 neque
903 1788 1081 1834 tamen
1111 1780 1214 1834 nisi
1256 1793 1343 1843 ea,
1370 1779 1436 1833 ad
1470 1794 1630 1848 quam
1672 1778 2042 1841 mitteremur,
2077 1748 2127 1853 ζ
2153 1763 2275 1818 dam
2320 1781 2449 1819 vero
2491 1767 2651 1819 etiam
2691 1769 2887 1821 invitos
2929 1770 3084 1821 fateri
3124 1784 3292 1837 comp:
3316 1770 3534 1835 Iit-bant,
3563 1748 3710 1853 nulla

474 1868 739 1933 Ecclesia,
774 1883 901 1923 vera
946 1883 1158 1939 semper
1199 1870 1265 1923 de
1296 1870 1546 1924 omnibus
1569 1868 1775 1922 dictare
1801 1882 2043 1936 prmsup-
2076 1842 2119 1898 Β
2146 1869 2240 1907 επ

1948 1883 2043 1934 up-
2076 1842 2119 1898 Β
2146 1869 2330 1907 earum
2362 1865 2503 1908 esset
2544 1855 2805 1924 profecta,
2849 1860 2914 1935 ad
2956 1874 3117 1927 quant
3165 1860 3442 1912 indefinite
3476 1842 3714 1915 mittere-

476 1970 772 2027 poneretur
794 1998 809 2023 ,
842 1958 980 2013 scire
1015 1967 1255 2028 possent,
1288 1958 1504 2028 quando
1535 1972 1784 2021 renuere,
1824 1956 2045 2025 quando

474 2051 853 2119 obtemperare
892 2049 1175 2112 deberent,
1204 2064 1325 2103 eum
1370 2048 1459 2117 qui
1489 2049 1556 2101 ab
1588 2048 1817 2101 invicem
1862 2046 2048 2101 differ-

478 2150 620 2204 rent,
670 2156 824 2194 veras
868 2140 1028 2192 ambo
1079 2119 1324 2194 rationes
1377 2138 1623 2208 proferre
1659 2138 1976 2193 viderentur
2029 2153 2046 2191 :

477 2232 787 2285 communis
843 2244 974 2282 vero
1010 2229 1449 2284 Christianorum
1508 2230 1820 2299 multitudo,
1859 2230 2048 2283 simul-

478 2337 613 2390 que'
646 2321 937 2375 inﬁrmitas
990 2320 1223 2373 humana
1274 2321 1585 2373 discernere
1645 2334 1748 2372 non
1800 2327 2046 2388 possent,

479 2411 833 2480 confusioque
872 2424 936 2464 ac
975 2425 1151 2479 pugna
1209 2408 1599 2464 ecclesiasticis
1646 2410 1701 2462 in
1733 2410 1892 2464 rebus
1927 2414 2049 2478 pul-

479 2504 710 2559 lulatura
752 2490 1028 2557 videretur
1064 2521 1077 2555 :
1126 2503 1228 2557 nisi
1255 2503 1493 2571 subjecta
1526 2501 1790 2569 Ecclesia,
1826 2505 2049 2556 definite

478 2595 689 2664 singula
718 2594 1055 2648 decerneret.
1105 2593 1211 2648 Sed
1252 2600 1305 2648 et
1353 2594 1470 2648 sine
1507 2594 1664 2662 culpa
1696 2594 1918 2648 omnino
1963 2608 2078 2649 es«.

478 2697 619 2747 sent,
672 2686 816 2738 omni
854 2684 1064 2753 spiritui
1101 2699 1159 2738 se
1191 2684 1589 2752 permittentes,
1636 2685 1739 2739 nisi
1787 2693 1971 2753 aperta
1998 2695 2052 2739 et

480 2776 768 2831 manifesta
812 2776 1057 2829 ﬁdelibus
1099 2790 1245 2829 esset
1279 2776 1650 2830 ecclesiastica
1696 2781 2043 2833 auctoritas:

482 2870 592 2924 Deo
614 2869 824 2938 quidem
864 2867 1143 2936 possibilia
1188 2884 1216 2918 ιι
1246 2853 1459 2921 cunctis
1490 2868 1759 2937 exigente,
1798 2869 1902 2923 illis
1924 2885 2053 2925 vero

479 2960 711 3013 obscura
764 2976 867 3012 non
928 2960 1235 3013 valentibus
1274 2959 1595 3028 dignoscere
1640 2976 1653 3012 :
1712 2961 1826 3014 sive
1864 2977 2053 3016 omnes

478 3051 699 3105 omnino
743 3053 1030 3119 oportebat
1061 3049 1372 3103 divinarum
1414 3063 1595 3102 rerum
1639 3049 1927 3104 scientiam
1964 3051 2051 3118 ju-

478 3142 618 3211 giter
650 3145 871 3211 adeptos
923 3143 973 3195 in
1010 3152 1156 3195 tanta
1204 3141 1525 3197 confusione
1559 3156 1759 3207 rerum,
1808 3154 1862 3197 et
1903 3145 2050 3213 ipsos
2079 3176 2123 3236 Ο

480 3233 747 3302 ambigua:
808 3232 931 3285 ﬁdei
990 3232 1272 3285 veritatem
1335 3232 1652 3300 dignoscere
1700 3248 1715 3285 :
1768 3240 1823 3286 at
1888 3233 1939 3287 id
1995 3234 2048 3288 itt

485 3324 827 3378 multitudine
880 3323 1215 3388 contingere,
1254 3310 1516 3393 possibile
1575 3339 1681 3379 non
1733 3334 1837 3380 est.
1878 3328 2054 3396 Atque

483 3416 628 3479 ideo,
658 3430 929 3483 nunquam
970 3416 1071 3468 hoc
1108 3417 1249 3468 Deus
1293 3417 1360 3469 ab
1389 3417 1639 3471 erunibus
1678 3419 1942 3487 exigeret.
1989 3420 2058 3474 Et.

482 3508 536 3562 id
569 3510 695 3562 item
729 3507 867 3576 quod
910 3509 1147 3562 dicitur:
1178 3508 1314 3563 Circi
1348 3525 1511 3562 ca'cos
1544 3521 1835 3577 sequentes
1867 3514 2055 3580 primi-

478 3600 669 3669 pitari.
692 3600 1102 3668 periclitantur,
1133 3600 1335 3668 quique
1382 3600 1635 3654 Ecclesia:
1670 3602 2052 3659 inobedientes

482 3701 629 3756 sunt,
666 3707 786 3745 cum
818 3692 1052 3745 etlmicis
1095 3708 1197 3745 una
1234 3693 1548 3761 ejiciuntur,
1588 3694 1766 3746 locum
1816 3710 1921 3748 non
1958 3696 2053 3748 hn-

482 3785 656 3849 bcret,
695 3784 740 3838 si
785 3784 1083 3838 Ecelcsiam
1112 3785 1469 3854 dignoscere,
1496 3786 1806 3856 bonumque
1844 3802 1873 3841 a
1913 3790 2052 3845 malo

480 3876 810 3940 discernere,
845 3874 1234 3942 possibile-non
1271 3886 1440 3929 esset.

552 3966 755 4033 Nempe
788 3976 839 4019 et
873 3966 925 4019 in
952 3966 1072 4019 ﬁdei
1111 3964 1388 4034 Sytnbolo,
1417 3968 1556 4020 sicut
1597 3969 1703 4022 alia
1732 3970 1797 4021 ad
1826 3952 2050 4025 salutem

482 4057 790 4110 necessaria
841 4057 911 4111 ab
958 4057 1055 4119 eis,
1096 4066 1154 4110 ut
1203 4049 1589 4123 conﬁteantur,
1640 4061 1918 4129 exigitur:
1955 4063 2050 4129 ita,
2095 4094 2117 4120 ρ

482 4157 533 4201 et
560 4164 719 4201 imam
754 4157 1015 4214 sanctum,
1052 4148 1387 4213 catholicam,
1413 4162 1471 4204 et
1496 4151 1840 4218 apostolicam
1871 4152 2055 4207 Eccle—

482 4242 615 4293 siam
644 4238 911 4305 conﬁteri,
948 4240 1337 4308 requiruntur:
1386 4243 1450 4295 ad
1491 4257 1651 4311 qnam
1695 4246 1760 4297 de
1799 4244 2055 4300 omnibus

479 4332 691 4386 scilicet
728 4332 1071 4386 dellnituram
1098 4333 1434 4386 admittimur
1474 4350 1491 4387 :
1529 4345 1582 4387 et
1645 4335 1731 4389 cui
1774 4338 2055 4404 obtempe-

486 4433 703 4488 rantes,
765 4424 1031 4477 molcstiis
1092 4433 1146 4476 et
1203 4423 1478 4493 scrupulis
1540 4424 1693 4479 liberi
1752 4428 2049 4482 evadimus.

2149 1959 2290 2007 mur,
2334 1943 2601 2008 Ecclesia,
2637 1948 2701 2000 de
2728 1932 2995 2015 ambiguis
3025 1948 3259 2001 salubria
3290 1960 3337 2001 et
3388 1964 3530 2002 certa
3564 1954 3715 2003 antli-

2151 2037 2277 2086 turi.
2318 2033 2656 2088 Manifestum
2704 2037 2849 2089 enim
2900 2047 3002 2101 est,
3052 2040 3176 2104 quia
3222 2054 3316 2091 eos
3355 2041 3571 2107 quidem
3622 2044 3713 2106 qui

2152 2134 2276 2179 tunc
2311 2127 2359 2179 ei
2392 2128 2857 2187 entttradixernnt,
2884 2137 2933 2182 ct
2964 2143 3132 2192 usque
3165 2130 3230 2179 a.l
3263 2131 3577 2197 sanguinem
3626 2134 3716 2183 ad-

2152 2231 2338 2271 versus
2386 2218 2635 2282 banescs,
2685 2234 2817 2287 quas
2851 2221 2935 2271 illa
2993 2220 3229 2286 fovebat,
3282 2224 3522 2275 reluntati
3568 2236 3717 2287 sunt,

2152 2309 2385 2362 maxime
2420 2310 2623 2365 idcirco
2655 2312 3007 2373 admiramur,
3049 2314 3099 2365 in
3144 2322 3457 2382 tantumque
3503 2333 3529 2366 a
3567 2318 3719 2369 nobis

2150 2400 2322 2459 abest.
2357 2400 2599 2453 inﬁdeles
2635 2410 2688 2453 et
2736 2400 2986 2453 ethnicos
3024 2415 3139 2464 eos,
3182 2400 3324 2471 quod
3369 2402 3438 2452 illi
3484 2418 3585 2454 non
3618 2404 3719 2453 ob-

2152 2494 2596 2558 tetnperaverint,
2624 2502 2835 2561 putare.
2866 2508 2921 2546 nt
2950 2494 3113 2547 etiam
3145 2496 3324 2548 debito
3356 2497 3558 2547 honr-rc
3594 2510 3720 2561 pro-

2153 2597 2473 2651 sequamur,
2507 2593 2671 2652 atque
2713 2585 2871 2636 annis
2912 2584 3137 2656 singults
3167 2586 3377 2638 illortnn
3409 2588 3574 2639 festos
3604 2587 3721 2639 dies

2152 2669 2513 2743 celebremus,
2576 2671 3014 2740 mediatorcsque
3070 2691 3166 2743 pro
3219 2677 3371 2730 nobis
3425 2681 3490 2731 ad
3557 2681 3722 2735 Deum

2118 2757 2126 2763 '
2154 2740 2519 2823 proferamus.

2225 2847 2288 2900 Et
2318 2860 2465 2903 certe
2510 2849 2813 2916 Nestorins,
2856 2866 2918 2906 ac
2953 2852 3215 2921 Pyrrhus,
3258 2867 3311 2910 et
3352 2861 3530 2913 ueteri
3574 2860 3723 2915 Con-

2155 2941 2654 3009 stantinopolitanae
2714 2944 2864 2998 sedis
2932 2945 3229 3013 antistites,
3294 2949 3530 3005 lnerctici
3597 2963 3724 3009 tunc

2157 3034 2432 3100 temporis,
2477 3048 2599 3087 cum
2647 3037 2793 3089 omni
2832 3051 2950 3104 quin
2986 3041 3085 3091 sub
3119 3038 3250 3106 ipsis
3279 3050 3397 3095 erat
3451 3042 3722 3113 Ecclesia,

2155 3137 2275 3176 cum
2313 3136 2514 3187 essent,
2560 3141 2619 3181 se
2665 3127 2813 3195 ipsos
2854 3138 3032 3184 tamen
3072 3130 3370 3188 Ecclesiam
3405 3136 3550 3189 illuni
3605 3154 3726 3193 esse

2155 3216 2493 3296 asserebant,
2522 3232 2683 3286 quam
2718 3220 2971 3275 omnibus
3022 3226 3353 3291 sequendam
3406 3243 3500 3295 per
3544 3231 3724 3284 omnia

2157 3306 2495 3371 dictitabam,
2524 3313 2747 3379 eosque?
2776 3311 2876 3366 sibi
2907 3313 3000 3381 qui
3040 3331 3146 3369 non
3174 3318 3631 3388 ObICIItpctarml,
3669 3335 3728 3378 ιιι.

2157 3399 2404 3453 ethnicos
2446 3410 2501 3454 ct
2542 3403 2858 3471 publicanos
2910 3407 3224 3476 puniebant.
3283 3412 3385 3478 Qui
3440 3429 3567 3468 vero
3622 3418 3726 3472 illis

2155 3490 2617 3561 obtemperavere,
2692 3498 2801 3553 eos
2840 3514 2939 3553 nos
2997 3503 3235 3566 perditos
3289 3507 3663 3563 existitttztstttts
3710 3528 3724 3564 :

2156 3593 2471 3653 quantoque
2508 3588 2572 3640 ad
2630 3589 2961 3657 impietatem
3018 3591 3169 3647 fuere
3220 3587 3521 3663 proniores,
3578 3612 3727 3656 liLtlt)

2158 3681 2225 3732 ab
2261 3673 2503 3733 Ecclesia
2557 3682 2741 3748 majori
2789 3684 3055 3751 supplicio
3092 3685 3269 3742 allecti
3324 3702 3446 3743 sunt
3475 3732 3488 3753 ,
3530 3705 3579 3747 et
3636 3696 3726 3762 qui

2159 3772 2267 3826 illis
2306 3786 2722 3839 consrnttcrnnt,
2756 3779 3103 3831 anathemate
3133 3782 3343 3834 multati
3388 3796 3535 3837 sunt.

2228 3865 2445 3927 Nullum
2479 3884 2606 3922 vero
2642 3870 2912 3933 novimus,
2950 3873 3063 3940 qui,
3089 3875 3280 3941 quovis
3314 3886 3570 3945 tempore,
3606 3895 3736 3943 t-tttn,

2157 3959 2221 4015 de
2252 3959 2356 4013 ﬁde
2405 3960 2800 4029 disputaretur,
2849 3963 3105 4017 Romana:
3152 3963 3408 4018 Ecclesim
3457 3970 3733 4035 οΙιιισιιιιιυ·

2157 4066 2303 4115 rans,
2352 4052 2583 4106 similem
2633 4054 2914 4122 exceperit
2953 4055 3380 4111 damnationem.
3439 4058 3551 4112 Into
3602 4077 3731 4116 vero

2158 4144 2335 4199 nullus
2363 4160 2464 4209 ρει,
2500 4146 2591 4215 qui
2625 4156 2753 4200 tunc
2786 4148 3051 4201 adversus
3082 4149 3304 4215 quidem
3342 4150 3732 4210 Constantino-

2158 4238 2451 4308 politanam
2490 4238 2789 4294 Ecclesiam
2827 4250 3012 4309 aperte
3051 4242 3353 4303 resisteret,
3388 4246 3515 4311 quin
3545 4256 3597 4298 et
3628 4245 3733 4299 llo-

2158 4345 2370 4383 manam
2402 4329 2700 4385 Ecclesiatn
2746 4332 3069 4397 intueretur,
3105 4333 3356 4402 illiusque
3384 4336 3450 4388 de
3489 4336 3591 4389 ﬁde
3620 4338 3733 4406 opi-

2158 4425 2399 4488 nionem,
2433 4436 2493 4476 ut
2536 4425 2779 4479 veritatis
2808 4439 2871 4478 ac
2902 4424 3118 4494 pietatis
3152 4427 3486 4492 exemplum,
3532 4428 3733 4503 quibus

482 4514 655 4580 Quam
691 4513 855 4568 etiam
888 4529 917 4566 a
953 4512 1206 4567 ﬁdelibus
1240 4515 1495 4568 omnibus
1532 4518 1779 4583 agnosci,
1826 4527 1885 4570 ut
1930 4533 2052 4587 pos-
2086 4513 2127 4566 Β
2158 4514 2588 4578 eontradicebat,
2616 4526 2936 4582 Opponeret,
2978 4531 3209 4584 eamque
3245 4527 3434 4571 contra
3477 4517 3732 4573 inimicus

482 4608 637 4662 sibile
681 4617 736 4661 et
779 4607 1437 4679 necessarium'exigitur.
1498 4608 1561 4661 Et
1607 4608 1724 4665 sine
1776 4625 1879 4679 qua
1961 4627 2061 4667 nec

485 4699 719 4753 ﬁdelium
778 4697 1091 4752 communio
1139 4699 1325 4752 haberi
1379 4708 1576 4767 potest,
1617 4715 1714 4753 nec
1747 4716 2059 4756 sacramen-

486 4802 660 4844 torum
703 4790 907 4843 virtutc
960 4788 1166 4859 perfrui
1204 4790 1467 4855 valemus,
1506 4806 1604 4845 nec
1661 4805 1759 4862 per
1800 4793 1913 4860 ipsa
1967 4808 2057 4847 ca-

480 4880 576 4949 piti
634 4877 914 4944 Ecclesiae,
965 4878 1107 4948 quod
1155 4874 1409 4935 Christus
1462 4891 1566 4946 est,
1617 4885 1781 4937 uniri.
1836 4883 1950 4937 Non
2001 4885 2056 4938 in

478 4968 679 5034 verbis,
720 4970 816 5025 sed
865 4971 918 5024 in
969 4971 1133 5026 rebus
1164 4972 1419 5028 Ecclesiae
1452 4973 1657 5029 Christi
1706 4975 1894 5044 posita;
1928 4987 2055 5031 sttnt

479 5079 586 5118 res.
854 5125 861 5131 ,
1559 5070 1565 5074 ’

548 5158 833 5225 Quamvis,
861 5158 1088 5229 etsi'qui
1135 5158 1361 5215 ubilibet
1391 5174 1663 5215 terrarum
1696 5162 1915 5230 fuerint,
1962 5165 2052 5233 qui

477 5253 543 5305 de
576 5250 678 5305 ﬁde
715 5251 835 5305 aliis
874 5251 976 5304 alia
1033 5251 1367 5314 dicentibus,
1415 5266 1543 5307 vera
1604 5252 1701 5321 ipsi
1756 5256 2055 5320 senserint,

477 5345 780 5399 laudabiles
811 5344 1029 5415 quidem
1062 5344 1241 5410 luere,
1273 5360 1331 5400 se
1364 5346 1534 5416 ipsos,
1577 5356 1633 5400 ut
1665 5354 1871 5416 partem
1913 5346 2056 5401 refe-

478 5445 660 5489 rcntes
709 5437 776 5490 ad
828 5435 1147 5502 Ecclesiam,
1192 5447 1356 5507 atque
1396 5438 1521 5493 inde
1568 5439 1673 5493 sibi
1728 5439 1861 5508 ipsis
1913 5438 2060 5493 sufﬁ~

476 5528 706 5595 cientes,
762 5530 836 5582 illi
888 5546 985 5601 per
1019 5532 1201 5585 omnia
1245 5546 1364 5603 qua:
1424 5534 1492 5587 ad
1551 5532 1709 5588 ﬁdem
1760 5532 2059 5601 pertinent,

479 5624 639 5686 uniti,
682 5633 734 5677 et
773 5624 894 5678 aliis
941 5639 1156 5695 quoque
1197 5625 1299 5682 hoc
1339 5626 1521 5695 modo,
1571 5640 1689 5696 quae
1729 5639 1856 5680 vera
1911 5633 2055 5692 sui".

556 5802 598 5832 "
637 5800 778 5854 l‘sal.
822 5816 882 5867 ll,
927 5801 978 5858 8.

2157 4605 2363 4659 sociam
2405 4604 2914 4675 auxiliatricemque
2968 4607 3270 4674 przeferret.
3318 4606 3381 4661 Et
3413 4625 3557 4662 nunc
3598 4626 3734 4678 quo-

2154 4712 2300 4767 que,
2356 4712 2480 4750 cum
2535 4698 2948 4753 adversantium
3005 4699 3296 4752 obscurum
3365 4716 3560 4754 nomen
3620 4702 3732 4767 sit,

2154 4790 2518 4845 communiter
2558 4803 2620 4843 ac
2650 4790 2898 4858 privatim
2934 4790 3045 4856 illa,
3076 4796 3130 4844 et
3173 4791 3395 4857 colitur,
3423 4802 3474 4845 et
3508 4807 3734 4846 corona-

2156 4893 2291 4947 tur:
2324 4895 2380 4937 ut
2411 4895 2465 4938 et
2508 4884 2635 4937 binc
2670 4877 3017 4953 perspicuum
3064 4885 3155 4947 sit,
3192 4884 3334 4937 hanc
3378 4900 3501 4938 csse
3555 4886 3736 4940 Eccle-

2162 4978 2321 5043 siam,
2350 4978 2460 5041 cui,
2495 4978 2588 5045 qui
2624 4991 2729 5031 non
2756 4978 3113 5045 obtemperat,
3143 4978 3435 5044 gentilibus
3474 4987 3530 5032 et
3559 4979 3733 5051 publi-

2163 5071 2313 5126 canis
2358 5069 2659 5123 Salvatoris
2709 5070 2979 5122 sententia
3035 5079 3481 5121 connumeratnr.
3524 5069 3731 5123 Princi-

2164 5163 2278 5232 pari
2325 5161 2543 5230 quidem
2595 5172 2646 5214 et
2681 5160 2814 5213 alias
2859 5158 3156 5223 Ecclesias,
3204 5160 3289 5213 bis
3318 5176 3440 5228 qua:
3487 5161 3555 5214 ad
3589 5164 3733 5230 ips..s

2163 5255 2451 5321 pertinent,
2485 5263 2538 5305 et
2587 5252 2687 5305 sub
2735 5250 2995 5315 cis'snnt,
3032 5249 3239 5318 hasque
3286 5262 3478 5303 secure
3516 5260 3568 5302 et
3593 5251 3736 5317 judi-

2159 5360 2283 5401 care
2338 5326 2699 5411 etidirigere,
2744 5359 2865 5398 cum
2918 5349 3130 5411 tempus
3175 5341 3363 5411 exigit,
3414 5343 3630 5411 quando
3668 5342 3735 5397 ad

2159 5454 2322 5493 unam
2391 5451 2582 5491 omnes
2641 5434 2971 5499 referuntur,
3034 5432 3403 5487 arbitrandum
3463 5442 3565 5487 est.
3627 5433 3733 5487 Sed

2162 5530 2262 5586 nisi
2292 5529 2554 5592 adversus
2589 5535 2753 5596 caput
2780 5526 3154 5589 obluctentur,
3184 5524 3445 5587 maxime,
3480 5537 3603 5576 cum
3629 5522 3733 5575 illis

2163 5621 2489 5687 differentia,
2522 5620 2587 5676 de
2633 5617 2754 5675 ﬁdei
2788 5616 3133 5673 confessione
3184 5614 3365 5671 fuerit.
3400 5613 3555 5670 Tunc
3592 5615 3731 5669 enim
