4472 6434
774 396 875 468 951

2044 418 2442 479 ΜΛΝΠΕΙΛΞ
2482 423 2785 483 CALECrE

3916 392 4023 485 2'52

785 518 1247 583 perniciosissime
1281 516 1465 573 diviste
1495 535 1524 572 a
1557 521 1753 588 capitis
1786 521 1990 588 glutino
2023 535 2074 578 et
2108 527 2344 580 Vivilieav
2381 533 2421 584 Λ
2455 533 2742 597 pratscindi
2796 532 3047 598 patietur.
3093 530 3274 598 Neque
3326 532 3467 584 enim
3516 530 3753 595 profecto
3805 533 4019 587 consiiii

784 606 927 655 tione
975 605 1231 657 decidunt
1265 623 1279 657 :
1319 617 1603 674 metusque
1651 616 1753 671 est,
1796 624 1862 660 ne
1901 614 2144 676 prmrisis
2183 630 2345 667 mem.

784 693 894 746 bris
922 733 935 755 ,
984 708 1162 760 neque
1212 694 1386 747 solum
1422 698 1646 749 absente
1687 699 1863 751 debita
1911 703 2224 765 cum-ordia,
2259 702 2353 756 scr}

784 783 945 834 etiam
975 795 1239 848 pra'scnte
1270 785 1627 838 maximarum
1672 804 1848 840 rerum
1883 794 2352 859 contradictione;

785 883 979 938 praeter
1012 874 1086 936 id,
1127 876 1267 942 quod
1307 876 1439 927 nihil
1467 877 1691 943 possint.
1723 880 2019 945 gentilibus
2046 885 2207 935 etiam
2258 900 2353 951 pn-

785 963 1120 1031 hlicattisque
1146 975 1620 1020 conuulneretttur.
1656 969 1872 1031 Quanto
1898 972 2041 1023 enim
2072 974 2137 1024 de
2180 976 2348 1041 majo-

784 1053 937 1106 ribus
992 1056 1352 1108 contradictio
1406 1056 1592 1118 fuerit,
1665 1069 1815 1113 tanto
1864 1069 1919 1115 et
1973 1063 2358 1118 condemnatio

785 1145 1024 1196 deterior
1067 1154 1171 1197 est.
1226 1144 1409 1212 Neque
1452 1149 1594 1199 ιιιὲιιι
1642 1158 1848 1200 tantum
1886 1152 1951 1204 de
1982 1154 2356 1207 communibus

784 1230 905 1285 istis
936 1230 1257 1285 diﬁ‘erentiis
1287 1237 1583 1300 putandum
1625 1247 1726 1302 est,
1764 1254 1791 1289 a
1822 1238 2105 1293 Salvatore
2138 1253 2354 1295 senten-

753 1322 937 1401 _tiam,
973 1322 1114 1388 quod
1159 1321 1415 1376 Ecclesia-
1450 1326 1933 1394 obtetttperandum
1977 1332 2070 1392 sit,
2122 1348 2358 1398 pronun-

788 1410 971 1461 tiatam
1009 1423 1149 1474 esse,
1195 1423 1455 1478 quantum
1488 1413 1556 1465 de
1585 1415 1904 1482 majoribus,
1951 1426 2003 1469 et
2041 1432 2159 1485 quae
2200 1418 2354 1485 primi

787 1500 840 1552 in
895 1499 1135 1554 Ecclesia
1191 1504 1497 1556 consistunt
1554 1507 1795 1569 ordinis;
1854 1508 2031 1574 qualia
2090 1519 2235 1571 sunt,
2290 1506 2357 1561 de

788 1589 1154 1657 dogmatibus,
1190 1606 1252 1644 ex
1287 1594 1483 1659 quibus
1516 1603 1596 1646 cst
1622 1595 1783 1647 etiam
1818 1597 1882 1648 de
1914 1596 2086 1647 sancti
2122 1597 2359 1662 Spiritus

789 1678 1138 1745 processione
1197 1682 1591 1746 contradictio,
1658 1699 1754 1751 per
1816 1701 1978 1752 quant
2042 1694 2191 1739 tanto
2250 1686 2359 1753 jam

790 1780 1032 1837 tempore
1072 1770 1329 1826 ΕρυΙι-εξίιξ
1368 1774 1645 1841 dissipatm
1685 1784 1833 1826 sunt.
1879 1794 1890 1803 ·

860 1859 1065 1924 Quibus
1104 1864 1346 1929 profecto
1377 1864 1447 1916 ita
1488 1866 1951 1934 contingentibus,
1986 1882 2090 1921 non
2122 1870 2280 1922 modo
2308 1868 2360 1921 in
2395 1852 2436 1905 Β

792 1951 1103 2019 integritate
1154 1969 1181 2005 a
1240 1957 1413 2023 capite
1463 1954 1737 2021 Ecclesiae,
1776 1957 1917 2024 quod
1970 1956 2224 2013 Christus
2257 1968 2360 2024 cst,

791 2057 895 2095 non
933 2042 1194 2098 viviﬁCari
1227 2054 1280 2098 et
1320 2046 1643 2112 coaleserrc,
1679 2062 1863 2099 verum
1898 2058 1949 2101 et
1982 2050 2121 2113 quod
2166 2051 2363 2104 habere

790 2134 1131 2198 videbantur,
1160 2137 1228 2189 ah
1272 2139 1403 2204 ipsis
1448 2138 1650 2191 auferri
1702 2141 2133 2193 contestantibus
2185 2143 2361 2205 rebus,

790 2241 1013 2282 necesse
1057 2238 1160 2281 est.
1200 2229 1279 2282 Ab
1323 2244 1387 2282 eo
1433 2231 1574 2282 enim
1610 2270 1624 2292 ,
1672 2232 1761 2299 qui
1822 2248 1922 2283 non
1962 2232 2110 2284 habet
2145 2241 2192 2283 et
2226 2232 2362 2299 quod

788 2318 976 2370 habere
1004 2316 1230 2383 videtur,
1262 2323 1535 2387 (tu/eretur
1563 2321 1623 2372 ab
1654 2338 1711 2372 eo
1742 2323 1806 2373 θ’.

859 2411 1175 2478 Propterea,
1207 2411 1307 2464 etsi
1368 2428 1471 2464 non
1524 2412 1775 2477 pluribus
1809 2429 1870 2466 ett
1927 2414 2084 2468 Patre
2127 2426 2178 2468 et
2228 2414 2363 2471 Filio

790 2504 1083 2568 procedere
1136 2501 1394 2571 Spiritum
1436 2514 1680 2557 sanctum
1733 2520 1915 2557 verum
1964 2522 2103 2570 esse,
2146 2518 2361 2562 contra-

793 2595 1008 2660 riasque
1044 2594 1283 2647 rationes
1335 2596 1464 2647 nihil
1508 2598 1707 2659 dicere,
1749 2607 2024 2651 estcnsum
2074 2611 2238 2659 essm,
2278 2616 2362 2655 res

790 2687 905 2753 ipsa
943 2686 1197 2740 Ecclesia:
1249 2697 1456 2752 tamen,
1510 2698 1564 2740 ut
1596 2689 1798 2741 dictum
1855 2699 1960 2753 est,
2011 2691 2202 2743 dubios
2237 2706 2361 2758 per—

790 2776 1022 2831 suadere
1076 2775 1380 2840 sufﬁceret,
1434 2780 1725 2847 omniaque
1775 2779 1843 2831 ab
1898 2780 2009 2847 ipsa
2068 2782 2360 2847 declarata,

790 2866 1036 2934 singulos
1089 2867 1224 2920 nihil
1283 2869 1601 2920 reluctando
1653 2868 1932 2935 suscipere
1981 2870 2217 2935 deceret,
2267 2872 2360 2924 sed

790 2958 1229 3013 Christianorum
1263 2960 1503 3012 omnium
1536 2968 1700 3028 caput
1735 2960 1904 3027 ipsam
1944 2962 2276 3024 arbitrattdo,
2311 2970 2366 3015 ct

791 3066 952 3118 quam
991 3051 1043 3103 in
1097 3050 1217 3103 ﬁdei
1274 3050 1553 3119 Symbolo,
1590 3069 1773 3115 unam,
1816 3061 2083 3115 sanctam,
2136 3052 2364 3106 catholi-

788 3160 907 3195 cam
940 3154 994 3195 ct
1028 3143 1378 3210 apostolicam
1416 3142 1710 3196 Ecclesiam
1741 3145 2067 3212 accepimus,

788 3233 1102 3295 asserenda,
1130 3234 1201 3285 ita
1231 3234 1556 3288 catholicam
1586 3234 1742 3287 ﬁdem
1773 3238 2069 3302 continere,
2095 3238 2363 3300 conﬁteri,

790 3326 877 3378 illa
914 3326 1181 3379 tutissime
1232 3326 1482 3389 ducente,
1533 3326 1768 3380 maxime
1815 3328 1859 3380 si
1905 3329 2026 3395 quis
2077 3328 2238 3381 etiam
2293 3328 2361 3382 ad

792 3418 1073 3471 nationum
1132 3418 1559 3481 multitudinem,
1606 3435 1725 3487 qua:
1766 3420 1907 3472 illam
1965 3422 2231 3489 sequitur,
2279 3422 2364 3474 itt-

794 3519 1009 3562 tneatur
1040 3527 1052 3562 :
1089 3510 1333 3577 plurimis
1370 3511 1585 3579 quidem
1628 3512 1676 3564 in
1711 3512 1793 3565 his
1828 3512 2055 3565 lmmana
2088 3528 2151 3567 ae
2185 3513 2363 3567 divina

792 3600 1079 3669 sapientia,
1133 3607 1395 3670 Quantum
1452 3601 1651 3656 homini
1689 3603 1948 3670 possibile
1999 3612 2101 3665 est,
2159 3618 2367 3659 summe

791 3692 1206 3755 excellentibus,
1241 3692 1489 3761 plurimis
1535 3692 1663 3747 item
1707 3694 1758 3747 in
1793 3685 1973 3749 sacro‘
1999 3705 2053 3749 et
2111 3696 2365 3765 religioso

792 3786 976 3840 habitu
1013 3800 1107 3852 per
1155 3784 1482 3839 monasteria
1521 3785 1863 3855 degentibus,
1896 3795 1949 3841 et
1985 3787 2036 3839 in
2090 3787 2207 3855 lege
2260 3787 2366 3840 Do-

793 3878 923 3931 tnini
960 3877 1045 3932 die
1082 3891 1144 3930 ac
1177 3884 1335 3930 nocte
1371 3876 1780 3930 meditantibus.
1821 3878 1925 3931 Sed
1968 3888 2145 3933 tamen
2175 3890 2364 3934 osten-

792 3983 913 4023 sum
968 3978 1074 4030 cst,
1130 3965 1299 4021 fuisse
1349 3975 1585 4035 tempus,
1640 3969 1855 4035 quando
1889 3967 2147 4022 Ecclesia:
2195 3969 2362 4023 unitze

791 4074 968 4124 erant,
1002 4072 1055 4116 et
1083 4061 1204 4115 ﬁdei
1242 4060 1560 4133 Symbolum
1610 4064 1751 4131 apud
1788 4062 1945 4115 istam
1978 4062 2274 4131 legebatur,
2306 4071 2367 4117 ut

794 4156 951 4209 modo
984 4157 1199 4225 legitur.

866 4245 1330 4311 Quemadmodum
1388 4247 1558 4317 igitur
1626 4246 1710 4301 his
1755 4246 1847 4315 qui
1905 4246 2079 4314 primo
2115 4245 2365 4300 Ecclesiae

796 4338 1037 4391 membra
1073 4340 1315 4392 dividere
1349 4338 1618 4402 volebant,
1653 4346 1700 4391 et
1754 4352 1850 4405 pro
1882 4338 1992 4391 suis
2024 4336 2307 4392 desideriis
2338 4352 2364 4387 a

796 4429 1069 4480 communi
1131 4438 1275 4483 rtem
1338 4427 1594 4480 Ecclesia:
1650 4426 2131 4489 abscindebantur,
2188 4426 2366 4480 nullus

800 4529 977 4571 mente
1034 4531 1088 4572 et
1154 4518 1363 4573 ratione
1417 4519 1671 4588 pra-ditus
1721 4514 2370 4583 consentire,simulque

797 4623 918 4660 cum
972 4610 1005 4661 il
1034 4610 1076 4662 is
1108 4609 1349 4662 abseindi
1404 4609 1656 4674 voluisse,
1691 4624 1813 4662 cum
1867 4609 2008 4661 nulla
2051 4608 2101 4662 id
2135 4608 2371 4661 rationa-

797 4698 921 4752 bilis
962 4700 1178 4752 occasio
1210 4708 1529 4767 suggereret
1564 4715 1575 4750 :
1630 4697 1725 4751 sed
1760 4706 1855 4750 aut
1901 4697 2218 4751 divisionem
2272 4710 2369 4763 po-

799 4789 904 4841 tius
951 4789 1213 4857 impetlire
1260 4788 1600 4851 tentavissct,
1646 4793 1786 4841 sucut
1819 4786 2032 4854 plurimi
2067 4793 2191 4839 tunc
2237 4793 2372 4841 tem-

797 4882 967 4947 poris,
1022 4880 1114 4949 qui
1170 4894 1267 4948 pro
1324 4878 1553 4933 veritate
1605 4887 1658 4932 et
1699 4877 1955 4932 Ecclesia:
1989 4877 2371 4931 communione

796 4980 1066 5025 steterunt
1094 4988 1108 5025 :
1148 4979 1241 5026 aut
1279 4970 1482 5025 malitia
1527 4970 1893 5025 inValescente
1921 4970 2247 5037 cmterisque
2277 4984 2371 5037 per

800 5062 1097 5131 ιιιωείνὶιίίι
1123 5063 1400 5126 euntibus,
1427 5064 1545 5130 ipse
1573 5075 1738 5128 super
1770 5067 1978 5129 petram
2010 5066 2181 5122 stans,
2207 5070 2371 5128 atque

799 5153 1054 5207 unionem
1103 5168 1264 5221 quam
1318 5153 1434 5205 beri
1468 5160 1522 5205 et
1571 5151 1966 5205 nudiustertius
1998 5163 2118 5203 eum
2159 5151 2372 5214 ceteris

798 5246 1018 5300 amabat
1064 5254 1226 5315 atque
1253 5244 1580 5307 honorabat,
1617 5257 1865 5308 servans,
1904 5240 2159 5296 Ecclesia:
2188 5240 2369 5295 unitns

796 5351 941 5395 esset
973 5357 986 5392 :
1024 5339 1095 5390 ita
1130 5348 1183 5391 et
1213 5352 1377 5403 nunc,
1416 5337 1462 5391 si
1496 5336 1617 5405 quis
1667 5351 1724 5390 se
1776 5323 1948 5399 ipsum
2006 5350 2069 5387 co
2107 5342 2369 5403 tempore,

795 5443 905 5503 quo
944 5431 1200 5486 Ecclesiae
1245 5430 1433 5485 divisae
1483 5442 1629 5496 sunt,
1678 5430 1844 5484 fuisse
1903 5429 2132 5495 ﬁngens,
2168 5429 2233 5480 ad
2289 5440 2373 5481 res

796 5541 920 5578 cum
959 5526 1169 5580 ratione
1200 5524 1475 5593 respiciat,
1502 5522 1662 5577 saluti
1708 5532 1759 5575 et
1803 5521 2079 5576 securitati
2112 5534 2220 5575 suae
2252 5534 2376 5590 pro-

795 5618 1051 5682 s,‘ieicns,
1099 5616 1243 5670 nulla
1282 5617 1493 5669 ratione
1535 5616 1602 5670 ab
1652 5613 2075 5670 Orri'mdttliuut
2132 5612 2371 5668 Ecclesia

872 5803 914 5832 "
940 5801 1125 5856 .‘iatth.
1160 5817 1280 5859 nt,
1316 5801 1382 5851 ἓξ)

2458 621 2671 682 fuisset,
2708 623 2789 674 Vel
2836 623 3050 689 quando
3083 622 3333 675 Ecclesia:
3370 622 3531 674 unita:
3578 628 3734 674 erant
3786 620 3836 671 in
3896 623 4019 675 ﬁdei

2455 710 2816 772 confessione,
2857 711 2995 762 nulla
3030 712 3327 777 praesertim
3360 712 3623 780 probabili
3654 714 3860 765 ratione
3901 715 4013 766 dis-

2461 802 2761 853 cessionem
2790 803 3068 865 suadente,
3115 817 3234 855 cum
3272 802 3353 855 his
3378 805 3468 870 qui
3501 812 3700 856 temere
3729 804 4018 865 ferientur,

2456 891 2612 941 simul
2643 891 2805 942 dividi
2836 932 2847 955 ,
2884 892 2963 943 vel
2998 906 3117 944 cum
3152 891 3235 944 his
3276 893 3365 959 qui
3402 892 3563 944 modo
3597 904 3719 945 sunt
3750 902 3839 942 aut
3865 903 4019 944 antea

2457 981 2675 1034 fuerunt
2712 983 3029 1047 adversarii,
3072 983 3178 1035 ullo
3213 994 3370 1051 pacto
3411 984 3735 1035 commorari
3767 1000 3780 1038 :
3812 998 3929 1035 cum
3967 996 4021 1034 et

2459 1071 2635 1131 modo,
2661 1080 2712 1122 et
2750 1080 2876 1122 tunc
2916 1073 3191 1136 a-qualiter
3239 1074 3357 1125 lidei
3392 1074 3603 1139 negotia
3644 1088 3701 1124 se
3736 1072 3970 1124 habeant
4007 1087 4020 1122 :

2458 1170 2829 1228 quntttttnqtte
2878 1162 3183 1213 attinet'ad
3221 1176 3468 1215 verarum
3513 1175 3690 1215 rerum
3736 1160 4023 1227 judicium,

2462 1250 2599 1317 apud
2639 1251 2931 1314 prudentes
2962 1250 3092 1302 nihil
3122 1250 3394 1304 diﬁ‘erant.

2534 1337 2627 1391 Est
2678 1352 2855 1391 autem
2895 1355 3024 1392 sane
3080 1340 3475 1404 irrationabile,
3530 1341 3612 1395 his
3643 1342 3734 1409 qui
3770 1355 4025 1409 prmsnnt,

2466 1429 2602 1480 alias
2638 1442 2695 1480 se
2737 1428 2891 1481 aliter
2938 1412 3279 1492 habentibus,
3316 1440 3368 1482 ιιι
3403 1430 3521 1484 illos
3565 1430 3791 1498 impetus
3826 1432 4026 1495 tulerit,

2461 1520 2861 1587 praesciudique
2906 1522 2973 1574 ab
3010 1519 3253 1574 Ecclesia
3304 1521 3666 1588 cupientibus,
3701 1523 3835 1574 velle
3869 1532 3919 1573 et
3972 1538 4028 1575 se

2463 1626 2566 1663 una
2614 1611 2926 1678 pra‘sciudi.
2982 1610 3153 1675 Quasi
3191 1612 3242 1663 in
3290 1612 3502 1664 illorum
3550 1621 3812 1679 potestate
3843 1612 3932 1673 sit,
3974 1624 4030 1662 ιιι

2382 1750 2395 1764 ,
2462 1702 2613 1763 libet,
2661 1712 2949 1770 utrumque
3003 1717 3202 1770 agere;
3256 1711 3305 1755 et
3338 1717 3440 1769 qua
3480 1701 3641 1755 velint
3674 1710 3900 1755 caeteros
3931 1704 4022 1753 dn-

2465 1808 2610 1857 ccre,
2638 1794 2801 1847 veluti
2836 1795 3124 1862 mancipia,
3152 1794 3358 1847 sublata
3400 1795 3480 1848 eis
3514 1795 3566 1846 in
3599 1802 3804 1846 tantum
3843 1792 4029 1845 volun—

2468 1886 2591 1939 tatis
2662 1886 3055 1952 sententiteque
3101 1885 3371 1950 libertate,
3402 1896 3460 1937 ttt
3507 1899 3681 1950 neque
3726 1884 4029 1938 coittratias

2466 1992 2643 2030 rerum
2702 1977 3026 2031 mutationes
3087 1978 3165 2032 eis
3225 1978 3536 2032 discernere
3599 1978 3788 2038 liceat,
3856 1991 4030 2044 neque

2467 2078 2668 2124 rectam
2710 2069 3034 2124 sententiam
3063 2069 3281 2139 eligere,
3309 2082 3589 2138 pravazque
3618 2068 3890 2132 prteferre.

2536 2182 2721 2238 Nullus
2751 2198 2880 2252 ergo
2912 2182 3016 2236 erit
3052 2192 3156 2235 tant
3193 2184 3411 2252 iniquus
3437 2183 3621 2253 judex,
3663 2195 3717 2236 ut
3754 2184 3858 2237 illis
3899 2186 4032 2253 qni-

2467 2274 2587 2325 dem
2620 2283 2671 2326 et
2703 2273 2860 2327 saluti
2890 2271 3164 2327 contraria
3194 2272 3356 2327 licere
3399 2274 3617 2342 aggredi
3663 2282 3887 2336 statuat,
3925 2289 4027 2326 cm.-

2470 2366 2597 2419 teris
2627 2374 2806 2417 autem
2853 2363 3016 2417 saluti
3058 2372 3112 2417 et
3138 2364 3419 2418 securitati
3454 2379 3566 2417 sure
3603 2363 4031 2423 consulentibus.

2466 2474 2571 2513 non
2628 2457 2794 2511 licere
2851 2456 2992 2524 quod
3048 2455 3118 2508 sit
3177 2455 3403 2510 rationis
3458 2456 3678 2523 eligere.
3732 2454 3917 2523 Neque
3958 2456 4033 2509 illi

2464 2547 2706 2616 quidem,
2735 2556 2955 2612 propter
2986 2560 3138 2598 suam
3170 2545 3444 2600 levitatem
3481 2555 3535 2599 et
3582 2548 4030 2606 inconstantiam,

2465 2640 2584 2693 sine
2634 2637 2737 2690 ulla
2794 2636 3001 2689 ratione
3035 2637 3297 2691 anitatem
3349 2638 3676 2700 dividentes,
3724 2636 4034 2705 opinionem

2467 2728 2767 2796 prudentia:
2804 2727 3108 2791 habebunt;
3161 2727 3251 2795 qui
3307 2742 3433 2781 vero
3476 2726 3617 2781 hanc
3652 2728 3873 2781 omnino
3922 2741 4038 2781 ser-

2467 2834 2595 2872 vare
2640 2819 2942 2886 elegerunt,
3002 2819 3241 2873 deterius
3298 2819 3636 2873 consuluisse
3688 2818 4036 2872 videbuntur.

2471 2911 2639 2965 Multo
2674 2912 2818 2964 enim
2858 2910 3033 2978 magis
3069 2911 3150 2963 his
3182 2912 3271 2977 qui
3310 2910 3362 2963 in
3400 2913 3541 2965 bono
3571 2911 3792 2964 unitatis
3830 2926 4040 2979 perma-

2468 3011 2617 3062 nent,
2653 3001 2766 3055 sive
2798 3001 2963 3054 etiam
3014 3002 3079 3054 ad
3117 3000 3260 3054 illam
3308 3003 3554 3066 redeunt,
3584 3002 3673 3069 jus
3708 3012 3871 3070 atque
3900 3002 4039 3055 ratio

2468 3094 2661 3157 aderit,
2701 3107 2860 3162 quam
2903 3093 2987 3148 his
3026 3094 3117 3162 qui
3168 3104 3355 3147 contra
3388 3107 3547 3148 omne
3600 3093 3680 3147 fas
3715 3107 4041 3160 omnemque

2095 3161 2363 3250 ⁰³¹¹¹ηέ⁵έθ
2393 3176 2435 3236 C
2470 3199 2715 3238 normam
2758 3183 2929 3237 divisa
2978 3182 3216 3237 Ecclesia
3264 3183 3624 3237 conmtuniter
3666 3192 3719 3236 et
3765 3181 4037 3250 privatim,

2474 3276 2756 3331 seditionis
2806 3288 2867 3328 ac
2903 3274 3205 3337 divisionis,
3244 3272 3616 3339 malorumque
3662 3273 3901 3325 omnium
3945 3285 4039 3322 au-

2474 3380 2652 3424 ctores
2687 3367 2841 3422 ﬁunt.
2871 3366 2930 3421 Si
2979 3367 3123 3421 enim
3158 3366 3243 3420 bis
3275 3366 3437 3419 dividi
3480 3379 3577 3432 pro
3606 3364 3879 3418 voluntate
3910 3363 4040 3416 lice-

2476 3459 2574 3524 bit,
2612 3468 2665 3512 et
2719 3458 2828 3512 illis
2861 3458 3071 3511 ratione
3120 3456 3283 3509 licere
3332 3469 3436 3509 non
3472 3455 3636 3508 dividi
3689 3454 3922 3508 dabitur.
3977 3452 4042 3506 Et

2476 3550 2637 3606 simul
2680 3550 3024 3618 perspicuum
3064 3556 3168 3610 est,
3196 3546 3321 3616 quia
3351 3546 3492 3599 nulla
3533 3545 3769 3614 synodus
3808 3559 4042 3613 unquam

2478 3623 2618 3693 fac'ta
2650 3649 2754 3698 est,
2795 3638 2848 3692 in
2882 3654 2985 3706 qua
3019 3636 3348 3691 declaratum
3393 3634 3463 3688 sit
3506 3633 3815 3687 Occidentis
3864 3632 4046 3685 Eccle-

2479 3733 2613 3789 siant
2664 3730 2969 3784 hmreticam
3012 3741 3151 3791 esse,
3185 3722 3830 3793 Romanoquepontiﬁci,
3870 3721 4044 3776 eccle-

2479 3824 2712 3881 siasdcis
2762 3822 2863 3877 sibi
2917 3821 2983 3874 ab
3031 3819 3186 3873 initio
3216 3817 3491 3873 concessis
3540 3815 3834 3886 privilegiis
3881 3812 4043 3882 justis

2481 3920 2696 3973 uti‘non
2746 3916 2941 3979 licere;
2972 3927 3145 3982 neque
3178 3911 3279 3975 illi,
3310 3909 3462 3979 juxta
3497 3908 3754 3963 Ecclesia:
3791 3906 4043 3976 antiquas

2480 4010 2813 4070 sanctiones,
2841 4019 3033 4059 omnes
3056 4003 3279 4057 obedire
3316 4009 3585 4069 oportere.

2490 4158 2497 4167 ι
2550 4120 2648 4175 Est
2676 4135 2808 4189 ergo
2832 4116 3205 4172 irrationabile
3246 4124 3300 4170 et
3332 4112 3818 4175 inconsideratum,
3848 4111 4045 4165 diseis—

2478 4214 2686 4269 sionem
2752 4209 2895 4264 nulla
2948 4207 3214 4279 probabili
3274 4206 3484 4260 ratione
3532 4205 3815 4266 suadente,
3874 4220 4048 4273 neque

2479 4305 2687 4374 synodo
2739 4300 2846 4353 ulla
2905 4308 3096 4353 contra
3151 4295 3297 4350 illam
3348 4295 3646 4349 Ecclesiam
3696 4294 3803 4348 ullo
3835 4295 3886 4348 in
3928 4294 4079 4349 loco

2472 4394 2798 4451 sententiam
2824 4392 3065 4455 ferente;
3091 4403 3184 4443 eos
3216 4388 3389 4457 sequi,
3420 4401 3556 4457 quos
3588 4386 3836 4440 voluntas
3862 4396 3916 4440 et
3949 4400 4045 4438 sua

2402 4514 2447 4572 ι)
2476 4487 2667 4541 levitas
2700 4483 3042 4545 circumfert,
3076 4480 3318 4549 nihilque
3355 4480 3590 4532 validum
3634 4493 3697 4533 ac
3730 4477 4048 4554 rationabile

2476 4578 2739 4641 inferunt,
2793 4576 2901 4628 imo
2940 4582 2992 4627 et
3031 4571 3264 4641 plurima
3298 4571 3516 4639 quidem
3568 4568 3714 4633 ﬁdei,
3748 4569 4048 4624 catholico-

2475 4683 2704 4736 rumque
2739 4666 3044 4725 doctorum,
3101 4674 3164 4715 ex
3206 4660 3475 4730 superﬂua
3515 4669 3568 4713 et
3623 4658 3764 4712 fatua
3822 4666 4047 4711 conten-

2478 4759 2648 4822 tione,
2679 4754 2874 4825 partim
2909 4751 3190 4817 aul‘erunt,
3218 4750 3411 4820 partim
3442 4759 3629 4804 contra
3672 4748 3879 4816 seipsos
3905 4762 4046 4814 con-

2477 4850 2615 4905 ﬁteri
2648 4856 2939 4917 coguntur.
2993 4844 3285 4898 Enimvero
3319 4843 3461 4911 quod
3494 4851 3686 4912 putant
3732 4840 3841 4903 isti,
3875 4840 4045 4908 pluri-

2476 4959 2602 4999 mos-
2627 4937 2997 4996 contentionis
3029 4951 3140 4992 sua:
3184 4937 3362 4990 socios
3396 4936 3681 5004 episcopos
3736 4934 4047 5001 opinionem

2422 5062 2435 5070 ~
2476 5051 2631 5092 suam
2662 5034 2796 5089 satis
2822 5032 3108 5093 roborare,
3134 5028 3419 5083 ridiculum
3444 5038 3524 5083 est
3558 5046 3570 5081 :
3599 5026 3750 5097 quasi
3782 5041 3886 5080 non
3911 5024 4049 5094 apud

2477 5128 2775 5181 Romanam
2811 5121 3107 5177 Ecclesiam
3140 5119 3379 5188 episcopi
3409 5119 3574 5172 totius
3612 5110 3760 5170 orbis
3791 5116 4047 5169 ordinen-

2478 5227 2585 5281 tur,
2622 5215 2712 5284 qui
2766 5214 2846 5266 vel
2901 5210 3208 5265 nominibus
3254 5209 3398 5278 ipsas
3443 5207 3732 5277 dignitates
3760 5215 4044 5270 exornent,

2477 5308 2721 5362 Ecclesia
2791 5305 3072 5374 antiquum
3136 5301 3381 5356 ordinem
3461 5314 3556 5367 per
3624 5297 3803 5353 omnia
3853 5302 4047 5352 'cuSto-

2476 5402 2675 5457 dicate.

2556 5516 2728 5571 Porro
2769 5514 2811 5568 si
2847 5512 2991 5582 quis,
3024 5511 3166 5580 quod
3208 5509 3322 5564 loca
3358 5507 3471 5575 ipsa
3504 5519 3605 5559 nou
3639 5510 3876 5563 teneant,
3912 5501 4052 5569 obji-

2480 5625 2604 5667 ccre
2637 5608 2785 5675 velit,
2819 5606 3051 5676 primum
3097 5601 3313 5672 quidem
3349 5614 3454 5655 non
3500 5610 3564 5653 ex
3602 5594 3721 5650 loco
3756 5590 4053 5649 sacerdotis
