4472 6434
448 435 560 498 257

1195 437 1290 492 DE
1336 435 1700 492 ESSENTH
1743 437 1831 492 ET
1871 436 2065 497 ΟΠΞιῖ
2091 436 2370 493 \TXONE.
2403 460 2466 468 -
2496 437 2910 494 l‘li/EFA'l'iU.
3547 440 3650 499 £58

520 544 697 613 Neque
735 547 941 614 justum
991 559 1109 598 esse
1156 547 1476 611 putavimus,
1513 547 1623 595 sive
1677 547 1724 595 in
1752 547 1994 612 fulgendo
2033 557 2068 603 Α
2103 545 2282 596 debilil

1895 549 1994 596 udo
2033 557 2068 603 Α
2103 545 2476 610 debilibusqne
2511 547 2880 612 deprehensis.
2922 549 3287 614 exhaustaque
3326 562 3386 599 ex
3411 589 3415 594 .
3443 552 3650 604 illorum

448 636 714 694 amicitia»,
764 636 877 688 sive
929 636 1278 701 quorumdam
1333 635 1510 700 jnrgia
1563 636 1986 693 extimescendo,

448 733 608 788 atque
661 723 914 790 utrinque
963 723 1213 775 humana:
1268 722 1502 788 passioni
1563 736 1750 773 manus
1805 723 1998 780 datu-lo,

448 815 690 866 veritatis
725 815 922 868 omissa
978 815 1207 872 ratione.
1251 822 1430 864 nostra
1475 813 1641 880 magis
1693 827 1848 878 quam
1886 827 2003 878 qua:

449 901 538 954 Dei
576 913 698 955 sunt
749 917 811 954 ac
866 903 1094 970 proximi
1153 902 1437 968 inspicere,
1488 913 1538 953 et
1586 903 1736 953 nobis
1775 902 1900 966 ipsis
1949 911 2002 952 et

448 991 552 1045 illis
585 1009 644 1044 ex
701 994 914 1044 silentio
947 1000 1130 1044 nostro
1168 991 1481 1043 detrimenta
1525 1004 1854 1056 comparare.
1899 990 2002 1042 Sed

445 1080 639 1146 partim
669 1081 884 1145 quidem
919 1081 1162 1132 timorem
1210 1080 1323 1141 Dei,
1373 1081 1472 1133 etsi
1523 1081 1663 1131 dit-tu
1696 1066 1867 1131 audax
1901 1091 2002 1140 est,

448 1181 574 1223 ante
603 1173 786 1224 oculos
827 1172 1085 1224 habentes
1108 1211 1121 1234 ,
1167 1173 1356 1240 partim
1392 1188 1536 1232 vero,
1570 1187 1686 1235 qtuc
1719 1174 1786 1224 sit
1824 1173 2003 1224 volun.

452 1273 534 1312 tas
563 1265 672 1328 ejus
718 1264 853 1313 bona
889 1271 938 1313 rt
970 1264 1092 1316 bene
1125 1264 1356 1330 placens,
1397 1280 1499 1315 non
1540 1265 1871 1328 ignorantes,
1921 1277 2005 1312 so-

452 1351 662 1416 lamque
697 1351 820 1404 inde
865 1352 1073 1405 laudem
1109 1362 1449 1418 expetentes,
1478 1353 1688 1403 etiamsi
1726 1351 2000 1418 premendi

448 1433 710 1505 angustiis
744 1442 938 1506 simus;
974 1444 1149 1493 omnia
1195 1443 1325 1494 nihil
1393 1443 1722 1502 existimare,
1765 1442 1854 1491 scd
1903 1441 2006 1490 dis-

450 1545 647 1594 ponere
685 1545 965 1583 sermones
999 1531 1048 1582 in
1072 1529 1297 1598 judicio,
1322 1546 1526 1597 proque
1561 1531 1665 1582 illis
1697 1545 1755 1583 ac
1780 1528 2006 1595 proximi

451 1619 758 1682 dilectione,
794 1622 976 1672 Omnia
1027 1620 1333 1689 necessario
1385 1620 1687 1672 adhibenda
1728 1619 2001 1671 arbitrari.

452 1707 766 1760 Audendum
814 1712 1010 1776 quippe
1055 1720 1156 1771 est,
1208 1712 1366 1761 etiam
1405 1710 1750 1771 contristare,
1795 1709 1838 1761 si
1874 1722 2009 1774 opus

456 1803 545 1856 sit,
578 1815 637 1851 ac
675 1800 855 1859 verbo,
889 1799 1050 1851 veluti
1085 1799 1247 1857 ferro,
1273 1801 1535 1869 turgentia
1570 1799 1786 1852 vulnera
1810 1777 2036 1851 rescin-I

449 1891 598 1948 dere,
629 1900 784 1955 atque.
820 1905 939 1943 cum
977 1890 1240 1943 charitate
1268 1905 1478 1943 curare.

526 1981 642 2044 Quo
677 1980 836 2043 iacto,
862 1995 891 2033 e
913 1979 1122 2033 duobus
1149 1979 1375 2034 alterum
1411 1981 1699 2048 continget.
1734 1981 1838 2034 Aut
1865 1980 2006 2033 enim

452 2072 747 2136 quietiores
778 2082 825 2123 et
861 2072 1100 2124 mitiores
1129 2071 1193 2125 ad
1224 2072 1697 2124 contradicendum
1723 2070 1870 2134 fient,
1917 2080 2012 2124 aut

454 2162 788 2224 iontrariis,
845 2179 962 2230 ιιιιιε
1015 2145 1373 2229 objiciuntur,
1427 2163 1722 2217 rationibus
1784 2163 2012 2216 iulirmis

2105 636 2296 684 animis
2348 633 2462 684 fa|~i
2515 635 2786 700 Opinione,
2845 637 2894 685 id
2955 637 3325 696 lucrabuntur,
3359 647 3417 686 ut
3466 650 3655 692 contra

2107 726 2379 776 veritatem
2407 733 2548 777 stare
2580 726 2978 791 pertimescant.
3012 725 3104 775 Sin
3149 739 3279 775 vero
3304 737 3355 776 et
3390 726 3652 792 quispiam

2108 814 2269 866 fuerit
2326 816 2646 882 intelligens,
2693 823 2783 865 aut
2840 815 3120 880 requirens
3176 813 3362 873 Deum,
3415 812 3656 877 profecto

2109 918 2280 970 neque
2314 905 2568 970 optimam
2609 903 2747 954 hanc
2796 913 3139 953 llllilitltttllt'lll
3189 905 3489 953 erubescet.
3523 901 3654 952 Nam

2102 995 2252 1062 juxta
2289 995 2589 1059 theologum
2614 993 2952 1060 Gregorium,
2986 991 3102 1042 Non
3139 993 3265 1044 mali
3293 995 3530 1052 mutatio,
3569 995 3656 1045 sed

2107 1085 2232 1134 mali
2271 1085 2559 1134 observatio
2593 1083 2740 1134 liabet
2775 1083 3171 1149 turpitudinem.

2179 1172 2244 1225 U'.
2279 1175 2433 1239 igitur
2468 1173 2569 1226 illis
2604 1182 2655 1224 et
2689 1173 2840 1224 nobis
2874 1188 2977 1224 non
3041 1173 3255 1223 minima
3301 1176 3659 1225 emolumenta

2107 1264 2776 1331 tpt:ereremus,veritatem
2807 1263 3057 1314 omnibus
3084 1262 3432 1328 pertulimus,
3457 1264 3627 1329 ipsum
3647 1293 3663 1306 ς

2113 1369 2216 1422 que
2242 1353 2498 1420 Spiritum
2530 1363 2771 1406 sanctum
2805 1355 3136 1412 invocantes,
3174 1353 3236 1402 dc
3275 1353 3390 1417 ipso
3420 1354 3584 1418 loqui,
3615 1366 3661 1405 te.

2112 1454 2382 1506 monente,
2424 1443 2780 1508 suscepimus.
2816 1443 2928 1493 Non
2975 1443 3297 1494 dissimulari
3347 1447 3664 1494 amtantinrc

2111 1535 2251 1587 vobis
2284 1549 2482 1585 omnem
2530 1533 2794 1585 veritatem
2848 1544 2892 1583 et
2944 1533 3220 1583 consilium
3282 1531 3392 1582 Dei.
3450 1529 3662 1582 Utinam

2113 1639 2238 1677 vero
2273 1624 2339 1676 ad
2387 1638 2574 1676 eorum
2607 1622 2698 1690 qui
2750 1622 2936 1675 lecturi
2989 1630 3134 1684 sunt,
3183 1621 3466 1671 utilltateut
3517 1620 3668 1670 lator

2113 1724 2293 1769 noster
2346 1715 2447 1766 iste
2503 1712 2768 1782 proticiat,
2815 1721 2870 1764 ut
2901 1721 2954 1765 et
2999 1716 3086 1778 qui
3130 1711 3377 1771 seminat,
3433 1712 3664 1761 fructu-n

2115 1813 2298 1866 ructat,
2352 1813 2402 1856 et
2431 1802 2521 1870 qui
2555 1811 2867 1868 congregat,
2913 1800 3210 1851 mercedem
3270 1798 3521 1864 accipiat,
3555 1812 3670 1846 oin-

2117 1905 2320 1958 nesque
2352 1889 2510 1943 simul
2541 1888 2817 1941 cmlestcm
2861 1887 3222 1954 ingrediantur
3254 1884 3502 1952 patriam,
3541 1884 3674 1933 frui-

2120 1983 2224 2034 turi
2282 1980 2474 2049 gaudio
2509 1978 2716 2031 Domini
2765 1969 2959 2040 nostri,
3007 1979 3055 2028 in
3095 1977 3308 2029 laudem
3347 1983 3399 2027 et
3450 1974 3671 2042 gloriam

2121 2071 2281 2124 unius
2310 2068 2398 2122 Dei
2425 2067 2596 2122 Patris
2622 2077 2675 2122 et
2706 2067 2823 2121 Filii
2851 2077 2903 2121 et
2926 2065 3156 2134 Spiritus
3178 2065 3371 2127 sancti,
3398 2073 3591 2116 sancte
3624 2073 3678 2112 et

2122 2162 2292 2214 beata:
2324 2157 2627 2222 Trinitatis,
2653 2160 2916 2227 uniusque
2946 2167 2997 2213 et
3033 2170 3170 2211 vera:
3205 2155 3446 2208 Deitatis.
3485 2155 3674 2206 Atei-ii.

466 2362 3676 2402 Μ

1139 2554 2106 2712 MANUELIS
2235 2493 3011 2788 CALECAE

1904 2843 2248 2928 LIBER

918 3055 1093 3166 DE
1229 2993 1909 3213 ESSENTIA
2017 3055 2193 3163 ET
2303 3051 3249 3165 OPEBATIONE.

1397 3413 1788 3475 FitANClSCI
1845 3411 2282 3471 consensu
2347 3367 2783 3472 ramento.

1548 3555 1796 3616 (Biblioth.
1825 3557 1929 3606 PP.
1970 3558 2168 3607 Auctor.
2202 3567 2317 3606 nov.
2342 3561 2453 3605 tom.
2489 3554 2594 3617 II.)

543 3711 715 3775 Ipsius
797 3705 1058 3760 Manuelis
1114 3704 1320 3759 (Σειοω
1367 3717 1473 3765 res,
1520 3713 1754 3769 quantas
1815 3700 2030 3768 assequi
2062 3706 2104 3763 (ζ,
2140 3698 2347 3764 Quanta
2373 3699 2602 3767 denique
2631 3715 2694 3754 ex
2746 3699 3128 3753 i’alamitarum
3183 3702 3293 3769 ipsa
3337 3704 3540 3770 synodo
3589 3705 3700 3772 ipse

477 3801 658 3861 liceat,
743 3797 1099 3850 vindicandas
1164 3777 1489 3849 charissimo
1547 3792 1901 3846 (‘Otttlttililmil
1975 3805 2037 3843 ac

476 3903 707 3959 utraque
734 3889 982 3958 palavstra
1008 3887 1318 3955 (sanctioris
1365 3885 1566 3936 scilicet
1590 3883 1823 3935 instituti
1856 3883 2039 3950 reique

471 3985 767 4048 litterariae)
796 3981 961 4044 socio,
997 3980 1086 4048 qui
1119 3981 1447 4047 scriptorum
1494 3976 1700 4028 ordinis
1748 3972 2037 4026 biblimhe-

471 4091 592 4128 cam
638 4074 925 4142 elogiaque
1000 4071 1246 4131 adornet,
1309 4068 1373 4122 Β.
1424 4066 1483 4119 Ρ.
1542 4065 1745 4119 1³ιόὺο
1836 4063 2038 4129 Quetil’,

473 4169 632 4235 lujus
659 4167 826 4232 ipsius
855 4165 1034 4231 operis
1062 4177 1124 4215 ac
1157 4161 1454 4214 molitionis
1489 4159 1619 4211 mihi
1657 4157 1892 4210 maxime
1946 4172 2041 4208 au-

476 4259 637 4320 ctori,
674 4256 826 4324 quasi
860 4256 1134 4322 specimen
1157 4254 1442 4320 quoddam,
1473 4251 1589 4319 ejus
1654 4249 1821 4317 ipsius
1881 4260 2040 4316 quam

475 4351 664 4404 iisdem
692 4347 1006 4419 auctoribus
1035 4360 1128 4397 sua
1183 4344 1560 4397 lucubratione
1613 4341 1874 4392 allaturos
1939 4347 2042 4398 est,

477 4440 635 4499 lucis,
660 4438 942 4504 relinquo:
971 4435 1086 4502 ipse
1115 4437 1179 4487 ad
1210 4447 1340 4500 opus
1390 4435 1567 4501 ipsum
1621 4430 1850 4490 Calene,
1905 4428 2043 4496 quod

474 4547 539 4583 ex
567 4530 732 4597 Regia
759 4527 1086 4581 bibliotheca
1119 4530 1171 4579 in
1210 4525 1458 4578 manibus
1489 4532 1591 4585 est,
1662 4523 1814 4588 plane
1867 4522 2042 4573 erudi-

477 4630 609 4683 tum,
631 4633 692 4671 ac
724 4632 829 4686 quo
858 4617 1297 4670 nocentissimum
1345 4615 1612 4680 sequioris
1639 4611 1859 4665 Gttecite
1896 4625 2041 4664 erro~

480 4722 590 4760 rem
624 4707 940 4774 gravissime
969 4705 1234 4766 confutat,
1281 4704 1474 4774 stylum
1531 4713 1804 4755 converto.

550 4795 752 4864 Nempe
820 4797 1024 4849 coaluit
1116 4797 1258 4848 inter
1328 4793 1683 4861 simpliciores
1732 4793 2047 4854 monachos,

481 4889 883 4956 disciplinarum
937 4888 1118 4948 rudes,
1174 4887 1316 4939 \elut
1362 4884 1667 4952 Theophili,
1741 4882 2046 4951 Epiphanii,

482 4981 791 5047 Hieronymi
823 4979 1182 5047 temporibus,
1235 4976 1910 5044 Anthropomorphitarum
1961 4990 2048 5026 er-

494 5087 606 5134 rnr,
639 5072 753 5125 sive
787 5073 947 5124 etiam
973 5069 1437 5129 Massaliauorum,
1470 5070 1558 5136 qui
1585 5071 1665 5119 vel
1711 5067 1942 5119 humana
1965 5065 2045 5118 vel
2082 5045 2123 5100 θ

483 5169 584 5220 alia
621 5165 864 5219 sensibili
895 5166 1075 5234 specie
1113 5162 1275 5215 Deum
1302 5176 1442 5223 esse,
1484 5175 1653 5228 caque
1715 5159 1846 5212 viris
1888 5157 2049 5224 spiri-

487 5261 686 5313 talibus
715 5261 768 5311 iu
801 5259 1046 5311 oratione
1075 5271 1133 5310 se
1187 5257 1539 5320 conspicuum
1599 5254 1799 5310 facere,
1865 5251 2053 5302 existi-

484 5362 733 5414 marent;
770 5350 848 5404 sic
909 5349 1067 5415 paulo
1109 5349 1359 5415 sequiore
1409 5346 1847 5414 (PalmolOgorum
1895 5342 2056 5395 circi-

487 5455 594 5510 ter)
638 5452 817 5503 etate,
873 5439 1260 5495 Palamitarum
1323 5437 1511 5490 insana
1571 5437 1732 5490 nimis
1781 5433 2051 5495 deliratio,

484 5535 934 5600 distinguendum
960 5531 1196 5585 divinam
1237 5531 1490 5581 virtutem
1523 5528 1588 5579 ab
1618 5526 1732 5594 ejus
1775 5525 2006 5578 essentia
2035 5541 2048 5586 ;

484 5609 603 5690 quin
634 5622 742 5688 ipsa
778 5621 958 5673 Deitas
986 5619 1052 5671 sit
1086 5628 1139 5671 et
1180 5618 1443 5677 increata,
1497 5615 1710 5682 Deoque
1768 5611 2052 5674 natural's,

485 5727 607 5780 quae
634 5728 690 5766 se
722 5727 826 5763 uua
858 5711 1018 5764 rebus
1078 5708 1442 5762 communicet
1487 5720 1549 5759 ac
1607 5706 1874 5767 videatur,
1942 5703 2056 5771 ipsa

493 5817 710 5872 penitus
788 5801 1284 5854 iuconnnuuicabili
1360 5798 1593 5852 essentia
1665 5811 1725 5852 ac
1785 5794 2057 5849 invisit-ili.

2139 3792 2362 3844 Calecas
2397 3803 2671 3855 recenset;
2714 3793 2992 3860 solideque
3059 3793 3342 3855 confutat;
3394 3809 3453 3848 ac
3502 3798 3591 3863 qui
3651 3799 3702 3848 in

2141 3883 2326 3935 eadem
2361 3896 2520 3934 arena
2554 3892 2772 3935 strenue
2803 3884 3120 3938 dimicantes
3171 3900 3268 3952 pro
3322 3887 3547 3936 veritate
3595 3898 3702 3938 stc-

2143 3983 2347 4037 tcruut,
2384 3971 2695 4055 Barlaatnus
2751 3977 3065 4042 monachus,
3131 3977 3466 4046 Acindynus,
3534 3969 3706 4046 Npho

2142 4064 2618 4124 hieromonachus,
2645 4064 2734 4132 qui
2773 4077 2822 4118 et
2851 4065 3151 4120 Demetrius
3202 4069 3498 4137 (gydonins,
3547 4069 3706 4121 Joan-

2145 4170 2238 4208 nes
2298 4155 2720 4224 Cyparissiotus,
2777 4158 2950 4209 dictus
3009 4158 3258 4226 Sapiens,
3330 4163 3482 4227 cuius
3535 4172 3708 4213 exstat

2143 4250 2340 4315 grande
2371 4249 2619 4302 volumen
2649 4251 2698 4300 in
2722 4249 3166 4304 Christianissimi
3196 4255 3333 4321 regis
3363 4255 3709 4316 bibliotheca,

2092 4390 2101 4400 ,
2147 4342 2245 4392 hoc
2277 4351 2610 4411 argumento,
2650 4355 2844 4407 prmter
2876 4345 2959 4395 illa
3013 4359 3127 4409 quae
3159 4346 3274 4412 ejus
3303 4345 3491 4397 Latine
3540 4350 3709 4400 solum

2146 4431 2353 4499 vulgata
2382 4441 2526 4490 sunt,
2559 4442 2881 4500 cxstantque
2904 4434 3087 4487 Crrece
3121 4450 3282 4502 penes
3313 4435 3374 4488 li.
3410 4437 3464 4487 P.
3497 4437 3711 4490 Petrum

2147 4521 2447 4577 Possinium
2509 4521 2640 4576 S.J.
2699 4521 2905 4577 Romm.
2963 4525 3203 4576 Aliorum
3262 4528 3422 4578 etiam
3467 4532 3710 4594 quautam

2148 4615 2313 4666 relert
2347 4612 2453 4665 Leo
2481 4614 2728 4674 Allatius,
2765 4623 2872 4665 tum
2910 4615 3046 4667 libro
3083 4614 3157 4668 De
3199 4632 3453 4670 consensu
3514 4622 3714 4670 utrius-

2151 4721 2246 4771 que
2278 4704 2530 4757 Ecclesiw
2589 4703 2787 4757 Graecae
2847 4705 3050 4772 pariter
3114 4721 3174 4759 ac
3216 4706 3439 4769 Latinte,
3502 4721 3609 4761 Iunt
3675 4710 3712 4762 ll

2152 4806 2294 4848 tomo
2325 4793 2540 4848 Grtect'te
2566 4809 2676 4848 suae
2743 4797 3069 4854 m'tltodoxte,
3103 4807 3211 4848 tum
3240 4798 3455 4849 demum
3513 4802 3563 4850 in
3620 4815 3711 4853 sua

2152 4887 2213 4937 de
2245 4889 2569 4955 Symeonum
2604 4884 2816 4950 scriptis
2841 4900 2867 4935 a
2903 4900 2983 4935 me
3027 4901 3194 4952 nuper
3215 4887 3426 4953 vulgata
3456 4887 3714 4949 [δι’(ιίήῖλη,

2152 4991 2269 5044 qua:
2302 4975 2387 5028 hic
2425 4985 2666 5041 repetere
2710 4973 2926 5043 longum
2981 4974 3141 5035 foret,
3190 4993 3251 5029 ac
3301 4988 3480 5029 actum
3535 4996 3713 5048 agi-re,

2155 5065 2267 5117 Non
2304 5063 2506 5132 pigebit
2550 5072 2729 5115 tamen
2763 5061 2984 5117 Joannis
3041 5065 3360 5130 patriarcha:
3405 5067 3719 5122 Constanti-

2159 5156 2462 5224 nopolitani
2493 5155 2744 5219 Tomum,
2773 5148 2949 5220 ipsum
3015 5155 3340 5222 breviorem,
3392 5163 3717 5222 exscribere,

2156 5264 2261 5316 quo
2294 5249 2338 5300 is
2373 5261 2721 5300 succrescens
2750 5245 2983 5300 Palamm
3011 5251 3201 5317 dogma
3254 5253 3440 5316 elidit;
3474 5268 3533 5303 ac
3595 5271 3716 5304 nu...

2158 5354 2221 5392 eo
2251 5336 2542 5406 respiciens
2581 5345 2764 5389 noster
2817 5335 3203 5403 Calecas,ipso
3256 5340 3437 5406 operis
3496 5343 3574 5391 snt
3631 5357 3721 5392 ρκ-

2160 5431 2314 5484 ordio
2339 5430 2495 5482 aliter
2525 5443 2639 5482 eam
2673 5425 2990 5492 Ecclesiam,
3022 5429 3158 5482 haud
3206 5433 3276 5481 ita
3327 5433 3530 5498 pridem
3602 5436 3722 5482 set.-

2161 5523 2300 5577 sisse
2372 5519 2502 5573 dicit
2561 5533 2622 5571 ac
2677 5518 3020 5582 decrevisse;
3095 5535 3191 5573 nec
3259 5537 3441 5575 veram
3503 5523 3728 5588 proinde

2166 5613 2461 5668 Ecclesium
2498 5626 2636 5676 esse,
2673 5627 2791 5680 qua!
2842 5611 2923 5665 sic
2978 5613 3133 5666 Iidem
3196 5624 3385 5668 tnutvl.
3465 5615 3726 5668 Joannem

2166 5708 2338 5776 ipsum
2371 5705 2711 5774 proscribunt
2745 5703 3037 5768 Palamitte,
3103 5702 3388 5759 Tomoillo
3435 5708 3537 5760 sub
3591 5708 3732 5760 Can-

2172 5811 2453 5862 tacuzeno,
2490 5813 2645 5866 quem
2699 5795 2920 5853 Calecas
2977 5813 3037 5851 ac
3073 5800 3225 5853 relati
3261 5800 3348 5852 alii
3397 5801 3729 5866 impugnari.
