4472 6434
759 367 865 428 259

2014 360 2408 418 MANUELlS
2447 361 2749 419 CXLECE

3898 351 4004 416 260

759 480 849 532 Sic
885 492 1010 545 ergo
1047 475 1239 529 habet:
1267 475 1368 525 Τὸν
1400 474 1665 540 Παλιμᾶν
1701 473 1796 523 καὶ
1826 472 1949 534 τοὺς
1977 475 2324 541 ὁμόρφρονας
2359 472 2397 527 Α
2434 480 2525 522 lesl

2238 491 2324 534 va;
2359 472 2397 527 Α
2434 480 2660 522 testatur
2697 468 2999 538 Cypariss.,
3036 467 3134 520 etsi
3174 466 3260 519 illc
3288 465 3513 520 Callisto
3543 479 3858 520 successore
3880 481 4004 532 pro-

757 570 946 633 αὐτοῦ,
981 573 1067 621 καὶ
1107 569 1278 620 πάντα
1309 570 1374 619 τὰ
1402 569 1573 634 ἀσεϐῆ
1608 569 1785 634 ᾳύτών
1809 569 2052 634 δόγματα
2077 606 2093 630 ,
2128 568 2327 619 οἰκειό-

758 677 916 728 τερον
947 661 1000 710 δὲ
1033 662 1226 718 εἰπεῖν,
1273 658 1722 728 παραληρήματα
1755 699 1769 722 ,
1803 658 1926 718 τούς
1957 675 2013 708 τε
2048 657 2327 729 ὲκξικοῦν-

759 766 858 809 τας
895 751 989 800 καὶ
1021 749 1468 816 ἐκλαμϐάνοντας
1497 750 1589 799 καὶ
1615 748 2004 816 ἐκδεχομένους
2030 749 2096 798 τὰ
2131 749 2188 797 ὲν
2247 747 2326 814 τῷ

761 840 927 909 Τὸμῳ
958 841 1099 892 κατὰ
1131 840 1227 907 τὴν
1251 839 1432 891 αὐτῶν
1466 840 1744 906 ἐξήγησιν,
1803 839 2006 905 μᾶλλον
2059 838 2113 889 δὲ
2166 838 2327 905 φλυα-

771 934 914 1000 ρίαν,
944 933 1036 984 καὶ
1075 932 1134 982 οὐ
1169 932 1288 983 κατ’
1332 933 1542 982 ἔννοιαν
1575 929 1855 996 Θεοπρεπῆ
1895 929 1988 979 καὶ
2025 927 2323 996 ὀρθόδοξον,

761 1021 857 1072 καὶ
888 1020 1071 1081 καθὼς
1103 1022 1152 1071 οἱ
1187 1024 1284 1087 τῆς
1335 1018 1660 1084 Ἐκκλησεας
1715 1017 1997 1085 φωστῆρες
2045 1016 2138 1067 καὶ
2179 1016 2328 1067 διδά-

761 1112 972 1174 σκαλος,
1011 1105 1090 1170 οἷς
1132 1110 1226 1162 καὶ
1276 1111 1435 1177 ἡμεῖς
1471 1109 1725 1176 ἑπόμενοι
1755 1106 1846 1158 καὶ
1885 1103 2326 1177 ἀκολουθοῦντες,

761 1204 831 1255 τὰ
870 1203 978 1252 τῶν
1008 1201 1184 1265 ἁγίων
1217 1176 1356 1268 ρητᾶ
1391 1199 1777 1267 ἑνεγράψαμεν
1804 1199 1860 1248 ὲν
1888 1196 1966 1264 τῷ
1995 1195 2182 1263 Τόμῳ,
2236 1176 2330 1244 sini.

769 1293 975 1352 πάντας
998 1292 1122 1352 τοὺς
1152 1291 1218 1342 δι’
1249 1290 1380 1342 αὐτὸ
1412 1288 1591 1348 τοῦτο,
1624 1290 1791 1357 ἤγουν
1817 1288 1896 1339 ὅτι
1929 1287 2004 1355 μὴ
2031 1283 2330 1353 παραδεχό-

765 1381 905 1448 μεθα
927 1381 996 1431 τὰ
1028 1380 1249 1432 τοιαῦτα
1279 1379 1456 1430 αὐτῶν
1489 1379 1957 1447 παραληρήματα,
1989 1371 2064 1428 ὧν
2107 1375 2174 1427 τὰ
2228 1376 2328 1442 μὲν

761 1468 1150 1533 ἀπεστάλησαν
1183 1469 1316 1533 ἡμῖν
1350 1467 1479 1534 παρ’
1513 1467 1714 1530 αὐτῶν,
1743 1466 1809 1516 τὰ
1848 1465 1903 1516 δὲ
1936 1463 2029 1516 καὶ
2057 1464 2186 1531 παρ’
2211 1465 2326 1514 ἑτέ-

766 1577 874 1625 ρων
909 1557 1377 1623 ἁνεφανίσοησαν,
1409 1557 1784 1625 τολμήσαντας
1832 1553 2195 1614 ἀκανονίπτως
2234 1555 2328 1604 καὶ

760 1651 1004 1717 ἀκρὶτως
1037 1648 1311 1714 anteiit-at
1343 1647 1398 1697 τὸ
1429 1647 1776 1714 μνημόσυνᾶν
1814 1663 1940 1713 μου,
1985 1645 2062 1710 τῷ
2100 1644 2328 1710 satis;

764 1735 1085 1804 ζωαρχικῆς
1112 1737 1206 1787 καὶ
1233 1735 1394 1800 ἁγίας
1431 1733 1661 1804 Τριάδος
1693 1717 2355 1802 δεσμῷἆαουποσάλλοί

763 1842 887 1895 μεν,
935 1826 1029 1877 καὶ
1087 1826 1162 1894 τῷ
1217 1826 1521 1894 ἀναθέματι
1566 1827 2032 1896 παραπέμπομεν.
2089 1826 2152 1876 Ἡ
2189 1824 2323 1876 ὑπο·

762 1917 992 1984 γραφή·
1044 1916 1295 1983 Ἰωάννης
1336 1913 1467 1980 ἐλέῳ
1519 1913 1655 1965 Θεοῦ
1687 1914 2117 1982 ἀρχιεπίσκοπος
2176 1911 2329 1964 Κων-

762 2005 1283 2070 σταντινουπόλεως,
1329 2005 1455 2067 νέας
1519 2005 1758 2074 Ῥώμης,
1805 2005 1899 2056 καὶ
1951 2003 2330 2071 οἱκουμενικὸς

761 2097 1122 2168 πατριάρχης.
1157 2097 1433 2151 Palamam
1470 2098 1686 2164 ejusque
1739 2105 2044 2158 sectatores,
2075 2105 2121 2146 et
2155 2093 2330 2146 omnia

757 2190 970 2244 illorum
1007 2191 1164 2254 impia
1192 2189 1469 2258 dogmata,
1499 2205 1589 2241 seu
1628 2189 1799 2240 aerius
1857 2197 2174 2254 nugamenta
2195 2181 2214 2250 ξ
2239 2201 2330 2238 nec

759 2299 862 2335 non
888 2281 1212 2351 defensores,
1279 2290 1326 2332 et
1385 2280 1474 2348 qui
1544 2280 1923 2346 astipulentur.
1979 2277 2332 2344 recipiuntth

755 2389 872 2441 qua:
902 2375 954 2425 in
991 2369 1150 2424 Temo
1183 2370 1462 2431 habentur,
1495 2371 1778 2422 secundum
1818 2383 1997 2421 eorum
2041 2369 2328 2435 expositio-
2361 2393 2366 2398 -

759 2481 897 2527 nem,
930 2463 1035 2515 imo
1060 2461 1530 2528 vaniloquentiam,
1575 2472 1620 2513 et
1649 2476 1750 2512 non
1783 2459 2063 2512 secundum
2097 2473 2328 2538 sensum.

757 2556 846 2623 qui
887 2554 1049 2605 Deum
1099 2553 1298 2614 deceat,
1368 2560 1418 2604 et
1471 2549 1817 2603 orthodoxam
1892 2556 2016 2601 et-ut
2074 2546 2324 2599 Ecclesia

761 2647 964 2698 lumina
1006 2657 1050 2697 et
1084 2645 1324 2714 magistri
1355 2645 1725 2706 tradiderunt;
1751 2656 1976 2710 quorum
2028 2656 2121 2692 nos
2177 2639 2332 2691 vesti-

759 2740 860 2805 giis
893 2737 1190 2788 insistentes
1247 2744 1295 2786 et
1352 2733 1635 2786 sententias
1693 2742 1976 2799 sequentes,
2024 2742 2328 2784 sanctorum

763 2832 905 2881 dicta
937 2830 988 2878 in
1020 2825 1182 2878 Tanto
1216 2825 1564 2893 digessimus;
1594 2833 1902 2891 cunctosque
1935 2823 2078 2887 illos,
2125 2826 2216 2892 qui
2271 2831 2332 2879 ob

761 2938 879 2975 eam
913 2921 1077 2986 ipsam
1115 2931 1239 2977 rem,
1279 2916 1418 2985 quod
1444 2930 1624 2968 eorum
1675 2923 1988 2982 nugamenta
2039 2930 2140 2967 non
2199 2921 2332 2970 reci-

764 3013 957 3079 pimus,
984 3025 1100 3078 (μίαν
1123 3009 1315 3074 partim
1334 3009 1431 3074 ipsi
1461 3006 1888 3070 transmiserunt,
1918 3008 2114 3071 partim
2167 3011 2329 3063 etiam

2432 560 2698 626 mulgatns
2759 569 2875 621 est;
2947 557 3328 624 Coccinusque
3381 567 3434 608 et
3486 553 3658 609 Nilus.
3742 555 4004 624 Quodque

2431 627 2761 702 'l‘ltaborium
2803 649 2983 700 lumen
3044 647 3256 701 illustre
3313 646 3615 712 exemplum
3677 646 3849 698 visum
3918 655 4003 699 est

2430 737 2731 798 Pal-amitis.
2769 738 2846 790 sit:
2873 737 3140 790 distinctae
3187 737 3404 790 virtutis
3437 739 3504 788 ab
3545 737 3813 800 essentia,
3879 751 4000 803 quae

2434 829 2566 898 ipsis
2597 830 2874 897 corporeis
2905 828 3076 883 oculis
3106 828 3215 881 visa
3241 829 3331 893 sit,
3361 837 3412 878 et
3463 827 3738 891 divinitas,
3790 827 4000 880 occulta

2431 919 2688 984 essentia,
2727 934 2897 992 eoque
2948 929 3265 988 argumento
3307 919 3575 986 duplicem
3630 920 3999 987 dogmaticum

2431 1023 2736 1063 sermonem
2761 1011 2929 1064 edidit
2954 1009 3220 1072 Palamas,
3249 1011 3402 1063 libuit
3444 1011 3528 1063 hic
3579 1021 3994 1078 repracsentare,

2429 1099 2586 1167 quasi
2620 1099 2684 1151 ad
2714 1101 2984 1168 specimen
3011 1100 3274 1153 doctrina
3297 1114 3359 1152 ac
3381 1109 3540 1153 secta:
3561 1099 3658 1168 (a).
3703 1099 3879 1153 Nostri
3907 1101 4001 1154 Dci

2434 1191 2679 1244 elfectum
2712 1192 2921 1245 ordinis
2945 1191 3239 1258 superioris
3272 1191 3530 1259 (speciem
3566 1190 3774 1244 scilicet
3803 1191 4002 1260 glorio-

2431 1298 2543 1342 sam
2571 1291 2624 1334 et
2657 1281 2834 1345 δόξαν,
2875 1284 2924 1334 in
2955 1298 3059 1351 qua
3093 1282 3233 1335 Deus
3267 1285 3435 1336 videri
3470 1293 3782 1345 censeatur,
3806 1283 3995 1337 intimo

2429 1373 2664 1440 quodam
2692 1371 2806 1437 ejus
2825 1372 3128 1439 praesentia:
3159 1388 3317 1426 sensu
3352 1373 3640 1440 gustuque)
3667 1374 3999 1436 existimant,

2431 1464 2642 1531 qualem
2697 1461 2908 1514 mortali
2979 1463 3279 1529 praesertim
3330 1476 3579 1528 corpore.
3633 1463 3726 1520 Dei
3779 1480 4002 1517 munere

2433 1552 2667 1605 nancisci
2713 1552 2872 1604 licet:
2904 1566 3008 1604 non
3044 1559 3101 1603 ut
3131 1553 3220 1605 illa
3247 1552 3467 1606 claritas
3497 1563 3549 1607 et
3572 1554 3745 1622 fulgor
3781 1556 3852 1608 sit
3883 1557 3998 1624 ipsa

2433 1643 2522 1695 Dei
2556 1644 2794 1695 essentia
2827 1652 2879 1696 et
2912 1642 3169 1708 divinitas
3201 1643 3461 1708 increata,
3495 1646 3544 1696 in
3577 1659 3735 1711 quam
3782 1657 4005 1701 senten-

2434 1735 2559 1785 tiam
2583 1733 2770 1785 adduci
2789 1749 2846 1786 se
2863 1748 3055 1801 passus
3071 1743 3152 1787 est
3174 1731 3283 1788 Leo
3295 1734 3526 1789 Allatius
3543 1734 3636 1789 lib.
3665 1735 3740 1789 Di
3755 1753 4011 1791 consensu

2434 1827 2702 1892 utriusque
2733 1823 3006 1892 Ecclesia,
3067 1826 3222 1894 Cujus
3251 1835 3433 1881 tamen
3481 1828 3809 1882 incommodi
3855 1830 4009 1883 defu-

2430 1916 2822 1984 giendicausa,
2881 1914 3158 1970 Palamitae
3208 1932 3358 1972 suam
3409 1920 3549 1974 hane
3602 1920 4005 1975 distinctionem

2433 2008 2646 2060 virtutis
2685 2016 2738 2062 et
2772 2009 3026 2062 essentias
3060 2010 3351 2063 commenti
3393 2020 3539 2075 sunt,
3587 2021 3644 2065 ut
3683 2020 3876 2066 auctor
3925 2021 4008 2068 est

2431 2106 2613 2152 noster
2640 2097 2881 2162 Calecas,
2925 2106 2978 2150 et
3030 2113 3096 2151 ne
3147 2097 3452 2152 Massaliani
3503 2099 3770 2165 audirent,
3837 2102 4006 2172 ipsam

2433 2186 2525 2240 Dei
2555 2188 2846 2241 essentiam
2880 2186 3051 2242 videri
3097 2186 3473 2243 existimantes
3493 2189 3544 2241 in
3569 2189 3769 2245 divinis
3795 2194 4009 2261 appari-

2434 2279 2693 2334 tionibus.

2504 2370 2705 2424 Pratter
2755 2369 3028 2425 Palamam
3057 2371 3197 2426 alius
3233 2371 3512 2442 theologus
3539 2383 3622 2429 est
3654 2375 3746 2430 illo
3796 2376 4002 2443 senior,

2432 2461 2661 2534 Symeon
2693 2463 2860 2516 abbas
2885 2464 3053 2516 sancti
3083 2461 3454 2526 Mamantisjn
3480 2463 4004 2532 Xerocereo,dictus

2432 2555 2546 2609 suis
2568 2555 2750 2621 iunior
2774 2555 3054 2624 theologus
3086 2571 3099 2606 :
3134 2551 3285 2623 cujus
3331 2555 3448 2609 Vita
3501 2542 3777 2611 fusissime
3803 2559 4009 2627 scripta

2433 2647 2618 2700 Niceta
2657 2645 2899 2698 Sthetato
2927 2655 3165 2710 auctore,
3199 2653 3375 2698 exstat
3405 2646 3456 2699 in
3505 2646 3628 2701 cod.
3673 2647 3823 2702 card.
3870 2647 4004 2702 alas.

2434 2752 2578 2789 nunc
2601 2735 2770 2803 Regio
2797 2750 2810 2787 :
2844 2733 3030 2802 fuique
3061 2743 3254 2788 auctor
3284 2734 3625 2790 llenschenio
3656 2746 3710 2790 et
3735 2738 4008 2805 Papebro—

2433 2826 2556 2879 chio
2577 2822 2698 2879 S.J.
2716 2838 2779 2876 ne
2810 2822 2936 2876 Vitis
2957 2831 3256 2876 sanctorum
3277 2823 3329 2876 in
3349 2823 3660 2878 sutrﬂartio
3681 2825 4008 2889 insererent,

2432 2930 2535 2985 qua
2561 2915 2872 2982 suspicione
2907 2914 3138 2976 laborat,
3163 2923 3217 2969 et
3265 2924 3517 2984 tanquam
3581 2917 3628 2970 is
3666 2915 3830 2971 fuerit
3889 2913 4012 2970 fons
4075 2929 4082 2938 '

2435 3008 2611 3062 omnis
2639 3006 2893 3060 Pa'amici
2928 3007 3154 3060 erroris.
3187 3005 3346 3060 Eram
3381 3017 3557 3063 tamen
3585 3008 3674 3063 hic
3707 3023 4008 3077 repraesen-

765 3106 991 3156 aliorum
1017 3101 1271 3154 relatione
1295 3098 1856 3167 cognovimus,contra
1876 3112 2099 3152 canones
2159 3099 2330 3152 nulla-
2357 3117 2401 3174 ο
2439 3109 2668 3162 taturus,
2718 3099 2823 3152 nisi
2869 3099 3038 3153 moles
3068 3098 3382 3162 obsisteret,
3437 3100 3658 3168 ipseque
3702 3099 4010 3168 sumptibus

765 3214 862 3260 que
897 3195 1022 3248 recti
1056 3210 1117 3246 ac
1143 3192 1279 3260 trqui
1303 3194 1485 3253 .lilvra,
1540 3190 1640 3242 mei
1688 3189 1993 3241 memoriam
2025 3192 2330 3245 exscindere

765 3284 880 3335 ausi
910 3292 1050 3345 sunt,
1108 3280 1327 3346 vivi/itte
1375 3286 1669 3346 sanctthue
1715 3277 1983 3330 Triniatis
2021 3279 2330 3346 subjicintus

768 3375 992 3439 t-incttlo,
1027 3390 1091 3425 ac
1121 3373 1452 3424 anathemate
1481 3371 1718 3438 ferimus.
1753 3367 2128 3438 Subscriplio:
2162 3371 2331 3424 Joan-

769 3483 854 3517 ucs
917 3465 1008 3516 Dei
1071 3463 1433 3515 mistricortlia
1487 3461 1902 3526 archiepiscopus
1955 3458 2331 3514 Constantino-

761 3553 975 3620 poleos,
1039 3569 1182 3605 nova:
1227 3551 1440 3612 Rome,
1506 3561 1552 3603 et
1615 3553 1956 3604 arcument'cus
2004 3552 2329 3616 patriarcha.

767 3644 965 3698 Eodem
996 3644 1117 3698 ﬁdei
1165 3645 1302 3708 zelo,
1343 3643 1581 3710 lgnatius
1631 3643 1937 3710 patriarcha
1964 3628 2330 3699 Antiochenus

771 3751 962 3788 novam
998 3736 1142 3790 illam
1207 3734 1449 3787 lia-resin)
1514 3734 1836 3799 proscribit;
1885 3734 2038 3803 cujus
2079 3733 2328 3800 Tomum,

770 3829 910 3891 quod
947 3826 1108 3894 paulo
1142 3826 1420 3895 prolixior,
1446 3823 1673 3895 {illatins
1700 3841 1803 3878 non
1850 3824 2039 3879 editlit.
2093 3827 2330 3881 Conten-

768 3917 897 3969 tioni
933 3917 1106 3969 locum
1156 3915 1303 3968 dedit
1353 3913 1668 3969 Barlaamus
1725 3913 1954 3968 Calaber
2010 3918 2326 3980 monachus,

766 4010 846 4060 vir
874 4010 1142 4067 eruditus.
1174 4007 1288 4075 qui,
1321 4017 1380 4060 ut
1433 4021 1494 4060 se
1559 4007 1947 4060 monachorum
2009 4008 2303 4076 disciplina:

759 4102 1004 4166 tradidit,
1037 4115 1224 4154 eorum
1247 4113 1459 4154 errores
1485 4098 1687 4152 detexit
1718 4114 1779 4166 ac
1809 4099 2076 4166 traduxit;
2133 4102 2330 4169 quibus

767 4193 1037 4254 Palamas.
1069 4194 1503 4262 archiepiscopus
1533 4191 2052 4254 Thessalonicensis,
2103 4206 2161 4246 se
2211 4194 2328 4245 vin-

763 4286 935 4337 dicem
963 4295 1014 4338 et
1047 4293 1322 4338 auctorem
1350 4283 1600 4351 praebuit,
1656 4282 2109 4350 Barlaamumque
2153 4282 2325 4350 ipsum

758 4377 1048 4443 oppressit.
1086 4377 1350 4429 Damnato
1398 4375 1538 4424 t‘nim
1588 4373 1932 4438 procacitatis
1979 4373 2029 4426 in
2089 4375 2328 4427 sanctius

2437 3205 2667 3258 parcens
2721 3191 3092 3261 typographus
3155 3206 3219 3246 ac
3271 3190 3558 3259 bibliopola
3624 3191 4008 3246 intercederet.

2435 3281 2591 3337 Libet
2651 3282 2868 3336 interim
2926 3283 3044 3352 ejus
3089 3283 3176 3337 hic
3226 3290 3389 3352 atque
3443 3281 3701 3336 doctrinm
3751 3283 4010 3352 majorem

2438 3376 2711 3437 notitiam,
2755 3376 2946 3441 lcetor,
2977 3377 3241 3445 praebere,
3273 3390 3431 3443 quam
3471 3375 3562 3428 ulli
3588 3383 3831 3430 nostrum
3880 3377 4010 3430 hac-

2438 3476 2594 3521 tenus
2630 3468 2954 3520 habuerint:
2995 3467 3268 3536 specimen
3311 3477 3527 3535 quoque
3557 3479 3621 3518 ex
3667 3465 3846 3518 verbis
3895 3464 4010 3532 ejus

2436 3572 2727 3626 apponere.
2765 3558 2906 3611 unde
2938 3559 3020 3610 vel
3058 3557 3194 3610 tueri
3227 3567 3283 3610 ιιι
3328 3557 3688 3610 orthodoxum
3726 3557 4011 3624 virumque

2435 3650 2580 3719 pium
2602 3663 2665 3702 ac
2696 3649 2890 3701 eximie
2912 3647 3206 3716 spiritalem
3239 3648 3476 3717 proclive
3545 3646 3638 3709 sit,
3697 3647 3781 3700 vel
3841 3647 4006 3701 etiam

2435 3750 2491 3794 ut
2521 3740 2793 3794 hominem
2827 3739 3105 3794 seductum
3131 3752 3230 3792 nec
3246 3752 3394 3792 same
3419 3738 3615 3802 mentis
3642 3737 4024 3806 proscribere,

2433 3831 2660 3886 Pontani
2687 3829 2997 3898 conjectura
3030 3831 3081 3882 in
3138 3829 3236 3882 viri
3288 3838 3468 3894 aetate,
3521 3843 3683 3883 causa
3748 3828 4004 3890 carceris,

2433 3923 2662 3992 ejusque
2697 3923 2815 3973 aliis
2839 3935 2944 3973 non
2981 3922 3114 3974 satis
3146 3918 3314 3982 ielix,‘
3337 3920 3537 3988 quibus
3584 3919 3826 3987 quaedam
3865 3918 4006 3971 illius

2432 4015 2621 4070 Latine
2649 4012 2882 4082 vulgavit
2915 4010 3289 4082 excodicibns
3321 4010 3615 4064 Bavaricis.
3652 4009 3760 4064 Leo
3779 4009 4008 4066 Allatius

2433 4126 2498 4164 ex
2522 4109 2656 4163 Viue
2679 4113 2900 4162 aut-tore
2933 4106 3180 4161 Sthetato
3200 4105 3321 4174 (nos
3352 4105 3694 4159 Pectoratum
3722 4103 4004 4170 dicimus),

2433 4217 2594 4270 quem
2625 4200 3075 4269 liquetadversus
3111 4196 3336 4250 Latinos
3361 4211 3485 4250 cum
3542 4195 3798 4249 Ilichaele
3842 4195 4009 4247 (Jeru-

2441 4294 2578 4348 lario
2607 4294 2898 4365 plurimum
2931 4294 3258 4352 decertasse,
3293 4304 3354 4342 ac
3389 4286 3654 4341 Cerularii
3695 4298 3878 4358 partes
3925 4285 4011 4339 lo-

2439 4386 2600 4446 visse,
2633 4385 2752 4450 ejus
2788 4385 3011 4453 propius
3074 4391 3290 4436 aetatem
3336 4389 3560 4432 venatus
3612 4389 3731 4441 est;
3784 4393 4006 4431 causam

758 4466 1061 4520 institutum
1087 4466 1369 4519 Barlaamo
1408 4464 1696 4526 monacho,
1727 4479 2015 4533 suppressa
2073 4465 2139 4518 de
2199 4465 2328 4532 dog-
2361 4445 2406 4502 υ
2437 4489 2524 4529 mn

2238 4479 2328 4532 08-
2361 4445 2406 4502 υ
2437 4489 2614 4530 tamen
2644 4477 2900 4538 Carceris,
2934 4476 3076 4542 quod
3125 4489 3248 4527 eum
3289 4480 3638 4542 monumenta
3687 4469 4004 4532 defecerint,

757 4569 899 4613 mute
928 4559 1152 4628 quaestio
1188 4567 1290 4619 est,
1328 4571 1392 4609 ne
1425 4555 1669 4609 Palamas
1705 4570 1880 4623 prava:
1923 4556 2034 4620 ipse
2066 4555 2327 4610 doctrinae

758 4666 821 4704 ..ο
874 4651 1140 4703 Ιηιποιίεξίιι
1199 4650 1487 4701 damnatus
1534 4647 1728 4700 abiret.
1779 4646 2000 4700 Vidend.
2056 4645 2329 4710 Gregoras

756 4743 849 4794 lib.
897 4758 961 4806 II;
991 4740 1282 4815 Cautacuz.
1313 4739 1406 4793 lib.
1433 4755 1468 4792 η
1496 4739 1854 4791 Historiarum
1881 4745 1934 4789 et
1971 4737 2023 4790 in
2059 4735 2330 4792 Promittio

752 4851 970 4888 suarum
1001 4837 1198 4889 Contra
1223 4837 1521 4892 tictionnm,
1545 4833 1804 4884 adversus
1826 4830 2322 4883 llieromonachunt

751 4927 1086 4981 Prochorum
1117 4927 1443 4997 Cydonium,
1477 4923 1728 4977 Demetrii
1759 4922 2004 4986 fratrem,
2039 4925 2101 4976 de
2129 4923 2331 4976 lumine

752 5021 1046 5074 'l'haborio.

819 5110 910 5163 Sic
941 5111 1121 5179 putida
1173 5111 1282 5162 visa
1349 5108 1757 5162 suntnonnulla
1792 5106 2022 5161 Palamm
2079 5107 2330 5176 dogmata

752 5219 813 5256 ac
852 5213 1200 5272 nugamenta,
1237 5211 1294 5254 ut
1329 5216 1591 5269 sequaces
1620 5201 1964 5268 postmodum
2005 5199 2184 5252 conati
2217 5199 2331 5252 sint

752 5302 849 5356 aut
874 5293 1014 5345 illius
1049 5306 1245 5360 negare
1278 5300 1368 5344 aut
1420 5292 1742 5359 subtegere:
1807 5290 1964 5356 cujus
2011 5289 2084 5340 rei
2137 5297 2331 5356 praeter

752 5397 994 5440 nostrum
1027 5385 1302 5449 Calecam,
1333 5385 1574 5453 locuplex
1627 5384 1783 5437 testis
1833 5383 1994 5437 Joan.
2047 5379 2324 5450 Cypariss.

745 5480 838 5532 lib.
873 5496 908 5541 ι,
936 5496 985 5532 c.
1012 5481 1066 5539 2.
1099 5494 1126 5529 a
1158 5495 1242 5531 me
1279 5479 1596 5544 productus.
1637 5476 1766 5530 Post
1799 5475 2073 5528 Palamam
2103 5475 2328 5528 Incresis

745 5573 1016 5624 antistites
1059 5571 1229 5635 luere,
1286 5571 1549 5635 Isidorus,
1616 5581 1775 5639 quem
1838 5567 1995 5622 Tomi
2053 5579 2328 5622 auctorem

2439 4583 2538 4620 nec
2565 4567 2678 4634 ipse
2699 4565 2916 4636 assequi
2974 4567 3184 4633 potuit;
3218 4562 3598 4628 divinansque,
3633 4561 3868 4628 nigt-ioro
3902 4559 4010 4613 [υτ-
4075 4571 4078 4573 ’

2438 4663 2579 4713 sitan
2646 4659 2858 4713 calculo
2914 4657 3015 4709 \iri
3080 4656 3394 4709 memoriam
3483 4652 3708 4706 notavit.
3740 4650 3815 4704 Ex
3889 4651 4005 4704 Vita

2439 4754 2619 4818 itaque
2655 4753 2766 4805 lucc
2826 4763 3036 4802 summa
3084 4747 3305 4800 habeto.

2509 4841 2630 4894 Fuit
2659 4841 2891 4909 Symcon
2924 4838 3215 4906 Paphlago,
3248 4838 3444 4905 oppido
3477 4835 3662 4889 Galata
3699 4835 3802 4905 (sic
3837 4835 4005 4905 dicto)

2437 4931 2680 5000 ingenuis
2703 4931 3041 5000 parentibus,
3073 4928 3268 4981 Basilio
3304 4938 3358 4980 et
3400 4926 3798 4996 Theophanone
3821 4938 4004 4990 natus,

2432 5021 2632 5076 Basilio
2690 5031 2745 5076 et
2818 5020 3180 5076 Constantino
3240 5018 3753 5093 Porpltyrogenitis;
3808 5029 4004 5086 patrno

2434 5114 2486 5168 in
2531 5112 2652 5166 aula
2680 5123 2898 5180 potente
2939 5122 3044 5165 eta
3099 5125 3255 5165 sacro
3319 5110 3586 5173 cubiculo,
3635 5109 3749 5177 ipse
3791 5123 4007 5176 quoque

2430 5203 3009 5274 spatharocubicularii
3044 5216 3268 5256 munere
3301 5202 3445 5256 inter
3469 5210 3747 5256 senatores
3767 5212 4002 5273 merens,

2435 5295 2535 5349 etsi
2574 5303 2734 5349 aetate
2759 5295 2996 5363 juvenis,
3040 5305 3238 5364 patruo
3266 5292 3414 5347 brevi
3444 5295 3732 5354 exstincto,
3783 5289 4026 5365 εμπερι-

2439 5388 2525 5440 nis
2552 5386 2777 5440 Studitze
2809 5386 2936 5440 dicti
2970 5384 3308 5440 Venerabilis
3345 5384 3573 5438 consilio
3618 5395 3784 5454 atque
3841 5395 4003 5451 opera

2438 5479 2617 5546 (quem
2648 5488 2906 5547 perpetuo
2963 5478 3278 5547 magistrum
3325 5492 3389 5529 ac
3453 5486 3661 5543 patrem
3704 5474 4003 5543 spiritalem

2437 5568 2639 5635 vocat),
2690 5569 2988 5644 servientis
3043 5569 3321 5626 habitu.in
3358 5567 3622 5621 Studiano
3674 5564 4006 5619 monasterio

819 5737 896 5792 (nl
938 5734 1071 5786 Vitle
1118 5733 1258 5785 inter
1302 5732 1536 5788 Palam:
1573 5733 1822 5787 liomilias
1858 5744 1994 5800 quas
2029 5730 2080 5782 in
2124 5727 2395 5800 superiori
2433 5741 2582 5779 tomo
2617 5728 2928 5786 recudimus
2979 5744 3042 5782 ex
3078 5726 3317 5783 editione
3358 5723 3655 5778 novissima
3695 5718 4006 5788 Hierosoly-

744 5807 974 5858 mituua.
1039 5805 1187 5858 Eutr.
