4472 6434
835 396 942 459 263

2092 393 2484 453 MANUELIS
2524 393 2827 451 CALEC/E

3952 384 4058 455 261

829 521 1150 577 parmrteses,
1194 507 1572 562 Stodianorum
1633 507 1744 562 fere
1805 508 2185 561 monachorum
2241 498 2386 569 ritu;
2420 514 2459 566 Α
2493 509 2595 572 ἐγκη

2288 498 2386 569 ως
2420 514 2459 566 Α
2493 509 2906 573 ἐγκοπτόμενος.
2960 507 3067 576 Τὴν
3099 507 3322 577 ἄπειρον
3372 507 3463 559 οῦν
3524 508 3813 577 συντριδὴν
3859 509 4054 571 εἰδότες

826 610 985 668 atque
1013 600 1063 651 in
1089 599 1168 652 eis
1215 600 1387 665 magni
1424 600 1717 662 praesertim
1745 596 2075 651 confessoris
2101 597 2385 659 Theodori,

825 702 930 752 quo
962 687 1043 739 vel
1075 686 1302 738 maxime
1339 685 1575 736 antistite
1626 686 1865 752 duceqne
1906 686 2213 736 monasticae
2239 698 2390 737 excr-

825 776 1113 835 citationis,
1200 774 1431 844 Symeon
1491 775 1839 842 gloriabatur.
1909 773 2104 827 Eorum
2162 786 2387 841 pertmsa

828 866 1231 928 monachorum,
1293 867 1395 918 sub
1464 880 1528 919 eo
1586 866 1903 918 merentium
1967 879 2089 933 pars
2146 866 2387 934 (triginta

748 966 749 969 ‘
826 956 1040 1007 circiter
1081 958 1350 1024 monachi)
1383 956 1624 1011 discissis
1673 957 1844 1025 palliis
1892 972 1990 1009 una
2029 957 2257 1010 coitione
2304 958 2386 1009 vix

826 1064 929 1100 non
964 1050 1221 1103 violentas
1252 1052 1554 1118 iujicieutcs
1585 1065 1793 1116 manus,
1819 1061 2113 1118 euectoque
2152 1061 2387 1119 pastore,

824 1138 1061 1193 effractis
1118 1140 1428 1191 monasterii
1517 1139 1747 1202 foribus,
1806 1139 2031 1193 tumultu
2058 1140 2108 1192 in
2164 1142 2392 1209 patriar-

823 1228 1002 1279 chiuut
1036 1230 1362 1295 irrumpunt,
1426 1230 1674 1297 querelas
1706 1228 2007 1283 eﬂundunt.
2043 1232 2233 1283 Audita
2290 1230 2391 1299 Sy-

824 1318 1029 1370 meonis
1054 1319 1442 1381 satisfacrione,
1476 1320 1700 1387 ejusque
1732 1320 1794 1371 ad
1831 1334 1959 1373 suos
2000 1320 2219 1387 probata
2292 1336 2390 1388 pa-

824 1408 1032 1467 ra-ncsi,
1074 1409 1521 1462 damnatiexsilio
1551 1424 1578 1461 a
1610 1411 1924 1477 patriarcha
1985 1411 2217 1479 protervi
2278 1427 2390 1463 mo-

824 1498 1011 1559 nachi;
1045 1500 1238 1562 vixque
1268 1498 1551 1567 Symconis
1611 1513 1792 1567 rogatu
1840 1502 2087 1567 μοι·Μίεεί
2146 1502 2198 1554 in
2260 1503 2391 1555 urbe

821 1601 1061 1651 manere,
1094 1589 1416 1640 monasterio
1452 1598 1629 1641 tamen
1662 1591 1891 1644 exclusi.
1924 1591 2154 1661 Symeou
2184 1593 2261 1645 sic
2290 1606 2386 1658 per

822 1676 1007 1728 urbem
1042 1676 1315 1743 dispersos
1369 1677 1608 1746 singulos
1688 1680 1878 1732 adiens
1936 1678 2263 1744 demulcere,
2322 1679 2387 1733 ad

780 1778 983 1826 ,seque
1050 1781 1344 1828 revocare,
1390 1767 1649 1834 brevique
1706 1778 1851 1821 tanta
1920 1762 2004 1821 illa
2067 1772 2392 1824 humanitate

2488 595 2579 645 τοῦ
2616 596 2937 660 ἐπισκόπου,
2974 598 3068 649 καὶ
3121 597 3219 664 τὴν
3248 597 3303 647 ἐν
3332 596 3513 648 πένθει
3556 597 3742 649 τούτου
3795 598 4053 665 διάνοιαν,

2488 686 2546 735 οὐ
2581 686 2737 750 μόνον
2762 685 3093 753 συγγνώμην
3124 688 3345 754 ταχεῖαν
3360 686 3435 755 τῷ
3463 686 3616 739 πάΟει
3642 687 3890 753 διδοῦσιν,
3921 689 4057 742 ἀλλὰ

2487 776 2578 827 καὶ
2633 778 2854 845 μυρίαις
2906 776 3282 844 παρακλήσεσι
3326 777 3385 827 τὸ
3430 776 3733 829 κατώδυνον
3792 794 4053 847 παρακα-

2487 866 2668 918 λοῦσιν
2691 867 2855 919 αὐτοῦ
2884 867 2980 934 τῆς
3024 867 3220 935 ψυχῆς.
3261 867 3419 918 Ἀλλὰ
3448 867 3524 934 τῷ
3562 868 3892 937 περικαρδίῳ
3922 886 4054 937 κρα-

2487 958 2744 1024 τούμενος
2794 957 3139 1017 ὁέπίσκοπος
3190 956 3355 1025 πόνῳ,
3396 958 3778 1025 ἀπαράκλητος
3839 959 4051 1026 ἔμενεν.

2501 1044 2736 1095 Ἐκεῖθεν
2760 1040 2853 1094 οῦν
2899 1043 3034 1110 πρὸς
3066 1043 3166 1111 τὴν
3212 1044 3624 1097 Κωνσταντίνου
3688 1047 4050 1112 μεγαλόπολιν

2488 1136 2578 1186 sou
2606 1135 2832 1186 ἕλκοντα
2882 1133 3240 1203 ἀποστρέφει.
3292 1135 3437 1202 Πεζῆ
3494 1136 3789 1187 τοίνυνκαὶ
3846 1141 4052 1207 ταύτην

2489 1221 2857 1293 ττοεησάμενο;
2890 1226 2987 1295 τὴν
3011 1227 3252 1294 πορείαν,
3304 1226 3712 1295 καταλαμϐάνει
3744 1228 3842 1295 τὴν
3900 1228 4051 1296 βασι.

2490 1314 2779 1366 λεύουσαν·
2804 1317 2899 1367 καὶ
2928 1317 3004 1378 είς
3035 1318 3133 1385 τὴν
3163 1318 3407 1384 μεγάλην
3464 1317 3558 1369 τοῦ
3612 1316 3744 1369 Θεοῦ
3801 1318 4053 1371 εἰσελθὼν

2504 1402 2856 1469 Ἐκκλησίαν,
2925 1404 3330 1473 ἐξομολογεῖται
3387 1406 3522 1473 μετὰ
3562 1405 3810 1475 δακρύων
3867 1406 3941 1474 τῷ
3992 1423 4051 1458 τε

2492 1492 2802 1564 πατριάρχῃ
2836 1494 3057 1556 καὶτοῖς
3084 1494 3399 1563 ἀρχιερεῦσι
3452 1496 3512 1546 es
3552 1496 3771 1563 πτῶμα,
3827 1497 3919 1548 καὶ
3957 1499 4052 1547 σὺν

2490 1584 2565 1653 τῷ
2592 1584 2734 1652 λόγῳ
2765 1585 2823 1637 τὸ
2851 1588 2947 1652 τῆς
2984 1586 3285 1655 ἐπισκοπῆς
3335 1588 3550 1657 ἀξίωμα
3591 1590 3729 1656 μετὰ
3780 1590 3874 1657 τῆς
3922 1590 4049 1641 ἁλύ-

2493 1692 2628 1736 σεως
2656 1675 2993 1727 ἀποτίθεται.
3052 1664 3341 1744 Episcopus
3385 1694 3506 1746 ergo
3559 1686 3705 1731 tanto
3749 1680 3925 1746 pedes,
3959 1682 4051 1732 circ

2492 1766 2566 1817 sic
2594 1766 2781 1833 longcv,
2814 1766 3029 1833 planctu
3052 1768 3293 1836 luctuque
3315 1772 3529 1820 decurso
3564 1770 3766 1831 itinere,
3801 1769 4048 1821 Romam-

820 1869 883 1905 ac
963 1853 1247 1906 sedulitate
1311 1855 1378 1907 ad
1451 1857 1679 1909 cilicium
1734 1857 2050 1926 caulamque
2110 1859 2391 1913 universos
2426 1849 2589 1924 Bque
2623 1858 2847 1920 veniens,
2882 1858 3121 1909 trahente
3156 1873 3218 1909 cr.
3265 1869 3449 1910 catem
3506 1859 3731 1924 famulo,
3802 1860 4048 1911 delictum

818 1944 984 2013 cogit.
1017 1944 1104 1996 Ἐν
1136 1944 1301 2012 ὀλίγῳ
1331 1947 1537 2008 πάντας
1570 1947 1873 2016 συνήγαγεν
1906 1950 1933 1999 ὀ
1966 1948 2166 2014 ποιμὴν
2204 1949 2231 1999 ὁ
2290 1966 2386 2001 κα-

816 2035 928 2097 λὸς,
966 2036 1057 2087 καὶ
1088 2035 1182 2103 τὴν
1214 2034 1348 2087 [δίαν
1372 2034 1525 2097 αὖθις
1556 2036 1726 2104 αὐλὴν
1774 2039 1881 2097 τοῖς
1911 2036 2134 2103 ἡμέροις
2164 2036 2257 2088 καὶ
2285 2036 2388 2106 πρὸ

819 2125 1045 2194 βραχέος
1068 2126 1389 2194 ἁγρεωθεῖσι
1444 2126 1737 2192 προϐάτοις
1784 2128 2059 2191 ἐγέμισεν.
2088 2125 2241 2179 Brevi
2262 2138 2390 2179 tem-

816 2230 939 2282 pore
998 2218 1158 2267 bonus
1225 2224 1406 2282 pastor
1455 2226 1670 2269 cunctos
1731 2220 2083 2284 congregavit,
2139 2233 2389 2285 suantque

819 2320 1003 2357 rursus
1039 2306 1248 2358 caulam
1271 2306 1558 2357 mansuetis
1621 2306 1796 2357 ovibus
1855 2308 2012 2373 paulo
2051 2318 2169 2359 ante
2214 2308 2388 2375 e/l‘eris

817 2397 1070 2465 implevit.
1109 2376 1222 2451 lloc
1260 2397 1603 2464 sequentium
1643 2396 1928 2466 Sychnis
1986 2398 2262 2450 turbarqu
2326 2412 2390 2453 ac

818 2485 1173 2536 tentatiooum
1236 2483 1621 2545 rudimentum,
1684 2497 1781 2535 nec
1862 2483 2045 2551 dispar
2095 2484 2385 2536 admodum

815 2588 1020 2638 causa;
1082 2574 1383 2642 improbata
1428 2573 1681 2626 nimirum
1719 2574 1835 2641 ejus
1871 2575 1951 2627 vel
1981 2574 2277 2639 disciplina:
2308 2573 2389 2628 vel

816 2665 1074 2717 doctrinae
1106 2664 1351 2733 qnazdam
1389 2663 1587 2731 capita.
1622 2660 1755 2717 Vita:
1781 2672 1968 2716 auctor
2002 2680 2162 2717 unam
2214 2679 2388 2718 arces-

813 2756 887 2808 sit
955 2753 1478 2825 StcphaniSyncelli
1557 2754 1613 2807 in
1677 2769 1799 2808 eum
1852 2755 2130 2823 invidiam;
2160 2756 2226 2810 do
2283 2771 2389 2824 quo

814 2856 1023 2914 postea.
2122 2908 2130 2915 .

884 2937 1138 3006 DiSt-ipuli
1165 2939 1448 2991 sanctitate
1477 2951 1539 2990 ac
1568 2936 1811 2991 moribus
1837 2937 2100 3013 celebres;
2129 2938 2389 2992 Arseuins

812 3031 927 3098 ipse
959 3030 1249 3101 Paphlago,
1275 3032 1577 3101 eunuchus,
1608 3045 1767 3101 quem
1800 3042 1854 3086 et
1889 3031 2139 3083 abdicata
2165 3030 2407 3083 demum

814 3120 1154 3188 praefectura,
1181 3125 1262 3178 sui
1287 3124 1404 3179 loco
1427 3134 1696 3195 pastorem
1719 3123 1903 3180 voluit.
1944 3120 2050 3175 Viri
2064 3121 2345 3175 institutio
2370 3136 2387 3186 ;

2495 1964 2645 2015 papa:
2686 1948 2979 2013 conﬁtetur,
3023 1946 3300 2017 Romaque
3341 1950 3631 2001 consti.'utis
3662 1950 3934 2015 episcopis,
3969 1951 4044 2002 l'a-

2496 2041 2682 2092 mentis
2711 2052 2757 2091 et
2785 2041 2985 2104 ejulatu
3032 2039 3329 2098 crebrisque
3357 2042 3631 2108 gemitibus
3680 2041 3921 2099 intercisa
3970 2042 4053 2094 illi

2495 2130 2829 2208 confessionis
2857 2146 2993 2182 voce.
3030 2130 3343 2182 Immensum
3379 2131 3555 2199 itaque
3582 2132 3808 2198 episcopi
3856 2132 4052 2183 contri-

2497 2224 2688 2274 tionem
2722 2220 2976 2282 videntes,
3014 2212 3257 2286 luctuque
3280 2238 3585 2289 oppressum
3645 2222 3899 2285 animum,
3956 2239 4047 2276 ne-

2494 2312 2617 2362 dum
2648 2313 2851 2363 veniam
2881 2311 3037 2362 citius
3078 2310 3267 2363 delicto
3313 2311 3607 2379 indulgent,
3660 2328 3836 2364 verum
3895 2315 4049 2363 etiam

2494 2402 2607 2469 ejus
2643 2401 2805 2452 animi
2846 2400 3075 2452 dolorem
3116 2399 3281 2453 ntodis
3308 2403 3545 2452 omnibus
3570 2400 3811 2454 solantur
3836 2416 3896 2453 ac
3919 2402 4050 2453 deli-

2498 2495 2667 2545 ninnt.
2710 2492 2808 2545 llle
2833 2502 3001 2545 tamen
3034 2493 3272 2561 graviore
3301 2492 3473 2546 cordis
3502 2495 3682 2547 dolore
3706 2503 3874 2547 tentus
3901 2506 4054 2558 atque

2496 2587 2734 2644 obrutus,
2774 2600 2973 2635 omnent
3001 2585 3196 2652 respuit
3224 2584 3654 2637 consolationem.
3718 2584 3849 2637 Inde
3896 2586 4056 2653 igitur

2497 2692 2671 2729 versus
2706 2690 2945 2742 magnam
2969 2672 3302 2728 Constantini
3328 2674 3527 2737 urbem,
3559 2675 3847 2727 trahentem
3880 2677 4049 2727 vertit.

2505 2767 2718 2835 llocqtte
2750 2771 2880 2819 adeo
2914 2768 3013 2819 iter
3077 2764 3229 2833 pedes
3261 2766 3561 2832 conﬁciens,
3610 2766 3661 2818 in
3723 2768 3899 2817 urbem
3954 2782 4053 2816 nuo

2496 2872 2699 2927 gustant
2721 2860 3272 2926 venit;ingressusque
3297 2856 3550 2922 Majorent
3580 2856 3891 2915 Ecclesium,
3922 2856 4055 2914 υΙΤενο

2497 2967 2585 3003 sus
2632 2951 2901 3018 locrymis,
2940 2950 3189 3003 delictum
3219 2948 3537 3011 patriarchae
3591 2945 3868 3011 conﬁtetur
3914 2946 4057 3011 eique

2499 3040 2844 3094 assidenttbus
2884 3039 3139 3106 episcopis
3170 3054 3188 3101 ;
3228 3039 3462 3105 interque
3485 3035 3660 3099 verba,
3691 3050 3807 3086 cum
3854 3042 4057 3096 catena,

2497 3128 2839 3196 episcopalem
2873 3127 3183 3195 dignitatem
3215 3125 3445 3194 deponit.
3491 3124 3703 3193 Insigne
3736 3123 3833 3176 hoc
3886 3122 4060 3191 pomi-

813 3212 1041 3269 fervoris
1065 3218 1299 3269 coercita
1332 3217 1496 3269 nimia
1518 3216 1635 3281 vis;
1659 3216 1932 3270 insinuata
1963 3215 2217 3268 discretio
2240 3214 2390 3266 cibo-
2418 3202 2462 3260 (ἶ
2496 3222 2675 3274 tentia:
2704 3220 3034 3286 exemplum,
3087 3219 3312 3285 ejusque
3360 3215 3676 3282 disciplinae,
3731 3230 3834 3282 qua
3864 3230 3923 3267 se
3960 3213 4058 3283 ipsi

815 3305 1419 3374 rumqueiudulgeutia,
1448 3321 1570 3361 cum
1610 3306 1683 3360 ita
1719 3314 1909 3375 poscat
1941 3303 2235 3358 necessitas
2269 3316 2391 3357 cor-

810 3396 979 3463 poris.
1018 3394 1342 3450 tlierothcus
1376 3411 1440 3450 cx
1474 3396 1729 3465 episcopo
1763 3396 2080 3461 monachus,
2102 3391 2391 3463 Symeonis

811 3488 1127 3557 discipulus.
1188 3489 1447 3543 Abdicata
1480 3490 1636 3544 sedes
1671 3488 2009 3558 dignitasque
2042 3485 2389 3555 episcopalis.

813 3581 1023 3649 nepotis
1045 3592 1108 3635 es
1131 3582 1427 3650 improviso
1480 3596 1721 3650 casuque
1754 3578 2069 3634 homicidio.
2094 3578 2254 3631 Adita
2282 3577 2422 3646 pri-.

812 3688 958 3724 nium
991 3670 1158 3726 Roma
1195 3671 1525 3740 pmnitentite
1556 3685 1753 3735 causa;
1791 3680 1902 3723 tum
1932 3667 2393 3733 Constantinoito-

812 3765 877 3819 Iis
919 3768 1031 3834 ipsa
1064 3778 1200 3818 nova
1233 3763 1425 3818 Roma.
1462 3761 1609 3818 Satis
1666 3764 1810 3816 enim
1860 3776 1958 3831 per
2018 3775 2083 3814 ea
2147 3768 2389 3826 tempora

813 3857 1030 3925 utrique
1083 3855 1339 3911 Ecclesia:
1369 3856 1745 3917 conveniebat,
1802 3853 1977 3921 sopito
2006 3851 2222 3904 interim
2256 3849 2395 3903 Pho-

813 3952 959 4001 tiano
992 3950 1303 4009 schismate,
1350 3947 1691 4016 necdumque
1727 3944 1993 3998 Ccru‘arii
2041 3941 2396 3995 turbulentis-

811 4042 931 4093 simi
963 4040 1193 4094 hominis
1222 4041 1433 4092 artibus
1458 4054 1520 4091 ac
1550 4037 1739 4090 fraude
1767 4037 2088 4088 instaurata.
2120 4033 2393 4101 lls‘cteuus

811 4133 978 4196 enim,
998 4132 1227 4185 utetiam
1249 4140 1439 4184 auctor
1457 4139 1539 4184 est
1558 4128 1783 4182 Michael
1801 4128 2005 4183 Psellus
2030 4130 2082 4179 in
2108 4126 2390 4189 Oratione,

811 4226 925 4287 ejus
962 4237 1058 4287 pro
1089 4220 1276 4274 funere
1317 4219 1665 4283 Laudatoria,
1702 4219 2014 4271 decessorcs
2057 4216 2246 4269 mitius
2268 4230 2392 4269 cum

813 4312 1022 4366 Latinis
1048 4323 1294 4378 egerant,
1318 4325 1381 4364 ac
1411 4308 1525 4364 fere
1549 4304 1866 4379 ἀδιάφορον,
1899 4302 2160 4376 quidquid
2193 4308 2395 4360 alteru-

814 4406 880 4457 tri
907 4406 1191 4467 sentirent,
1224 4405 1431 4471 integra
1462 4402 1827 4457 Ecclesiarum
1861 4400 2264 4462 communione,
2295 4399 2393 4453 ha-

815 4500 1045 4551 buerant
1085 4495 1275 4565 :quod
1330 4495 1587 4548 nimirum
1638 4490 1886 4547 eamdem
1938 4502 2200 4559 utrosque
2237 4490 2393 4545 fidem

813 4588 933 4641 aliis
960 4586 1200 4654 aliisque
1224 4585 1404 4640 verbis
1433 4585 1675 4652 profiteri
1720 4583 2028 4639 sentiebant
2055 4625 2070 4649 ,
2122 4583 2223 4637 etsi
2273 4597 2385 4637 non

810 4683 1033 4735 deerant
1066 4679 1157 4747 qui
1206 4678 1424 4732 Latinos
1455 4677 1712 4730 roderent
1760 4676 2080 4743 errorisque
2110 4675 2393 4728 insimula-

814 4782 932 4827 rent
953 4788 1015 4827 ac
1041 4771 1405 4826 traducerent.
1438 4767 1527 4822 Sic
1576 4782 1708 4836 ergo
1755 4776 1944 4820 auctor
1972 4768 2037 4819 de
2077 4768 2338 4836 episcopo
2366 4807 2381 4829 ,

810 4881 970 4934 quem
1000 4843 1389 4931 πάνυοεοφιλῆ
1417 4862 1509 4915 τὸν
1532 4863 1755 4931 τρόπον,
1773 4859 1868 4916 καὶ
1892 4859 1978 4911 τὸν
2001 4856 2114 4929 βίον
2143 4859 2282 4927 μετὰ
2302 4858 2395 4911 τοῦ

815 4955 974 5021 λόγου
1004 4952 1245 5019 καθαρὸν
1304 4952 1397 5004 καὶ
1429 4952 1715 5021 ἐνάρετον
1779 4948 2009 5002 moribus
2067 4950 2397 5019 religiosissi-

814 5063 978 5105 munt.
1008 5049 1217 5114 vitaque
1241 5062 1358 5099 cum
1386 5047 1631 5099 doctrina
1661 5060 1721 5097 ac
1745 5042 1950 5112 eloquio
1971 5044 2174 5096 clarum
2200 5043 2399 5096 studio-

810 5155 1049 5206 sumque,
1084 5139 1296 5189 dixerat
1330 5154 1343 5201 ;
1377 5150 1537 5203 quem
1587 5144 1640 5188 et
1668 5135 1735 5187 ab
1773 5128 2085 5187 homicidio
2119 5132 2202 5185 vix
2257 5145 2288 5186 a
2339 5145 2399 5185 se

814 5230 973 5283 avelli
1004 5228 1122 5298 ejus
1148 5242 1342 5295 passus
1364 5236 1508 5298 esset
1533 5225 1732 5291 clerus,
1757 5224 1835 5278 sic
1862 5224 1951 5278 ille
1975 5225 2139 5293 digne
2159 5223 2399 5293 pastoris

814 5331 995 5390 partes
1036 5292 1295 5385 implebat
1327 5292 1690 5386 εΔιαέραμὼν
1733 5308 1827 5367 οῦν
1859 5315 1961 5390 τὸν
1984 5292 2237 5365 τοσοῦτον
2274 5312 2398 5382 δρός

813 5389 914 5483 μον
944 5412 1081 5480 πεξῆ
1104 5412 1199 5479 τῆς
1228 5410 1445 5479 μακρᾶς
1475 5407 1690 5475 ἐκείνης
1716 5405 1836 5459 ὀδοῦ
1864 5407 1891 5457 ὁ
1919 5389 2221 5467 ἐξτίσκοπος
2249 5405 2391 5475 μετὰ

812 5504 1060 5557 κοπετῶν
1088 5504 1181 5556 καὶ
1204 5500 1480 5571 δακρύων,
1518 5499 1614 5552 καὶ
1636 5499 1734 5567 τὴν
1767 5495 1989 5566 Ῥώμην
2044 5495 2395 5560 καταλαὸὼν,

810 5597 918 5651 ὑπ’)
938 5594 1031 5648 τοῦ
1057 5594 1243 5647 δούλου
1288 5596 1347 5646 ἐν
1409 5591 1595 5646 ἁλύσει
1639 5590 1951 5659 ἑλκόμενος,
1987 5587 2399 5659 ἐξομολογεῖται

810 5690 871 5743 τὸ
915 5688 1084 5757 πῶμα
1113 5687 1190 5757 τῷ
1228 5686 1428 5757 πάππα
1458 5686 1551 5739 καὶ
1570 5686 1683 5746 τοῖς
1709 5684 1767 5735 ἐν
1809 5681 1998 5752 Ῥώμῃ
2046 5680 2394 5752 ἀρχιερεῦσι,

806 5784 1026 5841 θοήνοις
1057 5784 1151 5836 καὶ
1185 5783 1451 5845 οἰμωγαῖς
1484 5771 1795 5845 τῆν’φωνὴν
1822 5776 1917 5846 τῆς
1950 5775 2395 5847 ἐξομολογήσεως

2490 3311 2661 3367 Graeci
2702 3312 3012 3365 sacerdotes
3040 3309 3309 3373 abdicauit,
3344 3310 3429 3361 ubi
3456 3308 3654 3376 aliquid
3680 3348 3692 3363 .
3721 3308 3880 3361 etiam
3908 3319 4061 3387 ~casu

2492 3409 2585 3454 aut
2614 3400 2941 3469 ignorantia,
2971 3400 3021 3451 in
3043 3413 3278 3452 canones
3307 3396 3653 3465 deliquerint.
3684 3393 3889 3449 Novum
3922 3410 4059 3462 quo-

2492 3503 2595 3557 que
2624 3502 2720 3557 pro
2743 3503 2802 3541 ea
2822 3496 2998 3553 actate,
3022 3473 3377 3542 observantia:
3400 3502 3525 3555 erga
3546 3470 3835 3538 Ecclesium
3866 3485 4031 3537 [torua

2492 3594 2617 3632 nam
2650 3577 2881 3646 ejusque
2916 3578 3233 3641 antistitem,
3268 3576 3519 3631 Ecclesia:
3545 3576 3744 3629 Graec-.e
3772 3576 4064 3630 documen-

2494 3680 2625 3722 tum.
2651 3667 2729 3721 llli
2762 3666 2903 3721 facta
2921 3667 3214 3735 confessio,
3246 3668 3312 3721 ab
3341 3682 3407 3721 eo
3429 3682 3684 3721 concessa
3709 3667 4062 3735 indulgentia,

2493 3761 2801 3831 ohlataque,
2839 3759 3147 3823 utvidetur,
3181 3760 3325 3814 sedis
3353 3759 3611 3828 dignitas,
3637 3758 3688 3811 ui
3725 3752 3840 3827 ipse
3872 3765 4065 3826 sponte

2494 3866 2615 3905 sese
2670 3851 2929 3903 abdicare
2976 3847 3278 3913 maluisset,
3336 3863 3401 3902 ac
3460 3848 3582 3903 vitae
3614 3848 3876 3916 reliquum
3927 3848 4066 3899 inter

2498 3941 2795 3995 monachos
2830 3938 3167 4009 paenitentiae
3196 3931 3473 3993 laboribus
3488 3938 3787 3993 subducere
3816 3934 4067 3989 :delecto

2496 4030 2552 4084 in
2592 4046 2710 4086 eam
2747 4047 2857 4085 rem
2907 4031 3177 4100 Symeoue
3205 4029 3367 4092 duce,
3400 4030 3503 4085 sub
3531 4043 3641 4096 quo
3672 4029 3834 4081 etiam
3866 4026 4062 4081 eximia

2496 4123 2573 4176 illi
2628 4123 2773 4176 edita
2822 4121 3126 4176 sanctitatis
3160 4120 3437 4187 exempla.
3484 4117 3587 4172 Sed
3618 4119 3681 4172 ad
3741 4120 4064 4187 Symcouem

2497 4213 2798 4268 revocanda
2834 4213 3031 4268 oratio.

2567 4307 2855 4360 Anuuente
2894 4304 3085 4374 Sergio
3116 4306 3445 4375 patriarcha,
3487 4307 3819 4376 prmiecturte
3841 4318 3976 4357 onus
4016 4320 4068 4357 tn

2497 4398 2781 4453 Arsenium
2836 4398 3031 4463 reiicit.
3062 4395 3392 4451 Doemueuta
3444 4399 3520 4453 illi
3576 4400 3775 4468 pariter
3816 4399 4073 4465 gregique

2498 4486 2711 4552 egregia
2747 4484 2965 4538 tradita.
2993 4484 3070 4537 Ex
3100 4485 3205 4539 illis
3231 4485 3532 4553 disciplinae
3549 4496 3709 4555 caput
3729 4499 3835 4539 non
3869 4486 4069 4553 pigebit

2500 4575 2775 4629 ascribere
2816 4592 2831 4639 ;
2873 4576 3016 4643 quod
3050 4576 3246 4645 ipsum,
3297 4592 3396 4631 nec
3430 4577 3587 4645 longe
3648 4577 3866 4631 remotis
3898 4578 4073 4631 verbis

2497 4664 2728 4721 habetur
2760 4673 2897 4722 orat.
2929 4666 3018 4730 21.
3053 4682 3117 4721 cs
3142 4667 3301 4721 editis
3329 4684 3357 4720 a
3383 4658 3628 4723 Pent-suo
3662 4681 3678 4720 :
3708 4668 3797 4737 Μὴ
3828 4671 3883 4721 ἐν
3908 4686 4074 4737 προς-

2499 4758 2713 4829 ποιήσει
2737 4757 3043 4829 πραότητος
3069 4757 3157 4811 διὰ
3178 4758 3396 4811 ἔπαινον
3422 4760 3527 4812 τῶν
3549 4759 3849 4829 ἀνθρώπων
3877 4761 4071 4827 μικροῦ

2500 4851 2823 4920 πράγματος
2854 4851 2939 4918 ἐφ’
2977 4850 3135 4917 ὕϐρει
3202 4854 3489 4921 γινομένου
3572 4852 3667 4928 τοῦ
3722 4852 4073 4919 εῦαγγελικοῦ

2501 4942 2641 5013 βίου,
2674 4945 2769 4997 καὶ
2803 4944 2900 5011 τῆς
2929 4945 3035 4997 τῶν
3067 4944 3316 5013 μοναχῶν
3348 4946 3755 5009 καταστάσεως,
3799 4961 4076 5013 καταφρο-

2499 5038 2687 5104 νήσεις
2711 5051 2725 5067 ·
2755 5036 2890 5089 ἀλλὰ
2922 5035 3013 5088 τὸν
3041 5037 3132 5090 σὸν
3169 5037 3504 5106 μιμούμενος
3534 5037 3767 5106 Χριστὸν
3795 5039 3889 5091 καὶ
3911 5039 4071 5104 Θεὸν,

2501 5129 2905 5200 ἐμόρτμμένος,
2932 5129 3028 5182 καὶ
3060 5129 3252 5182 ἑαυτὸν
3278 5129 3503 5191 ἀπαθῶς
3528 5131 3899 5199 ἐκταράσσων,
3931 5131 4077 5183 ἐκδί-
4158 5162 4163 5167 ~

2838 5205 2990 5242 οΙωε

2500 5238 2663 5290 κησιν
2714 5222 2867 5275 ποιοῦ
2894 5222 2905 5242 ¹
2923 5222 3031 5275 τῶν
3081 5223 3309 5276 ἐντολῶν
3330 5224 3422 5277 τοῦ
3478 5222 3635 5279 Θεοῦ.
3665 5223 3845 5276 Ἔστω
3872 5234 3962 5299 σοι’
3984 5226 4078 5279 ἐπὶ

2501 5314 2719 5369 πάντων
2759 5318 2852 5370 καὶ
2878 5317 2970 5370 ἐπὶ
2995 5318 3059 5386 τῇ
3084 5315 3375 5382 ἐξεστὰσει
3401 5316 3508 5370 τῶν
3539 5316 3817 5387 λογισμῶν
3842 5319 4076 5372 ἑκάστου
4114 5323 4116 5325 ’

2502 5408 2776 5477 ἀκρίϐεια,
2824 5409 2897 5470 ὠς
2929 5409 2995 5463 ἂν
3020 5410 3219 5481 εἰδείης
3241 5410 3385 5471 τίνες
3439 5411 3539 5481 μὲν
3599 5412 3779 5465 αὐτῶν
3858 5412 4070 5467 δέονται

2502 5502 2597 5570 τῆς
2646 5502 2752 5555 τῶν
2791 5502 3101 5573 εὐχομένων
3144 5502 3239 5555 καὶ
3276 5503 3677 5557 κοινωνούντων
3735 5506 4069 5571 συστάσεως,

2505 5579 2737 5658 τίνες’δέ
2769 5594 3107 5666 ἀφορισμοῦ,
3132 5596 3226 5649 καὶ
3255 5594 3349 5667 τῆς
3380 5596 3518 5666 μετὰ
3535 5594 3643 5649 τῶν
3672 5595 4078 5666 μετανοούντων

2467 5684 2733 5763 τάξεως·
2766 5689 2852 5742 ἵνα
2910 5688 2987 5759 μὴ
3047 5687 3145 5759 τὴν
3204 5688 3535 5759 Ἐκκλησίαν
3590 5688 3727 5743 Θεοῦ
3780 5689 3902 5743 ἀντὶ
3949 5689 4079 5744 ναοῦ

2502 5782 2659 5849 ἁγίου
2720 5780 2988 5851 σπήλαιον
3031 5781 3321 5853 λῃστῶν,ἢ
3365 5783 3636 5853 πορνεῖον,
3686 5786 3742 5838 ἐν
3794 5782 3989 5851 γνώσει
4044 5784 4080 5855 ἢ
