4472 6434
448 418 559 481 265

1198 419 1293 478 DE
1321 420 1689 478 ESSENTIA
1728 420 1819 478 ET
1859 416 2367 480 OPERATIONE.
2414 443 2478 453 —
2523 418 2916 476 PREFATIO

3574 415 3683 485 266

444 535 507 584 ἓν
527 531 738 599 ἀγνοίᾳ,
764 531 1017 596 ποιήσῃς,
1059 530 1149 581 καὶ
1177 532 1235 580 τὸ
1263 532 1489 598 quispim
1526 533 1613 582 ἐπὶ
1643 534 1813 601 τούτῳ
1848 537 2017 602 κρῖμα
2053 538 2089 592 Α
2125 531 2217 583 καὶ
2241 529 2492 582 κοινωνὸν
2526 530 2623 598 τῆς
2655 532 2818 582 αὑτοῦ
2851 531 3112 598 Θεότητό;
3171 548 3229 584 τε
3270 533 3361 585 καὶ
3401 532 3688 601 ,βασιλείας

443 624 543 674 οὐκ
573 620 811 687 ἐκφεύξῃ
838 621 935 685 τῆς
965 619 1131 687 ὀργῆς
1151 620 1241 671 τοῦ
1265 621 1420 674 Θεοῦ.
1460 623 1716 684 Εὐλαὸεἰς
1744 626 2012 689 ποιήσεις,

450 711 589 760 κατά
612 709 670 759 τὸ
695 708 1101 776 γεγραμμένον,
1129 710 1254 767 τοὺς
1286 710 1687 777 πνευματικούς
1719 727 1811 762 σου
1845 712 1959 763 ulnis
1973 730 2011 773 ;,

446 801 541 851 καὶ
565 798 797 860 διδάξεις
835 797 1180 849 εύλαὸεῐσθαι
1215 800 1409 860 αὐτοὺς
1441 799 1547 851 ἀπὸ
1582 801 1687 851 τῶν
1711 801 1868 870 ἱερῶν
1920 802 2013 852 τοῦ

444 887 581 939 Θεοῦ
603 888 779 939 τόπων
804 886 938 954 ὁμοῦ
965 888 1058 939 καὶ
1083 888 1315 947 σκευῶν,
1341 889 1435 939 καὶ
1460 888 1800 957 λειτουργίας
1826 892 2011 944 αὐτοῦ.

446 978 643 1037 Μόνοις
684 977 791 1044 γὰρ
819 976 925 1028 lubt
951 979 1061 1036 τοῖς
1095 978 1411 1044 ἱερωμένοις
1448 979 1543 1029 καὶ
1598 980 2015 1043 εύλαὸιστάτοις

447 1065 555 1117 τῶν
612 1067 880 1133 μοναχῶ),
921 1070 1033 1128 τοῖς
1096 1067 1327 1118 καὶτῶν
1358 1070 1669 1137 μυστηρίων
1710 1073 2013 1141 μετέχουσι,

444 1154 508 1204 τὸ
536 1153 800 1205 ἅπτεσθαι
828 1154 1004 1204 αὐτῶν
1052 1156 1200 1224 παρὰ
1237 1156 1340 1206 τῶν
1370 1160 1682 1234 ἀποστόλων
1715 1161 2011 1229 ἀφιερὼοη.

445 1244 545 1293 Διά
597 1243 769 1295 ταῦτα
808 1246 866 1294 ού
904 1248 1279 1313 συγχωρήσεις
1328 1250 1604 1308 uicinia!
1658 1254 1767 1313 τοῖς
1829 1254 2015 1320 βουλο-

450 1333 653 1397 μένοις,
682 1332 773 1382 τὸν
797 1332 890 1383 τοῦ
918 1334 1062 1383 Θείου
1096 1332 1334 1400 βήματος
1359 1335 1583 1397 εἴσοδον,
1612 1336 1780 1405 ἀλλ’ἢ
1811 1339 2017 1404 μόνοις,

446 1422 520 1480 ὡς
570 1422 806 1487 εἴρηται,
844 1424 954 1483 τοῖς
1012 1423 1462 1491 ίερωμένοις,καὶ
1516 1429 1865 1496 ἡγιασμένοις
1910 1431 2017 1480 τῶν

449 1512 714 1577 ἀδελφῶν.
766 1513 898 1577 Ιιερὶ
947 1511 1002 1563 δὲ
1064 1514 1173 1563 τῶν
1234 1514 1434 1565 λοιπῶν
1472 1516 1579 1565 τῶν
1607 1516 2018 1569 λυσιτελούντων

448 1601 515 1665 σῇ
546 1601 610 1666 τῇ
648 1601 782 1666 μονῇ
822 1600 967 1666 ἔχεις
1005 1602 1101 1668 τὴν
1149 1600 1499 1655 διδασκαλίαν
1553 1606 1645 1655 καὶ
1681 1606 1773 1656 τὸν
1813 1623 2019 1673 πατρο-

448 1689 755 1755 παράδοτον
790 1690 963 1741 τύπον
993 1691 1151 1758 ἡμῶν
1184 1693 1244 1741 ἐν
1285 1694 1348 1759 τῇ
1394 1692 1733 1761 θεοπνεύστῳ
1750 1694 2017 1745 διατυπὼο

449 1790 534 1826 σει
564 1778 657 1828 τοῦ
701 1780 1195 1849 μεγαλομάρτυρος
1248 1784 1484 1852 Χριστοῦ
1518 1786 1611 1836 καὶ⁵
1667 1785 2007 1853 ὁμολογητοῦ

454 1866 739 1934 θεοδὼρου
814 1869 909 1920 τοῦ
968 1872 1147 1922 κοινοῦ
1229 1874 1444 1943 Πατρὶς
1522 1877 1616 1926 καὶ
1704 1876 2022 1928 διδασκάλου

449 1958 608 2025 ήτςῶν
634 1976 692 2010 τε
740 1959 851 2010 τῶν
879 1961 1081 2013 δούλων
1129 1964 1315 2027 αὑτοῦ,
1354 1966 1444 2015 καὶ
1499 1966 1592 2018 τοῦ
1622 1968 1768 2019 ὁσίου
1821 1971 2023 2037 πατρί-ς

447 2048 604 2114 ἡμῶν
632 2050 723 2101 τοῦ
753 2050 1112 2106 Στουδιώτου;
1152 2052 1228 2106 Ne
1268 2056 1501 2109 lenitatis
1525 2070 1800 2124 praetextu,
1839 2061 2022 2114 huma-

454 2155 574 2189 nam
607 2145 921 2207 aucupando
952 2125 1180 2204 laudem,
1214 2146 1289 2197 rel
1318 2148 1591 2200 minimum
1615 2152 1762 2216 quid,
1803 2154 1939 2219 quod
1967 2155 2020 2206 in

449 2231 568 2281 vita:
615 2234 925 2299 erangelicaz
953 2246 1224 2302 statusque
1260 2242 1531 2291 monastici
1569 2242 1817 2309 injuriam
1849 2250 2020 2307 cedat,

458 2323 766 2387 neglexeris,
822 2328 908 2377 sed
963 2325 1160 2378 Christi
1196 2332 1269 2381 tui
1310 2328 1497 2396 Deique
1554 2334 1810 2398 imitator,
1861 2338 2020 2400 infre-

448 2430 609 2475 mens,
654 2426 799 2480 teque
859 2415 965 2478 ipse
1017 2418 1388 2483 imperturbate
1425 2425 1661 2485 turbans,
1725 2428 2009 2480 vindictam

452 2505 536 2569 fac
571 2506 939 2565 niandatOrum
995 2506 1107 2559 Dei.
1172 2508 1237 2561 In
1270 2514 1533 2572 omnibus,
1595 2517 2019 2585 singulorumque

445 2593 767 2644 excutiendis
792 2594 1000 2657 animis,
1026 2612 1191 2648 acrem
1213 2600 1537 2666 diligentiam
1559 2603 1708 2667 habe,
1737 2616 1788 2656 ut
1816 2610 2041 2660 noveris.

446 2688 661 2750 quinam
698 2687 909 2740 illorum
950 2691 1002 2741 in
1036 2692 1274 2757 precibus
1313 2694 1595 2747 consistere
1630 2715 1690 2749 ac
1724 2705 2020 2752 communi-

445 2791 567 2827 care
624 2794 828 2831 necesse
906 2780 1177 2841 habeant;
1226 2786 1438 2850 quinam
1509 2788 1610 2838 sint
1692 2794 2017 2858 segregandi,

444 2870 725 2937 eademque
756 2886 872 2922 cum
932 2876 1301 2938 paenitentibus
1340 2877 1508 2929 classe
1563 2879 1904 2947 collocandi;
1957 2901 2019 2938 ne

452 2959 543 3011 Dei
580 2959 889 3020 Ecclesium,
943 2977 1037 3029 pro
1070 2974 1255 3017 sancto
1318 2966 1414 3018 Dei
1445 2970 1651 3034 templo,
1708 2975 2012 3035 speluncam

455 3049 722 3103 latronum
752 3064 839 3103 aut
889 3052 1141 3123 lupanar,
1180 3058 1346 3110 sciens
1377 3060 1454 3112 vel
1484 3063 1727 3129 ignaram
1791 3067 2018 3134 efﬁcias;

2118 619 2886 688 ἀπειργάσατο,’ῃίοήνίεαιιίι,
2916 623 3215 690 sociumque
3236 639 3353 677 suae;
3374 634 3485 676 tum
3517 626 3691 678 Deita-

2119 712 2186 763 tis
2209 721 2317 762 tum
2347 710 2491 778 regni
2514 710 2681 776 effecit
2710 712 2875 778 (quod
2905 712 3038 764 nihil
3069 715 3211 780 cogit
3241 729 3427 769 crasso
3447 705 3694 769 Palmm

2118 814 2274 854 se-isu
2310 800 2558 865 intelligi,
2591 815 2653 853 ac
2685 800 2828 854 velut
2857 801 2957 853 alia
2988 801 3170 857 Deitas
3196 807 3287 866 sit,
3317 819 3476 871 quam
3508 805 3687 856 divina

2118 887 2230 953 ipsa
2255 889 2515 950 essentia,
2541 890 2765 955 ejusque
2790 889 2838 941 in
2864 890 3019 943 nobis
3042 893 3299 945 bonitatis
3323 894 3581 959 ραι-(ειυς)
3609 911 3661 947 ιιι

2118 992 2221 1043 que
2244 978 2385 1031 hunc
2410 980 2625 1031 modum
2660 979 2941 1048 Symeonis
2962 980 3185 1034 alterius
3217 998 3328 1044 res,
3352 984 3692 1048 juniorisque

2119 1068 2171 1118 in
2198 1082 2318 1120 cum
2353 1069 2579 1137 theologi
2606 1071 2879 1136 nostrique
2907 1070 3187 1138 Symeonis
3205 1071 3381 1131 olticia
3414 1074 3688 1127 describit.

2189 1156 2416 1223 Συμεὼν
2453 1161 2479 1209 ὁ
2535 1159 2677 1219 licio;
2734 1162 2796 1210 ὲκ
2831 1162 2941 1221 ἰνος
2995 1160 3156 1227 ἀνὴρ,
3209 1156 3348 1230 ᾦῆν
3402 1166 3691 1228 ἐπώνυμον

2122 1247 2456 1312 φερωνύμως
2490 1248 2517 1296 ὁ
2549 1246 2813 1314 Εὐλαϐὴς,
2851 1250 2877 1299 ὁ
2910 1250 3001 1299 καὶ
3028 1248 3120 1299 τοῦ
3150 1250 3462 1315 θαυμαστοῦ
3495 1254 3686 1303 τούτου

2123 1336 2346 1402 Συμεὼν
2378 1337 2562 1403 πατὴρ
2621 1339 2967 1404 χρηματίσας
3032 1339 3165 1404 ὁμοῦ
3193 1342 3285 1391 καὶ
3350 1342 3687 1405 διδάσκαλος,

2123 1425 2242 1477 ἐπεὶ
2272 1426 2402 1491 πρὸς
2461 1423 2803 1495 γῆρας’ἦκεν
2859 1428 2957 1495 ήδη
3020 1429 3203 1489 καλὸν,
3260 1446 3694 1497 τεσσαρακοντα-

2121 1514 2279 1564 πέντε
2308 1516 2527 1581 χρόνους
2560 1518 2804 1582 νομίμως
2828 1519 2887 1566 τὸ
2920 1517 3017 1583 τῆς
3047 1519 3403 1585 συνειδήσεως
3455 1522 3695 1588 ἀθλήσας

2124 1605 2437 1672 μαρτύριον,
2471 1608 2694 1674 χάριτος
2724 1608 3085 1675 ἀποστολικῆς
3127 1610 3352 1677 ἠξιώθη,
3381 1614 3547 1673 licet;
3603 1617 3694 1665 καὶ

2121 1694 2375 1761 Θαύματα
2445 1697 2778 1763 πεποιηκὼς,
2845 1700 2937 1751 καὶ
3022 1700 3203 1766 βίϐλον
3248 1704 3374 1767 ὃλην
3433 1704 3694 1767 ὡφελείας

2122 1782 2284 1836 οὖσαν
2349 1788 2747 1855 πνευματικῆε.
2809 1791 3169 1859 ἀγράμματος
3193 1791 3287 1855 ὢν,
3329 1794 3457 1861 θείῳ
3530 1798 3694 1871 livet}-

2059 1861 2096 1915 Β
2130 1892 2262 1940 ματι
2294 1877 2688 1944 συνεγράψατο.
2720 1879 2865 1930 Ἔδει
2903 1882 2955 1932 δὲ
2989 1883 3151 1934 αυτὸν
3200 1886 3553 1937 καταπαῦσαι
3589 1888 3695 1936 τῶν

2128 1966 2353 2031 μακρῶν
2385 1968 2611 2019 ἐκείνων
2670 1970 2767 2035 τῆς
2791 1971 3073 2038 ἀσκήσεως
3138 1975 3333 2039 πόνων,
3386 1980 3511 2045 περὶ
3566 1974 3696 2029 (Lys

2129 2057 2320 2123 μαθεῖν
2368 2059 2546 2125 ζητῶν
2596 2062 2658 2111 ὲκ
2690 2063 2801 2112 τῶν
2837 2064 2977 2115 κατὰ
3035 2065 3234 2127 πλάτος
3290 2071 3695 2136 γεγραμμένων

2124 2149 2271 2217 αύτῷ
2300 2150 2500 2201 εἵσεται
2536 2151 2798 2219 ἀκριϐῶς.
2849 2154 3170 2223 Νενοσηκὼς
3208 2156 3272 2207 τὶ
3319 2162 3415 2225 τῆς
3470 2160 3692 2221 tamen,

2125 2238 2258 2307 πρὸς
2290 2240 2492 2308 Κύριον
2522 2240 2875 2310 ὲνεδήμησεν,
2909 2246 3229 2315 ἐκδημήσας
3261 2250 3353 2301 τοῦ
3394 2251 3689 2302 πο).υάολου

2124 2331 2217 2383 καὶ
2248 2332 2576 2400 καρτερικοῦ
2611 2333 2775 2384 αὑτοῦ
2804 2336 3073 2403 σώματος.
3135 2340 3332 2392 Τοῦτον
3377 2340 3469 2393 οὖν
3504 2348 3593 2394 καὶ
3628 2345 3695 2393 τὰ

2123 2420 2314 2473 τούτου
2374 2424 2601 2493 λαμπρά
2653 2426 3051 2494 κατορθώματα
3109 2423 3197 2481 οἷα
3256 2432 3319 2497 δὴ
3362 2432 3603 2502 μαθητὴς
3665 2435 3693 2483 ό

2127 2512 2395 2581 μακάριος
2424 2507 2577 2575 οὗτος
2601 2516 2778 2579 εἰδὼς,
2826 2520 3039 2569 καὶτὸν
3097 2521 3456 2573 ἀποστολικοὶ]
3525 2527 3691 2576 αὑτοῦ

2126 2602 2237 2672 βίον
2258 2605 2502 2673 ἀκριϐῶς
2532 2609 2915 2676 ἐπιστάμενος,
2944 2610 3077 2661 Θεοῦ
3102 2610 3241 2677 ἔργα
3269 2615 3363 2664 καὶ
3387 2613 3506 2666 Θεῖα
3535 2621 3693 2684 χαρί-

2126 2710 2307 2761 σματα
2346 2697 2422 2767 μὴ
2474 2697 2630 2758 εἰδὼς
2669 2699 3053 2767 κατορύττειν,
3107 2701 3243 2753 ἀλλά
3302 2705 3696 2769 ἀνακηρύττειν

2123 2787 2213 2838 καὶ
2234 2787 2518 2861 ἀνυμνεῖν,
2554 2788 2852 2855 ὖμνουςείς
2880 2792 3039 2842 αὑτὸν
3064 2793 3158 2843 καὶ
3180 2795 3427 2861 ἐγκώμια
3457 2799 3518 2849 ὲκ
3547 2799 3695 2860 Θείας

2122 2854 2515 2943 ἀποκαλύψεως
2549 2880 2947 2949 συνεγράψατο,
2982 2890 3074 2935 καὶ
3102 2886 3224 2938 ὅλον
3248 2889 3338 2941 τὸν
3364 2890 3476 2958 βίον
3502 2894 3666 2943 αὐτοῦ
3684 2934 3695 2944 .

2123 2968 2240 3020 Ἰνα.
2280 2967 2333 3019 δὲ
2362 2968 2454 3020 καὶ
2513 2970 2647 3037 πρὸς
2680 2970 2841 3037 ζῆλον
2876 2975 3063 3044 ἐγείρῃ
3113 2979 3289 3042 τινας,
3326 2982 3406 3041 είς
3442 2985 3500 3033 τὸ
3529 2987 3697 3052 μιμή-

2124 3058 2315 3109 σασθαι
2357 3058 2445 3109 τὸν
2493 3059 2836 3127 ὑμνούμενον
2895 3064 2989 3115 καὶ
3038 3065 3136 3133 τῆς
3196 3069 3397 3136 ἀρετῆς
3459 3074 3695 3139 ἐργάτας

449 3158 668 3210 eamque
702 3144 763 3195 ob
792 3160 919 3205 rem.
956 3148 1281 3201 tremendum
1329 3151 1424 3205 irte
1456 3152 1548 3206 Dei
1594 3154 1859 3222 judicium
1915 3176 2017 3212 non
2048 3188 2092 3248 ρ
2121 3162 2215 3248 γιγ

1932 3176 2017 3212 ,οη
2048 3188 2092 3248 c
2121 3146 2391 3248 γενέσθαι,
2422 3146 2532 3248 τὴν.
2554 3148 2776 3248 μνήμην
2826 3150 3013 3248 αὑτοῦ.
3056 3156 3215 3248 κατα
3240 3157 3338 3227 τὴν
3397 3161 3504 3213 τῶν
3563 3164 3698 3214 ἀπο·-

444 3235 690 3304 eJugias.
742 3237 1031 3306 Religiosos
1080 3252 1404 3311 cautosque,
1457 3248 1591 3298 sicut
1640 3250 1889 3316 scriptum
1949 3267 2025 3311 ess

445 3332 462 3390 (
502 3324 661 3378 Leuit.
697 3344 786 3390 xv,
821 3329 937 3397 3|),
987 3330 1149 3398 facies
1211 3322 1473 3401 spiritales
1532 3337 1667 3403 ﬁlios
1700 3348 1841 3404 tuos,
1879 3342 2029 3394 doce-

446 3418 623 3484 bisque
655 3420 773 3472 illos
799 3437 831 3472 a
854 3423 1020 3474 sacris
1054 3422 1148 3475 Dei
1177 3424 1306 3477 locis
1356 3428 1613 3493 vasisque,
1644 3447 1704 3481 ac
1730 3434 1842 3496 ejus
1867 3434 2026 3483 mini-

443 3512 627 3569 sterio,
656 3514 875 3563 revereri
919 3524 1069 3580 atque
1103 3516 1302 3569 timere.
1340 3516 1483 3570 Scito
1514 3522 1671 3581 enim,
1734 3523 1860 3574 solis
1912 3524 2022 3575 illis

445 3602 538 3666 qui
557 3602 697 3653 sacri
722 3602 922 3653 ordinis
956 3614 1100 3667 sunt,
1146 3609 1676 3679 reverentissimisque
1735 3614 2022 3674 monachis,

448 3693 637 3757 quibus
665 3701 713 3743 et
742 3696 1112 3761 mysteriorum
1145 3698 1352 3751 indulta
1389 3704 1670 3768 perceptio,
1721 3705 2025 3771 apostolicis

446 3784 807 3835 sanctionibus
859 3801 1165 3839 concessum
1225 3792 1410 3842 horum
1443 3803 1757 3847 contactum.
1821 3794 2026 3850 Idcirco

448 3888 550 3922 non
582 3875 848 3938 permittes
878 3878 1139 3939 omnibus.
1178 3896 1239 3932 ac
1273 3882 1457 3949 cuique
1506 3884 1797 3937 collibitum
1835 3887 1919 3949 sit,
1972 3889 2024 3940 in

445 3962 678 4014 diuinum
716 3965 864 4018 bema
896 3968 913 4035 (
949 3969 1121 4021 locum
1172 3972 1368 4024 scilicet
1417 3975 1603 4027 altaris
1667 3994 1728 4027 ac
1783 3980 2027 4031 sacerdo-

448 4052 595 4118 tum)
630 4054 832 4109 intrare
867 4072 885 4119 ;
946 4060 1037 4112 sed
1068 4061 1131 4113 iis
1179 4063 1439 4115 duntaxat
1485 4067 1502 4133 (
1536 4068 1614 4118 uti
1644 4068 1839 4120 dictum
1874 4078 1950 4121 est
2005 4070 2023 4137 )

445 4144 535 4207 qui
568 4147 909 4199 sacerdotalis
958 4149 1059 4202 sint
1112 4152 1333 4216 ordinis,
1373 4157 1449 4208 rel
1482 4161 1680 4207 sanctis
1743 4160 2022 4224 fratribus.

444 4230 522 4280 Ad
563 4233 671 4283 alia
707 4235 844 4299 quod
883 4238 1090 4298 attinet,
1128 4244 1449 4294 monasterio
1483 4257 1570 4297 tuo
1611 4247 1780 4311 utilia,
1833 4252 2027 4303 doctri-

445 4335 564 4370 nam
617 4322 791 4386 habes,
812 4327 1132 4394 Patrumque
1165 4324 1446 4385 traditio/ue
1492 4347 1756 4405 acceptam
1787 4355 2024 4393 normam

445 4408 498 4458 in
552 4412 725 4477 magni
786 4410 979 4465 Christi
1032 4419 1279 4485 martyris
1334 4436 1395 4471 ac
1452 4423 1763 4489 confessoris
1806 4466 1819 4489 ,
1881 4444 2024 4479 com-

2133 3236 2331 3307 στόλων
2354 3238 2673 3306 παράδοσιν,
2706 3241 2931 3309 ἐτησίως
2959 3244 3101 3310 μετὰ
3150 3247 3369 3299 πάντων
3426 3251 3698 3320 λαμπρῶς

2129 3327 2370 3397 ἑώρταζε
2400 3329 2506 3380 τῶν
2534 3330 2724 3396 ἁγίων,
2774 3334 2974 3402 στήλην
3031 3337 3232 3405 ἀρετῆς
3280 3348 3697 3415 γεγραμμένην,

2128 3420 2225 3487 τὴν
2282 3421 2521 3489 ἱστορίαν
2550 3423 3024 3494 ἀναζωγραφήσας
3082 3430 3177 3497 τῆς
3227 3434 3433 3497 είκόνος
3493 3439 3696 3490 αὐτοῦ’

2129 3511 2376 3578 Symeon,
2418 3513 2495 3564 vir
2548 3515 2635 3565 ille
2669 3516 2895 3576 divinus.
2949 3523 3032 3570 cui
3075 3524 3433 3578 cont-euienter
3485 3541 3702 3597 apteque

2144 3600 2459 3655 Venerabilis
2486 3620 2768 3670 cognomen
2805 3607 2929 3674 fuit,
2957 3612 3045 3675 qui
3070 3619 3117 3663 et
3157 3614 3488 3671 admirabilis
3541 3623 3701 3688 hujus

2130 3692 2403 3759 Symeonis
2440 3694 2600 3747 Pater
2629 3697 2785 3749 simul
2820 3715 2887 3749 uc
2937 3702 3182 3768 magister
3216 3708 3419 3759 exstitit
3447 3749 3462 3773 ,
3495 3727 3610 3763 cum
3646 3714 3701 3763 in

2126 3788 2313 3834 bonam
2335 3785 2449 3853 jam
2481 3799 2792 3840 senectutem
2819 3792 3061 3854 venisset,
3092 3809 3257 3847 annos
3284 3798 3509 3866 quinque
3542 3817 3702 3868 supra

2125 3872 2501 3943 quadraginta,
2555 3880 2881 3933 conscientia:
2918 3885 3171 3950 martyrio
3227 3886 3454 3954 legitime
3485 3893 3701 3968 perfun_-

2127 3979 2257 4029 ctus,
2295 3970 2639 4033 apostolicam
2706 3974 2931 4038 gratiam
2997 3989 3180 4029 nactus
3219 3989 3354 4043 erat,
3413 3987 3701 4035 sanitatum

2126 4070 2366 4126 patrator
2387 4075 2448 4111 ac
2478 4061 2880 4125 miraculorum,
2917 4064 3211 4135 librumque
3251 4072 3509 4136 spiritalis
3557 4078 3702 4126 utili-

2127 4153 2247 4203 tatis
2280 4152 2721 4220 confertissimum
2770 4156 2921 4209 homo
2949 4159 3111 4211 idiota
3136 4178 3196 4214 ac
3222 4161 3519 4219 litterarum
3554 4171 3701 4222 rudis

2126 4244 2302 4295 diuino
2360 4243 2564 4311 Spiritu
2628 4252 3029 4313 conscripserat,
3083 4268 3385 4322 necesseque
3426 4270 3538 4311 erat
3574 4270 3628 4311 ut
3669 4279 3701 4312 a

2127 4335 2386 4402 religiosa:
2424 4337 2812 4390 exercitationis
2850 4340 3017 4407 longis
3048 4343 3188 4416 Aillis
3230 4344 3495 4400 laboribus
3528 4353 3701 4416 quies-

2128 4434 2257 4475 ceret
2286 4425 2303 4492 (
2328 4425 2392 4476 de
2411 4425 2597 4493 quibus
2620 4429 2709 4493 qui
2735 4444 2881 4481 nosse
2909 4414 3131 4497 quierat,
3163 4450 3225 4487 ex
3249 4438 3310 4488 iis
3334 4453 3450 4506 qua:
3483 4414 3563 4492 illi
3585 4443 3703 4509 fuse

445 4500 721 4567 munisque
746 4500 923 4556 Patris
954 4515 1109 4573 atque
1139 4508 1388 4573 doctoris,
1421 4514 1588 4565 nostri
1610 4507 1811 4581 pariter
1841 4534 2015 4571 sereo-
2048 4513 2089 4566 Ι)
2126 4517 2318 4580 scripta
2350 4524 2491 4579 sunt,
2541 4528 2787 4570 accurate
2826 4520 3072 4589 pleneque
3124 4525 3375 4595 intelliget
3412 4530 3429 4596 )
3456 4521 3702 4599 supr-eum

446 4610 561 4645 rum
599 4597 735 4665 ejus.
770 4614 831 4648 ac
858 4600 1031 4651 sancti
1078 4600 1259 4655 Patris
1299 4605 1469 4657 nostri
1523 4606 1805 4670 Studiotaz,
1839 4611 2011 4663 dirino

445 4684 622 4752 afﬂatu
662 4690 961 4756 conscripta
1021 4680 1278 4745 Theodori
1316 4696 1699 4760 informatione.
1765 4699 2013 4754 Studiola

446 4777 553 4841 hic,
592 4794 680 4829 seu
720 4778 1038 4845 Sltuliatms,
1091 4788 1394 4839 canmumis
1435 4787 1721 4857 Symeonis
1758 4807 1820 4845 ac
1853 4794 2013 4847 Arse-

448 4867 831 4935 niimagister,
900 4868 1133 4939 Symean
1197 4873 1285 4925 ille
1349 4873 1681 4931 Venerabilis
1750 4891 1852 4942 est,
1926 4883 2010 4935 eui

446 4956 673 5026 Symeon
709 4973 987 5025 acceptum
1025 4964 1327 5028 referebat,
1385 4969 1639 5037 quidquid
1702 4975 2014 5028 tuonasticze

446 5048 800 5103 institutionis
837 5052 1114 5117 hauserat;
1149 5054 1299 5120 cujus
1330 5059 1491 5111 etiam
1532 5062 1726 5130 gratia,
1756 5080 1819 5117 ac
1867 5068 2010 5134 quod

444 5139 552 5190 vita
585 5137 827 5193 iunctum
863 5157 1038 5194 annua
1066 5146 1380 5201 celebritate
1417 5149 1642 5215 coleret,
1695 5163 1839 5206 tanta
1892 5172 2012 5223 pas-

443 5244 537 5280 sus
589 5239 691 5283 est.
745 5230 852 5284 Sed
904 5244 1124 5299 prastat
1181 5234 1488 5292 Sthetatum
1561 5242 1680 5296 vitae
1732 5255 2009 5343 auclo\rem

446 5319 630 5343 -..ΑΖ-Α
687 5331 737 5343 -.ι
776 5321 968 5343 Ιξκγ--.
1029 5340 1096 5343 _-,_
1143 5342 1149 5343 ,
1214 5327 1223 5343 ς
1300 5342 1305 5343 ,
1464 5331 1493 5343 ι.
1870 5338 1897 5343 -.
1971 5341 1977 5343 _

444 5319 651 5380 audire,
687 5331 743 5372 ut
774 5321 993 5389 liqueat,
1029 5340 1156 5377 num
1213 5327 1263 5378 in
1288 5342 1352 5381 eo
1398 5331 1586 5384 saltem
1632 5347 1815 5389 contra
1849 5319 2011 5393 (ll‘SCl-

442 5410 643 5478 plinam
673 5416 909 5480 peccarit
964 5415 1219 5484 Symeon,
1252 5416 1551 5491 dignusque
1602 5426 1723 5479 inde
1776 5430 2011 5496 irmgato

441 5512 495 5553 et
526 5517 743 5557 carcere
779 5513 832 5556 et
857 5507 1048 5560 exsilio
1073 5506 1253 5563 fuerit.
1291 5512 1379 5565 Ait
1406 5514 1607 5582 itaque,
1652 5531 1772 5585 post
1816 5523 2013 5577 relatas

438 5594 651 5648 divinas
671 5596 785 5663 ejus
804 5599 1061 5679 visiones,
1080 5603 1277 5670 quibus
1303 5606 1353 5658 in
1377 5622 1538 5662 sensu
1560 5615 1788 5678 quodam
1823 5615 2013 5672 fatum

438 5697 752 5739 sanctorum
773 5687 1148 5753 beatitudinis,
1184 5706 1478 5764 eorumque
1509 5702 1751 5767 corporis
1781 5702 2012 5757 levitatis

441 5789 505 5828 ac
528 5775 797 5831 claritatis
822 5777 921 5833 fuit
949 5794 965 5845 ;
999 5796 1102 5847 qua
1127 5780 1269 5839 Deus
1290 5801 1459 5854 genus
1488 5800 1735 5847 nostrum
1767 5794 2003 5863 ἐδόξασε,

638 5872 908 5935 ΡΑτιιοι.
936 5876 1058 5939 Gn.
1085 5879 1262 5947 CLll.

2116 4606 2362 4658 laborans
2387 4610 2719 4675 argritudine,
2744 4611 2923 4664 multis
2956 4619 3329 4673 certaminibus
3355 4621 3545 4676 rietare
3568 4624 3699 4678 tole-

2117 4701 2518 4770 rantissimoque
2555 4721 2769 4772 corpore
2816 4723 2911 4761 suo
2978 4713 3265 4781 emigrans,
3312 4719 3381 4768 ad
3420 4716 3700 4774 Dominum

2116 4795 2509 4861 commigrarat.
2550 4795 2702 4851 llunc
2734 4785 2911 4868 ilaque
2947 4802 3163 4871 ejusque
3206 4808 3497 4871 pra‘claras
3532 4814 3698 4864 virtu~

2117 4895 2190 4936 tes
2224 4903 2284 4937 ac
2313 4886 2573 4950 facinora,
2609 4892 2744 4942 velut
2766 4895 2943 4961 utique
2968 4895 3277 4962 discipulus,
3303 4901 3381 4952 vir
3404 4903 3699 4957 hicbeatus

2116 4991 2232 5027 cum
2284 4978 2560 5045 explorata
2625 4980 2857 5045 haberet,
2890 4984 3104 5053 ejusque
3154 4991 3311 5041 vitam
3348 4997 3696 5056 apostolicam

2116 5065 2337 5131 perfecte
2362 5078 2531 5122 nosset
2562 5087 2579 5134 ,'
2613 5070 2707 5125 Dei
2732 5089 2890 5139 apera
2916 5094 2977 5128 ac
3026 5079 3209 5134 divina
3239 5084 3380 5136 dona
3424 5090 3567 5139 haud
3595 5089 3692 5141 doc

2116 5170 2228 5209 ctus
2268 5160 2533 5228 defodere,
2565 5164 2655 5215 sed
2690 5168 2980 5230 prazdicare
3010 5187 3070 5223 ac
3092 5172 3421 5241 collaudare,
3477 5180 3698 5234 laudum

2116 5250 2168 5301 in
2202 5266 2318 5303 eum
2363 5254 2568 5306 cantica
2600 5273 2661 5308 ac
2686 5261 2944 5322 encomia,
3005 5264 3182 5318 dirina
3215 5269 3529 5324 reuelatione
3566 5289 3696 5327 con-

2114 5344 2347 5409 scripsit,
2376 5338 2588 5415 ejusque
2624 5348 2787 5402 Vitam
2838 5367 3040 5407 omnem
3071 5356 3371 5412 litterarum
3401 5378 3699 5420 monumen.

2118 5436 2183 5487 tis
2212 5438 2557 5505 consignarit.
2598 5438 2662 5493 Ut
2696 5458 2812 5494 vero
2843 5446 3003 5497 etiam
3040 5448 3250 5517 aliquos
3287 5454 3355 5503 ad
3387 5456 3697 5509 armulatio-

2116 5541 2229 5577 nem
2262 5540 2582 5592 prouocaret.
2634 5545 2786 5600 atque
2820 5536 2915 5588 viri
2943 5537 3187 5593 laudibus
3224 5544 3293 5594 ad
3325 5546 3695 5611 imitationem,

2115 5633 2177 5668 ac
2207 5619 2415 5673 virtutis
2442 5624 2641 5676 cultum
2669 5628 2992 5693 accenderet,
3019 5631 3133 5699 ejus
3168 5643 3293 5703 quot
3323 5637 3474 5689 annis
3499 5653 3697 5689 memo-

2119 5710 2255 5761 riam
2285 5726 2435 5777 preco
2478 5729 2539 5766 ac
2572 5717 2864 5781 apostolica
2901 5722 3184 5776 traditione
3214 5727 3528 5790 accepimus,
3571 5742 3693 5778 cum

2117 5799 2317 5853 sanctis
2344 5802 2600 5868 omnibus,
2629 5806 2777 5874 festis
2818 5812 3027 5878 gaudiis
3059 5813 3374 5881 celebrabat,
3398 5819 3692 5886 conscripto
3721 5864 3729 5881 ,

3160 5908 3197 5967 9
