4472 6434
464 378 571 440 269
1206 370 1302 430 DE
1346 369 1709 429 ESSENTIA
1751 371 1842 426 ET
1883 369 2230 427 ()PEllATlt

1910 369 2383 427 ΠἾῖιὶΛΤΙΟΝΕ,
2429 371 2933 429 —PR/EFATI().
3573 369 3676 428 “270

467 487 700 547 ﬁetionc,
730 483 954 548 ejusque
979 483 1123 532 velut
1163 481 1345 532 lrandc
1381 481 1634 546 quadam,
1669 479 1867 530 eaédem
1894 479 2016 536 illis,
2052 480 2095 536 Α
2127 479 2306 532 tudine
2354 481 2416 531 ad
2476 480 2592 546 ejus
2644 482 2933 544 quotannis
2982 478 3258 530 soltmnia.
3289 478 3529 529 Det-lvata
3571 480 3680 531 haec

466 591 528 632 ac
555 576 874 642 quandoque
925 571 1155 637 majores
1179 570 1334 622 sedes
1365 567 1850 628 commendantur;
1889 575 1940 617 rt
1973 567 2015 617 si
2121 568 2307 618 radem
2328 570 2390 618 ad
2425 568 2636 620 dit-orsa
2671 567 2770 616 alia
2823 567 3085 617 «mliohia.
3115 565 3262 616 Nulla
3297 568 3548 641 deinceps
3579 563 3674 633 Sy-

467 680 568 718 non
602 664 796 715 desunt
858 660 945 725 qui
1004 669 1233 724 utroque
1283 672 1500 710 munere
1547 657 1801 722 praeclare
1831 654 2016 712 functi,
2125 657 2297 707 meoni
2329 666 2508 707 creata
2539 655 2800 706 molestia.
2839 654 3310 706 Exstinctushrcvi
3350 665 3468 721 post
3527 657 3680 705 resti-

467 763 576 808 tum
606 766 895 820 purpuram
927 757 1212 811 ornarunt,
1242 757 1352 800 tum
1382 754 1436 797 et
1467 747 1635 813 magis
1660 745 1873 807 infulas,
1902 759 2021 797 san-
2125 752 2294 794 tutum
2344 743 2663 812 Symeoncm
2705 747 3005 809 patriarcha
3039 744 3284 811 Sergius,
3315 746 3467 808 eique
3493 745 3682 795 subro-

467 844 567 897 ctis
605 839 848 893 muribus
892 837 1189 901 composito
1216 852 1376 906 grege
1411 837 1738 904 peculiarius
1789 836 2018 895 credito,
2125 840 2276 896 gatus
2330 831 2662 891 Eusthatius,
2713 831 2864 896 cujus
2911 847 3068 884 (tuine
3093 843 3300 897 tempus
3335 832 3574 885 videatur
3610 835 3682 881 vi-

469 931 708 996 nihilque
733 932 824 982 illo
869 927 1162 977 secundum
1204 925 1392 987 Deum,
1414 926 1523 978 sive
1544 941 1833 991 purpuram
1855 926 2023 982 dit-fas,
2131 923 2269 972 xisse
2291 920 2544 988 Symeon,
2565 922 2698 972 etad
2729 923 2896 987 ipsum
2925 920 3115 980 Alexii,
3150 921 3238 986 qui
3273 919 3445 971 fuerat
3469 919 3683 970 Studia-

468 1025 581 1074 sive
602 1023 729 1088 quid
753 1019 894 1071 aliud
919 1018 1166 1069 humanae
1206 1014 2014 1082 dignitatis,antiquiushaheu-
2129 1024 2228 1060 nus
2287 1009 2600 1069 monachus,
2655 1010 2980 1072 pervenisse.
3035 1008 3360 1075 Stephanus,
3422 1009 3502 1059 vel
3545 1010 3680 1072 ipse,

472 1123 570 1172 trs,
603 1112 830 1176 ejusque
860 1121 988 1159 cura
1019 1105 1299 1173 pervigiles
1329 1120 1343 1164 ;
1379 1105 1486 1155 vcri
1515 1103 1716 1156 scilicet
1758 1102 2024 1162 Pastori-s,
2128 1112 2234 1162 quo
2261 1106 2502 1162 tempore
2538 1097 2780 1164 Sergius,
2814 1099 2952 1150 diem
3000 1098 3215 1159 obierit,
3247 1098 3325 1150 vel
3363 1112 3425 1149 co
3453 1099 3684 1159 sublato,

469 1201 782 1266 Christique
803 1195 1222 1265 Ἀρχιποίμενος
1240 1194 1459 1259 vestigia
1500 1193 1683 1246 sedulo
1704 1202 2024 1259 prementes,
2132 1188 2344 1239 animos
2379 1189 2615 1252 posuerit
2646 1203 2661 1249 ;
2717 1188 2835 1239 aliis
2863 1188 2994 1252 ojam
3055 1187 3376 1254 patrierchis
3432 1187 3687 1254 Symeoni

472 1292 813 1351 decnrarunt;
839 1287 1103 1354 inquibus
1125 1286 1201 1336 sol
1222 1284 1435 1351 quidam
1455 1281 2028 1335 cﬂ'ulsitCaroluslior-
2132 1279 2482 1343 aiquiorilius,
2549 1277 2878 1346 majorisque
2911 1294 3018 1345 pra:
3053 1277 3247 1345 Sergio
3277 1277 3566 1341 ﬁrmitatis,
3600 1281 3687 1347 qui

478 1393 704 1430 romzeus
729 1393 744 1437 ;
771 1378 938 1428 secuti
978 1376 1157 1438 plures
1185 1373 1381 1424 eximio
1419 1371 1683 1437 exemplo,
1709 1367 2030 1422 Francisms
2135 1371 2352 1434 probata
2389 1363 2668 1436 Symeonis
2701 1371 2927 1422 instituti
2963 1371 3170 1423 ratione
3203 1371 3426 1424 colendo
3477 1371 3690 1426 Patrem

473 1461 1217 1529 SourelisiusllurdigalenSis,
1256 1473 1407 1511 meus
1435 1459 1548 1525 ipse
1590 1457 1926 1524 metropolita
1958 1457 2031 1507 υἱ·
2135 1472 2308 1514 suum,
2340 1473 2442 1507 non
2476 1459 2659 1508 debuit
2689 1460 3014 1510 ohtumlentc
3039 1457 3310 1526 Synrello,
3354 1473 3525 1527 caque
3557 1461 3692 1511 duu-

473 1567 644 1624 tatqne
669 1555 932 1622 regularis
953 1557 1191 1607 assertor
1208 1562 1259 1604 et
1288 1551 1475 1604 vindex
1503 1551 1552 1602 in
1575 1549 1900 1604 sanctissimi
1930 1549 2033 1600 Ro-
2139 1560 2285 1598 taxat
2314 1549 2540 1608 t'ttlittﬂ‘,
2574 1563 2635 1602 ac
2670 1550 2770 1601 nisi
2807 1561 2952 1601 certo
2993 1551 3324 1616 deprehenso
3355 1566 3565 1603 errasse
3589 1551 3691 1603 sibi

473 1647 599 1700 sarii
625 1645 730 1698 FF.
751 1645 1165 1697 Prardicatorum
1192 1641 1903 1708 Burdigalensicmnobioﬁn
1932 1659 2036 1710 quo
2140 1639 2432 1701 t‘ulCtIlum,
2504 1653 2599 1689 nec
2630 1654 2749 1689 eum
2793 1647 3058 1699 sanctum,
3119 1639 3211 1693 sed
3243 1641 3321 1692 vel
3359 1642 3694 1708 hypocritam

471 1747 521 1787 et
556 1750 745 1787 nomen
776 1734 1031 1787 sanctiori
1059 1733 1308 1784 instituto
1343 1732 1574 1797 (sancto
1600 1747 1722 1785 vere
1745 1743 1892 1793 time,
1927 1748 2036 1783 mo-
2071 1791 2100 1797 __
2140 1727 2218 1776 νει
2279 1727 2588 1778 llrcrelicum
2641 1742 2780 1789 esse.
2849 1741 2876 1777 a
2928 1729 3232 1780 Constantia
3288 1730 3513 1781 resilire.
3573 1729 3694 1781 llaec

473 1828 644 1890 doque
674 1823 947 1887 sodalitio)
988 1821 1106 1873 dedi
1143 1838 1156 1883 ;
1187 1791 1520 1874 Galaminius
1549 1829 1752 1881 noster,
1811 1791 2026 1888 alique.
2069 1791 2108 1844 Β
2139 1832 2343 1869 summa
2386 1815 2517 1867 Vita:
2578 1816 2883 1884 Symconis,
2918 1833 3038 1883 qua:
3069 1818 3224 1886 longe
3257 1820 3417 1870 nmlta
3454 1810 3697 1884 impleret

542 1910 847 1976 Stephanus
895 1923 1043 1975 ergo,
1096 1908 1188 1957 τὸν
1225 1907 1323 1974 τῆς
1358 1905 1662 1974 ἐπισκοπῆς
1693 1907 2030 1975 παραιησά-
2137 1908 2279 1959 l'olia.

1928 1907 2030 1974 ισά-
2137 1908 2279 1959 l'olia.
2319 1909 2392 1959 I'Ix
2440 1923 2500 1960 ea
2538 1909 2778 1973 planum,
2810 1923 2966 1975 quam
3001 1924 3107 1960 non
3141 1911 3191 1960 in
3226 1911 3455 1963 obscuro
3479 1925 3694 1962 manse-

475 2019 630 2069 μενος
656 2001 866 2069 Opts-Iov,
901 1998 1065 2063 συνῆν
1090 1998 1177 2049 ἀεὶ
1204 1997 1280 2066 τῷ
1307 1999 1644 2069 πατριάρχῃ,
1669 2000 1760 2050 καῖ
1790 1999 2032 2067 μεγάλην
2138 2001 2241 2051 rint

1930 1999 2032 2067 ,λην
2138 2001 2247 2051 rint
2286 2015 2370 2052 res
2401 1999 2540 2067 ejus,
2575 2010 2694 2066 post
2724 2001 2883 2052 hrcve
2927 2000 3091 2069 ipsius
3130 1999 3380 2053 exsilium
3437 2010 3489 2052 et
3519 2016 3696 2054 carce-

471 2092 695 2159 ὲφέρετο
755 2090 905 2157 παρᾶ
934 2091 1067 2142 πᾶσι
1121 2091 1218 2156 τ’ὴν
1252 2093 1442 2159 φήμην
1478 2093 1573 2156 τῆς
1612 2091 1884 2154 γνώσεως.
1938 2089 2033 2140 Ile-
2137 2105 2237 2142 rem

1938 2089 2033 2140 lle-
2137 2105 2267 2152 rem,
2297 2105 2389 2142 nec
2417 2090 2567 2156 quasi
2600 2089 2866 2141 oblivione
2921 2088 3038 2157 ejus
3077 2091 3282 2157 sepulta
3319 2090 3552 2152 cantica,
3589 2106 3699 2142 scr—

470 2185 690 2249 pudiata
714 2185 834 2235 sede
871 2181 1178 2249 episcopali,
1213 2196 1327 2232 cum
1354 2181 1656 2247 patriarcha
1687 2195 1887 2245 semper
1919 2196 2033 2232 vcr-
2137 2194 2444 2246 manesque,
2475 2195 2537 2232 ac
2569 2178 2768 2244 scripta
2797 2180 2897 2231 alia
2927 2197 2941 2242 ;
2974 2188 3029 2232 ut
3059 2180 3160 2231 sibi
3197 2183 3342 2232 visus
3365 2182 3539 2232 fuerat
3565 2181 3698 2232 divi-

472 2276 716 2334 sabatur,
749 2289 1038 2342 magnaque
1064 2274 1203 2340 apud
1234 2289 1409 2324 omnes
1433 2274 1663 2324 scientia:
1686 2272 2034 2325 wstimatione
2137 2285 2267 2323 nare
2313 2266 2421 2322 Leo
2477 2268 2726 2329 Allatius,
2785 2269 2924 2335 quod
2974 2285 3096 2323 eum
3153 2269 3449 2324 defecerint
3520 2281 3700 2327 vetera

472 2380 605 2420 erat.
659 2366 836 2418 Potuit
872 2380 1002 2432 ergo
1050 2366 1131 2416 vir
1183 2365 1427 2417 eruditus
1466 2376 1776 2430 suspectum
1815 2366 2031 2429 habere,
2139 2371 2503 2414 monumenta.
2559 2359 2725 2429 Aigre
2777 2360 2912 2424 fero,
2950 2370 3008 2415 ut
3041 2373 3246 2414 tantum
3285 2363 3454 2414 virum
3491 2378 3583 2430 pro
3609 2366 3700 2414 ad-

473 2459 612 2523 quod
638 2457 798 2509 ambo
850 2455 1146 2524 Sym‘eones
1189 2455 1287 2507 viri
1326 2455 1577 2507 illitterati
1607 2469 1670 2508 ex
1722 2455 1834 2509 solo
1881 2457 2034 2524 quasi
2139 2453 2390 2506 vcrsariis
2419 2465 2566 2505 Stare
2627 2453 2936 2514 admittam,
2965 2454 3044 2505 vel
3081 2453 3463 2506 Palamitarmn
3498 2454 3702 2507 [υιιιρηι

476 2543 651 2599 afﬂatu
677 2548 740 2597 de
776 2543 885 2597 Deo
919 2543 1225 2610 divinisque
1255 2550 1400 2593 tanta
1454 2541 1836 2608 loquebantur;
1871 2544 2056 2610 quod:
2139 2559 2282 2608 esse,
2325 2544 2425 2595 nisi
2456 2543 2557 2596 hoc
2619 2543 2815 2604 solum,
2847 2547 2989 2610 quod
3024 2545 3097 2597 illi
3122 2546 3424 2612 simplicius
3462 2547 3509 2598 ei
3540 2548 3704 2605 dicta,

477 2651 581 2702 que
623 2636 778 2698 alter,
828 2634 1054 2686 alterius
1079 2633 1188 2700 jam
1222 2632 1460 2685 dcluncti
1491 2633 1802 2685 memoriam
1851 2647 2036 2686 conse-
2143 2634 2414 2700 nimiaque
2445 2631 2713 2697 emphasi,
2741 2632 2807 2684 de
2850 2633 2939 2686 Dei
2975 2635 3172 2686 uni'one
3206 2651 3268 2687 ac
3296 2635 3526 2694 visione,
3563 2636 3708 2702 ejus-

476 2739 656 2789 crans,
691 2727 753 2776 ad
786 2724 904 2791 ejus
928 2723 1184 2777 solemnia
1236 2732 1401 2776 totam
1449 2721 1562 2776 fere
1599 2733 1810 2790 cogeret
1844 2723 2037 2776 civita-
2140 2711 2390 2793 quelncé
2415 2737 2478 2776 ac
2505 2723 2806 2782 divinitate.
2838 2724 2889 2776 iu
2922 2739 3072 2776 suam
3096 2724 3197 2778 nisi
3223 2736 3352 2777 sunt
3387 2727 3710 2792 detorquere

477 2827 619 2879 tem;
651 2827 703 2868 ut
725 2815 838 2881 jam
873 2829 1060 2882 magna
1095 2815 1290 2866 civium
1319 2831 1465 2882 pars,
1505 2815 1637 2866 nihil
1672 2815 1770 2866 nisi
1793 2827 2036 2868 sanctum
2143 2812 2468 2864 sententiam
2499 2828 2514 2874 ;
2549 2812 2622 2863 uti
2651 2821 2705 2862 ct
2735 2811 2822 2882 illo
2863 2815 3227 2879 superiorum,
3292 2812 3556 2882 Dionysii.
3603 2813 3708 2866 Ba-

477 2907 754 2969 habcrent,
781 2906 923 2971 quod
946 2904 1050 2956 illis
1076 2905 1388 2957 auctoribus
1417 2905 1770 2971 accepissent.
1797 2901 2038 2958 Primum
2145 2903 2270 2964 silii,
2299 2901 2458 2968 Greg.
2491 2903 2686 2970 Chrys.
2720 2901 2934 2953 Maximi
2966 2919 2978 2952 ε
3015 2904 3211 2970 vixque
3252 2903 3392 2955 ullus
3433 2916 3710 2964 occurrat,

478 2995 658 3062 itaque
689 2994 762 3046 illi
792 3000 997 3045 tentata
1042 2991 1325 3061 Symeouis
1376 2992 1443 3045 de
1478 2992 1586 3045 Deo
1611 2993 1890 3047 doctrina:
1926 3004 2037 3047 tum
2145 3006 2333 3045 eorum
2366 2992 2457 3061 qui
2485 2993 2768 3061 mysdcam
2808 2999 2970 3060 atque
3000 2992 3198 3046 amoris
3238 2992 3561 3060 theologiam
3592 3009 3715 3061 pro-

478 3083 824 3137 sollicitatum
863 3082 1039 3136 Patris
1067 3082 1158 3134 ille
1217 3082 1411 3144 honor,
1445 3098 1641 3134 annum
1677 3099 1838 3136 unum
1876 3096 2040 3152 atque
2067 3103 2112 3163 ο
2151 3084 2368 3153 pensius
2416 3084 2706 3144 tradidere,
2767 3085 2850 3136 cui
2906 3100 3011 3136 non
3051 3084 3283 3150 proclive
3346 3088 3418 3137 sit
3469 3089 3714 3138 eamdem

479 3175 730 3243 alterum,
778 3173 1086 3239 patriarcha
1124 3186 1186 3224 ac
1208 3173 1480 3240 episcopis
1513 3187 1654 3241 a'gre
1690 3176 2038 3227 assentienti-
2156 3190 2319 3245 prope
2349 3191 2410 3228 ac
2442 3175 2693 3244 Symeoui
2737 3176 2937 3228 inferre
2964 3175 3311 3228 calumniam.
3343 3175 3432 3229 Sic
3457 3185 3511 3228 et
3533 3176 3714 3228 Thau-

481 3270 600 3328 lms,
633 3275 692 3318 ut
723 3247 1062 3326 damnarent,
1084 3264 1226 3332 quod
1252 3263 1359 3328 jam
1385 3271 1509 3317 ante
1535 3265 1634 3331 ipsi
1655 3266 2040 3334 approbaraut.
2154 3268 2265 3320 lero
2295 3263 2478 3321 nostro
2509 3267 2608 3320 visi
2646 3267 2812 3334 ali‘qui
2876 3266 3181 3327 detrahere,
3219 3282 3377 3333 quem
3411 3266 3718 3320 Ludovicus

483 3357 688 3422 Raptus
742 3355 956 3406 tandem
1009 3354 1060 3404 in
1113 3352 1397 3404 concilium
1431 3367 1494 3405 eo
1516 3355 1734 3406 nomine
1788 3355 2041 3422 Syn-eon,
2155 3360 2363 3412 Blosius
2395 3361 2474 3410 vir
2505 3358 2750 3412 eruditus
2772 3373 2835 3410 ac
2861 3359 3002 3426 pius.
3031 3359 3130 3410 rite
3151 3358 3409 3412 vindicat.
3439 3357 3717 3421 Visioilla,

481 3448 704 3513 ipsaque
748 3443 924 3497 Patris
972 3445 1147 3512 imago
1175 3444 1315 3496 divis
1345 3444 1643 3498 honoribus
1677 3459 1992 3498 consecrata
2024 3465 2038 3500 :
2153 3455 2364 3519 aliaque
2387 3453 2503 3518 ejus
2536 3454 2766 3520 generis.
2798 3463 2987 3520 gustus
3018 3453 3236 3519 quidam
3275 3462 3360 3504 est
3392 3461 3718 3520 exspectata!

479 3540 599 3606 ejus
627 3539 772 3590 ineo
807 3537 1062 3589 ventilata
1108 3550 1266 3588 causa
1304 3547 1399 3599 ;et
1457 3536 1608 3604 longa
1648 3538 1926 3605 Symeonis
1956 3557 2045 3589 sa-
2159 3547 2243 3596 toti

1956 3557 2045 3589 sn-
2159 3545 2454 3605 felicitatis,
2482 3544 2748 3611 altiorque
2781 3544 3077 3610 przesentiaa
3114 3544 3252 3597 Deus
3302 3544 3532 3611 ejusque
3565 3545 3718 3596 unio-

483 3630 742 3690 tislactio,
767 3641 864 3694 pro
896 3641 954 3680 se
976 3627 1322 3694 acimagine:
1355 3626 1504 3693 juxta
1538 3641 1600 3676 ex
1630 3624 1714 3676 illa
1738 3626 1900 3676 oblini
1944 3642 2045 3677 vox
2159 3635 2242 3686 "is
2270 3635 2320 3686 in
2348 3632 3030 3701 perlectis,sensus,quam
3053 3634 3286 3703 Symeon
3317 3634 3369 3685 in
3391 3635 3470 3687 eis
3497 3649 3716 3702 negare.

493 3722 552 3770 '0
591 3719 849 3784 ἈΓΙυΣς
889 3717 1099 3772 abolita:
1141 3727 1196 3772 et
1229 3731 1416 3770 omnes
1467 3717 1583 3768 alia!
1607 3716 1741 3784 ejus,
1791 3718 1839 3767 in
1875 3717 2047 3769 sancti
2161 3722 2428 3774 hzrreseos
2478 3729 2670 3784 notat;
2731 3736 2830 3774 nec
2884 3722 3022 3774 forte
3083 3724 3226 3774 aliud
3267 3723 3316 3774 in
3363 3739 3450 3785 eo,
3499 3724 3724 3792 ejusque

486 3810 794 3873 Mamantls,
829 3810 1110 3876 imagines.
1147 3807 1324 3860 Altera
1371 3817 1554 3884 coacta
1589 3808 1838 3876 synodo;
1869 3808 2049 3873 jussus
2162 3815 2321 3867 Patre
2368 3811 2619 3879 spiiitali,
2686 3811 2953 3881 Symeoue
3021 3814 3346 3875 Venerabili,
3419 3814 3728 3883 Stephanus

485 3904 718 3973 Symcon
750 3912 840 3954 aut
875 3917 902 3954 a
931 3900 1108 3955 I‘atris
1147 3900 1250 3954 illis
1283 3888 1530 3952 laudibus
1558 3914 1797 3961 cessare,
1823 3903 1911 3951 aut
1945 3915 2050 3953 εαξ-
2165 3903 2604 3967 reprehendebat.
2647 3902 2800 3955 Libet
2843 3919 2908 3956 ex
2941 3905 3056 3969 ejus
3083 3905 3232 3956 Orat.
3262 3921 3273 3954 :
3308 3904 3439 3973 Περὶ
3475 3888 3730 3977 γνὼσευρξ

487 3996 647 4047 nobio
682 4011 694 4055 ;
723 3995 967 4060 urbeque
1011 3992 1296 4046 excedere.
1348 3988 1558 4042 Nolenti
1589 3991 1805 4051 cedere,
1840 3992 2050 4042 decreta
2163 3993 2253 4044 ἀλτ

1965 4002 2050 4041 eta
2163 3992 2445 4060 ἀληθινῆς,
2485 3994 2640 4060 cujus
2669 3994 2784 4045 init.
2812 3994 2920 4044 Καὶ
2949 3994 3042 4045 νῦν
3067 3995 3332 4063 εὐκαίρως
3365 3996 3528 4048 καλὸν
3559 3998 3731 4049 εέπεῑν

486 4087 743 4156 synodit'e
773 4084 950 4138 exsilii
979 4099 1157 4150 pmna.
1187 4085 1505 4152 Deportatus
1542 4081 1608 4133 ad
1653 4081 2050 4151 Chrysopolim,
2166 4087 2252 4138 tm-t

1966 4099 2050 4144 ἔτη.
2166 4087 2277 4138 Ita-c
2306 4088 2635 4139 exsmibt-rc.
2670 4087 2743 4136 Τὸ
2783 4088 3124 4155 μορφοῦσθαι
3151 4090 3208 4139 ὲν
3264 4091 3394 4157 ἡμῖν
3426 4091 3515 4142 τὸν
3564 4093 3732 4151 ὅντως

489 4177 538 4230 in
567 4176 877 4244 oppidulum
911 4174 1054 4242 quod
1076 4172 1466 4226 Palusiatarum
1500 4180 1710 4222 vocant.
1755 4171 1954 4222 Nactus
1984 4171 2052 4220 ibi
2166 4176 2255 4227 δντ

1984 4171 2052 4220 ibi
2166 4176 2292 4227 ὂντα
2325 4176 2546 4238 Θεὸν,τῑ
2582 4178 2752 4238 ἐστιν,
2779 4179 2826 4228 ει
2855 4178 2930 4246 μὴ
2971 4179 3032 4229 τὸ
3066 4181 3212 4248 ἡμᾶς
3257 4182 3454 4243 αὐτοὺς
3515 4183 3733 4246 πάντως

487 4267 784 4321 oratorium
817 4278 952 4333 pene
968 4264 1206 4316 dirutqu
1233 4273 1392 4330 atque
1413 4263 1705 4324 desertum,
1757 4263 1806 4313 in
1840 4277 1905 4313 eo
1934 4278 2054 4314 cum
2172 4283 2253 4334 μετ

1967 4279 2054 4314 υιιι
2172 4269 2484 4334 μεταποιεῖν
2538 4284 2596 4318 τε
2658 4268 2748 4318 καὶ
2790 4270 3158 4322 ἀναπλάττειν
3203 4273 3296 4322 καὶ
3347 4275 3426 4331 ei;
3479 4274 3579 4342 τὴν
3635 4276 3733 4342 τῆς

489 4358 755 4423 discipulo
788 4355 1054 4408 considet.
1078 4355 1120 4404 Δ
1147 4353 1536 4420 Christophoro
1564 4352 1821 4404 senatorii
1849 4354 2058 4404 ordinis
2174 4358 2255 4409 θεέ

1977 4356 2058 4404 uis
2174 4358 2424 4424 θεότητος
2455 4359 2639 4411 εἰκόνα
2677 4361 3113 4429 μεταμορφοῦν;
3174 4359 3286 4414 οἷον
3332 4364 3583 4432 ἔγνωμεν
3627 4369 3734 4435 ἄρα

491 4451 629 4511 viro,
663 4449 814 4515 cujus
838 4448 1348 4514 possessioniserat,
1375 4447 1546 4512 ipsmn
1586 4447 1726 4498 dono
1761 4445 2055 4504 obtmct,ea
2093 4447 2136 4500 ι)
2172 4465 2257 4514 γεΊ

1975 4459 2055 4504 ,ea
2093 4447 2136 4500 Ι)
2172 4450 2426 4514 γεγονότα
2459 4449 2550 4500 καὶ
2582 4451 2671 4501 τὸν
2702 4450 2857 4514 ἅγιον
2896 4452 3189 4520 Συμεώνην
3222 4454 3314 4504 τὸν
3358 4456 3602 4524 Εὐλαϐἧ,
3630 4461 3736 4508 ’τὸν

490 4543 826 4602 conditione,
861 4549 917 4593 ut
941 4541 984 4592 si
1017 4541 1155 4592 Deus
1192 4541 1370 4591 mitius
1410 4539 1508 4605 ipsi
1536 4538 1765 4599 dederit,
1797 4549 2063 4588 monaste—
2167 4544 2225 4592 ὲν
2255 4564 2256 4568 η

1970 4549 2063 4588 tle—
2167 4544 2225 4592 ὲν
2255 4545 2318 4608 τῇ
2373 4545 2507 4611 μονῇ
2557 4543 2652 4595 τοῦ
2717 4545 2972 4598 Στουδίου
3036 4549 3405 4616 ἀσκήσαντα·
3465 4555 3532 4619 τῇ
3569 4555 3736 4619 πείρᾳ

495 4636 629 4686 rium
659 4634 710 4684 in
736 4647 798 4685 eo
829 4643 1092 4684 exstruat.
1125 4631 1225 4682 Per
1256 4647 1398 4689 eum,
1425 4631 1664 4696 aliosque
1683 4629 1796 4693 ejus
1823 4627 2063 4693 discipn-
2167 4634 2261 4683 αὐτ

1974 4644 2063 4692 pu-
2167 4634 2304 4700 αὐτῇ
2356 4634 2420 4685 τὰ
2485 4635 2611 4703 περὶ
2666 4635 2829 4686 αὐτοῦ
2875 4635 3284 4704 βεϐαιωθέντες.
3327 4641 3406 4710 Τῇ
3454 4643 3560 4712 γὰρ
3610 4644 3740 4694 ἀπο-

497 4725 576 4774 los
609 4723 801 4775 dilatae
828 4721 1061 4787 querela:
1089 4721 1153 4772 ad
1196 4721 1582 4786 patriarrham.
1621 4717 1927 4770 “evocatus
1954 4719 2066 4784 ipse
2168 4724 2263 4774 καλ

1974 4732 2066 4784 pse
2168 4723 2395 4788 καλύψει
2421 4724 2514 4774 τοῦ
2569 4727 2626 4774 ὲν
2675 4726 2822 4794 αὑτῷ
2895 4729 3230 4795 Πνεύμειτος,
3295 4731 3393 4800 τὴν
3433 4734 3513 4793 εἰς
3579 4735 3740 4804 αὐτὸν

497 4815 550 4868 in
577 4815 761 4866 urbem
788 4829 801 4876 ;
829 4823 1028 4864 tentata
1063 4826 1251 4863 rursus
1278 4811 1601 4874 constantia,
1620 4810 1783 4862 olilati
1813 4813 2063 4873 honores,
2170 4816 2263 4866 πίσ

1975 4823 2063 4873 'es,
2170 4816 2352 4866 πίστιν
2437 4818 2984 4883 ὲπισφριγίσαντες,
3063 4822 3468 4890 ἁναντιρῤήτως
3536 4826 3741 4892 ταύτην

498 4906 886 4973 metropolitica
942 4903 1122 4967 sedes,
1161 4903 1325 4954 nobili
1387 4903 1565 4970 aliqua
1615 4904 1853 4966 civitate,
1908 4902 2066 4955 modo
2169 4907 2264 4976 φυ)

1975 4902 2066 4955 )ilo
2169 4907 2528 4976 φυλάττομεν.
2601 4910 2818 4961 Μᾶλλον
2884 4910 2974 4975 δὲ,
3045 4914 3107 4963 ἐκ
3159 4913 3254 4965 τοῦ
3306 4916 3470 4967 αὐτοῦ
3526 4919 3741 4984 φωτὸς,

499 5000 762 5065 tantisper
793 4995 1196 5049 contentionem
1224 4991 1792 5060 remitteret._Cunctis
1820 4993 2065 5059 immoto,
2169 4997 2243 5059 ὡς

1980 5004 2065 5059 ito,
2169 4997 2243 5059 ὡς
2294 4998 2357 5050 ὲκ
2385 4997 2669 5067 λαμπάδος
2716 5001 2895 5066 τινος,
2957 5003 3046 5054 τὸν
3103 5005 3200 5070 τῆς
3235 5005 3412 5073 ψυχῆς
3467 5007 3623 5075 ἡμῶν
3657 5007 3746 5058 λύ·

501 5089 641 5142 facta
674 5085 884 5140 licentia
918 5084 1127 5138 colendi
1185 5084 1396 5141 Patrem
1450 5093 1506 5137 ut
1547 5083 1760 5137 libuerit
1807 5099 1870 5138 ac
1906 5085 1984 5138 vel
2016 5087 2066 5139 in
2171 5106 2266 5157 χνο

1977 5085 1984 5136 Ι
2016 5087 2066 5139 in
2171 5106 2297 5157 χνον
2332 5090 2692 5159 μεταὼτικῶς
2716 5093 3041 5161 ἀνάψαντες,
3069 5095 3332 5148 ἄσϐεστον
3355 5097 3743 5168 διατηροῦμεν,

501 5183 655 5240 urbe,
687 5180 975 5246 prioreque
1009 5175 1257 5230 coenobio
1281 5177 1527 5242 degcndi,
1556 5175 1636 5228 vel
1669 5176 1719 5228 in
1757 5190 1892 5229 nova
1935 5177 2066 5230 soli-
2170 5181 2267 5231 ταῖι

1981 5177 2066 5229 ›Ιί-
2170 5181 2292 5241 ταῖς
2343 5179 2553 5233 ἐκείνου
2612 5181 2797 5249 εὐχαῖς
2829 5183 2921 5234 καὶ
2949 5185 3269 5252 πρεσὸείαις
3326 5187 3747 5257 φρουρούμενοι.

503 5271 704 5322 tudine.
743 5265 957 5321 Delecta
985 5265 1219 5319 solitudo
1252 5282 1266 5328 ;
1299 5265 1350 5317 in
1375 5277 1438 5317 ca
1469 5273 1690 5319 coactus
1720 5279 1888 5319 novus
1918 5279 2069 5334 grex,
2190 5269 2329 5332 Quid
2360 5279 2441 5323 est
2474 5270 2694 5338 formari
2717 5275 2771 5324 in
2797 5276 2964 5339 nobis,
2989 5292 3128 5339 eum,
3157 5278 3245 5344 qui
3266 5290 3338 5329 est
3381 5295 3515 5343 vere,
3551 5279 3748 5344 Deum,-

500 5369 835 5415 cxstructum
868 5360 1099 5428 egregiis
1129 5358 1334 5412 :edibus
1359 5358 1898 5419 noliile'cmnobium,
1934 5372 2070 5410 cun-
2176 5362 2278 5413 nisi
2312 5378 2401 5414 nos
2428 5363 2568 5432 ipso:
2601 5367 2811 5419 omnino
2865 5377 3246 5433 transmittare,
3283 5380 3330 5422 et
3365 5372 3415 5423 in
3461 5358 3749 5441 imaginem

502 5455 607 5508 etis
640 5454 704 5508 ad
740 5457 864 5506 Viue
895 5451 1145 5506 ascetica:
1191 5449 1516 5505 necessariis
1542 5451 2019 5505 satisinstructum
2055 5468 2069 5515 ;
2174 5453 2466 5508 divinitatis
2497 5472 2606 5509 war
2655 5461 3082 5526 lramjormare?
3118 5460 3338 5524 Qualem
3378 5466 3552 5530 utique
3581 5465 3747 5517 etiam

506 5558 706 5601 sanctae
731 5545 949 5597 Marine
975 5552 1187 5596 vocant.
1212 5542 1268 5595 ln
1294 5557 1360 5596 eo
1401 5552 1556 5594 aucta
1593 5543 1877 5612 bymeonis
1899 5542 2073 5597 Venc-
2177 5549 2400 5601 evasisse
2449 5551 2684 5601 novimus
2741 5561 2977 5602 sanctum
3033 5549 3324 5605 Simeonem
3366 5551 3748 5613 Venerabile-ni.

508 5635 691 5690 rabilis
721 5634 909 5703 religio
939 5641 994 5687 et
1027 5631 1222 5698 cultus,
1250 5631 1558 5686 conﬂuente
1583 5649 1646 5686 ex
1680 5635 1790 5702 ipsa
1813 5635 1944 5687 urbe
1965 5635 2074 5686 Au-
2177 5643 2267 5708 qui
2290 5641 2344 5691 in
2377 5643 2691 5693 monasterio
2730 5640 2906 5694 Studii
2930 5645 3162 5695 exercuit
3193 5662 3209 5707 ;
3242 5646 3350 5710 ipso
3392 5647 3644 5712 periculo,
3678 5651 3753 5700 ι·ῑὶ

510 5735 690 5798 gusta,
739 5733 958 5791 totaque
986 5722 1206 5787 vicinia,
1269 5723 1549 5778 innumera
1579 5723 1854 5779 hominum
1893 5724 2075 5780 multi-
2179 5730 2291 5795 ejus
2326 5715 2462 5782 (ἔιειο
2491 5732 2729 5782 noHtiun
2757 5733 2944 5800 adepti.
2985 5732 3161 5786 Divini
3191 5737 3324 5786 eniw
3359 5754 3409 5788 ιη
3432 5753 3488 5790 eo
3522 5737 3755 5804 Spiritus
