  <div class='ocr_page' id='page_1' title='image "/cluster/home/n/w/nwhite01/storage/ocr_20150623/152/nnc1.0046980377/145.png"; bbox 0 0 4472 6434; ppageno 0'>
   <div class='ocr_carea' id='block_1_1' title="bbox 764 364 862 423">
    <p class='ocr_par' dir='ltr' id='par_1_1' title="bbox 764 364 862 423">
     <span class='ocr_line' id='line_1_1' title="bbox 764 364 862 423; baseline 0.02 -2"><span class='ocrx_word' id='word_1_1' title='bbox 764 364 862 423; x_wconf 72' lang='grc' dir='ltr'><strong><em>ΞΗ</em></strong></span> 
     </span>
    </p>
   </div>
   <div class='ocr_carea' id='block_1_2' title="bbox 2030 362 2759 420">
    <p class='ocr_par' dir='ltr' id='par_1_2' title="bbox 2030 362 2759 420">
     <span class='ocr_line' id='line_1_2' title="bbox 2030 362 2759 420; baseline 0.001 -1"><span class='ocrx_word' id='word_1_2' title='bbox 2030 362 2416 419; x_wconf 73' lang='lat' dir='ltr'><strong><em>MANUELIS</em></strong></span> <span class='ocrx_word' id='word_1_3' title='bbox 2458 363 2759 420; x_wconf 68' lang='lat' dir='ltr'><strong><em>CALECIE</em></strong></span> 
     </span>
    </p>
   </div>
   <div class='ocr_carea' id='block_1_3' title="bbox 3874 358 3985 423">
    <p class='ocr_par' dir='ltr' id='par_1_3' title="bbox 3874 358 3985 423">
     <span class='ocr_line' id='line_1_3' title="bbox 3874 358 3985 423; baseline 0 0"><span class='ocrx_word' id='word_1_4' title='bbox 3874 358 3985 423; x_wconf 69' lang='grc' dir='ltr'><strong><em>γη</em></strong></span> 
     </span>
    </p>
   </div>
   <div class='ocr_carea' id='block_1_4' title="bbox 765 468 3986 539">
    <p class='ocr_par' dir='ltr' id='par_1_4' title="bbox 765 468 3986 539">
     <span class='ocr_line' id='line_1_4' title="bbox 765 468 3986 539; baseline -0 -16"><span class='ocrx_word' id='word_1_5' title='bbox 765 478 1091 534; x_wconf 59' lang='lat' dir='ltr'><strong><em>wit-mione,</em></strong></span> <span class='ocrx_word' id='word_1_6' title='bbox 1151 473 1468 539; x_wconf 83' lang='lat' dir='ltr'><strong><em>obsignatam</em></strong></span> <span class='ocrx_word' id='word_1_7' title='bbox 1500 472 1550 522; x_wconf 86' lang='lat' dir='ltr'><strong><em>in</em></strong></span> <span class='ocrx_word' id='word_1_8' title='bbox 1602 486 1714 522; x_wconf 86' lang='lat' dir='ltr'><strong><em>cum</em></strong></span> <span class='ocrx_word' id='word_1_9' title='bbox 1765 471 1940 533; x_wconf 78' lang='lat' dir='ltr'><strong><em>ﬁdem,</em></strong></span> <span class='ocrx_word' id='word_1_10' title='bbox 1968 472 2099 519; x_wconf 82' lang='lat' dir='ltr'><strong><em>citra</em></strong></span> <span class='ocrx_word' id='word_1_11' title='bbox 2117 484 2314 519; x_wconf 83' lang='lat' dir='ltr'><strong><em>onmem</em></strong></span> <span class='ocrx_word' id='word_1_12' title='bbox 2344 470 2393 528; x_wconf 76' lang='grc' dir='ltr'><strong>Α</strong></span> <span class='ocrx_word' id='word_1_13' title='bbox 2421 479 2619 521; x_wconf 88' lang='lat' dir='ltr'><strong><em>reretur</em></strong></span> <span class='ocrx_word' id='word_1_14' title='bbox 2651 468 3050 531; x_wconf 80' lang='lat' dir='ltr'><strong><em>videre?Cessa,</em></strong></span> <span class='ocrx_word' id='word_1_15' title='bbox 3083 483 3143 520; x_wconf 89' lang='lat' dir='ltr'><strong><em>ne</em></strong></span> <span class='ocrx_word' id='word_1_16' title='bbox 3170 475 3217 520; x_wconf 91' lang='lat' dir='ltr'><strong><em>te</em></strong></span> <span class='ocrx_word' id='word_1_17' title='bbox 3275 468 3534 534; x_wconf 84' lang='lat' dir='ltr'><strong><em>lapidibus</em></strong></span> <span class='ocrx_word' id='word_1_18' title='bbox 3571 471 3873 525; x_wconf 73' lang='lat' dir='ltr'><strong><em>obruamus.</em></strong></span> <span class='ocrx_word' id='word_1_19' title='bbox 3902 473 3986 527; x_wconf 65' lang='lat' dir='ltr'><strong><em>Ex</em></strong></span> 
     </span>
    </p>
   </div>
   <div class='ocr_carea' id='block_1_5' title="bbox 760 558 2319 623">
    <p class='ocr_par' dir='ltr' id='par_1_5' title="bbox 760 558 2319 623">
     <span class='ocr_line' id='line_1_5' title="bbox 760 558 2319 623; baseline -0.005 -9"><span class='ocrx_word' id='word_1_20' title='bbox 760 563 1135 614; x_wconf 81' lang='lat' dir='ltr'><strong><em>ha&#39;simtionem</em></strong></span> <span class='ocrx_word' id='word_1_21' title='bbox 1177 576 1457 612; x_wconf 70' lang='lat' dir='ltr'><strong><em>servamus.</em></strong></span> <span class='ocrx_word' id='word_1_22' title='bbox 1490 559 1736 623; x_wconf 83' lang='lat' dir='ltr'><strong><em>Quinimo</em></strong></span> <span class='ocrx_word' id='word_1_23' title='bbox 1779 574 1842 610; x_wconf 79' lang='lat' dir='ltr'><strong><em>ea:</em></strong></span> <span class='ocrx_word' id='word_1_24' title='bbox 1874 559 2051 611; x_wconf 88' lang='lat' dir='ltr'><strong><em>eadem</em></strong></span> <span class='ocrx_word' id='word_1_25' title='bbox 2071 558 2202 619; x_wconf 84' lang='lat' dir='ltr'><strong><em>luce,</em></strong></span> <span class='ocrx_word' id='word_1_26' title='bbox 2239 572 2319 608; x_wconf 82' lang='lat' dir='ltr'><strong><em>ve-</em></strong></span> 
     </span>
    </p>
   </div>
   <div class='ocr_carea' id='block_1_6' title="bbox 760 647 2321 718">
    <p class='ocr_par' dir='ltr' id='par_1_6' title="bbox 760 647 2321 718">
     <span class='ocr_line' id='line_1_6' title="bbox 760 647 2321 718; baseline -0.004 -15"><span class='ocrx_word' id='word_1_27' title='bbox 760 655 837 702; x_wconf 86' lang='lat' dir='ltr'><strong><em>Iul</em></strong></span> <span class='ocrx_word' id='word_1_28' title='bbox 864 667 924 703; x_wconf 74' lang='lat' dir='ltr'><strong><em>ex</em></strong></span> <span class='ocrx_word' id='word_1_29' title='bbox 950 652 1175 718; x_wconf 87' lang='lat' dir='ltr'><strong><em>quadam</em></strong></span> <span class='ocrx_word' id='word_1_30' title='bbox 1193 649 1649 717; x_wconf 86' lang='lat' dir='ltr'><strong><em>lampade,mentis</em></strong></span> <span class='ocrx_word' id='word_1_31' title='bbox 1677 658 1865 700; x_wconf 68' lang='lat' dir='ltr'><strong><em>nostra</em></strong></span> <span class='ocrx_word' id='word_1_32' title='bbox 1885 647 2148 698; x_wconf 90' lang='lat' dir='ltr'><strong><em>lucernam</em></strong></span> <span class='ocrx_word' id='word_1_33' title='bbox 2177 660 2321 697; x_wconf 84' lang='lat' dir='ltr'><strong><em>com-</em></strong></span> 
     </span>
    </p>
   </div>
   <div class='ocr_carea' id='block_1_7' title="bbox 763 735 2324 809">
    <p class='ocr_par' dir='ltr' id='par_1_7' title="bbox 763 735 2324 809">
     <span class='ocr_line' id='line_1_7' title="bbox 763 735 2324 809; baseline -0.009 -9"><span class='ocrx_word' id='word_1_34' title='bbox 763 748 951 802; x_wconf 83' lang='lat' dir='ltr'><strong><em>mercio</em></strong></span> <span class='ocrx_word' id='word_1_35' title='bbox 968 744 1192 809; x_wconf 87' lang='lat' dir='ltr'><strong><em>quodam</em></strong></span> <span class='ocrx_word' id='word_1_36' title='bbox 1219 740 1575 800; x_wconf 84' lang='lat' dir='ltr'><strong><em>accendentes,</em></strong></span> <span class='ocrx_word' id='word_1_37' title='bbox 1600 736 1712 804; x_wconf 86' lang='lat' dir='ltr'><strong><em>ejus</em></strong></span> <span class='ocrx_word' id='word_1_38' title='bbox 1734 735 1971 803; x_wconf 72' lang='lat' dir='ltr'><strong><em>precibus</em></strong></span> <span class='ocrx_word' id='word_1_39' title='bbox 2000 750 2062 787; x_wconf 89' lang='lat' dir='ltr'><strong><em>ac</em></strong></span> <span class='ocrx_word' id='word_1_40' title='bbox 2084 736 2324 788; x_wconf 83' lang='lat' dir='ltr'><strong><em>interces-</em></strong></span> 
     </span>
    </p>
   </div>
   <div class='ocr_carea' id='block_1_8' title="bbox 759 837 1941 905">
    <p class='ocr_par' dir='ltr' id='par_1_8' title="bbox 759 837 1941 905">
     <span class='ocr_line' id='line_1_8' title="bbox 759 837 1941 905; baseline -0.012 -10"><span class='ocrx_word' id='word_1_41' title='bbox 759 843 1016 905; x_wconf 72' lang='lat' dir='ltr'><strong><em>sionibus,</em></strong></span> <span class='ocrx_word' id='word_1_42' title='bbox 1050 838 1235 889; x_wconf 81' lang='lat' dir='ltr'><strong><em>muniti</em></strong></span> <span class='ocrx_word' id='word_1_43' title='bbox 1276 837 1637 887; x_wconf 72' lang='lat' dir='ltr'><strong><em>inexstinctam</em></strong></span> <span class='ocrx_word' id='word_1_44' title='bbox 1659 846 1941 884; x_wconf 72' lang='lat' dir='ltr'><strong><em>servamus.</em></strong></span> 
     </span>
    </p>
   </div>
   <div class='ocr_carea' id='block_1_9' title="bbox 831 914 2315 998">
    <p class='ocr_par' dir='ltr' id='par_1_9' title="bbox 831 914 2315 998">
     <span class='ocr_line' id='line_1_9' title="bbox 831 914 2315 998; baseline -0.009 -14"><span class='ocrx_word' id='word_1_45' title='bbox 831 931 1075 998; x_wconf 82' lang='lat' dir='ltr'><strong><em>Tumque</em></strong></span> <span class='ocrx_word' id='word_1_46' title='bbox 1089 932 1152 982; x_wconf 81' lang='lat' dir='ltr'><strong><em>de</em></strong></span> <span class='ocrx_word' id='word_1_47' title='bbox 1175 926 1404 979; x_wconf 63' lang='lat' dir='ltr'><strong><em>tumulis:</em></strong></span> <span class='ocrx_word' id='word_1_48' title='bbox 1422 921 1739 974; x_wconf 79' lang='grc' dir='ltr'><strong>Ἀπιστοῦσι</strong></span> <span class='ocrx_word' id='word_1_49' title='bbox 1770 922 1864 973; x_wconf 84' lang='grc' dir='ltr'><strong>καὶ</strong></span> <span class='ocrx_word' id='word_1_50' title='bbox 1885 919 2145 973; x_wconf 79' lang='grc' dir='ltr'><strong>ἀδύνατον</strong></span> <span class='ocrx_word' id='word_1_51' title='bbox 2176 914 2315 971; x_wconf 77' lang='grc' dir='ltr'><strong>εἶναι</strong></span> 
     </span>
    </p>
   </div>
   <div class='ocr_carea' id='block_1_10' title="bbox 761 1009 2322 1083">
    <p class='ocr_par' dir='ltr' id='par_1_10' title="bbox 761 1009 2322 1083">
     <span class='ocr_line' id='line_1_10' title="bbox 761 1009 2322 1083; baseline -0.011 -7"><span class='ocrx_word' id='word_1_52' title='bbox 761 1025 984 1083; x_wconf 70' lang='grc' dir='ltr'><strong>ἑαυτοὺς</strong></span> <span class='ocrx_word' id='word_1_53' title='bbox 1018 1019 1287 1081; x_wconf 82' lang='grc' dir='ltr'><strong>πείθουσι,</strong></span> <span class='ocrx_word' id='word_1_54' title='bbox 1327 1018 1385 1068; x_wconf 76' lang='grc' dir='ltr'><strong>τὸ</strong></span> <span class='ocrx_word' id='word_1_55' title='bbox 1411 1014 1749 1082; x_wconf 77' lang='grc' dir='ltr'><strong><em>καθαρεῦσαι</em></strong></span> <span class='ocrx_word' id='word_1_56' title='bbox 1779 1011 2065 1079; x_wconf 75' lang='grc' dir='ltr'><strong>ἄνθρωπον</strong></span> <span class='ocrx_word' id='word_1_57' title='bbox 2104 1009 2322 1071; x_wconf 80' lang='grc' dir='ltr'><strong>τελείως</strong></span> 
     </span>
    </p>
   </div>
   <div class='ocr_carea' id='block_1_11' title="bbox 760 1098 2324 1172">
    <p class='ocr_par' dir='ltr' id='par_1_11' title="bbox 760 1098 2324 1172">
     <span class='ocr_line' id='line_1_11' title="bbox 760 1098 2324 1172; baseline -0.012 -6"><span class='ocrx_word' id='word_1_58' title='bbox 760 1114 869 1167; x_wconf 80' lang='grc' dir='ltr'><strong><em>ἀπὸ</em></strong></span> <span class='ocrx_word' id='word_1_59' title='bbox 908 1112 1116 1172; x_wconf 84' lang='grc' dir='ltr'><strong>παθῶν,</strong></span> <span class='ocrx_word' id='word_1_60' title='bbox 1143 1109 1235 1161; x_wconf 77' lang='grc' dir='ltr'><strong>καὶ</strong></span> <span class='ocrx_word' id='word_1_61' title='bbox 1259 1108 1380 1159; x_wconf 74' lang='grc' dir='ltr'><strong>ὅλον</strong></span> <span class='ocrx_word' id='word_1_62' title='bbox 1417 1104 1689 1164; x_wconf 81' lang='grc' dir='ltr'><strong>ούσιωδῶς</strong></span> <span class='ocrx_word' id='word_1_63' title='bbox 1738 1105 1797 1153; x_wconf 84' lang='grc' dir='ltr'><strong>ἐν</strong></span> <span class='ocrx_word' id='word_1_64' title='bbox 1831 1099 2008 1168; x_wconf 88' lang='grc' dir='ltr'><strong>ἐαυτῷ</strong></span> <span class='ocrx_word' id='word_1_65' title='bbox 2068 1098 2324 1157; x_wconf 80' lang='grc' dir='ltr'><strong>δέξασθαι</strong></span> 
     </span>
    </p>
   </div>
   <div class='ocr_carea' id='block_1_12' title="bbox 759 1188 2325 1271">
    <p class='ocr_par' dir='ltr' id='par_1_12' title="bbox 759 1188 2325 1271">
     <span class='ocr_line' id='line_1_12' title="bbox 759 1188 2325 1271; baseline -0.015 -14"><span class='ocrx_word' id='word_1_66' title='bbox 759 1206 851 1257; x_wconf 75' lang='grc' dir='ltr'><strong>τὸν</strong></span> <span class='ocrx_word' id='word_1_67' title='bbox 875 1202 1253 1271; x_wconf 79' lang='grc' dir='ltr'><strong>Παράκλητον.</strong></span> <span class='ocrx_word' id='word_1_68' title='bbox 1282 1198 1381 1249; x_wconf 83' lang='grc' dir='ltr'><strong><em>Διὰ</em></strong></span> <span class='ocrx_word' id='word_1_69' title='bbox 1400 1195 1556 1248; x_wconf 88' lang='grc' dir='ltr'><strong>τοῦτο</strong></span> <span class='ocrx_word' id='word_1_70' title='bbox 1574 1193 1755 1245; x_wconf 84' lang='grc' dir='ltr'><strong>τοίνυν</strong></span> <span class='ocrx_word' id='word_1_71' title='bbox 1787 1191 1875 1242; x_wconf 77' lang='grc' dir='ltr'><strong>καὶ</strong></span> <span class='ocrx_word' id='word_1_72' title='bbox 1907 1188 2043 1243; x_wconf 77' lang='grc' dir='ltr'><strong>κατὰ</strong></span> <span class='ocrx_word' id='word_1_73' title='bbox 2068 1188 2165 1255; x_wconf 82' lang='grc' dir='ltr'><strong>τῆς</strong></span> <span class='ocrx_word' id='word_1_74' title='bbox 2196 1189 2325 1239; x_wconf 83' lang='grc' dir='ltr'><strong>ἐαυ-</strong></span> 
     </span>
    </p>
   </div>
   <div class='ocr_carea' id='block_1_13' title="bbox 759 1277 2324 1360">
    <p class='ocr_par' dir='ltr' id='par_1_13' title="bbox 759 1277 2324 1360">
     <span class='ocr_line' id='line_1_13' title="bbox 759 1277 2324 1360; baseline -0.013 -12"><span class='ocrx_word' id='word_1_75' title='bbox 759 1296 870 1348; x_wconf 89' lang='grc' dir='ltr'><strong><em>τῶν</em></strong></span> <span class='ocrx_word' id='word_1_76' title='bbox 899 1293 1173 1360; x_wconf 77' lang='grc' dir='ltr'><strong><em>σωτηρίας</em></strong></span> <span class='ocrx_word' id='word_1_77' title='bbox 1213 1288 1436 1341; x_wconf 83' lang='grc' dir='ltr'><strong>λαλοῦσι</strong></span> <span class='ocrx_word' id='word_1_78' title='bbox 1460 1288 1553 1337; x_wconf 77' lang='grc' dir='ltr'><strong><em>καὶ</em></strong></span> <span class='ocrx_word' id='word_1_79' title='bbox 1587 1285 1907 1353; x_wconf 75' lang='grc' dir='ltr'><strong>πράττουσι,</strong></span> <span class='ocrx_word' id='word_1_80' title='bbox 1940 1280 2210 1341; x_wconf 84' lang='grc' dir='ltr'><strong>κλείοντες</strong></span> <span class='ocrx_word' id='word_1_81' title='bbox 2237 1277 2324 1345; x_wconf 83' lang='grc' dir='ltr'><strong><em>ἐφ’</em></strong></span> 
     </span>
    </p>
   </div>
   <div class='ocr_carea' id='block_1_14' title="bbox 762 1370 2325 1446">
    <p class='ocr_par' dir='ltr' id='par_1_14' title="bbox 762 1370 2325 1446">
     <span class='ocr_line' id='line_1_14' title="bbox 762 1370 2325 1446; baseline -0.012 -8"><span class='ocrx_word' id='word_1_82' title='bbox 762 1388 974 1446; x_wconf 78' lang='grc' dir='ltr'><strong>ἑαυτοῖς</strong></span> <span class='ocrx_word' id='word_1_83' title='bbox 1003 1384 1096 1443; x_wconf 72' lang='grc' dir='ltr'><strong>τὰς</strong></span> <span class='ocrx_word' id='word_1_84' title='bbox 1129 1380 1300 1441; x_wconf 81' lang='grc' dir='ltr'><strong><em>πύλας</em></strong></span> <span class='ocrx_word' id='word_1_85' title='bbox 1335 1380 1432 1446; x_wconf 86' lang='grc' dir='ltr'><strong>τῆς</strong></span> <span class='ocrx_word' id='word_1_86' title='bbox 1470 1376 1749 1445; x_wconf 83' lang='grc' dir='ltr'><strong>βασιλείας</strong></span> <span class='ocrx_word' id='word_1_87' title='bbox 1782 1373 1890 1424; x_wconf 88' lang='grc' dir='ltr'><strong><em>τῶν</em></strong></span> <span class='ocrx_word' id='word_1_88' title='bbox 1929 1371 2196 1439; x_wconf 82' lang='grc' dir='ltr'><strong><em>οὐρανῶν,</em></strong></span> <span class='ocrx_word' id='word_1_89' title='bbox 2232 1370 2325 1421; x_wconf 77' lang='grc' dir='ltr'><strong>καὶ</strong></span> 
     </span>
    </p>
   </div>
   <div class='ocr_carea' id='block_1_15' title="bbox 764 1460 2323 1538">
    <p class='ocr_par' dir='ltr' id='par_1_15' title="bbox 764 1460 2323 1538">
     <span class='ocr_line' id='line_1_15' title="bbox 764 1460 2323 1538; baseline -0.017 -6"><span class='ocrx_word' id='word_1_90' title='bbox 764 1482 973 1538; x_wconf 75' lang='grc' dir='ltr'><strong>πάντας</strong></span> <span class='ocrx_word' id='word_1_91' title='bbox 1002 1476 1197 1534; x_wconf 78' lang='grc' dir='ltr'><strong>ἄλλους</strong></span> <span class='ocrx_word' id='word_1_92' title='bbox 1226 1473 1349 1533; x_wconf 78' lang='grc' dir='ltr'><strong>τοὺς</strong></span> <span class='ocrx_word' id='word_1_93' title='bbox 1380 1469 1642 1522; x_wconf 79' lang='grc' dir='ltr'><strong><em>εἰσελθεῖν</em></strong></span> <span class='ocrx_word' id='word_1_94' title='bbox 1693 1464 2056 1533; x_wconf 80' lang='grc' dir='ltr'><strong><em>βουλομένους</em></strong></span> <span class='ocrx_word' id='word_1_95' title='bbox 2088 1460 2323 1514; x_wconf 83' lang='grc' dir='ltr'><strong>κωλύον-</strong></span> 
     </span>
    </p>
   </div>
   <div class='ocr_carea' id='block_1_16' title="bbox 762 1552 2328 1629">
    <p class='ocr_par' dir='ltr' id='par_1_16' title="bbox 762 1552 2328 1629">
     <span class='ocr_line' id='line_1_16' title="bbox 762 1552 2328 1629; baseline -0.013 -9"><span class='ocrx_word' id='word_1_96' title='bbox 762 1586 877 1629; x_wconf 86' lang='grc' dir='ltr'><strong>τες.</strong></span> <span class='ocrx_word' id='word_1_97' title='bbox 912 1566 976 1617; x_wconf 80' lang='grc' dir='ltr'><strong><em>Εἴ</em></strong></span> <span class='ocrx_word' id='word_1_98' title='bbox 1006 1582 1108 1616; x_wconf 85' lang='grc' dir='ltr'><strong><em>που</em></strong></span> <span class='ocrx_word' id='word_1_99' title='bbox 1142 1564 1196 1615; x_wconf 85' lang='grc' dir='ltr'><strong><em>δὲ</em></strong></span> <span class='ocrx_word' id='word_1_100' title='bbox 1222 1563 1316 1614; x_wconf 69' lang='grc' dir='ltr'><strong><em>καὶ</em></strong></span> <span class='ocrx_word' id='word_1_101' title='bbox 1345 1559 1619 1613; x_wconf 73' lang='grc' dir='ltr'><strong><em>ἀκούσωσι</em></strong></span> <span class='ocrx_word' id='word_1_102' title='bbox 1651 1556 1779 1624; x_wconf 78' lang='grc' dir='ltr'><strong>περὶ</strong></span> <span class='ocrx_word' id='word_1_103' title='bbox 1838 1553 2026 1620; x_wconf 86' lang='grc' dir='ltr'><strong>ἐτέρου</strong></span> <span class='ocrx_word' id='word_1_104' title='bbox 2060 1552 2199 1611; x_wconf 74' lang='grc' dir='ltr'><strong>τινος</strong></span> <span class='ocrx_word' id='word_1_105' title='bbox 2251 1567 2328 1600; x_wconf 82' lang='grc' dir='ltr'><strong><em>νο-</em></strong></span> 
     </span>
    </p>
   </div>
   <div class='ocr_carea' id='block_1_17' title="bbox 765 1643 2326 1730">
    <p class='ocr_par' dir='ltr' id='par_1_17' title="bbox 765 1643 2326 1730">
     <span class='ocr_line' id='line_1_17' title="bbox 765 1643 2326 1730; baseline -0.014 -18"><span class='ocrx_word' id='word_1_106' title='bbox 765 1663 944 1730; x_wconf 81' lang='grc' dir='ltr'><strong>μίμως</strong></span> <span class='ocrx_word' id='word_1_107' title='bbox 964 1655 1403 1724; x_wconf 72' lang='grc' dir='ltr'><strong><em>ἀγωνισαμένου,</em></strong></span> <span class='ocrx_word' id='word_1_108' title='bbox 1430 1648 1827 1718; x_wconf 79' lang='grc' dir='ltr'><strong>καθαρεύοντός</strong></span> <span class='ocrx_word' id='word_1_109' title='bbox 1875 1663 1931 1697; x_wconf 90' lang='grc' dir='ltr'><strong>τε</strong></span> <span class='ocrx_word' id='word_1_110' title='bbox 1959 1644 2066 1698; x_wconf 83' lang='grc' dir='ltr'><strong><em>ἀπὸ</em></strong></span> <span class='ocrx_word' id='word_1_111' title='bbox 2109 1643 2326 1695; x_wconf 82' lang='grc' dir='ltr'><strong>πάντων</strong></span> 
     </span>
    </p>
   </div>
   <div class='ocr_carea' id='block_1_18' title="bbox 762 1727 2324 1808">
    <p class='ocr_par' dir='ltr' id='par_1_18' title="bbox 762 1727 2324 1808">
     <span class='ocr_line' id='line_1_18' title="bbox 762 1727 2324 1808; baseline -0.013 -8"><span class='ocrx_word' id='word_1_112' title='bbox 762 1748 970 1808; x_wconf 65' lang='grc' dir='ltr'><strong>παθῶν,</strong></span> <span class='ocrx_word' id='word_1_113' title='bbox 1028 1745 1122 1798; x_wconf 78' lang='grc' dir='ltr'><strong>καὶ</strong></span> <span class='ocrx_word' id='word_1_114' title='bbox 1170 1745 1304 1794; x_wconf 78' lang='grc' dir='ltr'><strong>πᾶσι</strong></span> <span class='ocrx_word' id='word_1_115' title='bbox 1371 1740 1436 1791; x_wconf 79' lang='grc' dir='ltr'><strong>τὰ</strong></span> <span class='ocrx_word' id='word_1_116' title='bbox 1499 1737 1760 1807; x_wconf 75' lang='grc' dir='ltr'><strong>μεγαλεῖα</strong></span> <span class='ocrx_word' id='word_1_117' title='bbox 1816 1733 2174 1801; x_wconf 81' lang='grc' dir='ltr'><strong>κὴρύττοντος</strong></span> <span class='ocrx_word' id='word_1_118' title='bbox 2231 1727 2324 1779; x_wconf 81' lang='grc' dir='ltr'><strong>τοῦ</strong></span> 
     </span>
    </p>
   </div>
   <div class='ocr_carea' id='block_1_19' title="bbox 2427 558 3983 625">
    <p class='ocr_par' dir='ltr' id='par_1_19' title="bbox 2427 558 3983 625">
     <span class='ocr_line' id='line_1_19' title="bbox 2427 558 3983 625; baseline 0.005 -16"><span class='ocrx_word' id='word_1_119' title='bbox 2427 560 2565 611; x_wconf 81' lang='lat' dir='ltr'><strong><em>vobis</em></strong></span> <span class='ocrx_word' id='word_1_120' title='bbox 2595 560 2824 625; x_wconf 91' lang='lat' dir='ltr'><strong><em>quidem,</em></strong></span> <span class='ocrx_word' id='word_1_121' title='bbox 2857 558 3046 620; x_wconf 80' lang='lat' dir='ltr'><strong><em>Amici,</em></strong></span> <span class='ocrx_word' id='word_1_122' title='bbox 3105 574 3253 611; x_wconf 90' lang='lat' dir='ltr'><strong><em>nemo</em></strong></span> <span class='ocrx_word' id='word_1_123' title='bbox 3293 574 3530 623; x_wconf 75' lang='lat' dir='ltr'><strong><em>prorsus,</em></strong></span> <span class='ocrx_word' id='word_1_124' title='bbox 3561 571 3613 611; x_wconf 89' lang='lat' dir='ltr'><strong><em>ut</em></strong></span> <span class='ocrx_word' id='word_1_125' title='bbox 3638 576 3725 612; x_wconf 85' lang='lat' dir='ltr'><strong><em>vos</em></strong></span> <span class='ocrx_word' id='word_1_126' title='bbox 3754 561 3931 616; x_wconf 77' lang='lat' dir='ltr'><strong><em>dicitis</em></strong></span> <span class='ocrx_word' id='word_1_127' title='bbox 3964 579 3983 617; x_wconf 89' lang='lat'><strong><em>:</em></strong></span> 
     </span>
    </p>
   </div>
   <div class='ocr_carea' id='block_1_20' title="bbox 2425 646 3981 714">
    <p class='ocr_par' dir='ltr' id='par_1_20' title="bbox 2425 646 3981 714">
     <span class='ocr_line' id='line_1_20' title="bbox 2425 646 3981 714; baseline 0 -13"><span class='ocrx_word' id='word_1_128' title='bbox 2425 649 2508 701; x_wconf 75' lang='lat' dir='ltr'><strong><em>Ea:</em></strong></span> <span class='ocrx_word' id='word_1_129' title='bbox 2561 648 2666 700; x_wconf 82' lang='lat' dir='ltr'><strong><em>illis</em></strong></span> <span class='ocrx_word' id='word_1_130' title='bbox 2715 663 2833 700; x_wconf 76' lang='lat' dir='ltr'><strong><em>vero</em></strong></span> <span class='ocrx_word' id='word_1_131' title='bbox 2891 650 2979 714; x_wconf 89' lang='lat' dir='ltr'><strong><em>qui</em></strong></span> <span class='ocrx_word' id='word_1_132' title='bbox 3011 662 3217 700; x_wconf 85' lang='lat' dir='ltr'><strong><em>crucem</em></strong></span> <span class='ocrx_word' id='word_1_133' title='bbox 3254 646 3436 699; x_wconf 88' lang='lat' dir='ltr'><strong><em>tollere</em></strong></span> <span class='ocrx_word' id='word_1_134' title='bbox 3462 658 3781 711; x_wconf 83' lang='lat' dir='ltr'><strong><em>statuerunt,</em></strong></span> <span class='ocrx_word' id='word_1_135' title='bbox 3806 661 3852 702; x_wconf 84' lang='lat' dir='ltr'><strong><em>et</em></strong></span> <span class='ocrx_word' id='word_1_136' title='bbox 3894 667 3981 702; x_wconf 89' lang='lat' dir='ltr'><strong><em>ar-</em></strong></span> 
     </span>
    </p>
   </div>
   <div class='ocr_carea' id='block_1_21' title="bbox 2424 738 3982 807">
    <p class='ocr_par' dir='ltr' id='par_1_21' title="bbox 2424 738 3982 807">
     <span class='ocr_line' id='line_1_21' title="bbox 2424 738 3982 807; baseline 0.001 -17"><span class='ocrx_word' id='word_1_137' title='bbox 2424 749 2563 791; x_wconf 89' lang='lat' dir='ltr'><strong><em>ctam</em></strong></span> <span class='ocrx_word' id='word_1_138' title='bbox 2629 739 2765 791; x_wconf 70' lang='lat' dir='ltr'><strong><em>rium</em></strong></span> <span class='ocrx_word' id='word_1_139' title='bbox 2828 738 3116 802; x_wconf 86' lang='lat' dir='ltr'><strong><em>ambulare,</em></strong></span> <span class='ocrx_word' id='word_1_140' title='bbox 3154 748 3310 805; x_wconf 88' lang='lat' dir='ltr'><strong><em>atque</em></strong></span> <span class='ocrx_word' id='word_1_141' title='bbox 3356 753 3481 790; x_wconf 89' lang='lat' dir='ltr'><strong><em>suas</em></strong></span> <span class='ocrx_word' id='word_1_142' title='bbox 3516 739 3719 792; x_wconf 68' lang='lat' dir='ltr'><strong><em>animus</em></strong></span> <span class='ocrx_word' id='word_1_143' title='bbox 3767 754 3982 807; x_wconf 87' lang='lat' dir='ltr'><strong><em>propter</em></strong></span> 
     </span>
    </p>
   </div>
   <div class='ocr_carea' id='block_1_22' title="bbox 2426 827 3984 895">
    <p class='ocr_par' dir='ltr' id='par_1_22' title="bbox 2426 827 3984 895">
     <span class='ocr_line' id='line_1_22' title="bbox 2426 827 3984 895; baseline 0.002 -16"><span class='ocrx_word' id='word_1_144' title='bbox 2426 828 2583 879; x_wconf 84' lang='lat' dir='ltr'><strong><em>vitam</em></strong></span> <span class='ocrx_word' id='word_1_145' title='bbox 2619 836 2867 880; x_wconf 69' lang='lat' dir='ltr'><strong><em>aeternam</em></strong></span> <span class='ocrx_word' id='word_1_146' title='bbox 2916 829 3149 894; x_wconf 90' lang='lat' dir='ltr'><strong><em>perdere,</em></strong></span> <span class='ocrx_word' id='word_1_147' title='bbox 3171 827 3412 880; x_wconf 77' lang='lat' dir='ltr'><strong><em>viderunt</em></strong></span> <span class='ocrx_word' id='word_1_148' title='bbox 3438 828 3590 879; x_wconf 88' lang='lat' dir='ltr'><strong><em>multi</em></strong></span> <span class='ocrx_word' id='word_1_149' title='bbox 3619 831 3779 882; x_wconf 79' lang='lat' dir='ltr'><strong><em>etiam</em></strong></span> <span class='ocrx_word' id='word_1_150' title='bbox 3802 830 3984 895; x_wconf 88' lang='lat' dir='ltr'><strong><em>prius;</em></strong></span> 
     </span>
    </p>
   </div>
   <div class='ocr_carea' id='block_1_23' title="bbox 2425 916 3986 986">
    <p class='ocr_par' dir='ltr' id='par_1_23' title="bbox 2425 916 3986 986">
     <span class='ocr_line' id='line_1_23' title="bbox 2425 916 3986 986; baseline 0.003 -19"><span class='ocrx_word' id='word_1_151' title='bbox 2425 916 2696 986; x_wconf 83' lang='lat' dir='ltr'><strong><em>pluresque</em></strong></span> <span class='ocrx_word' id='word_1_152' title='bbox 2716 918 3025 977; x_wconf 87' lang='lat' dir='ltr'><strong><em>etiamnum,</em></strong></span> <span class='ocrx_word' id='word_1_153' title='bbox 3059 919 3136 968; x_wconf 92' lang='lat' dir='ltr'><strong><em>uti</em></strong></span> <span class='ocrx_word' id='word_1_154' title='bbox 3176 916 3431 979; x_wconf 89' lang='lat' dir='ltr'><strong><em>arbitror,</em></strong></span> <span class='ocrx_word' id='word_1_155' title='bbox 3472 917 3667 978; x_wconf 79' lang='lat' dir='ltr'><strong><em>uident,</em></strong></span> <span class='ocrx_word' id='word_1_156' title='bbox 3692 934 3753 970; x_wconf 92' lang='lat' dir='ltr'><strong><em>ac</em></strong></span> <span class='ocrx_word' id='word_1_157' title='bbox 3783 920 3986 971; x_wconf 77' lang='lat' dir='ltr'><strong><em>uisurus</em></strong></span> 
     </span>
    </p>
   </div>
   <div class='ocr_carea' id='block_1_24' title="bbox 2425 1006 3988 1075">
    <p class='ocr_par' dir='ltr' id='par_1_24' title="bbox 2425 1006 3988 1075">
     <span class='ocr_line' id='line_1_24' title="bbox 2425 1006 3988 1075; baseline 0.001 -17"><span class='ocrx_word' id='word_1_158' title='bbox 2425 1017 2501 1059; x_wconf 93' lang='lat' dir='ltr'><strong><em>est</em></strong></span> <span class='ocrx_word' id='word_1_159' title='bbox 2536 1009 2770 1075; x_wconf 80' lang='lat' dir='ltr'><strong><em>quisquis</em></strong></span> <span class='ocrx_word' id='word_1_160' title='bbox 2790 1007 3038 1070; x_wconf 75' lang='lat' dir='ltr'><strong><em>voluerit;</em></strong></span> <span class='ocrx_word' id='word_1_161' title='bbox 3065 1006 3273 1058; x_wconf 86' lang='lat' dir='ltr'><strong><em>tametsi</em></strong></span> <span class='ocrx_word' id='word_1_162' title='bbox 3304 1023 3388 1059; x_wconf 79' lang='lat' dir='ltr'><strong><em>vos</em></strong></span> <span class='ocrx_word' id='word_1_163' title='bbox 3429 1008 3615 1058; x_wconf 83' lang='lat' dir='ltr'><strong><em>mentis</em></strong></span> <span class='ocrx_word' id='word_1_164' title='bbox 3649 1011 3988 1072; x_wconf 77' lang='lat' dir='ltr'><strong><em>peruersitate</em></strong></span> 
     </span>
    </p>
   </div>
   <div class='ocr_carea' id='block_1_25' title="bbox 2425 1094 3989 1164">
    <p class='ocr_par' dir='ltr' id='par_1_25' title="bbox 2425 1094 3989 1164">
     <span class='ocr_line' id='line_1_25' title="bbox 2425 1094 3989 1164; baseline 0.001 -16"><span class='ocrx_word' id='word_1_165' title='bbox 2425 1098 2702 1164; x_wconf 64' lang='lat' dir='ltr'><strong><em>timorisque</em></strong></span> <span class='ocrx_word' id='word_1_166' title='bbox 2732 1097 2939 1148; x_wconf 83' lang='lat' dir='ltr'><strong><em>malitia</em></strong></span> <span class='ocrx_word' id='word_1_167' title='bbox 2966 1111 3052 1148; x_wconf 91' lang='lat' dir='ltr'><strong><em>eos</em></strong></span> <span class='ocrx_word' id='word_1_168' title='bbox 3113 1096 3283 1147; x_wconf 80' lang='lat' dir='ltr'><strong><em>videre</em></strong></span> <span class='ocrx_word' id='word_1_169' title='bbox 3321 1111 3425 1146; x_wconf 90' lang='lat' dir='ltr'><strong><em>non</em></strong></span> <span class='ocrx_word' id='word_1_170' title='bbox 3456 1094 3658 1148; x_wconf 78' lang='lat' dir='ltr'><strong><em>ualetis.</em></strong></span> <span class='ocrx_word' id='word_1_171' title='bbox 3691 1097 3843 1149; x_wconf 79' lang='lat' dir='ltr'><strong><em>Plura</em></strong></span> <span class='ocrx_word' id='word_1_172' title='bbox 3872 1096 3989 1163; x_wconf 72' lang='lat' dir='ltr'><strong><em>ejus</em></strong></span> 
     </span>
    </p>
   </div>
   <div class='ocr_carea' id='block_1_26' title="bbox 2427 1185 3988 1257">
    <p class='ocr_par' dir='ltr' id='par_1_26' title="bbox 2427 1185 3988 1257">
     <span class='ocr_line' id='line_1_26' title="bbox 2427 1185 3988 1257; baseline -0.003 -16"><span class='ocrx_word' id='word_1_173' title='bbox 2427 1188 2642 1257; x_wconf 72' lang='lat' dir='ltr'><strong><em>generis</em></strong></span> <span class='ocrx_word' id='word_1_174' title='bbox 2703 1196 2812 1239; x_wconf 79' lang='lat' dir='ltr'><strong><em>toto</em></strong></span> <span class='ocrx_word' id='word_1_175' title='bbox 2836 1186 2926 1239; x_wconf 91' lang='lat' dir='ltr'><strong><em>illo</em></strong></span> <span class='ocrx_word' id='word_1_176' title='bbox 2985 1199 3256 1249; x_wconf 85' lang='lat' dir='ltr'><strong><em>sermone,</em></strong></span> <span class='ocrx_word' id='word_1_177' title='bbox 3290 1200 3408 1253; x_wconf 75' lang='lat' dir='ltr'><strong><em>qua:</em></strong></span> <span class='ocrx_word' id='word_1_178' title='bbox 3442 1185 3555 1252; x_wconf 82' lang='lat' dir='ltr'><strong><em>ipsa</em></strong></span> <span class='ocrx_word' id='word_1_179' title='bbox 3588 1186 3705 1254; x_wconf 83' lang='lat' dir='ltr'><strong><em>ejus</em></strong></span> <span class='ocrx_word' id='word_1_180' title='bbox 3734 1201 3893 1237; x_wconf 87' lang='lat' dir='ltr'><strong><em>causa</em></strong></span> <span class='ocrx_word' id='word_1_181' title='bbox 3926 1202 3988 1237; x_wconf 79' lang='lat' dir='ltr'><strong><em>ac</em></strong></span> 
     </span>
    </p>
   </div>
   <div class='ocr_carea' id='block_1_27' title="bbox 2426 1273 3977 1343">
    <p class='ocr_par' dir='ltr' id='par_1_27' title="bbox 2426 1273 3977 1343">
     <span class='ocr_line' id='line_1_27' title="bbox 2426 1273 3977 1343; baseline -0.003 -12"><span class='ocrx_word' id='word_1_182' title='bbox 2426 1278 2633 1337; x_wconf 79' lang='lat' dir='ltr'><strong><em>Crimen</em></strong></span> <span class='ocrx_word' id='word_1_183' title='bbox 2697 1276 2835 1343; x_wconf 82' lang='lat' dir='ltr'><strong><em>apud</em></strong></span> <span class='ocrx_word' id='word_1_184' title='bbox 2902 1273 3207 1343; x_wconf 80' lang='lat' dir='ltr'><strong><em>Syncellum</em></strong></span> <span class='ocrx_word' id='word_1_185' title='bbox 3265 1275 3592 1335; x_wconf 80' lang='lat' dir='ltr'><strong><em>videantur;</em></strong></span> <span class='ocrx_word' id='word_1_186' title='bbox 3644 1290 3762 1341; x_wconf 74' lang='lat' dir='ltr'><strong><em>qua:</em></strong></span> <span class='ocrx_word' id='word_1_187' title='bbox 3798 1284 3977 1327; x_wconf 84' lang='lat' dir='ltr'><strong><em>tamen</em></strong></span> 
     </span>
    </p>
   </div>
   <div class='ocr_carea' id='block_1_28' title="bbox 2428 1363 3986 1429">
    <p class='ocr_par' dir='ltr' id='par_1_28' title="bbox 2428 1363 3986 1429">
     <span class='ocr_line' id='line_1_28' title="bbox 2428 1363 3986 1429; baseline -0.003 -9"><span class='ocrx_word' id='word_1_188' title='bbox 2428 1367 2506 1421; x_wconf 87' lang='lat' dir='ltr'><strong><em>sic</em></strong></span> <span class='ocrx_word' id='word_1_189' title='bbox 2539 1366 2607 1419; x_wconf 86' lang='lat' dir='ltr'><strong><em>ab</em></strong></span> <span class='ocrx_word' id='word_1_190' title='bbox 2637 1380 2701 1419; x_wconf 88' lang='lat' dir='ltr'><strong><em>eo</em></strong></span> <span class='ocrx_word' id='word_1_191' title='bbox 2731 1364 2897 1419; x_wconf 85' lang='lat' dir='ltr'><strong><em>diluta</em></strong></span> <span class='ocrx_word' id='word_1_192' title='bbox 2921 1375 3110 1418; x_wconf 81' lang='lat' dir='ltr'><strong><em>auctor</em></strong></span> <span class='ocrx_word' id='word_1_193' title='bbox 3141 1372 3223 1418; x_wconf 85' lang='lat' dir='ltr'><strong><em>est</em></strong></span> <span class='ocrx_word' id='word_1_194' title='bbox 3244 1363 3487 1429; x_wconf 72' lang='lat' dir='ltr'><strong><em>Sergius,</em></strong></span> <span class='ocrx_word' id='word_1_195' title='bbox 3516 1372 3573 1416; x_wconf 86' lang='lat' dir='ltr'><strong><em>ut</em></strong></span> <span class='ocrx_word' id='word_1_196' title='bbox 3607 1377 3752 1416; x_wconf 82' lang='lat' dir='ltr'><strong><em>mera</em></strong></span> <span class='ocrx_word' id='word_1_197' title='bbox 3783 1365 3986 1416; x_wconf 75' lang='lat' dir='ltr'><strong><em>culum—</em></strong></span> 
     </span>
    </p>
   </div>
   <div class='ocr_carea' id='block_1_29' title="bbox 2431 1454 3989 1525">
    <p class='ocr_par' dir='ltr' id='par_1_29' title="bbox 2431 1454 3989 1525">
     <span class='ocr_line' id='line_1_29' title="bbox 2431 1454 3989 1525; baseline -0.001 -16"><span class='ocrx_word' id='word_1_198' title='bbox 2431 1460 2518 1511; x_wconf 83' lang='lat' dir='ltr'><strong><em>nia</em></strong></span> <span class='ocrx_word' id='word_1_199' title='bbox 2557 1459 2669 1511; x_wconf 83' lang='lat' dir='ltr'><strong><em>visa</em></strong></span> <span class='ocrx_word' id='word_1_200' title='bbox 2720 1458 2829 1510; x_wconf 84' lang='lat' dir='ltr'><strong><em>sint</em></strong></span> <span class='ocrx_word' id='word_1_201' title='bbox 2881 1456 3068 1525; x_wconf 81' lang='lat' dir='ltr'><strong><em>synodi</em></strong></span> <span class='ocrx_word' id='word_1_202' title='bbox 3099 1455 3327 1524; x_wconf 84' lang='lat' dir='ltr'><strong><em>judicio.</em></strong></span> <span class='ocrx_word' id='word_1_203' title='bbox 3364 1469 3468 1507; x_wconf 86' lang='lat' dir='ltr'><strong><em>uno</em></strong></span> <span class='ocrx_word' id='word_1_204' title='bbox 3498 1454 3597 1507; x_wconf 89' lang='lat' dir='ltr'><strong><em>hoc</em></strong></span> <span class='ocrx_word' id='word_1_205' title='bbox 3631 1457 3766 1506; x_wconf 88' lang='lat' dir='ltr'><strong><em>ineo</em></strong></span> <span class='ocrx_word' id='word_1_206' title='bbox 3806 1468 3989 1521; x_wconf 88' lang='lat' dir='ltr'><strong><em>repre-</em></strong></span> 
     </span>
    </p>
   </div>
   <div class='ocr_carea' id='block_1_30' title="bbox 2430 1544 3987 1615">
    <p class='ocr_par' dir='ltr' id='par_1_30' title="bbox 2430 1544 3987 1615">
     <span class='ocr_line' id='line_1_30' title="bbox 2430 1544 3987 1615; baseline -0.004 -14"><span class='ocrx_word' id='word_1_207' title='bbox 2430 1550 2619 1612; x_wconf 86' lang='lat' dir='ltr'><strong><em>henso,</em></strong></span> <span class='ocrx_word' id='word_1_208' title='bbox 2651 1548 2791 1615; x_wconf 87' lang='lat' dir='ltr'><strong><em>quod</em></strong></span> <span class='ocrx_word' id='word_1_209' title='bbox 2824 1548 2895 1599; x_wconf 85' lang='lat' dir='ltr'><strong><em>ita</em></strong></span> <span class='ocrx_word' id='word_1_210' title='bbox 2929 1546 3126 1609; x_wconf 74' lang='lat' dir='ltr'><strong><em>Patris,</em></strong></span> <span class='ocrx_word' id='word_1_211' title='bbox 3160 1547 3348 1612; x_wconf 78' lang='lat' dir='ltr'><strong><em>sicque</em></strong></span> <span class='ocrx_word' id='word_1_212' title='bbox 3393 1544 3678 1596; x_wconf 72' lang='lat' dir='ltr'><strong><em>ambitiose</em></strong></span> <span class='ocrx_word' id='word_1_213' title='bbox 3712 1544 3842 1596; x_wconf 76' lang='lat' dir='ltr'><strong><em>culti</em></strong></span> <span class='ocrx_word' id='word_1_214' title='bbox 3874 1561 3987 1595; x_wconf 85' lang='lat' dir='ltr'><strong><em>me—</em></strong></span> 
     </span>
    </p>
   </div>
   <div class='ocr_carea' id='block_1_31' title="bbox 2428 1631 3993 1700">
    <p class='ocr_par' dir='ltr' id='par_1_31' title="bbox 2428 1631 3993 1700">
     <span class='ocr_line' id='line_1_31' title="bbox 2428 1631 3993 1700; baseline -0.006 -9"><span class='ocrx_word' id='word_1_215' title='bbox 2428 1640 2652 1692; x_wconf 84' lang='lat' dir='ltr'><strong><em>moriam</em></strong></span> <span class='ocrx_word' id='word_1_216' title='bbox 2705 1637 3023 1690; x_wconf 80' lang='lat' dir='ltr'><strong><em>celebraret.</em></strong></span> <span class='ocrx_word' id='word_1_217' title='bbox 3058 1634 3148 1687; x_wconf 88' lang='lat' dir='ltr'><strong><em>Sic</em></strong></span> <span class='ocrx_word' id='word_1_218' title='bbox 3172 1635 3316 1686; x_wconf 70' lang='lat' dir='ltr'><strong><em>enim</em></strong></span> <span class='ocrx_word' id='word_1_219' title='bbox 3349 1634 3437 1686; x_wconf 85' lang='lat' dir='ltr'><strong><em>ille</em></strong></span> <span class='ocrx_word' id='word_1_220' title='bbox 3471 1632 3536 1685; x_wconf 84' lang='lat' dir='ltr'><strong><em>ad</em></strong></span> <span class='ocrx_word' id='word_1_221' title='bbox 3556 1631 3834 1694; x_wconf 82' lang='lat' dir='ltr'><strong><em>Proceres,</em></strong></span> <span class='ocrx_word' id='word_1_222' title='bbox 3893 1632 3993 1700; x_wconf 86' lang='lat' dir='ltr'><strong><em>Sy-</em></strong></span> 
     </span>
    </p>
   </div>
   <div class='ocr_carea' id='block_1_32' title="bbox 2432 1719 3995 1793">
    <p class='ocr_par' dir='ltr' id='par_1_32' title="bbox 2432 1719 3995 1793">
     <span class='ocr_line' id='line_1_32' title="bbox 2432 1719 3995 1793; baseline -0.006 -14"><span class='ocrx_word' id='word_1_223' title='bbox 2432 1727 2743 1793; x_wconf 77' lang='lat' dir='ltr'><strong><em>meonisqne</em></strong></span> <span class='ocrx_word' id='word_1_224' title='bbox 2766 1723 3078 1792; x_wconf 83' lang='lat' dir='ltr'><strong><em>discipulos.</em></strong></span> <span class='ocrx_word' id='word_1_225' title='bbox 3129 1721 3269 1789; x_wconf 84' lang='grc' dir='ltr'><strong><em>Ἐγὼ</em></strong></span> <span class='ocrx_word' id='word_1_226' title='bbox 3324 1722 3443 1787; x_wconf 87' lang='grc' dir='ltr'><strong>μὲν,</strong></span> <span class='ocrx_word' id='word_1_227' title='bbox 3501 1719 3855 1784; x_wconf 80' lang='grc' dir='ltr'><strong>ἐνδοξότατοι,</strong></span> <span class='ocrx_word' id='word_1_228' title='bbox 3906 1723 3995 1772; x_wconf 74' lang='grc' dir='ltr'><strong><em>οὺ-</em></strong></span> 
     </span>
    </p>
   </div>
   <div class='ocr_carea' id='block_1_33' title="bbox 761 1810 3997 1901">
    <p class='ocr_par' dir='ltr' id='par_1_33' title="bbox 761 1810 3997 1901">
     <span class='ocr_line' id='line_1_33' title="bbox 761 1810 3997 1901; baseline -0.008 -12"><span class='ocrx_word' id='word_1_229' title='bbox 761 1837 919 1899; x_wconf 85' lang='grc' dir='ltr'><strong>Θεοῦ,</strong></span> <span class='ocrx_word' id='word_1_230' title='bbox 952 1837 1049 1886; x_wconf 82' lang='grc' dir='ltr'><strong>ὅσα</strong></span> <span class='ocrx_word' id='word_1_231' title='bbox 1083 1832 1326 1901; x_wconf 77' lang='grc' dir='ltr'><strong>δηλονότι</strong></span> <span class='ocrx_word' id='word_1_232' title='bbox 1355 1830 1613 1897; x_wconf 84' lang='grc' dir='ltr'><strong>ἐποίησεν</strong></span> <span class='ocrx_word' id='word_1_233' title='bbox 1643 1829 1729 1876; x_wconf 81' lang='grc' dir='ltr'><strong>ἐπ’</strong></span> <span class='ocrx_word' id='word_1_234' title='bbox 1760 1823 1904 1891; x_wconf 83' lang='grc' dir='ltr'><strong>αὐτῷ</strong></span> <span class='ocrx_word' id='word_1_235' title='bbox 1933 1824 1961 1873; x_wconf 89' lang='grc' dir='ltr'><strong><em>ό</em></strong></span> <span class='ocrx_word' id='word_1_236' title='bbox 1989 1821 2143 1882; x_wconf 77' lang='grc' dir='ltr'><strong>Θεὸς,</strong></span> <span class='ocrx_word' id='word_1_237' title='bbox 2185 1821 2325 1871; x_wconf 73' lang='grc' dir='ltr'><strong>κατὰ</strong></span> <span class='ocrx_word' id='word_1_238' title='bbox 2362 1818 2401 1875; x_wconf 81' lang='grc' dir='ltr'><strong>Β</strong></span> <span class='ocrx_word' id='word_1_239' title='bbox 2430 1817 2621 1886; x_wconf 85' lang='grc' dir='ltr'><strong>δεμίαν</strong></span> <span class='ocrx_word' id='word_1_240' title='bbox 2691 1815 2882 1867; x_wconf 74' lang='grc' dir='ltr'><strong>ἔλαϐον</strong></span> <span class='ocrx_word' id='word_1_241' title='bbox 2941 1813 3161 1868; x_wconf 84' lang='grc' dir='ltr'><strong>πώποτε</strong></span> <span class='ocrx_word' id='word_1_242' title='bbox 3212 1814 3458 1880; x_wconf 72' lang='grc' dir='ltr'><strong>πονηρὰν</strong></span> <span class='ocrx_word' id='word_1_243' title='bbox 3508 1810 3780 1878; x_wconf 80' lang='grc' dir='ltr'><strong><em>ὑπόληψιν</em></strong></span> <span class='ocrx_word' id='word_1_244' title='bbox 3856 1810 3997 1862; x_wconf 74' lang='grc' dir='ltr'><strong>κατὰ</strong></span> 
     </span>
    </p>
   </div>
   <div class='ocr_carea' id='block_1_34' title="bbox 761 1910 2329 1994">
    <p class='ocr_par' dir='ltr' id='par_1_34' title="bbox 761 1910 2329 1994">
     <span class='ocr_line' id='line_1_34' title="bbox 761 1910 2329 1994; baseline -0.013 -14"><span class='ocrx_word' id='word_1_245' title='bbox 761 1929 857 1990; x_wconf 75' lang='grc' dir='ltr'><strong>τὰς</strong></span> <span class='ocrx_word' id='word_1_246' title='bbox 894 1925 1143 1994; x_wconf 63' lang='grc' dir='ltr'><strong><em>ἀψευδεῖς</em></strong></span> <span class='ocrx_word' id='word_1_247' title='bbox 1185 1921 1507 1990; x_wconf 74' lang='grc' dir='ltr'><strong>ὑποσχέσεις</strong></span> <span class='ocrx_word' id='word_1_248' title='bbox 1545 1916 1741 1968; x_wconf 78' lang='grc' dir='ltr'><strong>αὐτοῦ’</strong></span> <span class='ocrx_word' id='word_1_249' title='bbox 1790 1915 1883 1965; x_wconf 76' lang='grc' dir='ltr'><strong>καὶ</strong></span> <span class='ocrx_word' id='word_1_250' title='bbox 1912 1914 2059 1973; x_wconf 83' lang='grc' dir='ltr'><strong>ὅπως</strong></span> <span class='ocrx_word' id='word_1_251' title='bbox 2110 1911 2209 1979; x_wconf 83' lang='grc' dir='ltr'><strong>μὲν</strong></span> <span class='ocrx_word' id='word_1_252' title='bbox 2247 1910 2329 1960; x_wconf 82' lang='grc' dir='ltr'><strong><em>λέ-</em></strong></span> 
     </span>
    </p>
   </div>
   <div class='ocr_carea' id='block_1_35' title="bbox 761 1999 2330 2085">
    <p class='ocr_par' dir='ltr' id='par_1_35' title="bbox 761 1999 2330 2085">
     <span class='ocr_line' id='line_1_35' title="bbox 761 1999 2330 2085; baseline -0.015 -14"><span class='ocrx_word' id='word_1_253' title='bbox 761 2034 948 2085; x_wconf 87' lang='grc' dir='ltr'><strong>γοντος</strong></span> <span class='ocrx_word' id='word_1_254' title='bbox 980 2016 1114 2084; x_wconf 73' lang='grc' dir='ltr'><strong>πρὸς</strong></span> <span class='ocrx_word' id='word_1_255' title='bbox 1155 2012 1422 2079; x_wconf 66' lang='grc' dir='ltr'><strong>ὠφέλειαν</strong></span> <span class='ocrx_word' id='word_1_256' title='bbox 1479 2008 1587 2060; x_wconf 90' lang='grc' dir='ltr'><strong><em>τῶν</em></strong></span> <span class='ocrx_word' id='word_1_257' title='bbox 1628 2007 1960 2065; x_wconf 79' lang='grc' dir='ltr'><strong><em>ἀκουόντων,</em></strong></span> <span class='ocrx_word' id='word_1_258' title='bbox 2015 1999 2330 2066; x_wconf 73' lang='grc' dir='ltr'><strong>κατηξιώθη</strong></span> 
     </span>
    </p>
   </div>
   <div class='ocr_carea' id='block_1_36' title="bbox 763 2090 2330 2179">
    <p class='ocr_par' dir='ltr' id='par_1_36' title="bbox 763 2090 2330 2179">
     <span class='ocr_line' id='line_1_36' title="bbox 763 2090 2330 2179; baseline -0.015 -16"><span class='ocrx_word' id='word_1_259' title='bbox 763 2111 879 2179; x_wconf 84' lang='grc' dir='ltr'><strong>φῶς</strong></span> <span class='ocrx_word' id='word_1_260' title='bbox 924 2109 1051 2161; x_wconf 71' lang='grc' dir='ltr'><strong>[δεῖν</strong></span> <span class='ocrx_word' id='word_1_261' title='bbox 1080 2104 1215 2157; x_wconf 82' lang='grc' dir='ltr'><strong>Θεοῦ</strong></span> <span class='ocrx_word' id='word_1_262' title='bbox 1253 2104 1344 2155; x_wconf 74' lang='grc' dir='ltr'><strong>καὶ</strong></span> <span class='ocrx_word' id='word_1_263' title='bbox 1366 2101 1500 2152; x_wconf 82' lang='grc' dir='ltr'><strong>Θεὸν</strong></span> <span class='ocrx_word' id='word_1_264' title='bbox 1533 2101 1590 2151; x_wconf 74' lang='grc' dir='ltr'><strong><em>ἐν</em></strong></span> <span class='ocrx_word' id='word_1_265' title='bbox 1623 2096 1763 2165; x_wconf 74' lang='grc' dir='ltr'><strong>φωτὶ</strong></span> <span class='ocrx_word' id='word_1_266' title='bbox 1820 2094 1977 2162; x_wconf 78' lang='grc' dir='ltr'><strong>δόξης</strong></span> <span class='ocrx_word' id='word_1_267' title='bbox 2008 2108 2023 2124; x_wconf 75' lang='grc' dir='ltr'><strong>ο</strong></span> <span class='ocrx_word' id='word_1_268' title='bbox 2083 2092 2229 2151; x_wconf 83' lang='grc' dir='ltr'><strong>ὅπως</strong></span> <span class='ocrx_word' id='word_1_269' title='bbox 2274 2090 2330 2141; x_wconf 84' lang='grc' dir='ltr'><strong><em>δέ</em></strong></span> 
     </span>
    </p>
   </div>
   <div class='ocr_carea' id='block_1_37' title="bbox 765 2180 2332 2267">
    <p class='ocr_par' dir='ltr' id='par_1_37' title="bbox 765 2180 2332 2267">
     <span class='ocr_line' id='line_1_37' title="bbox 765 2180 2332 2267; baseline -0.014 -15"><span class='ocrx_word' id='word_1_270' title='bbox 765 2197 1017 2267; x_wconf 79' lang='grc' dir='ltr'><strong>γνωστῶς</strong></span> <span class='ocrx_word' id='word_1_271' title='bbox 1049 2196 1196 2263; x_wconf 75' lang='grc' dir='ltr'><strong>ἔργῳ</strong></span> <span class='ocrx_word' id='word_1_272' title='bbox 1235 2196 1292 2244; x_wconf 91' lang='grc' dir='ltr'><strong><em>ἐν</em></strong></span> <span class='ocrx_word' id='word_1_273' title='bbox 1329 2190 1506 2257; x_wconf 81' lang='grc' dir='ltr'><strong>ἐαυτῷ</strong></span> <span class='ocrx_word' id='word_1_274' title='bbox 1563 2188 1661 2255; x_wconf 82' lang='grc' dir='ltr'><strong>τὴν</strong></span> <span class='ocrx_word' id='word_1_275' title='bbox 1689 2185 2051 2256; x_wconf 65' lang='grc' dir='ltr'><strong>[ἐπιφοίτησιν</strong></span> <span class='ocrx_word' id='word_1_276' title='bbox 2089 2180 2211 2232; x_wconf 86' lang='grc' dir='ltr'><strong>κατ’</strong></span> <span class='ocrx_word' id='word_1_277' title='bbox 2246 2183 2332 2231; x_wconf 81' lang='grc' dir='ltr'><strong>ἐν·</strong></span> 
     </span>
    </p>
   </div>
   <div class='ocr_carea' id='block_1_38' title="bbox 764 2270 2332 2357">
    <p class='ocr_par' dir='ltr' id='par_1_38' title="bbox 764 2270 2332 2357">
     <span class='ocr_line' id='line_1_38' title="bbox 764 2270 2332 2357; baseline -0.016 -14"><span class='ocrx_word' id='word_1_278' title='bbox 764 2290 985 2357; x_wconf 86' lang='grc' dir='ltr'><strong>έργείαν</strong></span> <span class='ocrx_word' id='word_1_279' title='bbox 1047 2286 1141 2338; x_wconf 85' lang='grc' dir='ltr'><strong>τοῦ</strong></span> <span class='ocrx_word' id='word_1_280' title='bbox 1194 2283 1347 2351; x_wconf 80' lang='grc' dir='ltr'>ἁγίου</span> <span class='ocrx_word' id='word_1_281' title='bbox 1397 2278 1734 2347; x_wconf 83' lang='grc' dir='ltr'><strong>Πνεύματος,</strong></span> <span class='ocrx_word' id='word_1_282' title='bbox 1782 2275 1876 2327; x_wconf 75' lang='grc' dir='ltr'><strong>καὶ</strong></span> <span class='ocrx_word' id='word_1_283' title='bbox 1908 2274 2039 2340; x_wconf 82' lang='grc' dir='ltr'><strong>ἆγια</strong></span> <span class='ocrx_word' id='word_1_284' title='bbox 2078 2272 2136 2324; x_wconf 91' lang='grc' dir='ltr'><strong>ἐν</strong></span> <span class='ocrx_word' id='word_1_285' title='bbox 2194 2270 2332 2335; x_wconf 64' lang='grc' dir='ltr'><strong>ἁγίῳ</strong></span> 
     </span>
    </p>
   </div>
   <div class='ocr_carea' id='block_1_39' title="bbox 766 2359 2331 2446">
    <p class='ocr_par' dir='ltr' id='par_1_39' title="bbox 766 2359 2331 2446">
     <span class='ocr_line' id='line_1_39' title="bbox 766 2359 2331 2446; baseline -0.015 -14"><span class='ocrx_word' id='word_1_286' title='bbox 766 2374 1043 2446; x_wconf 82' lang='grc' dir='ltr'><strong>Πνεύματι</strong></span> <span class='ocrx_word' id='word_1_287' title='bbox 1075 2376 1299 2443; x_wconf 88' lang='grc' dir='ltr'><strong>γέγονεν</strong></span> <span class='ocrx_word' id='word_1_288' title='bbox 1335 2388 1347 2399; x_wconf 89' lang='grc'>·</span> <span class='ocrx_word' id='word_1_289' title='bbox 1380 2369 1541 2428; x_wconf 71' lang='grc' dir='ltr'><strong>εὐθὺς</strong></span> <span class='ocrx_word' id='word_1_290' title='bbox 1568 2367 1760 2433; x_wconf 82' lang='grc' dir='ltr'><strong>ὥσπερ</strong></span> <span class='ocrx_word' id='word_1_291' title='bbox 1810 2363 1969 2423; x_wconf 89' lang='grc' dir='ltr'><strong>κύνες</strong></span> <span class='ocrx_word' id='word_1_292' title='bbox 2026 2359 2331 2419; x_wconf 78' lang='grc' dir='ltr'><strong>λυσσῶντες</strong></span> 
     </span>
    </p>
   </div>
   <div class='ocr_carea' id='block_1_40' title="bbox 742 2449 2332 2535">
    <p class='ocr_par' dir='ltr' id='par_1_40' title="bbox 742 2449 2332 2535">
     <span class='ocr_line' id='line_1_40' title="bbox 742 2449 2332 2535; baseline -0.016 -12"><span class='ocrx_word' id='word_1_293' title='bbox 742 2465 1196 2535; x_wconf 79' lang='grc' dir='ltr'><strong>,καθυλακτοῦσιν</strong></span> <span class='ocrx_word' id='word_1_294' title='bbox 1228 2460 1412 2521; x_wconf 82' lang='grc' dir='ltr'><strong>αὑτοῦ,</strong></span> <span class='ocrx_word' id='word_1_295' title='bbox 1435 2460 1525 2510; x_wconf 71' lang='grc' dir='ltr'><strong>καὶ</strong></span> <span class='ocrx_word' id='word_1_296' title='bbox 1556 2454 1883 2518; x_wconf 79' lang='grc' dir='ltr'><strong>κατεσθίειν,</strong></span> <span class='ocrx_word' id='word_1_297' title='bbox 1907 2452 1954 2503; x_wconf 87' lang='grc' dir='ltr'><strong>εί</strong></span> <span class='ocrx_word' id='word_1_298' title='bbox 1980 2450 2225 2513; x_wconf 79' lang='grc' dir='ltr'><strong>δυνατὸν,</strong></span> <span class='ocrx_word' id='word_1_299' title='bbox 2243 2449 2332 2499; x_wconf 73' lang='grc' dir='ltr'><strong>τὸν</strong></span> 
     </span>
    </p>
   </div>
   <div class='ocr_carea' id='block_1_41' title="bbox 760 2544 2331 2623">
    <p class='ocr_par' dir='ltr' id='par_1_41' title="bbox 760 2544 2331 2623">
     <span class='ocr_line' id='line_1_41' title="bbox 760 2544 2331 2623; baseline -0.015 -8"><span class='ocrx_word' id='word_1_300' title='bbox 760 2562 934 2617; x_wconf 85' lang='grc' dir='ltr'><strong>ταῦτα</strong></span> <span class='ocrx_word' id='word_1_301' title='bbox 969 2559 1199 2623; x_wconf 85' lang='grc' dir='ltr'><strong>λέγοντα</strong></span> <span class='ocrx_word' id='word_1_302' title='bbox 1245 2553 1554 2605; x_wconf 81' lang='grc' dir='ltr'><strong>σπεύδουσι·</strong></span> <span class='ocrx_word' id='word_1_303' title='bbox 1616 2546 1850 2606; x_wconf 79' lang='grc' dir='ltr'><strong>Παῦσαι,</strong></span> <span class='ocrx_word' id='word_1_304' title='bbox 1908 2544 2176 2608; x_wconf 77' lang='grc' dir='ltr'><strong>λέγοντες,</strong></span> <span class='ocrx_word' id='word_1_305' title='bbox 2230 2557 2331 2593; x_wconf 88' lang='grc' dir='ltr'><strong>πε-</strong></span> 
     </span>
    </p>
   </div>
   <div class='ocr_carea' id='block_1_42' title="bbox 762 2634 2333 2722">
    <p class='ocr_par' dir='ltr' id='par_1_42' title="bbox 762 2634 2333 2722">
     <span class='ocr_line' id='line_1_42' title="bbox 762 2634 2333 2722; baseline -0.016 -14"><span class='ocrx_word' id='word_1_306' title='bbox 762 2652 1072 2722; x_wconf 83' lang='grc' dir='ltr'><strong>πλανημένε</strong></span> <span class='ocrx_word' id='word_1_307' title='bbox 1125 2650 1217 2703; x_wconf 74' lang='grc' dir='ltr'><strong>καὶ</strong></span> <span class='ocrx_word' id='word_1_308' title='bbox 1274 2647 1593 2713; x_wconf 60' lang='grc' dir='ltr'><strong>ὑπερήφανε</strong></span> <span class='ocrx_word' id='word_1_309' title='bbox 1645 2641 1731 2692; x_wconf 85' lang='grc' dir='ltr'><strong>σύ.</strong></span> <span class='ocrx_word' id='word_1_310' title='bbox 1777 2640 1873 2700; x_wconf 80' lang='grc' dir='ltr'><strong><em>Τίς</em></strong></span> <span class='ocrx_word' id='word_1_311' title='bbox 1932 2638 2039 2703; x_wconf 80' lang='grc' dir='ltr'><strong>ἄρα</strong></span> <span class='ocrx_word' id='word_1_312' title='bbox 2097 2634 2333 2695; x_wconf 87' lang='grc' dir='ltr'><strong>τοιοῦτος</strong></span> 
     </span>
    </p>
   </div>
   <div class='ocr_carea' id='block_1_43' title="bbox 760 2726 2331 2818">
    <p class='ocr_par' dir='ltr' id='par_1_43' title="bbox 760 2726 2331 2818">
     <span class='ocr_line' id='line_1_43' title="bbox 760 2726 2331 2818; baseline -0.018 -15"><span class='ocrx_word' id='word_1_313' title='bbox 760 2750 887 2818; x_wconf 75' lang='grc' dir='ltr'><strong>ἄρτι</strong></span> <span class='ocrx_word' id='word_1_314' title='bbox 919 2747 1165 2814; x_wconf 82' lang='grc' dir='ltr'><strong>γέγονεν,</strong></span> <span class='ocrx_word' id='word_1_315' title='bbox 1200 2739 1273 2800; x_wconf 86' lang='grc' dir='ltr'><strong>ὼς</strong></span> <span class='ocrx_word' id='word_1_316' title='bbox 1309 2739 1358 2789; x_wconf 78' lang='grc' dir='ltr'><strong><em>οἱ</em></strong></span> <span class='ocrx_word' id='word_1_317' title='bbox 1384 2736 1540 2802; x_wconf 82' lang='grc' dir='ltr'><strong>ᾰγιον</strong></span> <span class='ocrx_word' id='word_1_318' title='bbox 1581 2732 1824 2800; x_wconf 86' lang='grc' dir='ltr'><strong>Πατέρες</strong></span> <span class='ocrx_word' id='word_1_319' title='bbox 1858 2732 2109 2796; x_wconf 76' lang='grc' dir='ltr'><strong>ἐγένοντο</strong></span> <span class='ocrx_word' id='word_1_320' title='bbox 2144 2747 2159 2793; x_wconf 72' lang='grc' dir='ltr'><strong><em>ς</em></strong></span> <span class='ocrx_word' id='word_1_321' title='bbox 2236 2726 2331 2789; x_wconf 84' lang='grc' dir='ltr'><strong>Τίς</strong></span> 
     </span>
    </p>
   </div>
   <div class='ocr_carea' id='block_1_44' title="bbox 761 2813 2334 2899">
    <p class='ocr_par' dir='ltr' id='par_1_44' title="bbox 761 2813 2334 2899">
     <span class='ocr_line' id='line_1_44' title="bbox 761 2813 2334 2899; baseline -0.019 -7"><span class='ocrx_word' id='word_1_322' title='bbox 761 2813 816 2891; x_wconf 72' lang='grc' dir='ltr'><strong><em>δέ</em></strong></span> <span class='ocrx_word' id='word_1_323' title='bbox 850 2813 981 2890; x_wconf 72' lang='grc' dir='ltr'><strong>θεον</strong></span> <span class='ocrx_word' id='word_1_324' title='bbox 1011 2830 1237 2899; x_wconf 77' lang='grc' dir='ltr'><strong>είδεν,ἢ</strong></span> <span class='ocrx_word' id='word_1_325' title='bbox 1290 2829 1419 2879; x_wconf 79' lang='grc' dir='ltr'><strong>ἰδεῖν</strong></span> <span class='ocrx_word' id='word_1_326' title='bbox 1470 2822 1571 2876; x_wconf 74' lang='grc' dir='ltr'><strong><em>κᾶν</em></strong></span> <span class='ocrx_word' id='word_1_327' title='bbox 1629 2819 1879 2873; x_wconf 79' lang='grc' dir='ltr'><strong><em>ὁπωσοῦν</em></strong></span> <span class='ocrx_word' id='word_1_328' title='bbox 1923 2818 2184 2878; x_wconf 83' lang='grc' dir='ltr'><strong>δύναται;</strong></span> <span class='ocrx_word' id='word_1_329' title='bbox 2237 2813 2334 2873; x_wconf 84' lang='grc' dir='ltr'><strong><em>Τίς</em></strong></span> 
     </span>
    </p>
   </div>
   <div class='ocr_carea' id='block_1_45' title="bbox 764 2903 2331 2996">
    <p class='ocr_par' dir='ltr' id='par_1_45' title="bbox 764 2903 2331 2996">
     <span class='ocr_line' id='line_1_45' title="bbox 764 2903 2331 2996; baseline -0.019 -13"><span class='ocrx_word' id='word_1_330' title='bbox 764 2928 990 2996; x_wconf 81' lang='grc' dir='ltr'><strong>Πνεῦμα</strong></span> <span class='ocrx_word' id='word_1_331' title='bbox 1032 2925 1188 2990; x_wconf 66' lang='grc' dir='ltr'><strong>ᾶίιον</strong></span> <span class='ocrx_word' id='word_1_332' title='bbox 1239 2919 1334 2972; x_wconf 74' lang='grc' dir='ltr'><strong>ἐπὶ</strong></span> <span class='ocrx_word' id='word_1_333' title='bbox 1379 2914 1636 2969; x_wconf 86' lang='grc' dir='ltr'><strong>τοσοῦτον</strong></span> <span class='ocrx_word' id='word_1_334' title='bbox 1688 2911 1899 2972; x_wconf 72' lang='grc' dir='ltr'><strong>ἐλαϐεν,</strong></span> <span class='ocrx_word' id='word_1_335' title='bbox 1950 2909 2025 2965; x_wconf 82' lang='grc' dir='ltr'><strong>ὼς</strong></span> <span class='ocrx_word' id='word_1_336' title='bbox 2054 2906 2120 2959; x_wconf 80' lang='grc' dir='ltr'><strong><em>δι’</em></strong></span> <span class='ocrx_word' id='word_1_337' title='bbox 2167 2903 2331 2957; x_wconf 82' lang='grc' dir='ltr'><strong>αὑτοῦ</strong></span> 
     </span>
    </p>
   </div>
   <div class='ocr_carea' id='block_1_46' title="bbox 762 2997 2330 3086">
    <p class='ocr_par' dir='ltr' id='par_1_46' title="bbox 762 2997 2330 3086">
     <span class='ocr_line' id='line_1_46' title="bbox 762 2997 2330 3086; baseline -0.018 -12"><span class='ocrx_word' id='word_1_338' title='bbox 762 3028 852 3073; x_wconf 80' lang='grc' dir='ltr'><strong>τὸν</strong></span> <span class='ocrx_word' id='word_1_339' title='bbox 877 3019 1094 3086; x_wconf 80' lang='grc' dir='ltr'><strong>Πατέρα</strong></span> <span class='ocrx_word' id='word_1_340' title='bbox 1125 3016 1215 3066; x_wconf 78' lang='grc' dir='ltr'><strong>καὶ</strong></span> <span class='ocrx_word' id='word_1_341' title='bbox 1250 3011 1339 3062; x_wconf 77' lang='grc' dir='ltr'><strong>τὸν</strong></span> <span class='ocrx_word' id='word_1_342' title='bbox 1374 3009 1500 3060; x_wconf 80' lang='grc' dir='ltr'><strong><em>Υἰὸν</em></strong></span> <span class='ocrx_word' id='word_1_343' title='bbox 1520 3005 1815 3072; x_wconf 78' lang='grc' dir='ltr'><strong>ἀξιωθῆναι</strong></span> <span class='ocrx_word' id='word_1_344' title='bbox 1878 3001 2038 3063; x_wconf 83' lang='grc' dir='ltr'><strong>ίδεῖν;</strong></span> <span class='ocrx_word' id='word_1_345' title='bbox 2096 2997 2330 3057; x_wconf 77' lang='grc' dir='ltr'><strong>Παῦσαι,</strong></span> 
     </span>
    </p>
   </div>
   <div class='ocr_carea' id='block_1_47' title="bbox 766 3084 2332 3182">
    <p class='ocr_par' dir='ltr' id='par_1_47' title="bbox 766 3084 2332 3182">
     <span class='ocr_line' id='line_1_47' title="bbox 766 3084 2332 3182; baseline -0.016 -19"><span class='ocrx_word' id='word_1_346' title='bbox 766 3115 838 3182; x_wconf 85' lang='grc' dir='ltr'><strong>μή</strong></span> <span class='ocrx_word' id='word_1_347' title='bbox 870 3128 927 3162; x_wconf 90' lang='grc' dir='ltr'><strong>σε</strong></span> <span class='ocrx_word' id='word_1_348' title='bbox 962 3084 1127 3168; x_wconf 82' lang='grc' dir='ltr'><strong>λίθοις</strong></span> <span class='ocrx_word' id='word_1_349' title='bbox 1155 3099 1592 3165; x_wconf 74' lang='grc' dir='ltr'><strong>καταλευσθῆναι</strong></span> <span class='ocrx_word' id='word_1_350' title='bbox 1630 3097 1969 3161; x_wconf 82' lang='grc' dir='ltr'><strong>ποιήοωμεν.</strong></span> <span class='ocrx_word' id='word_1_351' title='bbox 2034 3090 2123 3155; x_wconf 82' lang='grc' dir='ltr'><strong><em>Ἐξ</em></strong></span> <span class='ocrx_word' id='word_1_352' title='bbox 2177 3084 2332 3156; x_wconf 83' lang='grc' dir='ltr'><strong>ὑμῶν</strong></span> 
     </span>
    </p>
   </div>
   <div class='ocr_carea' id='block_1_48' title="bbox 765 3180 2334 3273">
    <p class='ocr_par' dir='ltr' id='par_1_48' title="bbox 765 3180 2334 3273">
     <span class='ocr_line' id='line_1_48' title="bbox 765 3180 2334 3273; baseline -0.01 -24"><span class='ocrx_word' id='word_1_353' title='bbox 765 3180 834 3273; x_wconf 67' lang='grc' dir='ltr'><strong>μὲ</strong></span> <span class='ocrx_word' id='word_1_354' title='bbox 858 3226 886 3267; x_wconf 75' lang='grc' dir='ltr'><strong><em>ι,</em></strong></span> <span class='ocrx_word' id='word_1_355' title='bbox 926 3194 971 3253; x_wconf 80' lang='grc' dir='ltr'><strong>ὦ</strong></span> <span class='ocrx_word' id='word_1_356' title='bbox 1003 3190 1181 3260; x_wconf 69' lang='grc' dir='ltr'><strong>οὗτος,</strong></span> <span class='ocrx_word' id='word_1_357' title='bbox 1205 3195 1278 3255; x_wconf 86' lang='grc' dir='ltr'><strong>ὼς</strong></span> <span class='ocrx_word' id='word_1_358' title='bbox 1304 3190 1456 3244; x_wconf 83' lang='grc' dir='ltr'><strong>αύτοί</strong></span> <span class='ocrx_word' id='word_1_359' title='bbox 1485 3205 1644 3257; x_wconf 83' lang='grc' dir='ltr'><strong>φατε,</strong></span> <span class='ocrx_word' id='word_1_360' title='bbox 1690 3185 1865 3246; x_wconf 73' lang='grc' dir='ltr'><strong><em>οὐδεὶς</em></strong></span> <span class='ocrx_word' id='word_1_361' title='bbox 1912 3181 2161 3250; x_wconf 65' lang='grc' dir='ltr'><strong>οὐδαμῶς</strong></span> <span class='ocrx_word' id='word_1_362' title='bbox 2188 3196 2202 3209; x_wconf 77' lang='grc'><strong><em>⁸</em></strong></span> <span class='ocrx_word' id='word_1_363' title='bbox 2268 3180 2334 3230; x_wconf 82' lang='grc' dir='ltr'><strong><em>ἐκ</em></strong></span> 
     </span>
    </p>
   </div>
   <div class='ocr_carea' id='block_1_49' title="bbox 763 3269 2333 3358">
    <p class='ocr_par' dir='ltr' id='par_1_49' title="bbox 763 3269 2333 3358">
     <span class='ocr_line' id='line_1_49' title="bbox 763 3269 2333 3358; baseline -0.019 -10"><span class='ocrx_word' id='word_1_364' title='bbox 763 3269 817 3348; x_wconf 52' lang='grc' dir='ltr'><strong><em>δὲ</em></strong></span> <span class='ocrx_word' id='word_1_365' title='bbox 852 3294 959 3345; x_wconf 82' lang='grc' dir='ltr'><strong><em>τῶν</em></strong></span> <span class='ocrx_word' id='word_1_366' title='bbox 1012 3285 1463 3358; x_wconf 74' lang='grc' dir='ltr'><strong>προαιρουμένων</strong></span> <span class='ocrx_word' id='word_1_367' title='bbox 1500 3279 1588 3332; x_wconf 67' lang='grc' dir='ltr'><strong>τὸν</strong></span> <span class='ocrx_word' id='word_1_368' title='bbox 1618 3274 1851 3345; x_wconf 78' lang='grc' dir='ltr'><strong>σταυρὸν</strong></span> <span class='ocrx_word' id='word_1_369' title='bbox 1903 3269 2031 3338; x_wconf 84' lang='grc' dir='ltr'><strong>ἆραι</strong></span> <span class='ocrx_word' id='word_1_370' title='bbox 2092 3272 2184 3321; x_wconf 80' lang='grc' dir='ltr'><strong><em>καὶ</em></strong></span> <span class='ocrx_word' id='word_1_371' title='bbox 2234 3269 2333 3338; x_wconf 69' lang='grc' dir='ltr'><strong>τὴν</strong></span> 
     </span>
    </p>
   </div>
   <div class='ocr_carea' id='block_1_50' title="bbox 765 3360 2333 3454">
    <p class='ocr_par' dir='ltr' id='par_1_50' title="bbox 765 3360 2333 3454">
     <span class='ocr_line' id='line_1_50' title="bbox 765 3360 2333 3454; baseline -0.018 -17"><span class='ocrx_word' id='word_1_372' title='bbox 765 3387 957 3454; x_wconf 77' lang='grc' dir='ltr'><strong>στενὴν</strong></span> <span class='ocrx_word' id='word_1_373' title='bbox 987 3380 1207 3432; x_wconf 74' lang='grc' dir='ltr'><strong>ὁδεῦσαι</strong></span> <span class='ocrx_word' id='word_1_374' title='bbox 1235 3375 1376 3435; x_wconf 75' lang='grc' dir='ltr'><strong>ὁδον,</strong></span> <span class='ocrx_word' id='word_1_375' title='bbox 1400 3373 1492 3424; x_wconf 75' lang='grc' dir='ltr'><strong>καὶ</strong></span> <span class='ocrx_word' id='word_1_376' title='bbox 1526 3371 1622 3428; x_wconf 65' lang='grc' dir='ltr'><strong>τὰς</strong></span> <span class='ocrx_word' id='word_1_377' title='bbox 1657 3364 1865 3419; x_wconf 74' lang='grc' dir='ltr'><strong>ἑαυτῶν</strong></span> <span class='ocrx_word' id='word_1_378' title='bbox 1884 3362 2127 3415; x_wconf 80' lang='grc' dir='ltr'><strong>ἀπολέσα</strong></span> <span class='ocrx_word' id='word_1_379' title='bbox 2153 3360 2333 3428; x_wconf 76' lang='grc' dir='ltr'><strong>ψυχὰς</strong></span> 
     </span>
    </p>
   </div>
   <div class='ocr_carea' id='block_1_51' title="bbox 767 3450 2337 3537">
    <p class='ocr_par' dir='ltr' id='par_1_51' title="bbox 767 3450 2337 3537">
     <span class='ocr_line' id='line_1_51' title="bbox 767 3450 2337 3537; baseline -0.019 -7"><span class='ocrx_word' id='word_1_380' title='bbox 767 3480 960 3530; x_wconf 69' lang='grc' dir='ltr'><strong>ἕνεκεν</strong></span> <span class='ocrx_word' id='word_1_381' title='bbox 982 3472 1081 3537; x_wconf 81' lang='grc' dir='ltr'><strong>τῆς</strong></span> <span class='ocrx_word' id='word_1_382' title='bbox 1108 3467 1326 3519; x_wconf 78' lang='grc' dir='ltr'><strong>αἰωνίου</strong></span> <span class='ocrx_word' id='word_1_383' title='bbox 1360 3464 1527 3531; x_wconf 81' lang='grc' dir='ltr'><strong>ζωῆς,</strong></span> <span class='ocrx_word' id='word_1_384' title='bbox 1560 3460 1748 3511; x_wconf 71' lang='grc' dir='ltr'><strong>πολλοὶ</strong></span> <span class='ocrx_word' id='word_1_385' title='bbox 1787 3459 1886 3525; x_wconf 77' lang='grc' dir='ltr'><strong>μὲν</strong></span> <span class='ocrx_word' id='word_1_386' title='bbox 1915 3450 2054 3505; x_wconf 85' lang='grc' dir='ltr'>εἶδον</span> <span class='ocrx_word' id='word_1_387' title='bbox 2080 3452 2175 3504; x_wconf 81' lang='grc' dir='ltr'><strong>καὶ</strong></span> <span class='ocrx_word' id='word_1_388' title='bbox 2204 3451 2337 3519; x_wconf 85' lang='grc' dir='ltr'><strong>πρό-</strong></span> 
     </span>
    </p>
   </div>
   <div class='ocr_carea' id='block_1_52' title="bbox 762 3541 2337 3632">
    <p class='ocr_par' dir='ltr' id='par_1_52' title="bbox 762 3541 2337 3632">
     <span class='ocr_line' id='line_1_52' title="bbox 762 3541 2337 3632; baseline -0.017 -15"><span class='ocrx_word' id='word_1_389' title='bbox 762 3581 917 3632; x_wconf 79' lang='grc' dir='ltr'><strong>τερον</strong></span> <span class='ocrx_word' id='word_1_390' title='bbox 943 3580 956 3592; x_wconf 90' lang='grc'><strong>·</strong></span> <span class='ocrx_word' id='word_1_391' title='bbox 978 3563 1198 3629; x_wconf 6' lang='grc' dir='ltr'><strong>,πλείους</strong></span> <span class='ocrx_word' id='word_1_392' title='bbox 1221 3558 1299 3616; x_wconf 80' lang='grc' dir='ltr'><strong><em>δὲ.</em></strong></span> <span class='ocrx_word' id='word_1_393' title='bbox 1322 3552 1502 3623; x_wconf 69' lang='grc' dir='ltr'><strong>οἶμαι,</strong></span> <span class='ocrx_word' id='word_1_394' title='bbox 1519 3552 1688 3618; x_wconf 84' lang='grc' dir='ltr'><strong>ὁρῶσι</strong></span> <span class='ocrx_word' id='word_1_395' title='bbox 1714 3549 1808 3601; x_wconf 80' lang='grc' dir='ltr'><strong>καὶ</strong></span> <span class='ocrx_word' id='word_1_396' title='bbox 1830 3547 1945 3611; x_wconf 92' lang='grc' dir='ltr'><strong>νῦν,</strong></span> <span class='ocrx_word' id='word_1_397' title='bbox 1963 3546 2059 3597; x_wconf 75' lang='grc' dir='ltr'><strong>καὶ</strong></span> <span class='ocrx_word' id='word_1_398' title='bbox 2082 3543 2189 3595; x_wconf 91' lang='grc' dir='ltr'><strong><em>τῶν</em></strong></span> <span class='ocrx_word' id='word_1_399' title='bbox 2214 3541 2337 3611; x_wconf 81' lang='grc' dir='ltr'><strong><em>βου·</em></strong></span> 
     </span>
    </p>
   </div>
   <div class='ocr_carea' id='block_1_53' title="bbox 763 3631 2336 3722">
    <p class='ocr_par' dir='ltr' id='par_1_53' title="bbox 763 3631 2336 3722">
     <span class='ocr_line' id='line_1_53' title="bbox 763 3631 2336 3722; baseline -0.016 -16"><span class='ocrx_word' id='word_1_400' title='bbox 763 3655 1004 3722; x_wconf 63' lang='grc' dir='ltr'><strong>λομένων</strong></span> <span class='ocrx_word' id='word_1_401' title='bbox 1020 3652 1250 3709; x_wconf 72' lang='grc' dir='ltr'><strong>ἕκαστος</strong></span> <span class='ocrx_word' id='word_1_402' title='bbox 1268 3646 1481 3714; x_wconf 65' lang='grc' dir='ltr'><strong>ὄψεται·</strong></span> <span class='ocrx_word' id='word_1_403' title='bbox 1507 3642 1613 3693; x_wconf 77' lang='grc' dir='ltr'><strong>πᾶν</strong></span> <span class='ocrx_word' id='word_1_404' title='bbox 1627 3640 1785 3708; x_wconf 84' lang='grc' dir='ltr'><strong>ὑμεῖς</strong></span> <span class='ocrx_word' id='word_1_405' title='bbox 1808 3637 2093 3704; x_wconf 83' lang='grc' dir='ltr'><strong>σκαιότητι</strong></span> <span class='ocrx_word' id='word_1_406' title='bbox 2110 3631 2336 3699; x_wconf 83' lang='grc' dir='ltr'><strong>γνώμης</strong></span> 
     </span>
    </p>
   </div>
   <div class='ocr_carea' id='block_1_54' title="bbox 762 3723 2334 3813">
    <p class='ocr_par' dir='ltr' id='par_1_54' title="bbox 762 3723 2334 3813">
     <span class='ocr_line' id='line_1_54' title="bbox 762 3723 2334 3813; baseline -0.015 -13"><span class='ocrx_word' id='word_1_407' title='bbox 762 3750 857 3799; x_wconf 67' lang='grc' dir='ltr'><strong>καὶ</strong></span> <span class='ocrx_word' id='word_1_408' title='bbox 893 3740 1187 3813; x_wconf 75' lang='grc' dir='ltr'><strong>βασκανίας</strong></span> <span class='ocrx_word' id='word_1_409' title='bbox 1232 3737 1524 3805; x_wconf 75' lang='grc' dir='ltr'><strong>φαυλότητι</strong></span> <span class='ocrx_word' id='word_1_410' title='bbox 1550 3730 1773 3789; x_wconf 82' lang='grc' dir='ltr'><strong>τούτους</strong></span> <span class='ocrx_word' id='word_1_411' title='bbox 1802 3728 1931 3780; x_wconf 86' lang='grc' dir='ltr'>ίδεῑν</span> <span class='ocrx_word' id='word_1_412' title='bbox 1962 3726 2064 3777; x_wconf 83' lang='grc' dir='ltr'><strong>οὐκ</strong></span> <span class='ocrx_word' id='word_1_413' title='bbox 2093 3723 2334 3791; x_wconf 85' lang='grc' dir='ltr'><strong>ίσχύετε.</strong></span> 
     </span>
    </p>
   </div>
   <div class='ocr_carea' id='block_1_55' title="bbox 767 3817 2336 3891">
    <p class='ocr_par' dir='ltr' id='par_1_55' title="bbox 767 3817 2336 3891">
     <span class='ocr_line' id='line_1_55' title="bbox 767 3817 2336 3891; baseline -0.015 -4"><span class='ocrx_word' id='word_1_414' title='bbox 767 3834 887 3887; x_wconf 80' lang='lat' dir='ltr'><strong><em>Non</em></strong></span> <span class='ocrx_word' id='word_1_415' title='bbox 911 3833 1146 3891; x_wconf 87' lang='lat' dir='ltr'><strong><em>credunt,</em></strong></span> <span class='ocrx_word' id='word_1_416' title='bbox 1193 3828 1390 3891; x_wconf 86' lang='lat' dir='ltr'><strong><em>sibique</em></strong></span> <span class='ocrx_word' id='word_1_417' title='bbox 1427 3821 1743 3888; x_wconf 78' lang='lat' dir='ltr'><strong><em>persuadent</em></strong></span> <span class='ocrx_word' id='word_1_418' title='bbox 1794 3817 1910 3883; x_wconf 82' lang='lat' dir='ltr'><strong><em>ﬁeri</em></strong></span> <span class='ocrx_word' id='word_1_419' title='bbox 1947 3830 2049 3867; x_wconf 88' lang='lat' dir='ltr'><strong><em>non</em></strong></span> <span class='ocrx_word' id='word_1_420' title='bbox 2075 3828 2245 3880; x_wconf 83' lang='lat' dir='ltr'><strong><em>posse,</em></strong></span> <span class='ocrx_word' id='word_1_421' title='bbox 2279 3819 2336 3863; x_wconf 89' lang='lat' dir='ltr'><strong><em>ut</em></strong></span> 
     </span>
    </p>
   </div>
   <div class='ocr_carea' id='block_1_56' title="bbox 761 3897 2337 3988">
    <p class='ocr_par' dir='ltr' id='par_1_56' title="bbox 761 3897 2337 3988">
     <span class='ocr_line' id='line_1_56' title="bbox 761 3897 2337 3988; baseline -0.015 -12"><span class='ocrx_word' id='word_1_422' title='bbox 761 3926 914 3976; x_wconf 75' lang='lat' dir='ltr'><strong><em>homo</em></strong></span> <span class='ocrx_word' id='word_1_423' title='bbox 936 3918 1160 3988; x_wconf 77' lang='lat' dir='ltr'><strong><em>perfecte</em></strong></span> <span class='ocrx_word' id='word_1_424' title='bbox 1182 3933 1213 3967; x_wconf 92' lang='lat' dir='ltr'><strong><em>a</em></strong></span> <span class='ocrx_word' id='word_1_425' title='bbox 1243 3911 1546 3966; x_wconf 71' lang='lat' dir='ltr'><strong><em>libidinibus</em></strong></span> <span class='ocrx_word' id='word_1_426' title='bbox 1576 3918 1729 3976; x_wconf 88' lang='lat' dir='ltr'><strong><em>atque</em></strong></span> <span class='ocrx_word' id='word_1_427' title='bbox 1758 3906 1898 3959; x_wconf 84' lang='lat' dir='ltr'><strong><em>vitiis</em></strong></span> <span class='ocrx_word' id='word_1_428' title='bbox 1942 3909 2167 3955; x_wconf 88' lang='lat' dir='ltr'><strong><em>mundus</em></strong></span> <span class='ocrx_word' id='word_1_429' title='bbox 2184 3897 2337 3965; x_wconf 86' lang='lat' dir='ltr'><strong><em>sit,et</em></strong></span> 
     </span>
    </p>
   </div>
   <div class='ocr_carea' id='block_1_57' title="bbox 763 3991 2331 4066">
    <p class='ocr_par' dir='ltr' id='par_1_57' title="bbox 763 3991 2331 4066">
     <span class='ocr_line' id='line_1_57' title="bbox 763 3991 2331 4066; baseline -0.014 0"><span class='ocrx_word' id='word_1_430' title='bbox 763 4023 820 4066; x_wconf 88' lang='lat' dir='ltr'><strong><em>ut</em></strong></span> <span class='ocrx_word' id='word_1_431' title='bbox 858 4023 1024 4063; x_wconf 89' lang='lat' dir='ltr'><strong><em>totum</em></strong></span> <span class='ocrx_word' id='word_1_432' title='bbox 1064 4003 1482 4060; x_wconf 80' lang='lat' dir='ltr'><strong><em>substantialiter</em></strong></span> <span class='ocrx_word' id='word_1_433' title='bbox 1524 4003 1577 4051; x_wconf 88' lang='lat' dir='ltr'><strong><em>in</em></strong></span> <span class='ocrx_word' id='word_1_434' title='bbox 1630 4015 1685 4050; x_wconf 85' lang='lat' dir='ltr'><strong><em>se</em></strong></span> <span class='ocrx_word' id='word_1_435' title='bbox 1711 3994 2047 4047; x_wconf 83' lang='lat' dir='ltr'><strong><em>Paracletum</em></strong></span> <span class='ocrx_word' id='word_1_436' title='bbox 2085 3991 2331 4059; x_wconf 85' lang='lat' dir='ltr'><strong><em>recipiat.</em></strong></span> 
     </span>
    </p>
   </div>
   <div class='ocr_carea' id='block_1_58' title="bbox 765 4086 2339 4157">
    <p class='ocr_par' dir='ltr' id='par_1_58' title="bbox 765 4086 2339 4157">
     <span class='ocr_line' id='line_1_58' title="bbox 765 4086 2339 4157; baseline -0.015 0"><span class='ocrx_word' id='word_1_437' title='bbox 765 4105 971 4156; x_wconf 86' lang='lat' dir='ltr'><strong><em>Idcirco</em></strong></span> <span class='ocrx_word' id='word_1_438' title='bbox 991 4104 1149 4153; x_wconf 83' lang='lat' dir='ltr'><strong><em>etiam</em></strong></span> <span class='ocrx_word' id='word_1_439' title='bbox 1189 4106 1370 4148; x_wconf 89' lang='lat' dir='ltr'><strong><em>contra</em></strong></span> <span class='ocrx_word' id='word_1_440' title='bbox 1390 4109 1540 4146; x_wconf 87' lang='lat' dir='ltr'><strong><em>suam</em></strong></span> <span class='ocrx_word' id='word_1_441' title='bbox 1572 4092 1802 4157; x_wconf 82' lang='lat' dir='ltr'><strong><em>ipsorum</em></strong></span> <span class='ocrx_word' id='word_1_442' title='bbox 1835 4086 2123 4154; x_wconf 81' lang='lat' dir='ltr'><strong><em>loquuntur</em></strong></span> <span class='ocrx_word' id='word_1_443' title='bbox 2151 4092 2339 4153; x_wconf 87' lang='lat' dir='ltr'><strong><em>agunt-</em></strong></span> 
     </span>
    </p>
   </div>
   <div class='ocr_carea' id='block_1_59' title="bbox 762 4174 2339 4264">
    <p class='ocr_par' dir='ltr' id='par_1_59' title="bbox 762 4174 2339 4264">
     <span class='ocr_line' id='line_1_59' title="bbox 762 4174 2339 4264; baseline -0.013 -17"><span class='ocrx_word' id='word_1_444' title='bbox 762 4194 1125 4264; x_wconf 87' lang='lat' dir='ltr'><strong><em>quesalutem,</em></strong></span> <span class='ocrx_word' id='word_1_445' title='bbox 1177 4189 1479 4242; x_wconf 84' lang='lat' dir='ltr'><strong><em>claudentes</em></strong></span> <span class='ocrx_word' id='word_1_446' title='bbox 1549 4197 1705 4248; x_wconf 88' lang='lat' dir='ltr'><strong><em>super</em></strong></span> <span class='ocrx_word' id='word_1_447' title='bbox 1751 4197 1803 4232; x_wconf 85' lang='lat' dir='ltr'><strong><em>se</em></strong></span> <span class='ocrx_word' id='word_1_448' title='bbox 1830 4179 1968 4243; x_wconf 86' lang='lat' dir='ltr'><strong><em>ipsos</em></strong></span> <span class='ocrx_word' id='word_1_449' title='bbox 2030 4178 2166 4245; x_wconf 80' lang='lat' dir='ltr'><strong><em>fores</em></strong></span> <span class='ocrx_word' id='word_1_450' title='bbox 2193 4174 2339 4243; x_wconf 85' lang='lat' dir='ltr'><strong><em>regni</em></strong></span> 
     </span>
    </p>
   </div>
   <div class='ocr_carea' id='block_1_60' title="bbox 762 4268 2337 4348">
    <p class='ocr_par' dir='ltr' id='par_1_60' title="bbox 762 4268 2337 4348">
     <span class='ocr_line' id='line_1_60' title="bbox 762 4268 2337 4348; baseline -0.015 -7"><span class='ocrx_word' id='word_1_451' title='bbox 762 4287 1035 4348; x_wconf 68' lang='lat' dir='ltr'><strong><em>caelorum,</em></strong></span> <span class='ocrx_word' id='word_1_452' title='bbox 1091 4290 1406 4347; x_wconf 82' lang='lat' dir='ltr'><strong><em>cunctosque</em></strong></span> <span class='ocrx_word' id='word_1_453' title='bbox 1455 4276 1704 4343; x_wconf 84' lang='lat' dir='ltr'><strong><em>reliquos,</em></strong></span> <span class='ocrx_word' id='word_1_454' title='bbox 1766 4270 1855 4338; x_wconf 91' lang='lat' dir='ltr'><strong><em>qui</em></strong></span> <span class='ocrx_word' id='word_1_455' title='bbox 1911 4269 2066 4322; x_wconf 80' lang='lat' dir='ltr'><strong><em>velint</em></strong></span> <span class='ocrx_word' id='word_1_456' title='bbox 2116 4268 2337 4329; x_wconf 85' lang='lat' dir='ltr'><strong><em>intrare,</em></strong></span> 
     </span>
    </p>
   </div>
   <div class='ocr_carea' id='block_1_61' title="bbox 762 4356 2341 4448">
    <p class='ocr_par' dir='ltr' id='par_1_61' title="bbox 762 4356 2341 4448">
     <span class='ocr_line' id='line_1_61' title="bbox 762 4356 2341 4448; baseline -0.015 -16"><span class='ocrx_word' id='word_1_457' title='bbox 762 4377 1111 4448; x_wconf 80' lang='lat' dir='ltr'><strong><em>prohibentes.</em></strong></span> <span class='ocrx_word' id='word_1_458' title='bbox 1147 4369 1241 4424; x_wconf 91' lang='lat' dir='ltr'><strong><em>Sin</em></strong></span> <span class='ocrx_word' id='word_1_459' title='bbox 1273 4380 1442 4421; x_wconf 89' lang='lat' dir='ltr'><strong><em>autem</em></strong></span> <span class='ocrx_word' id='word_1_460' title='bbox 1477 4368 1631 4419; x_wconf 88' lang='lat' dir='ltr'><strong><em>etiam</em></strong></span> <span class='ocrx_word' id='word_1_461' title='bbox 1656 4363 1720 4415; x_wconf 90' lang='lat' dir='ltr'><strong><em>de</em></strong></span> <span class='ocrx_word' id='word_1_462' title='bbox 1758 4362 1865 4414; x_wconf 88' lang='lat' dir='ltr'><strong><em>alio</em></strong></span> <span class='ocrx_word' id='word_1_463' title='bbox 1889 4359 2118 4429; x_wconf 85' lang='lat' dir='ltr'><strong><em>quodam</em></strong></span> <span class='ocrx_word' id='word_1_464' title='bbox 2156 4356 2341 4409; x_wconf 81' lang='lat' dir='ltr'><strong><em>audie-</em></strong></span> 
     </span>
    </p>
   </div>
   <div class='ocr_carea' id='block_1_62' title="bbox 2431 1901 3995 1976">
    <p class='ocr_par' dir='ltr' id='par_1_62' title="bbox 2431 1901 3995 1976">
     <span class='ocr_line' id='line_1_62' title="bbox 2431 1901 3995 1976; baseline -0.006 -16"><span class='ocrx_word' id='word_1_465' title='bbox 2431 1910 2524 1960; x_wconf 81' lang='grc' dir='ltr'><strong><em>τοῦ</em></strong></span> <span class='ocrx_word' id='word_1_466' title='bbox 2559 1906 2724 1976; x_wconf 86' lang='grc' dir='ltr'><strong>κυροῦ</strong></span> <span class='ocrx_word' id='word_1_467' title='bbox 2755 1904 2976 1973; x_wconf 89' lang='grc' dir='ltr'><strong>Συμεών</strong></span> <span class='ocrx_word' id='word_1_468' title='bbox 3013 1920 3026 1935; x_wconf 89' lang='grc'><strong>·</strong></span> <span class='ocrx_word' id='word_1_469' title='bbox 3060 1904 3195 1955; x_wconf 81' lang='grc' dir='ltr'><strong>ἀλλὰ</strong></span> <span class='ocrx_word' id='word_1_470' title='bbox 3231 1905 3325 1954; x_wconf 78' lang='grc' dir='ltr'><strong>καὶ</strong></span> <span class='ocrx_word' id='word_1_471' title='bbox 3381 1903 3647 1969; x_wconf 58' lang='grc' dir='ltr'><strong>ἀναγνοὺς</strong></span> <span class='ocrx_word' id='word_1_472' title='bbox 3715 1901 3995 1970; x_wconf 73' lang='grc' dir='ltr'><strong>καταρχὰς</strong></span> 
     </span>
    </p>
   </div>
   <div class='ocr_carea' id='block_1_63' title="bbox 2431 1990 3995 2063">
    <p class='ocr_par' dir='ltr' id='par_1_63' title="bbox 2431 1990 3995 2063">
     <span class='ocr_line' id='line_1_63' title="bbox 2431 1990 3995 2063; baseline -0.004 -16"><span class='ocrx_word' id='word_1_473' title='bbox 2431 1998 2498 2047; x_wconf 82' lang='grc' dir='ltr'><strong>τὰ</strong></span> <span class='ocrx_word' id='word_1_474' title='bbox 2522 1996 2599 2055; x_wconf 82' lang='grc' dir='ltr'><strong><em>εἰς</em></strong></span> <span class='ocrx_word' id='word_1_475' title='bbox 2633 1995 2723 2046; x_wconf 84' lang='grc' dir='ltr'><strong>τὸν</strong></span> <span class='ocrx_word' id='word_1_476' title='bbox 2761 1995 2981 2063; x_wconf 83' lang='grc' dir='ltr'><strong>Πατέρα</strong></span> <span class='ocrx_word' id='word_1_477' title='bbox 3008 1991 3197 2044; x_wconf 82' lang='grc' dir='ltr'><strong>τούτου</strong></span> <span class='ocrx_word' id='word_1_478' title='bbox 3258 1991 3351 2042; x_wconf 74' lang='grc' dir='ltr'><strong>ὑπ’</strong></span> <span class='ocrx_word' id='word_1_479' title='bbox 3391 1991 3555 2042; x_wconf 78' lang='grc' dir='ltr'><strong>αὑτοῦ</strong></span> <span class='ocrx_word' id='word_1_480' title='bbox 3613 1990 3995 2059; x_wconf 81' lang='grc' dir='ltr'><strong>γεγραμμένα,</strong></span> 
     </span>
    </p>
   </div>
   <div class='ocr_carea' id='block_1_64' title="bbox 2432 2079 3998 2154">
    <p class='ocr_par' dir='ltr' id='par_1_64' title="bbox 2432 2079 3998 2154">
     <span class='ocr_line' id='line_1_64' title="bbox 2432 2079 3998 2154; baseline -0.003 -19"><span class='ocrx_word' id='word_1_481' title='bbox 2432 2086 2605 2154; x_wconf 78' lang='grc' dir='ltr'><strong>ἥσθην</strong></span> <span class='ocrx_word' id='word_1_482' title='bbox 2640 2084 2728 2138; x_wconf 73' lang='grc' dir='ltr'><strong>ἐπ’</strong></span> <span class='ocrx_word' id='word_1_483' title='bbox 2760 2085 2964 2145; x_wconf 76' lang='grc' dir='ltr'><strong>αὐτοῖς,</strong></span> <span class='ocrx_word' id='word_1_484' title='bbox 2992 2083 3081 2134; x_wconf 66' lang='grc' dir='ltr'><strong>τὸν</strong></span> <span class='ocrx_word' id='word_1_485' title='bbox 3113 2082 3322 2133; x_wconf 89' lang='grc' dir='ltr'><strong>ἐκείνου</strong></span> <span class='ocrx_word' id='word_1_486' title='bbox 3346 2079 3459 2148; x_wconf 83' lang='grc' dir='ltr'><strong>βίον</strong></span> <span class='ocrx_word' id='word_1_487' title='bbox 3500 2079 3677 2143; x_wconf 84' lang='grc' dir='ltr'><strong>εἰδὼς,</strong></span> <span class='ocrx_word' id='word_1_488' title='bbox 3724 2081 3817 2132; x_wconf 71' lang='grc' dir='ltr'><strong>καὶ</strong></span> <span class='ocrx_word' id='word_1_489' title='bbox 3864 2079 3998 2147; x_wconf 75' lang='grc' dir='ltr'><strong><em>ψάλ-</em></strong></span> 
     </span>
    </p>
   </div>
   <div class='ocr_carea' id='block_1_65' title="bbox 2433 2168 3998 2244">
    <p class='ocr_par' dir='ltr' id='par_1_65' title="bbox 2433 2168 3998 2244">
     <span class='ocr_line' id='line_1_65' title="bbox 2433 2168 3998 2244; baseline -0.006 -17"><span class='ocrx_word' id='word_1_490' title='bbox 2433 2177 2547 2227; x_wconf 87' lang='grc' dir='ltr'><strong>λειν</strong></span> <span class='ocrx_word' id='word_1_491' title='bbox 2581 2174 2858 2244; x_wconf 71' lang='grc' dir='ltr'><strong>ἐπέτρεψα</strong></span> <span class='ocrx_word' id='word_1_492' title='bbox 2909 2174 2996 2225; x_wconf 75' lang='grc' dir='ltr'><strong>ἐπ’</strong></span> <span class='ocrx_word' id='word_1_493' title='bbox 3036 2170 3303 2239; x_wconf 80' lang='grc' dir='ltr'><strong>ἐκκλησίᾳ</strong></span> <span class='ocrx_word' id='word_1_494' title='bbox 3351 2170 3514 2229; x_wconf 77' lang='grc' dir='ltr'><strong>αὐτὰ,</strong></span> <span class='ocrx_word' id='word_1_495' title='bbox 3564 2168 3998 2238; x_wconf 76' lang='grc' dir='ltr'><strong>ὑπερεπαινέσας</strong></span> 
     </span>
    </p>
   </div>
   <div class='ocr_carea' id='block_1_66' title="bbox 2434 2257 3998 2338">
    <p class='ocr_par' dir='ltr' id='par_1_66' title="bbox 2434 2257 3998 2338">
     <span class='ocr_line' id='line_1_66' title="bbox 2434 2257 3998 2338; baseline -0.006 -18"><span class='ocrx_word' id='word_1_496' title='bbox 2434 2268 2528 2338; x_wconf 83' lang='grc' dir='ltr'><strong>τὴν</strong></span> <span class='ocrx_word' id='word_1_497' title='bbox 2559 2269 2741 2319; x_wconf 83' lang='grc' dir='ltr'><strong>πίστιν</strong></span> <span class='ocrx_word' id='word_1_498' title='bbox 2765 2265 2953 2320; x_wconf 84' lang='grc' dir='ltr'><strong>αὑτοῦ.</strong></span> <span class='ocrx_word' id='word_1_499' title='bbox 2992 2264 3134 2317; x_wconf 83' lang='grc' dir='ltr'><strong>Ἀλλ’</strong></span> <span class='ocrx_word' id='word_1_500' title='bbox 3159 2264 3260 2315; x_wconf 81' lang='grc' dir='ltr'><strong><em>οὑκ</em></strong></span> <span class='ocrx_word' id='word_1_501' title='bbox 3293 2257 3389 2314; x_wconf 77' lang='grc' dir='ltr'><strong><em>οἷδ’</em></strong></span> <span class='ocrx_word' id='word_1_502' title='bbox 3422 2261 3567 2325; x_wconf 81' lang='grc' dir='ltr'><strong>ὃθεν,</strong></span> <span class='ocrx_word' id='word_1_503' title='bbox 3596 2262 3693 2314; x_wconf 77' lang='grc' dir='ltr'><strong><em>καὶ</em></strong></span> <span class='ocrx_word' id='word_1_504' title='bbox 3724 2260 3808 2322; x_wconf 87' lang='grc' dir='ltr'><strong><em>τίς</em></strong></span> <span class='ocrx_word' id='word_1_505' title='bbox 3836 2261 3998 2327; x_wconf 81' lang='grc' dir='ltr'><strong>γέγο-</strong></span> 
     </span>
    </p>
   </div>
   <div class='ocr_carea' id='block_1_67' title="bbox 2434 2352 3996 2426">
    <p class='ocr_par' dir='ltr' id='par_1_67' title="bbox 2434 2352 3996 2426">
     <span class='ocr_line' id='line_1_67' title="bbox 2434 2352 3996 2426; baseline -0.007 -14"><span class='ocrx_word' id='word_1_506' title='bbox 2434 2377 2524 2412; x_wconf 87' lang='grc' dir='ltr'><strong>νεν</strong></span> <span class='ocrx_word' id='word_1_507' title='bbox 2556 2356 2875 2426; x_wconf 74' lang='grc' dir='ltr'><strong>ἀναμεταξὺ</strong></span> <span class='ocrx_word' id='word_1_508' title='bbox 2906 2356 3115 2408; x_wconf 77' lang='grc' dir='ltr'><strong>ἐκείνου</strong></span> <span class='ocrx_word' id='word_1_509' title='bbox 3156 2354 3250 2407; x_wconf 72' lang='grc' dir='ltr'><strong>καὶ</strong></span> <span class='ocrx_word' id='word_1_510' title='bbox 3282 2352 3376 2406; x_wconf 88' lang='grc' dir='ltr'><strong><em>τοῦ</em></strong></span> <span class='ocrx_word' id='word_1_511' title='bbox 3410 2354 3705 2420; x_wconf 81' lang='grc' dir='ltr'><strong>συγκέλλου</strong></span> <span class='ocrx_word' id='word_1_512' title='bbox 3735 2353 3996 2418; x_wconf 72' lang='grc' dir='ltr'><strong>διαφορὰ,</strong></span> 
     </span>
    </p>
   </div>
   <div class='ocr_carea' id='block_1_68' title="bbox 2434 2440 4001 2517">
    <p class='ocr_par' dir='ltr' id='par_1_68' title="bbox 2434 2440 4001 2517">
     <span class='ocr_line' id='line_1_68' title="bbox 2434 2440 4001 2517; baseline -0.007 -15"><span class='ocrx_word' id='word_1_513' title='bbox 2434 2451 2527 2502; x_wconf 71' lang='grc' dir='ltr'><strong>καὶ</strong></span> <span class='ocrx_word' id='word_1_514' title='bbox 2565 2448 2763 2517; x_wconf 84' lang='grc' dir='ltr'><strong>μυρίας</strong></span> <span class='ocrx_word' id='word_1_515' title='bbox 2789 2447 2909 2499; x_wconf 81' lang='grc' dir='ltr'><strong>κατ’</strong></span> <span class='ocrx_word' id='word_1_516' title='bbox 2943 2445 3109 2499; x_wconf 78' lang='grc' dir='ltr'><strong>αὐτοῦ</strong></span> <span class='ocrx_word' id='word_1_517' title='bbox 3158 2444 3257 2498; x_wconf 72' lang='grc' dir='ltr'><strong>καὶ</strong></span> <span class='ocrx_word' id='word_1_518' title='bbox 3305 2444 3397 2497; x_wconf 89' lang='grc' dir='ltr'><strong><em>τοῦ</em></strong></span> <span class='ocrx_word' id='word_1_519' title='bbox 3437 2444 3645 2513; x_wconf 76' lang='grc' dir='ltr'><strong>Πατρδς</strong></span> <span class='ocrx_word' id='word_1_520' title='bbox 3689 2441 3852 2495; x_wconf 83' lang='grc' dir='ltr'><strong>αὑτοῦ</strong></span> <span class='ocrx_word' id='word_1_521' title='bbox 3902 2440 4001 2501; x_wconf 81' lang='grc' dir='ltr'><strong>τὰς</strong></span> 
     </span>
    </p>
   </div>
   <div class='ocr_carea' id='block_1_69' title="bbox 2432 2532 3998 2606">
    <p class='ocr_par' dir='ltr' id='par_1_69' title="bbox 2432 2532 3998 2606">
     <span class='ocr_line' id='line_1_69' title="bbox 2432 2532 3998 2606; baseline -0.008 -15"><span class='ocrx_word' id='word_1_522' title='bbox 2432 2539 2768 2606; x_wconf 85' lang='grc' dir='ltr'><strong>κατηγορίας</strong></span> <span class='ocrx_word' id='word_1_523' title='bbox 2799 2536 3107 2605; x_wconf 74' lang='grc' dir='ltr'><strong>ἐξήγειρεν,</strong></span> <span class='ocrx_word' id='word_1_524' title='bbox 3142 2535 3295 2587; x_wconf 78' lang='grc' dir='ltr'><strong>οὐδὲν</strong></span> <span class='ocrx_word' id='word_1_525' title='bbox 3321 2535 3485 2585; x_wconf 79' lang='grc' dir='ltr'><strong>πλέον</strong></span> <span class='ocrx_word' id='word_1_526' title='bbox 3512 2532 3734 2601; x_wconf 60' lang='grc' dir='ltr'><strong>ἐχούσας</strong></span> <span class='ocrx_word' id='word_1_527' title='bbox 3768 2532 3799 2599; x_wconf 80' lang='grc' dir='ltr'><strong>ἦ</strong></span> <span class='ocrx_word' id='word_1_528' title='bbox 3834 2532 3998 2599; x_wconf 86' lang='grc' dir='ltr'><strong>μόνον</strong></span> 
     </span>
    </p>
   </div>
   <div class='ocr_carea' id='block_1_70' title="bbox 2432 2623 3999 2695">
    <p class='ocr_par' dir='ltr' id='par_1_70' title="bbox 2432 2623 3999 2695">
     <span class='ocr_line' id='line_1_70' title="bbox 2432 2623 3999 2695; baseline -0.006 -12"><span class='ocrx_word' id='word_1_529' title='bbox 2432 2629 2705 2689; x_wconf 79' lang='grc' dir='ltr'><strong><em>διαὸολὰς.</em></strong></span> <span class='ocrx_word' id='word_1_530' title='bbox 2743 2630 2805 2679; x_wconf 78' lang='grc' dir='ltr'><strong>Ἀ</strong></span> <span class='ocrx_word' id='word_1_531' title='bbox 2839 2627 2893 2679; x_wconf 88' lang='grc' dir='ltr'><strong><em>δέ</em></strong></span> <span class='ocrx_word' id='word_1_532' title='bbox 2920 2627 3155 2680; x_wconf 82' lang='grc' dir='ltr'><strong>πέπονθε</strong></span> <span class='ocrx_word' id='word_1_533' title='bbox 3194 2626 3323 2695; x_wconf 77' lang='grc' dir='ltr'><strong>παρ’</strong></span> <span class='ocrx_word' id='word_1_534' title='bbox 3391 2625 3568 2694; x_wconf 70' lang='grc' dir='ltr'><strong>ἡμῶν,</strong></span> <span class='ocrx_word' id='word_1_535' title='bbox 3605 2625 3703 2691; x_wconf 78' lang='grc' dir='ltr'><strong><em>οὐχ</em></strong></span> <span class='ocrx_word' id='word_1_536' title='bbox 3760 2623 3833 2685; x_wconf 88' lang='grc' dir='ltr'><strong><em>ώς</em></strong></span> <span class='ocrx_word' id='word_1_537' title='bbox 3894 2638 3999 2674; x_wconf 83' lang='grc' dir='ltr'><strong><em>πα-</em></strong></span> 
     </span>
    </p>
   </div>
   <div class='ocr_carea' id='block_1_71' title="bbox 2436 2706 4003 2791">
    <p class='ocr_par' dir='ltr' id='par_1_71' title="bbox 2436 2706 4003 2791">
     <span class='ocr_line' id='line_1_71' title="bbox 2436 2706 4003 2791; baseline -0.006 -18"><span class='ocrx_word' id='word_1_538' title='bbox 2436 2721 2727 2791; x_wconf 84' lang='grc' dir='ltr'><strong>ρασφαλεὶς</strong></span> <span class='ocrx_word' id='word_1_539' title='bbox 2759 2720 2815 2770; x_wconf 78' lang='grc' dir='ltr'><strong>ὲν</strong></span> <span class='ocrx_word' id='word_1_540' title='bbox 2842 2721 2951 2781; x_wconf 86' lang='grc' dir='ltr'><strong>τοῖς</strong></span> <span class='ocrx_word' id='word_1_541' title='bbox 2991 2718 3090 2788; x_wconf 84' lang='grc' dir='ltr'><strong>τῆς</strong></span> <span class='ocrx_word' id='word_1_542' title='bbox 3126 2718 3451 2784; x_wconf 84' lang='grc' dir='ltr'><strong>Ἑκκλησίας</strong></span> <span class='ocrx_word' id='word_1_543' title='bbox 3499 2716 3754 2784; x_wconf 85' lang='grc' dir='ltr'><strong>δόγμασι,</strong></span> <span class='ocrx_word' id='word_1_544' title='bbox 3800 2714 3870 2766; x_wconf 81' lang='grc' dir='ltr'><strong><em>δι’</em></strong></span> <span class='ocrx_word' id='word_1_545' title='bbox 3927 2706 4003 2767; x_wconf 79' lang='grc' dir='ltr'><strong><em>ὧν</em></strong></span> 
     </span>
    </p>
   </div>
   <div class='ocr_carea' id='block_1_72' title="bbox 2437 2804 4001 2881">
    <p class='ocr_par' dir='ltr' id='par_1_72' title="bbox 2437 2804 4001 2881">
     <span class='ocr_line' id='line_1_72' title="bbox 2437 2804 4001 2881; baseline -0.004 -18"><span class='ocrx_word' id='word_1_546' title='bbox 2437 2814 2470 2881; x_wconf 84' lang='grc' dir='ltr'>ὴ</span> <span class='ocrx_word' id='word_1_547' title='bbox 2511 2810 2644 2880; x_wconf 77' lang='grc' dir='ltr'><strong>ὀρθὴ</strong></span> <span class='ocrx_word' id='word_1_548' title='bbox 2680 2814 2773 2864; x_wconf 71' lang='grc' dir='ltr'><strong>καὶ</strong></span> <span class='ocrx_word' id='word_1_549' title='bbox 2800 2810 3100 2879; x_wconf 83' lang='grc' dir='ltr'><strong>ἀμώμητος</strong></span> <span class='ocrx_word' id='word_1_550' title='bbox 3134 2810 3316 2870; x_wconf 82' lang='grc' dir='ltr'><strong>πίστις</strong></span> <span class='ocrx_word' id='word_1_551' title='bbox 3347 2808 3661 2878; x_wconf 73' lang='grc' dir='ltr'><strong>ὠχύρωται,</strong></span> <span class='ocrx_word' id='word_1_552' title='bbox 3710 2804 4001 2868; x_wconf 72' lang='grc' dir='ltr'><strong>πέπονθεν,</strong></span> 
     </span>
    </p>
   </div>
   <div class='ocr_carea' id='block_1_73' title="bbox 2432 2894 4003 2969">
    <p class='ocr_par' dir='ltr' id='par_1_73' title="bbox 2432 2894 4003 2969">
     <span class='ocr_line' id='line_1_73' title="bbox 2432 2894 4003 2969; baseline -0.006 -15"><span class='ocrx_word' id='word_1_553' title='bbox 2432 2903 2549 2954; x_wconf 78' lang='grc' dir='ltr'><strong>ἀλλ’</strong></span> <span class='ocrx_word' id='word_1_554' title='bbox 2574 2903 2761 2969; x_wconf 83' lang='grc' dir='ltr'><strong>ἐπειδὴ</strong></span> <span class='ocrx_word' id='word_1_555' title='bbox 2791 2902 2996 2963; x_wconf 80' lang='grc' dir='ltr'><strong>ἐκεῖνος</strong></span> <span class='ocrx_word' id='word_1_556' title='bbox 3034 2900 3135 2969; x_wconf 81' lang='grc' dir='ltr'><strong><em>μέν</em></strong></span> <span class='ocrx_word' id='word_1_557' title='bbox 3172 2898 3271 2965; x_wconf 50' lang='grc' dir='ltr'><strong>,τοῦ</strong></span> <span class='ocrx_word' id='word_1_558' title='bbox 3308 2899 3440 2951; x_wconf 84' lang='grc' dir='ltr'><strong>ίδίου</strong></span> <span class='ocrx_word' id='word_1_559' title='bbox 3488 2897 3837 2966; x_wconf 72' lang='grc' dir='ltr'><strong>ἀμεταθέτως</strong></span> <span class='ocrx_word' id='word_1_560' title='bbox 3889 2894 4003 2964; x_wconf 77' lang='grc' dir='ltr'><strong>εἶχε</strong></span> 
     </span>
    </p>
   </div>
   <div class='ocr_carea' id='block_1_74' title="bbox 2436 2987 4007 3060">
    <p class='ocr_par' dir='ltr' id='par_1_74' title="bbox 2436 2987 4007 3060">
     <span class='ocr_line' id='line_1_74' title="bbox 2436 2987 4007 3060; baseline -0.005 -15"><span class='ocrx_word' id='word_1_561' title='bbox 2436 2991 2666 3056; x_wconf 87' lang='grc' dir='ltr'><strong>σκοποῦ,</strong></span> <span class='ocrx_word' id='word_1_562' title='bbox 2696 2992 2791 3045; x_wconf 71' lang='grc' dir='ltr'><strong>καὶ</strong></span> <span class='ocrx_word' id='word_1_563' title='bbox 2829 2991 3004 3060; x_wconf 89' lang='grc' dir='ltr'><strong>τιμῶν</strong></span> <span class='ocrx_word' id='word_1_564' title='bbox 3030 2990 3121 3043; x_wconf 81' lang='grc' dir='ltr'><strong><em>τὸν</em></strong></span> <span class='ocrx_word' id='word_1_565' title='bbox 3159 2990 3399 3059; x_wconf 86' lang='grc' dir='ltr'><strong>Πατέρα,</strong></span> <span class='ocrx_word' id='word_1_566' title='bbox 3446 2987 3542 3042; x_wconf 92' lang='grc' dir='ltr'><strong><em>τοῦ</em></strong></span> <span class='ocrx_word' id='word_1_567' title='bbox 3580 2987 3849 3057; x_wconf 82' lang='grc' dir='ltr'><strong>λαμπρῶς</strong></span> <span class='ocrx_word' id='word_1_568' title='bbox 3882 2988 4007 3055; x_wconf 80' lang='grc' dir='ltr'><strong>ἐορ-</strong></span> 
     </span>
    </p>
   </div>
   <div class='ocr_carea' id='block_1_75' title="bbox 2432 3076 4007 3147">
    <p class='ocr_par' dir='ltr' id='par_1_75' title="bbox 2432 3076 4007 3147">
     <span class='ocr_line' id='line_1_75' title="bbox 2432 3076 4007 3147; baseline -0.005 -12"><span class='ocrx_word' id='word_1_569' title='bbox 2432 3082 2620 3146; x_wconf 72' lang='grc' dir='ltr'><strong>τάζειν</strong></span> <span class='ocrx_word' id='word_1_570' title='bbox 2644 3081 2745 3134; x_wconf 80' lang='grc' dir='ltr'><strong>οὐκ</strong></span> <span class='ocrx_word' id='word_1_571' title='bbox 2779 3080 3016 3133; x_wconf 77' lang='grc' dir='ltr'><strong>ἐπαύετο</strong></span> <span class='ocrx_word' id='word_1_572' title='bbox 3042 3096 3057 3109; x_wconf 76' lang='grc' dir='ltr'><strong>ο</strong></span> <span class='ocrx_word' id='word_1_573' title='bbox 3090 3079 3140 3129; x_wconf 85' lang='lat' dir='ltr'><strong><em>ot</em></strong></span> <span class='ocrx_word' id='word_1_574' title='bbox 3169 3082 3466 3147; x_wconf 82' lang='grc' dir='ltr'><strong>κατήγοροι</strong></span> <span class='ocrx_word' id='word_1_575' title='bbox 3491 3077 3546 3130; x_wconf 77' lang='grc' dir='ltr'><strong><em>δέ</em></strong></span> <span class='ocrx_word' id='word_1_576' title='bbox 3575 3076 3745 3131; x_wconf 79' lang='grc' dir='ltr'><strong>αὐτοῦ</strong></span> <span class='ocrx_word' id='word_1_577' title='bbox 3775 3076 4007 3144; x_wconf 83' lang='grc' dir='ltr'><strong>ἐταράσ-</strong></span> 
     </span>
    </p>
   </div>
   <div class='ocr_carea' id='block_1_76' title="bbox 2435 3166 4003 3239">
    <p class='ocr_par' dir='ltr' id='par_1_76' title="bbox 2435 3166 4003 3239">
     <span class='ocr_line' id='line_1_76' title="bbox 2435 3166 4003 3239; baseline -0.004 -14"><span class='ocrx_word' id='word_1_578' title='bbox 2435 3190 2610 3238; x_wconf 89' lang='grc' dir='ltr'><strong>σοντο,</strong></span> <span class='ocrx_word' id='word_1_579' title='bbox 2642 3174 2736 3227; x_wconf 75' lang='grc' dir='ltr'><strong>καὶ</strong></span> <span class='ocrx_word' id='word_1_580' title='bbox 2766 3171 2835 3223; x_wconf 79' lang='grc' dir='ltr'><strong><em>δι’</em></strong></span> <span class='ocrx_word' id='word_1_581' title='bbox 2865 3171 3026 3239; x_wconf 74' lang='grc' dir='ltr'><strong>ὄχλου</strong></span> <span class='ocrx_word' id='word_1_582' title='bbox 3069 3169 3417 3237; x_wconf 80' lang='grc' dir='ltr'><strong>καθεκάστην</strong></span> <span class='ocrx_word' id='word_1_583' title='bbox 3452 3169 3584 3239; x_wconf 79' lang='grc' dir='ltr'><strong>ημῖν</strong></span> <span class='ocrx_word' id='word_1_584' title='bbox 3612 3168 3878 3234; x_wconf 71' lang='grc' dir='ltr'><strong>ἐγίνοντο.</strong></span> <span class='ocrx_word' id='word_1_585' title='bbox 3904 3166 4003 3218; x_wconf 89' lang='grc' dir='ltr'><strong><em>Διά</em></strong></span> 
     </span>
    </p>
   </div>
   <div class='ocr_carea' id='block_1_77' title="bbox 2433 3257 4008 3333">
    <p class='ocr_par' dir='ltr' id='par_1_77' title="bbox 2433 3257 4008 3333">
     <span class='ocr_line' id='line_1_77' title="bbox 2433 3257 4008 3333; baseline -0.007 -15"><span class='ocrx_word' id='word_1_586' title='bbox 2433 3265 2591 3317; x_wconf 83' lang='grc' dir='ltr'><strong>τοῦτο</strong></span> <span class='ocrx_word' id='word_1_587' title='bbox 2622 3264 2718 3333; x_wconf 83' lang='grc' dir='ltr'><strong><em>τῆς</em></strong></span> <span class='ocrx_word' id='word_1_588' title='bbox 2742 3262 2909 3331; x_wconf 83' lang='grc' dir='ltr'><strong>μονῆς</strong></span> <span class='ocrx_word' id='word_1_589' title='bbox 2931 3259 3097 3313; x_wconf 78' lang='grc' dir='ltr'><strong>αὐτοῦ</strong></span> <span class='ocrx_word' id='word_1_590' title='bbox 3124 3259 3220 3310; x_wconf 75' lang='grc' dir='ltr'><strong>καὶ</strong></span> <span class='ocrx_word' id='word_1_591' title='bbox 3248 3259 3348 3327; x_wconf 85' lang='grc' dir='ltr'><strong><em>τῆς</em></strong></span> <span class='ocrx_word' id='word_1_592' title='bbox 3388 3258 3597 3319; x_wconf 78' lang='grc' dir='ltr'><strong>πόλεως</strong></span> <span class='ocrx_word' id='word_1_593' title='bbox 3647 3257 3809 3310; x_wconf 66' lang='grc' dir='ltr'><strong>αὑτὸν</strong></span> <span class='ocrx_word' id='word_1_594' title='bbox 3864 3270 4008 3324; x_wconf 85' lang='grc' dir='ltr'><strong>παρ-</strong></span> 
     </span>
    </p>
   </div>
   <div class='ocr_carea' id='block_1_78' title="bbox 2435 3345 4011 3423">
    <p class='ocr_par' dir='ltr' id='par_1_78' title="bbox 2435 3345 4011 3423">
     <span class='ocr_line' id='line_1_78' title="bbox 2435 3345 4011 3423; baseline -0.004 -18"><span class='ocrx_word' id='word_1_595' title='bbox 2435 3357 2687 3423; x_wconf 83' lang='grc' dir='ltr'><strong>εκίνησα.</strong></span> <span class='ocrx_word' id='word_1_596' title='bbox 2709 3354 2823 3406; x_wconf 84' lang='grc' dir='ltr'><strong>Νῦν</strong></span> <span class='ocrx_word' id='word_1_597' title='bbox 2851 3352 2929 3416; x_wconf 81' lang='grc' dir='ltr'><strong><em>δὲ,</em></strong></span> <span class='ocrx_word' id='word_1_598' title='bbox 2953 3354 3001 3404; x_wconf 84' lang='grc' dir='ltr'><strong>εἱ</strong></span> <span class='ocrx_word' id='word_1_599' title='bbox 3027 3350 3301 3421; x_wconf 85' lang='grc' dir='ltr'><strong>βούλεται,</strong></span> <span class='ocrx_word' id='word_1_600' title='bbox 3331 3350 3425 3402; x_wconf 79' lang='grc' dir='ltr'><strong>καὶ</strong></span> <span class='ocrx_word' id='word_1_601' title='bbox 3453 3351 3565 3411; x_wconf 81' lang='grc' dir='ltr'><strong>τοϊς</strong></span> <span class='ocrx_word' id='word_1_602' title='bbox 3584 3350 3737 3418; x_wconf 77' lang='grc' dir='ltr'><strong>ἐμοῖς</strong></span> <span class='ocrx_word' id='word_1_603' title='bbox 3762 3346 3895 3410; x_wconf 80' lang='grc' dir='ltr'><strong>είξει</strong></span> <span class='ocrx_word' id='word_1_604' title='bbox 3924 3345 4011 3398; x_wconf 84' lang='grc' dir='ltr'><strong>λό-</strong></span> 
     </span>
    </p>
   </div>
   <div class='ocr_carea' id='block_1_79' title="bbox 2435 3434 4011 3513">
    <p class='ocr_par' dir='ltr' id='par_1_79' title="bbox 2435 3434 4011 3513">
     <span class='ocr_line' id='line_1_79' title="bbox 2435 3434 4011 3513; baseline -0.003 -18"><span class='ocrx_word' id='word_1_605' title='bbox 2435 3461 2574 3511; x_wconf 86' lang='grc' dir='ltr'><strong>γοις,</strong></span> <span class='ocrx_word' id='word_1_606' title='bbox 2593 3445 2781 3513; x_wconf 84' lang='grc' dir='ltr'><strong>κύριος</strong></span> <span class='ocrx_word' id='word_1_607' title='bbox 2800 3439 2957 3505; x_wconf 79' lang='grc' dir='ltr'><strong>αὖθις</strong></span> <span class='ocrx_word' id='word_1_608' title='bbox 2977 3434 3071 3497; x_wconf 76' lang='grc' dir='ltr'><strong>καὶ</strong></span> <span class='ocrx_word' id='word_1_609' title='bbox 3097 3445 3195 3511; x_wconf 81' lang='grc' dir='ltr'><strong>τῆς</strong></span> <span class='ocrx_word' id='word_1_610' title='bbox 3221 3442 3358 3503; x_wconf 82' lang='grc' dir='ltr'><strong>ιδίας</strong></span> <span class='ocrx_word' id='word_1_611' title='bbox 3381 3442 3545 3509; x_wconf 74' lang='grc' dir='ltr'><strong>μονῆς</strong></span> <span class='ocrx_word' id='word_1_612' title='bbox 3569 3442 3882 3509; x_wconf 76' lang='grc' dir='ltr'><strong>γενήσεται,</strong></span> <span class='ocrx_word' id='word_1_613' title='bbox 3913 3439 4011 3490; x_wconf 80' lang='grc' dir='ltr'><strong>καὶ</strong></span> 
     </span>
    </p>
   </div>
   <div class='ocr_carea' id='block_1_80' title="bbox 2436 3529 4008 3603">
    <p class='ocr_par' dir='ltr' id='par_1_80' title="bbox 2436 3529 4008 3603">
     <span class='ocr_line' id='line_1_80' title="bbox 2436 3529 4008 3603; baseline -0.002 -18"><span class='ocrx_word' id='word_1_614' title='bbox 2436 3534 2697 3602; x_wconf 74' lang='grc' dir='ltr'><strong>ἀρχιερέα</strong></span> <span class='ocrx_word' id='word_1_615' title='bbox 2720 3532 2907 3586; x_wconf 83' lang='grc' dir='ltr'><strong>τοῦτον</strong></span> <span class='ocrx_word' id='word_1_616' title='bbox 2944 3537 3003 3585; x_wconf 92' lang='grc' dir='ltr'><strong><em>ἐν</em></strong></span> <span class='ocrx_word' id='word_1_617' title='bbox 3038 3534 3139 3603; x_wconf 75' lang='grc' dir='ltr'><strong>μιᾷ</strong></span> <span class='ocrx_word' id='word_1_618' title='bbox 3185 3532 3293 3584; x_wconf 90' lang='grc' dir='ltr'><strong><em>τῶν</em></strong></span> <span class='ocrx_word' id='word_1_619' title='bbox 3331 3531 3551 3599; x_wconf 77' lang='grc' dir='ltr'><strong>ὑψηλῶν</strong></span> <span class='ocrx_word' id='word_1_620' title='bbox 3594 3529 4008 3599; x_wconf 82' lang='grc' dir='ltr'><strong>μητροπόλεων.</strong></span> 
     </span>
    </p>
   </div>
   <div class='ocr_carea' id='block_1_81' title="bbox 2440 3622 4009 3693">
    <p class='ocr_par' dir='ltr' id='par_1_81' title="bbox 2440 3622 4009 3693">
     <span class='ocr_line' id='line_1_81' title="bbox 2440 3622 4009 3693; baseline -0.001 -17"><span class='ocrx_word' id='word_1_621' title='bbox 2440 3624 2865 3693; x_wconf 81' lang='grc' dir='ltr'><strong>συνευδοκούσης</strong></span> <span class='ocrx_word' id='word_1_622' title='bbox 2884 3626 3063 3693; x_wconf 85' lang='grc' dir='ltr'><strong>πάσης</strong></span> <span class='ocrx_word' id='word_1_623' title='bbox 3077 3624 3175 3693; x_wconf 81' lang='grc' dir='ltr'><strong>τῆς</strong></span> <span class='ocrx_word' id='word_1_624' title='bbox 3201 3625 3350 3691; x_wconf 77' lang='grc' dir='ltr'><strong>ἱερᾶς</strong></span> <span class='ocrx_word' id='word_1_625' title='bbox 3371 3622 3609 3686; x_wconf 79' lang='grc' dir='ltr'><strong>συνόδου,</strong></span> <span class='ocrx_word' id='word_1_626' title='bbox 3624 3623 4009 3692; x_wconf 82' lang='grc' dir='ltr'><strong>χειροτονήσω,</strong></span> 
     </span>
    </p>
   </div>
   <div class='ocr_carea' id='block_1_82' title="bbox 2439 3713 4011 3784">
    <p class='ocr_par' dir='ltr' id='par_1_82' title="bbox 2439 3713 4011 3784">
     <span class='ocr_line' id='line_1_82' title="bbox 2439 3713 4011 3784; baseline -0.004 -14"><span class='ocrx_word' id='word_1_627' title='bbox 2439 3716 2614 3770; x_wconf 81' lang='grc' dir='ltr'><strong>καίτά</strong></span> <span class='ocrx_word' id='word_1_628' title='bbox 2657 3716 2842 3777; x_wconf 88' lang='grc' dir='ltr'><strong>κακῶς</strong></span> <span class='ocrx_word' id='word_1_629' title='bbox 2864 3714 3201 3784; x_wconf 79' lang='grc' dir='ltr'><strong>ἐκόεόηκὸτα</strong></span> <span class='ocrx_word' id='word_1_630' title='bbox 3246 3714 3587 3783; x_wconf 85' lang='grc' dir='ltr'><strong>διορθώσεως</strong></span> <span class='ocrx_word' id='word_1_631' title='bbox 3625 3713 3873 3777; x_wconf 78' lang='grc' dir='ltr'><strong>τεύξεται</strong></span> <span class='ocrx_word' id='word_1_632' title='bbox 3911 3714 4011 3781; x_wconf 80' lang='grc' dir='ltr'><strong>τῆς</strong></span> 
     </span>
    </p>
   </div>
   <div class='ocr_carea' id='block_1_83' title="bbox 2438 3805 4013 3877">
    <p class='ocr_par' dir='ltr' id='par_1_83' title="bbox 2438 3805 4013 3877">
     <span class='ocr_line' id='line_1_83' title="bbox 2438 3805 4013 3877; baseline -0.003 -17"><span class='ocrx_word' id='word_1_633' title='bbox 2438 3806 2845 3877; x_wconf 84' lang='grc' dir='ltr'><strong>προσηκούσης.</strong></span> <span class='ocrx_word' id='word_1_634' title='bbox 2885 3805 2997 3876; x_wconf 83' lang='lat' dir='ltr'><strong><em>Ego</em></strong></span> <span class='ocrx_word' id='word_1_635' title='bbox 3040 3822 3188 3871; x_wconf 90' lang='lat' dir='ltr'><strong><em>sane,</em></strong></span> <span class='ocrx_word' id='word_1_636' title='bbox 3210 3807 3307 3859; x_wconf 81' lang='lat' dir='ltr'><strong><em>viri</em></strong></span> <span class='ocrx_word' id='word_1_637' title='bbox 3338 3807 3539 3874; x_wconf 81' lang='lat' dir='ltr'><strong><em>inclyti,</em></strong></span> <span class='ocrx_word' id='word_1_638' title='bbox 3562 3805 3760 3861; x_wconf 88' lang='lat' dir='ltr'><strong><em>nullam</em></strong></span> <span class='ocrx_word' id='word_1_639' title='bbox 3785 3821 4013 3874; x_wconf 81' lang='lat' dir='ltr'><strong><em>unquam</em></strong></span> 
     </span>
    </p>
   </div>
   <div class='ocr_carea' id='block_1_84' title="bbox 2440 3896 4016 3967">
    <p class='ocr_par' dir='ltr' id='par_1_84' title="bbox 2440 3896 4016 3967">
     <span class='ocr_line' id='line_1_84' title="bbox 2440 3896 4016 3967; baseline -0.003 -15"><span class='ocrx_word' id='word_1_640' title='bbox 2440 3899 2637 3952; x_wconf 88' lang='lat' dir='ltr'><strong><em>malam</em></strong></span> <span class='ocrx_word' id='word_1_641' title='bbox 2658 3899 3008 3967; x_wconf 85' lang='lat' dir='ltr'><strong><em>suspicionem</em></strong></span> <span class='ocrx_word' id='word_1_642' title='bbox 3023 3898 3278 3951; x_wconf 80' lang='lat' dir='ltr'><strong><em>adversus</em></strong></span> <span class='ocrx_word' id='word_1_643' title='bbox 3310 3897 3559 3949; x_wconf 85' lang='lat' dir='ltr'><strong><em>domuum</em></strong></span> <span class='ocrx_word' id='word_1_644' title='bbox 3584 3896 3889 3965; x_wconf 81' lang='lat' dir='ltr'><strong><em>Symeonem</em></strong></span> <span class='ocrx_word' id='word_1_645' title='bbox 3917 3897 4016 3948; x_wconf 91' lang='lat' dir='ltr'><strong><em>ad-</em></strong></span> 
     </span>
    </p>
   </div>
   <div class='ocr_carea' id='block_1_85' title="bbox 2441 3986 4010 4057">
    <p class='ocr_par' dir='ltr' id='par_1_85' title="bbox 2441 3986 4010 4057">
     <span class='ocr_line' id='line_1_85' title="bbox 2441 3986 4010 4057; baseline -0.001 -16"><span class='ocrx_word' id='word_1_646' title='bbox 2441 3990 2597 4042; x_wconf 86' lang='lat' dir='ltr'><strong><em>misi:</em></strong></span> <span class='ocrx_word' id='word_1_647' title='bbox 2630 3991 2720 4041; x_wconf 90' lang='lat' dir='ltr'><strong><em>sed</em></strong></span> <span class='ocrx_word' id='word_1_648' title='bbox 2757 3999 2806 4042; x_wconf 91' lang='lat' dir='ltr'><strong><em>et</em></strong></span> <span class='ocrx_word' id='word_1_649' title='bbox 2834 3988 2980 4042; x_wconf 84' lang='lat' dir='ltr'><strong><em>lectis</em></strong></span> <span class='ocrx_word' id='word_1_650' title='bbox 3013 3988 3167 4041; x_wconf 89' lang='lat' dir='ltr'><strong><em>initio</em></strong></span> <span class='ocrx_word' id='word_1_651' title='bbox 3194 4004 3312 4057; x_wconf 75' lang='lat' dir='ltr'><strong><em>qutz</em></strong></span> <span class='ocrx_word' id='word_1_652' title='bbox 3337 3988 3517 4041; x_wconf 89' lang='lat' dir='ltr'><strong><em>abillo</em></strong></span> <span class='ocrx_word' id='word_1_653' title='bbox 3544 3990 3595 4041; x_wconf 90' lang='lat' dir='ltr'><strong><em>in</em></strong></span> <span class='ocrx_word' id='word_1_654' title='bbox 3627 3986 3839 4039; x_wconf 87' lang='lat' dir='ltr'><strong><em>Patrem</em></strong></span> <span class='ocrx_word' id='word_1_655' title='bbox 3859 4002 4010 4040; x_wconf 87' lang='lat' dir='ltr'><strong><em>suum</em></strong></span> 
     </span>
    </p>
   </div>
   <div class='ocr_carea' id='block_1_86' title="bbox 2440 4080 4013 4150">
    <p class='ocr_par' dir='ltr' id='par_1_86' title="bbox 2440 4080 4013 4150">
     <span class='ocr_line' id='line_1_86' title="bbox 2440 4080 4013 4150; baseline -0.002 -16"><span class='ocrx_word' id='word_1_656' title='bbox 2440 4082 2699 4146; x_wconf 84' lang='lat' dir='ltr'><strong><em>conscipta</em></strong></span> <span class='ocrx_word' id='word_1_657' title='bbox 2716 4090 2886 4143; x_wconf 86' lang='lat' dir='ltr'><strong><em>erant,</em></strong></span> <span class='ocrx_word' id='word_1_658' title='bbox 2910 4080 3015 4133; x_wconf 88' lang='lat' dir='ltr'><strong><em>illis</em></strong></span> <span class='ocrx_word' id='word_1_659' title='bbox 3049 4081 3193 4150; x_wconf 87' lang='lat' dir='ltr'><strong><em>gavis</em></strong></span> <span class='ocrx_word' id='word_1_660' title='bbox 3206 4098 3266 4134; x_wconf 89' lang='lat' dir='ltr'><strong><em>us</em></strong></span> <span class='ocrx_word' id='word_1_661' title='bbox 3284 4096 3421 4140; x_wconf 88' lang='lat' dir='ltr'><strong><em>sum,</em></strong></span> <span class='ocrx_word' id='word_1_662' title='bbox 3447 4081 3537 4146; x_wconf 86' lang='lat' dir='ltr'><strong><em>qui</em></strong></span> <span class='ocrx_word' id='word_1_663' title='bbox 3574 4080 3719 4133; x_wconf 89' lang='lat' dir='ltr'><strong><em>illius</em></strong></span> <span class='ocrx_word' id='word_1_664' title='bbox 3748 4080 3906 4131; x_wconf 79' lang='lat' dir='ltr'><strong><em>vitam</em></strong></span> <span class='ocrx_word' id='word_1_665' title='bbox 3924 4094 4013 4131; x_wconf 78' lang='lat' dir='ltr'><strong><em>ea:-</em></strong></span> 
     </span>
    </p>
   </div>
   <div class='ocr_carea' id='block_1_87' title="bbox 2438 4170 4011 4239">
    <p class='ocr_par' dir='ltr' id='par_1_87' title="bbox 2438 4170 4011 4239">
     <span class='ocr_line' id='line_1_87' title="bbox 2438 4170 4011 4239; baseline 0.001 -18"><span class='ocrx_word' id='word_1_666' title='bbox 2438 4173 2701 4237; x_wconf 85' lang='lat' dir='ltr'><strong><em>ploratum</em></strong></span> <span class='ocrx_word' id='word_1_667' title='bbox 2718 4170 2982 4233; x_wconf 78' lang='lat' dir='ltr'><strong><em>haberem,</em></strong></span> <span class='ocrx_word' id='word_1_668' title='bbox 3009 4172 3121 4239; x_wconf 84' lang='lat' dir='ltr'><strong><em>ejus</em></strong></span> <span class='ocrx_word' id='word_1_669' title='bbox 3140 4172 3299 4239; x_wconf 76' lang='lat' dir='ltr'><strong><em>ﬁdem</em></strong></span> <span class='ocrx_word' id='word_1_670' title='bbox 3331 4188 3491 4238; x_wconf 87' lang='lat' dir='ltr'><strong><em>supra</em></strong></span> <span class='ocrx_word' id='word_1_671' title='bbox 3514 4170 3726 4223; x_wconf 87' lang='lat' dir='ltr'><strong><em>modum</em></strong></span> <span class='ocrx_word' id='word_1_672' title='bbox 3760 4171 4011 4222; x_wconf 88' lang='lat' dir='ltr'><strong><em>laudans.</em></strong></span> 
     </span>
    </p>
   </div>
   <div class='ocr_carea' id='block_1_88' title="bbox 2457 4259 4015 4334">
    <p class='ocr_par' dir='ltr' id='par_1_88' title="bbox 2457 4259 4015 4334">
     <span class='ocr_line' id='line_1_88' title="bbox 2457 4259 4015 4334; baseline -0.001 -21"><span class='ocrx_word' id='word_1_673' title='bbox 2457 4259 2643 4314; x_wconf 79' lang='lat' dir='ltr'><strong><em>Verum</em></strong></span> <span class='ocrx_word' id='word_1_674' title='bbox 2662 4262 2815 4328; x_wconf 86' lang='lat' dir='ltr'><strong><em>unde,</em></strong></span> <span class='ocrx_word' id='word_1_675' title='bbox 2844 4266 3036 4325; x_wconf 87' lang='lat' dir='ltr'><strong><em>nescio,</em></strong></span> <span class='ocrx_word' id='word_1_676' title='bbox 3052 4278 3230 4331; x_wconf 73' lang='lat' dir='ltr'><strong><em>quave</em></strong></span> <span class='ocrx_word' id='word_1_677' title='bbox 3248 4263 3383 4315; x_wconf 87' lang='lat' dir='ltr'><strong><em>inter</em></strong></span> <span class='ocrx_word' id='word_1_678' title='bbox 3395 4278 3514 4315; x_wconf 88' lang='lat' dir='ltr'><strong><em>eum</em></strong></span> <span class='ocrx_word' id='word_1_679' title='bbox 3528 4260 3880 4330; x_wconf 70' lang='lat' dir='ltr'><strong><em>acsgncellum</em></strong></span> <span class='ocrx_word' id='word_1_680' title='bbox 3896 4269 4015 4334; x_wconf 81' lang='lat' dir='ltr'><strong><em>ortu</em></strong></span> 
     </span>
    </p>
   </div>
   <div class='ocr_carea' id='block_1_89' title="bbox 2443 4352 4026 4422">
    <p class='ocr_par' dir='ltr' id='par_1_89' title="bbox 2443 4352 4026 4422">
     <span class='ocr_line' id='line_1_89' title="bbox 2443 4352 4026 4422; baseline -0.002 -17"><span class='ocrx_word' id='word_1_681' title='bbox 2443 4354 3123 4422; x_wconf 87' lang='lat' dir='ltr'><strong><em>discordia,innumeraque</em></strong></span> <span class='ocrx_word' id='word_1_682' title='bbox 3144 4354 3393 4407; x_wconf 79' lang='lat' dir='ltr'><strong><em>adversus</em></strong></span> <span class='ocrx_word' id='word_1_683' title='bbox 3427 4369 3542 4405; x_wconf 85' lang='lat' dir='ltr'><strong><em>eum</em></strong></span> <span class='ocrx_word' id='word_1_684' title='bbox 3582 4352 3796 4421; x_wconf 76' lang='lat' dir='ltr'><strong><em>eiusque</em></strong></span> <span class='ocrx_word' id='word_1_685' title='bbox 3814 4360 4026 4421; x_wconf 79' lang='lat' dir='ltr'><strong><em>patrem-</em></strong></span> 
     </span>
    </p>
   </div>
   <div class='ocr_carea' id='block_1_90' title="bbox 764 4443 4017 4537">
    <p class='ocr_par' dir='ltr' id='par_1_90' title="bbox 764 4443 4017 4537">
     <span class='ocr_line' id='line_1_90' title="bbox 764 4443 4017 4537; baseline -0.008 -15"><span class='ocrx_word' id='word_1_686' title='bbox 764 4443 891 4532; x_wconf 74' lang='lat' dir='ltr'><strong><em>rint,</em></strong></span> <span class='ocrx_word' id='word_1_687' title='bbox 916 4470 1144 4537; x_wconf 86' lang='lat' dir='ltr'><strong><em>legitime</em></strong></span> <span class='ocrx_word' id='word_1_688' title='bbox 1173 4478 1290 4517; x_wconf 87' lang='lat' dir='ltr'><strong><em>eum</em></strong></span> <span class='ocrx_word' id='word_1_689' title='bbox 1315 4469 1559 4521; x_wconf 88' lang='lat' dir='ltr'><strong><em>certasse,</em></strong></span> <span class='ocrx_word' id='word_1_690' title='bbox 1592 4456 1944 4522; x_wconf 86' lang='lat' dir='ltr'><strong><em>mundumque</em></strong></span> <span class='ocrx_word' id='word_1_691' title='bbox 1974 4468 2005 4504; x_wconf 93' lang='lat' dir='ltr'><strong><em>a</em></strong></span> <span class='ocrx_word' id='word_1_692' title='bbox 2023 4449 2343 4521; x_wconf 87' lang='lat' dir='ltr'><strong><em>perturbatis</em></strong></span> <span class='ocrx_word' id='word_1_693' title='bbox 2380 4458 2419 4511; x_wconf 89' lang='grc'><strong><em>[)</em></strong></span> <span class='ocrx_word' id='word_1_694' title='bbox 2444 4444 2616 4495; x_wconf 72' lang='grc' dir='ltr'><strong>απὶια</strong></span> <span class='ocrx_word' id='word_1_695' title='bbox 2641 4445 3039 4497; x_wconf 85' lang='lat' dir='ltr'><strong><em>accusationum</em></strong></span> <span class='ocrx_word' id='word_1_696' title='bbox 3077 4443 3279 4510; x_wconf 86' lang='lat' dir='ltr'><strong><em>capita,</em></strong></span> <span class='ocrx_word' id='word_1_697' title='bbox 3315 4443 3446 4495; x_wconf 84' lang='lat' dir='ltr'><strong><em>nihil</em></strong></span> <span class='ocrx_word' id='word_1_698' title='bbox 3504 4451 3696 4510; x_wconf 64' lang='lat' dir='ltr'><strong><em>praeter</em></strong></span> <span class='ocrx_word' id='word_1_699' title='bbox 3723 4458 3894 4498; x_wconf 80' lang='lat' dir='ltr'><strong><em>meras</em></strong></span> <span class='ocrx_word' id='word_1_700' title='bbox 3917 4458 4017 4496; x_wconf 88' lang='lat' dir='ltr'><strong><em>ca-</em></strong></span> 
     </span>
    </p>
   </div>
   <div class='ocr_carea' id='block_1_91' title="bbox 764 4540 2343 4622">
    <p class='ocr_par' dir='ltr' id='par_1_91' title="bbox 764 4540 2343 4622">
     <span class='ocr_line' id='line_1_91' title="bbox 764 4540 2343 4622; baseline -0.014 -9"><span class='ocrx_word' id='word_1_701' title='bbox 764 4560 1004 4614; x_wconf 89' lang='lat' dir='ltr'><strong><em>omnibus</em></strong></span> <span class='ocrx_word' id='word_1_702' title='bbox 1054 4552 1331 4622; x_wconf 71' lang='lat' dir='ltr'><strong><em>affectibus</em></strong></span> <span class='ocrx_word' id='word_1_703' title='bbox 1386 4565 1519 4615; x_wconf 85' lang='lat' dir='ltr'><strong><em>esse,</em></strong></span> <span class='ocrx_word' id='word_1_704' title='bbox 1570 4563 1630 4599; x_wconf 91' lang='lat' dir='ltr'><strong><em>ac</em></strong></span> <span class='ocrx_word' id='word_1_705' title='bbox 1666 4542 2051 4598; x_wconf 86' lang='lat' dir='ltr'><strong><em>Deimirabilia</em></strong></span> <span class='ocrx_word' id='word_1_706' title='bbox 2102 4540 2343 4595; x_wconf 89' lang='lat' dir='ltr'><strong><em>omnibus</em></strong></span> 
     </span>
    </p>
   </div>
   <div class='ocr_carea' id='block_1_92' title="bbox 763 4630 2345 4717">
    <p class='ocr_par' dir='ltr' id='par_1_92' title="bbox 763 4630 2345 4717">
     <span class='ocr_line' id='line_1_92' title="bbox 763 4630 2345 4717; baseline -0.015 -14"><span class='ocrx_word' id='word_1_707' title='bbox 763 4651 1085 4717; x_wconf 78' lang='lat' dir='ltr'><strong><em>prcedicare;</em></strong></span> <span class='ocrx_word' id='word_1_708' title='bbox 1136 4655 1456 4714; x_wconf 76' lang='lat' dir='ltr'><strong><em>quwcunqtte</em></strong></span> <span class='ocrx_word' id='word_1_709' title='bbox 1512 4638 1762 4690; x_wconf 87' lang='lat' dir='ltr'><strong><em>nimirum</em></strong></span> <span class='ocrx_word' id='word_1_710' title='bbox 1792 4634 1929 4687; x_wconf 91' lang='lat' dir='ltr'><strong><em>Deus</em></strong></span> <span class='ocrx_word' id='word_1_711' title='bbox 1988 4633 2042 4684; x_wconf 92' lang='lat' dir='ltr'><strong><em>in</em></strong></span> <span class='ocrx_word' id='word_1_712' title='bbox 2092 4631 2183 4684; x_wconf 91' lang='lat' dir='ltr'><strong><em>illo</em></strong></span> <span class='ocrx_word' id='word_1_713' title='bbox 2223 4630 2345 4698; x_wconf 81' lang='lat' dir='ltr'><strong><em>fecit</em></strong></span> 
     </span>
    </p>
   </div>
   <div class='ocr_carea' id='block_1_93' title="bbox 758 4727 2330 4812">
    <p class='ocr_par' dir='ltr' id='par_1_93' title="bbox 758 4727 2330 4812">
     <span class='ocr_line' id='line_1_93' title="bbox 758 4727 2330 4812; baseline -0.013 -18"><span class='ocrx_word' id='word_1_714' title='bbox 758 4746 915 4812; x_wconf 75' lang='lat' dir='ltr'><strong><em>juxta</em></strong></span> <span class='ocrx_word' id='word_1_715' title='bbox 953 4741 1247 4792; x_wconf 75' lang='lat' dir='ltr'><strong><em>uerissimas</em></strong></span> <span class='ocrx_word' id='word_1_716' title='bbox 1264 4732 1634 4801; x_wconf 85' lang='lat' dir='ltr'><strong><em>promissiones</em></strong></span> <span class='ocrx_word' id='word_1_717' title='bbox 1663 4742 1827 4787; x_wconf 88' lang='lat' dir='ltr'><strong><em>suas;</em></strong></span> <span class='ocrx_word' id='word_1_718' title='bbox 1863 4727 2240 4792; x_wconf 80' lang='lat' dir='ltr'><strong><em>dicentemque,</em></strong></span> <span class='ocrx_word' id='word_1_719' title='bbox 2276 4732 2330 4773; x_wconf 89' lang='lat' dir='ltr'><strong><em>ut</em></strong></span> 
     </span>
    </p>
   </div>
   <div class='ocr_carea' id='block_1_94' title="bbox 765 4822 2343 4885">
    <p class='ocr_par' dir='ltr' id='par_1_94' title="bbox 765 4822 2343 4885">
     <span class='ocr_line' id='line_1_94' title="bbox 765 4822 2343 4885; baseline -0.014 0"><span class='ocrx_word' id='word_1_720' title='bbox 765 4825 1085 4885; x_wconf 71' lang='lat' dir='ltr'><strong><em>audisorum&#39;</em></strong></span> <span class='ocrx_word' id='word_1_721' title='bbox 1107 4828 1265 4881; x_wconf 83' lang='lat' dir='ltr'><strong><em>saluti</em></strong></span> <span class='ocrx_word' id='word_1_722' title='bbox 1299 4822 1559 4883; x_wconf 87' lang='lat' dir='ltr'><strong><em>consulat,</em></strong></span> <span class='ocrx_word' id='word_1_723' title='bbox 1594 4822 1689 4872; x_wconf 85' lang='lat' dir='ltr'><strong><em>hoc</em></strong></span> <span class='ocrx_word' id='word_1_724' title='bbox 1715 4836 1769 4872; x_wconf 91' lang='lat' dir='ltr'><strong><em>se</em></strong></span> <span class='ocrx_word' id='word_1_725' title='bbox 1799 4826 2126 4871; x_wconf 85' lang='lat' dir='ltr'><strong><em>consecutum</em></strong></span> <span class='ocrx_word' id='word_1_726' title='bbox 2159 4829 2267 4867; x_wconf 83' lang='lat' dir='ltr'><strong><em>esse</em></strong></span> <span class='ocrx_word' id='word_1_727' title='bbox 2285 4822 2343 4865; x_wconf 88' lang='lat' dir='ltr'><strong><em>ut</em></strong></span> 
     </span>
    </p>
   </div>
   <div class='ocr_carea' id='block_1_95' title="bbox 767 4910 2341 4982">
    <p class='ocr_par' dir='ltr' id='par_1_95' title="bbox 767 4910 2341 4982">
     <span class='ocr_line' id='line_1_95' title="bbox 767 4910 2341 4982; baseline -0.014 -5"><span class='ocrx_word' id='word_1_728' title='bbox 767 4926 865 4977; x_wconf 88' lang='lat' dir='ltr'><strong><em>Dei</em></strong></span> <span class='ocrx_word' id='word_1_729' title='bbox 902 4923 1079 4977; x_wconf 87' lang='lat' dir='ltr'><strong><em>lumen</em></strong></span> <span class='ocrx_word' id='word_1_730' title='bbox 1126 4920 1344 4980; x_wconf 81' lang='lat' dir='ltr'><strong><em>videret,</em></strong></span> <span class='ocrx_word' id='word_1_731' title='bbox 1380 4916 1649 4982; x_wconf 85' lang='lat' dir='ltr'><strong><em>Deumque</em></strong></span> <span class='ocrx_word' id='word_1_732' title='bbox 1702 4914 1756 4965; x_wconf 89' lang='lat' dir='ltr'><strong><em>in</em></strong></span> <span class='ocrx_word' id='word_1_733' title='bbox 1807 4910 2069 4964; x_wconf 87' lang='lat' dir='ltr'><strong><em>claritatis</em></strong></span> <span class='ocrx_word' id='word_1_734' title='bbox 2104 4923 2197 4960; x_wconf 85' lang='lat' dir='ltr'><strong><em>seu</em></strong></span> <span class='ocrx_word' id='word_1_735' title='bbox 2225 4920 2341 4956; x_wconf 88' lang='lat' dir='ltr'><strong><em>ma-</em></strong></span> 
     </span>
    </p>
   </div>
   <div class='ocr_carea' id='block_1_96' title="bbox 755 4995 2341 5085">
    <p class='ocr_par' dir='ltr' id='par_1_96' title="bbox 755 4995 2341 5085">
     <span class='ocr_line' id='line_1_96' title="bbox 755 4995 2341 5085; baseline -0.014 -14"><span class='ocrx_word' id='word_1_736' title='bbox 755 5017 965 5085; x_wconf 74' lang='lat' dir='ltr'><strong><em>]estatis</em></strong></span> <span class='ocrx_word' id='word_1_737' title='bbox 1012 5012 1233 5073; x_wconf 85' lang='lat' dir='ltr'><strong><em>lumine,</em></strong></span> <span class='ocrx_word' id='word_1_738' title='bbox 1276 5019 1430 5077; x_wconf 84' lang='lat' dir='ltr'><strong><em>utque</em></strong></span> <span class='ocrx_word' id='word_1_739' title='bbox 1453 5007 1583 5060; x_wconf 89' lang='lat' dir='ltr'><strong><em>adeo</em></strong></span> <span class='ocrx_word' id='word_1_740' title='bbox 1636 5006 1900 5073; x_wconf 84' lang='lat' dir='ltr'><strong><em>sapienter</em></strong></span> <span class='ocrx_word' id='word_1_741' title='bbox 1944 5008 2067 5053; x_wconf 90' lang='lat' dir='ltr'><strong><em>actu</em></strong></span> <span class='ocrx_word' id='word_1_742' title='bbox 2109 4995 2341 5064; x_wconf 81' lang='lat' dir='ltr'><strong><em>Spiritus</em></strong></span> 
     </span>
    </p>
   </div>
   <div class='ocr_carea' id='block_1_97' title="bbox 762 5092 2344 5163">
    <p class='ocr_par' dir='ltr' id='par_1_97' title="bbox 762 5092 2344 5163">
     <span class='ocr_line' id='line_1_97' title="bbox 762 5092 2344 5163; baseline -0.016 -1"><span class='ocrx_word' id='word_1_743' title='bbox 762 5109 929 5162; x_wconf 85' lang='lat' dir='ltr'><strong><em>sancti</em></strong></span> <span class='ocrx_word' id='word_1_744' title='bbox 956 5108 1083 5159; x_wconf 89' lang='lat' dir='ltr'><strong><em>inse</em></strong></span> <span class='ocrx_word' id='word_1_745' title='bbox 1110 5104 1387 5154; x_wconf 79' lang='lat' dir='ltr'><strong><em>adventum</em></strong></span> <span class='ocrx_word' id='word_1_746' title='bbox 1416 5097 1698 5150; x_wconf 86' lang='lat' dir='ltr'><strong><em>secundum</em></strong></span> <span class='ocrx_word' id='word_1_747' title='bbox 1725 5092 2099 5163; x_wconf 79' lang='lat' dir='ltr'><strong><em>operationem,</em></strong></span> <span class='ocrx_word' id='word_1_748' title='bbox 2129 5096 2344 5140; x_wconf 86' lang='lat' dir='ltr'><strong><em>sancta-</em></strong></span> 
     </span>
    </p>
   </div>
   <div class='ocr_carea' id='block_1_98' title="bbox 761 5178 2339 5265">
    <p class='ocr_par' dir='ltr' id='par_1_98' title="bbox 761 5178 2339 5265">
     <span class='ocr_line' id='line_1_98' title="bbox 761 5178 2339 5265; baseline -0.016 -11"><span class='ocrx_word' id='word_1_749' title='bbox 761 5216 859 5265; x_wconf 85' lang='lat' dir='ltr'><strong><em>que</em></strong></span> <span class='ocrx_word' id='word_1_750' title='bbox 879 5200 932 5251; x_wconf 87' lang='lat' dir='ltr'><strong><em>in</em></strong></span> <span class='ocrx_word' id='word_1_751' title='bbox 958 5204 1137 5250; x_wconf 91' lang='lat' dir='ltr'><strong><em>sancto</em></strong></span> <span class='ocrx_word' id='word_1_752' title='bbox 1178 5191 1383 5259; x_wconf 86' lang='lat' dir='ltr'><strong><em>Spiritu</em></strong></span> <span class='ocrx_word' id='word_1_753' title='bbox 1416 5189 1561 5257; x_wconf 77' lang='lat' dir='ltr'><strong><em>[actu</em></strong></span> <span class='ocrx_word' id='word_1_754' title='bbox 1606 5186 1961 5251; x_wconf 86' lang='lat' dir='ltr'><strong><em>conspiceret;</em></strong></span> <span class='ocrx_word' id='word_1_755' title='bbox 1987 5181 2162 5234; x_wconf 89' lang='lat' dir='ltr'><strong><em>statim</em></strong></span> <span class='ocrx_word' id='word_1_756' title='bbox 2204 5178 2339 5231; x_wconf 83' lang='lat' dir='ltr'><strong><em>velut</em></strong></span> 
     </span>
    </p>
   </div>
   <div class='ocr_carea' id='block_1_99' title="bbox 762 5271 2343 5344">
    <p class='ocr_par' dir='ltr' id='par_1_99' title="bbox 762 5271 2343 5344">
     <span class='ocr_line' id='line_1_99' title="bbox 762 5271 2343 5344; baseline -0.016 0"><span class='ocrx_word' id='word_1_757' title='bbox 762 5307 917 5344; x_wconf 87' lang='lat' dir='ltr'><strong><em>canes</em></strong></span> <span class='ocrx_word' id='word_1_758' title='bbox 978 5284 1443 5340; x_wconf 81' lang='lat' dir='ltr'><strong><em>rabidiadversus</em></strong></span> <span class='ocrx_word' id='word_1_759' title='bbox 1496 5294 1614 5333; x_wconf 86' lang='lat' dir='ltr'><strong><em>eum</em></strong></span> <span class='ocrx_word' id='word_1_760' title='bbox 1650 5279 1936 5335; x_wconf 89' lang='lat' dir='ltr'><strong><em>oblatrant,</em></strong></span> <span class='ocrx_word' id='word_1_761' title='bbox 1985 5271 2343 5338; x_wconf 79' lang='lat' dir='ltr'><strong><em>festinantque</em></strong></span> 
     </span>
    </p>
   </div>
   <div class='ocr_carea' id='block_1_100' title="bbox 764 5360 2343 5449">
    <p class='ocr_par' dir='ltr' id='par_1_100' title="bbox 764 5360 2343 5449">
     <span class='ocr_line' id='line_1_100' title="bbox 764 5360 2343 5449; baseline -0.015 -16"><span class='ocrx_word' id='word_1_762' title='bbox 764 5392 818 5433; x_wconf 90' lang='lat' dir='ltr'><strong><em>ut</em></strong></span> <span class='ocrx_word' id='word_1_763' title='bbox 857 5380 947 5449; x_wconf 89' lang='lat' dir='ltr'><strong><em>qui</em></strong></span> <span class='ocrx_word' id='word_1_764' title='bbox 984 5378 1094 5431; x_wconf 75' lang='lat' dir='ltr'><strong><em>hac</em></strong></span> <span class='ocrx_word' id='word_1_765' title='bbox 1131 5375 1387 5443; x_wconf 88' lang='lat' dir='ltr'><strong><em>loquitur,</em></strong></span> <span class='ocrx_word' id='word_1_766' title='bbox 1432 5373 1477 5423; x_wconf 92' lang='lat' dir='ltr'><strong><em>si</em></strong></span> <span class='ocrx_word' id='word_1_767' title='bbox 1527 5370 1643 5436; x_wconf 76' lang='lat' dir='ltr'><strong><em>ﬁeri</em></strong></span> <span class='ocrx_word' id='word_1_768' title='bbox 1679 5376 1866 5435; x_wconf 88' lang='lat' dir='ltr'><strong><em>potest,</em></strong></span> <span class='ocrx_word' id='word_1_769' title='bbox 1892 5365 2159 5415; x_wconf 76' lang='lat' dir='ltr'><strong><em>devorent.</em></strong></span> <span class='ocrx_word' id='word_1_770' title='bbox 2186 5360 2343 5413; x_wconf 79' lang='lat' dir='ltr'><strong><em>Cesso</em></strong></span> 
     </span>
    </p>
   </div>
   <div class='ocr_carea' id='block_1_101' title="bbox 764 5454 2343 5533">
    <p class='ocr_par' dir='ltr' id='par_1_101' title="bbox 764 5454 2343 5533">
     <span class='ocr_line' id='line_1_101' title="bbox 764 5454 2343 5533; baseline -0.013 -10"><span class='ocrx_word' id='word_1_771' title='bbox 764 5474 937 5533; x_wconf 84' lang='lat' dir='ltr'><strong><em>aiunt,</em></strong></span> <span class='ocrx_word' id='word_1_772' title='bbox 956 5470 1165 5523; x_wconf 89' lang='lat' dir='ltr'><strong><em>seducte</em></strong></span> <span class='ocrx_word' id='word_1_773' title='bbox 1195 5480 1251 5520; x_wconf 92' lang='lat' dir='ltr'><strong><em>tu</em></strong></span> <span class='ocrx_word' id='word_1_774' title='bbox 1283 5480 1343 5518; x_wconf 87' lang='lat' dir='ltr'><strong><em>ac</em></strong></span> <span class='ocrx_word' id='word_1_775' title='bbox 1367 5460 1604 5530; x_wconf 81' lang='lat' dir='ltr'><strong><em>superbe.</em></strong></span> <span class='ocrx_word' id='word_1_776' title='bbox 1629 5458 1757 5524; x_wconf 80' lang='lat' dir='ltr'><strong><em>Quis</em></strong></span> <span class='ocrx_word' id='word_1_777' title='bbox 1781 5457 1934 5509; x_wconf 89' lang='lat' dir='ltr'><strong><em>modo</em></strong></span> <span class='ocrx_word' id='word_1_778' title='bbox 1967 5454 2113 5514; x_wconf 86' lang='lat' dir='ltr'><strong><em>talis,</em></strong></span> <span class='ocrx_word' id='word_1_779' title='bbox 2138 5469 2203 5505; x_wconf 89' lang='lat' dir='ltr'><strong><em>oc</em></strong></span> <span class='ocrx_word' id='word_1_780' title='bbox 2222 5465 2343 5504; x_wconf 88' lang='lat' dir='ltr'><strong><em>san-</em></strong></span> 
     </span>
    </p>
   </div>
   <div class='ocr_carea' id='block_1_102' title="bbox 764 5543 2343 5619">
    <p class='ocr_par' dir='ltr' id='par_1_102' title="bbox 764 5543 2343 5619">
     <span class='ocr_line' id='line_1_102' title="bbox 764 5543 2343 5619; baseline -0.012 -4"><span class='ocrx_word' id='word_1_781' title='bbox 764 5564 832 5615; x_wconf 72' lang='lat' dir='ltr'><strong><em>cti</em></strong></span> <span class='ocrx_word' id='word_1_782' title='bbox 877 5562 1060 5614; x_wconf 78' lang='lat' dir='ltr'><strong><em>Patres</em></strong></span> <span class='ocrx_word' id='word_1_783' title='bbox 1101 5555 1387 5612; x_wconf 77' lang='lat' dir='ltr'><strong><em>exstitere?</em></strong></span> <span class='ocrx_word' id='word_1_784' title='bbox 1422 5543 1552 5619; x_wconf 71' lang='lat' dir='ltr'><strong><em>Quis</em></strong></span> <span class='ocrx_word' id='word_1_785' title='bbox 1598 5567 1714 5605; x_wconf 80' lang='lat' dir='ltr'><strong><em>vero</em></strong></span> <span class='ocrx_word' id='word_1_786' title='bbox 1746 5547 1911 5601; x_wconf 89' lang='lat' dir='ltr'><strong><em>Deum</em></strong></span> <span class='ocrx_word' id='word_1_787' title='bbox 1946 5546 2095 5608; x_wconf 78' lang='lat' dir='ltr'><strong><em>uidit,</em></strong></span> <span class='ocrx_word' id='word_1_788' title='bbox 2130 5557 2220 5597; x_wconf 90' lang='lat' dir='ltr'><strong><em>aut</em></strong></span> <span class='ocrx_word' id='word_1_789' title='bbox 2265 5545 2343 5598; x_wconf 77' lang='lat' dir='ltr'><strong><em>uel</em></strong></span> 
     </span>
    </p>
   </div>
   <div class='ocr_carea' id='block_1_103' title="bbox 761 5636 2341 5717">
    <p class='ocr_par' dir='ltr' id='par_1_103' title="bbox 761 5636 2341 5717">
     <span class='ocr_line' id='line_1_103' title="bbox 761 5636 2341 5717; baseline -0.01 -10"><span class='ocrx_word' id='word_1_790' title='bbox 761 5652 1038 5707; x_wconf 80' lang='lat' dir='ltr'><strong><em>minimum</em></strong></span> <span class='ocrx_word' id='word_1_791' title='bbox 1071 5653 1241 5704; x_wconf 82' lang='lat' dir='ltr'><strong><em>videre</em></strong></span> <span class='ocrx_word' id='word_1_792' title='bbox 1269 5658 1433 5717; x_wconf 82' lang='lat' dir='ltr'><strong><em>potest</em></strong></span> <span class='ocrx_word' id='word_1_793' title='bbox 1469 5648 1493 5701; x_wconf 77' lang='grc'><em>7</em></span> <span class='ocrx_word' id='word_1_794' title='bbox 1532 5645 1662 5708; x_wconf 79' lang='lat' dir='ltr'><strong><em>Quis</em></strong></span> <span class='ocrx_word' id='word_1_795' title='bbox 1721 5649 1869 5694; x_wconf 89' lang='lat' dir='ltr'><strong><em>tanta</em></strong></span> <span class='ocrx_word' id='word_1_796' title='bbox 1900 5642 2050 5707; x_wconf 88' lang='lat' dir='ltr'><strong><em>copia</em></strong></span> <span class='ocrx_word' id='word_1_797' title='bbox 2083 5636 2341 5705; x_wconf 84' lang='lat' dir='ltr'><strong><em>Spiritum</em></strong></span> 
     </span>
    </p>
   </div>
   <div class='ocr_carea' id='block_1_104' title="bbox 762 5730 2344 5812">
    <p class='ocr_par' dir='ltr' id='par_1_104' title="bbox 762 5730 2344 5812">
     <span class='ocr_line' id='line_1_104' title="bbox 762 5730 2344 5812; baseline -0.01 -12"><span class='ocrx_word' id='word_1_798' title='bbox 762 5756 1002 5800; x_wconf 84' lang='lat' dir='ltr'><strong><em>sanctum</em></strong></span> <span class='ocrx_word' id='word_1_799' title='bbox 1030 5744 1250 5812; x_wconf 79' lang='lat' dir='ltr'><strong><em>accepit,</em></strong></span> <span class='ocrx_word' id='word_1_800' title='bbox 1291 5752 1344 5794; x_wconf 90' lang='lat' dir='ltr'><strong><em>ut</em></strong></span> <span class='ocrx_word' id='word_1_801' title='bbox 1380 5756 1470 5807; x_wconf 86' lang='lat' dir='ltr'><strong><em>per</em></strong></span> <span class='ocrx_word' id='word_1_802' title='bbox 1495 5754 1634 5801; x_wconf 86' lang='lat' dir='ltr'><strong><em>eum,</em></strong></span> <span class='ocrx_word' id='word_1_803' title='bbox 1670 5735 1877 5787; x_wconf 86' lang='lat' dir='ltr'><strong><em>l&#39;atrem</em></strong></span> <span class='ocrx_word' id='word_1_804' title='bbox 1910 5730 2213 5801; x_wconf 81' lang='lat' dir='ltr'><strong><em>Filiuinque</em></strong></span> <span class='ocrx_word' id='word_1_805' title='bbox 2239 5746 2344 5785; x_wconf 86' lang='lat' dir='ltr'><strong><em>me-</em></strong></span> 
     </span>
    </p>
   </div>
   <div class='ocr_carea' id='block_1_105' title="bbox 2450 4534 4016 4602">
    <p class='ocr_par' dir='ltr' id='par_1_105' title="bbox 2450 4534 4016 4602">
     <span class='ocr_line' id='line_1_105' title="bbox 2450 4534 4016 4602; baseline -0.002 -13"><span class='ocrx_word' id='word_1_806' title='bbox 2450 4536 2677 4589; x_wconf 89' lang='lat' dir='ltr'><strong><em>lumnias</em></strong></span> <span class='ocrx_word' id='word_1_807' title='bbox 2708 4536 2973 4590; x_wconf 90' lang='lat' dir='ltr'><strong><em>habentia.</em></strong></span> <span class='ocrx_word' id='word_1_808' title='bbox 3000 4534 3131 4600; x_wconf 67' lang='lat' dir='ltr'><strong><em>Qui:</em></strong></span> <span class='ocrx_word' id='word_1_809' title='bbox 3150 4551 3269 4589; x_wconf 75' lang='lat' dir='ltr'><strong><em>vero</em></strong></span> <span class='ocrx_word' id='word_1_810' title='bbox 3290 4553 3321 4588; x_wconf 92' lang='lat' dir='ltr'><strong><em>o</em></strong></span> <span class='ocrx_word' id='word_1_811' title='bbox 3341 4536 3488 4588; x_wconf 89' lang='lat' dir='ltr'><strong><em>nobis</em></strong></span> <span class='ocrx_word' id='word_1_812' title='bbox 3506 4535 3763 4589; x_wconf 88' lang='lat' dir='ltr'><strong><em>illimulta</em></strong></span> <span class='ocrx_word' id='word_1_813' title='bbox 3784 4536 4016 4602; x_wconf 78' lang='lat' dir='ltr'><strong><em>irrogata</em></strong></span> 
     </span>
    </p>
   </div>
   <div class='ocr_carea' id='block_1_106' title="bbox 2446 4622 4016 4695">
    <p class='ocr_par' dir='ltr' id='par_1_106' title="bbox 2446 4622 4016 4695">
     <span class='ocr_line' id='line_1_106' title="bbox 2446 4622 4016 4695; baseline -0.003 -16"><span class='ocrx_word' id='word_1_814' title='bbox 2446 4638 2546 4688; x_wconf 86' lang='lat' dir='ltr'><strong><em>est,</em></strong></span> <span class='ocrx_word' id='word_1_815' title='bbox 2570 4642 2671 4678; x_wconf 90' lang='lat' dir='ltr'><strong><em>non</em></strong></span> <span class='ocrx_word' id='word_1_816' title='bbox 2703 4641 2762 4678; x_wconf 93' lang='lat' dir='ltr'><strong><em>eo</em></strong></span> <span class='ocrx_word' id='word_1_817' title='bbox 2788 4627 3022 4695; x_wconf 70' lang='lat' dir='ltr'><strong><em>irrogata</em></strong></span> <span class='ocrx_word' id='word_1_818' title='bbox 3047 4636 3122 4679; x_wconf 92' lang='lat' dir='ltr'><strong><em>est</em></strong></span> <span class='ocrx_word' id='word_1_819' title='bbox 3141 4635 3392 4693; x_wconf 86' lang='lat' dir='ltr'><strong><em>tanquam</em></strong></span> <span class='ocrx_word' id='word_1_820' title='bbox 3425 4626 3477 4677; x_wconf 90' lang='lat' dir='ltr'><strong><em>in</em></strong></span> <span class='ocrx_word' id='word_1_821' title='bbox 3499 4622 3860 4678; x_wconf 60' lang='lat' dir='ltr'><strong><em>ecclesiasticis</em></strong></span> <span class='ocrx_word' id='word_1_822' title='bbox 3893 4627 4016 4693; x_wconf 81' lang='lat' dir='ltr'><strong><em>dog-</em></strong></span> 
     </span>
    </p>
   </div>
   <div class='ocr_carea' id='block_1_107' title="bbox 2449 4707 4014 4783">
    <p class='ocr_par' dir='ltr' id='par_1_107' title="bbox 2449 4707 4014 4783">
     <span class='ocr_line' id='line_1_107' title="bbox 2449 4707 4014 4783; baseline -0.003 -16"><span class='ocrx_word' id='word_1_823' title='bbox 2449 4717 2627 4778; x_wconf 86' lang='lat' dir='ltr'><strong><em>matis,</em></strong></span> <span class='ocrx_word' id='word_1_824' title='bbox 2666 4707 2855 4783; x_wconf 80' lang='lat' dir='ltr'><strong><em>quibus</em></strong></span> <span class='ocrx_word' id='word_1_825' title='bbox 2905 4726 3047 4768; x_wconf 89' lang='lat' dir='ltr'><strong><em>recta</em></strong></span> <span class='ocrx_word' id='word_1_826' title='bbox 3080 4731 3141 4767; x_wconf 90' lang='lat' dir='ltr'><strong><em>ac</em></strong></span> <span class='ocrx_word' id='word_1_827' title='bbox 3157 4716 3425 4781; x_wconf 89' lang='lat' dir='ltr'><strong><em>inculpata</em></strong></span> <span class='ocrx_word' id='word_1_828' title='bbox 3458 4715 3585 4781; x_wconf 84' lang='lat' dir='ltr'><strong><em>ﬁdes</em></strong></span> <span class='ocrx_word' id='word_1_829' title='bbox 3608 4725 3719 4767; x_wconf 88' lang='lat' dir='ltr'><strong><em>tota</em></strong></span> <span class='ocrx_word' id='word_1_830' title='bbox 3753 4714 4014 4775; x_wconf 86' lang='lat' dir='ltr'><strong><em>consistit,</em></strong></span> 
     </span>
    </p>
   </div>
   <div class='ocr_carea' id='block_1_108' title="bbox 2447 4804 4017 4874">
    <p class='ocr_par' dir='ltr' id='par_1_108' title="bbox 2447 4804 4017 4874">
     <span class='ocr_line' id='line_1_108' title="bbox 2447 4804 4017 4874; baseline -0.004 -15"><span class='ocrx_word' id='word_1_831' title='bbox 2447 4810 2739 4870; x_wconf 86' lang='lat' dir='ltr'><strong><em>erraverit;</em></strong></span> <span class='ocrx_word' id='word_1_832' title='bbox 2773 4806 2862 4859; x_wconf 89' lang='lat' dir='ltr'><strong><em>sed</em></strong></span> <span class='ocrx_word' id='word_1_833' title='bbox 2911 4808 3048 4874; x_wconf 90' lang='lat' dir='ltr'><strong><em>quod</em></strong></span> <span class='ocrx_word' id='word_1_834' title='bbox 3083 4808 3138 4859; x_wconf 90' lang='lat' dir='ltr'><strong><em>in</em></strong></span> <span class='ocrx_word' id='word_1_835' title='bbox 3170 4822 3267 4858; x_wconf 90' lang='lat' dir='ltr'><strong><em>suo</em></strong></span> <span class='ocrx_word' id='word_1_836' title='bbox 3302 4806 3389 4859; x_wconf 88' lang='lat' dir='ltr'><strong><em>ille</em></strong></span> <span class='ocrx_word' id='word_1_837' title='bbox 3436 4806 3703 4873; x_wconf 86' lang='lat' dir='ltr'><strong><em>proposito</em></strong></span> <span class='ocrx_word' id='word_1_838' title='bbox 3736 4804 4017 4857; x_wconf 75' lang='lat' dir='ltr'><strong><em>immobilis</em></strong></span> 
     </span>
    </p>
   </div>
   <div class='ocr_carea' id='block_1_109' title="bbox 2448 4897 4019 4968">
    <p class='ocr_par' dir='ltr' id='par_1_109' title="bbox 2448 4897 4019 4968">
     <span class='ocr_line' id='line_1_109' title="bbox 2448 4897 4019 4968; baseline -0.002 -19"><span class='ocrx_word' id='word_1_839' title='bbox 2448 4901 2769 4968; x_wconf 87' lang='lat' dir='ltr'><strong><em>persisteret,</em></strong></span> <span class='ocrx_word' id='word_1_840' title='bbox 2832 4898 3113 4966; x_wconf 83' lang='lat' dir='ltr'><strong><em>Patrisque</em></strong></span> <span class='ocrx_word' id='word_1_841' title='bbox 3155 4898 3367 4961; x_wconf 79' lang='lat' dir='ltr'><strong><em>honore,</em></strong></span> <span class='ocrx_word' id='word_1_842' title='bbox 3421 4899 3531 4951; x_wconf 86' lang='lat' dir='ltr'><strong><em>dies</em></strong></span> <span class='ocrx_word' id='word_1_843' title='bbox 3552 4899 3713 4964; x_wconf 78' lang='lat' dir='ltr'><strong><em>festos</em></strong></span> <span class='ocrx_word' id='word_1_844' title='bbox 3779 4897 4019 4965; x_wconf 87' lang='lat' dir='ltr'><strong><em>agitandi</em></strong></span> 
     </span>
    </p>
   </div>
   <div class='ocr_carea' id='block_1_110' title="bbox 2449 4986 4016 5060">
    <p class='ocr_par' dir='ltr' id='par_1_110' title="bbox 2449 4986 4016 5060">
     <span class='ocr_line' id='line_1_110' title="bbox 2449 4986 4016 5060; baseline -0.005 -14"><span class='ocrx_word' id='word_1_845' title='bbox 2449 4991 2724 5060; x_wconf 81' lang='lat' dir='ltr'><strong><em>splendido</em></strong></span> <span class='ocrx_word' id='word_1_846' title='bbox 2750 4990 2896 5043; x_wconf 87' lang='lat' dir='ltr'><strong><em>cultu</em></strong></span> <span class='ocrx_word' id='word_1_847' title='bbox 2938 5006 3000 5043; x_wconf 91' lang='lat' dir='ltr'><strong><em>ac</em></strong></span> <span class='ocrx_word' id='word_1_848' title='bbox 3031 4989 3333 5058; x_wconf 82' lang='lat' dir='ltr'><strong><em>magniﬁco,</em></strong></span> <span class='ocrx_word' id='word_1_849' title='bbox 3358 4988 3563 5041; x_wconf 87' lang='lat' dir='ltr'><strong><em>nullum</em></strong></span> <span class='ocrx_word' id='word_1_850' title='bbox 3593 4986 3751 5053; x_wconf 83' lang='lat' dir='ltr'><strong><em>ﬁnem</em></strong></span> <span class='ocrx_word' id='word_1_851' title='bbox 3781 4987 4016 5056; x_wconf 76' lang='lat' dir='ltr'><strong><em>faceret;</em></strong></span> 
     </span>
    </p>
   </div>
   <div class='ocr_carea' id='block_1_111' title="bbox 2448 5077 4015 5149">
    <p class='ocr_par' dir='ltr' id='par_1_111' title="bbox 2448 5077 4015 5149">
     <span class='ocr_line' id='line_1_111' title="bbox 2448 5077 4015 5149; baseline -0.006 -14"><span class='ocrx_word' id='word_1_852' title='bbox 2448 5097 2608 5149; x_wconf 87' lang='lat' dir='ltr'><strong><em>eoque</em></strong></span> <span class='ocrx_word' id='word_1_853' title='bbox 2645 5097 2699 5133; x_wconf 91' lang='lat' dir='ltr'><strong><em>re</em></strong></span> <span class='ocrx_word' id='word_1_854' title='bbox 2725 5081 3065 5135; x_wconf 89' lang='lat' dir='ltr'><strong><em>turbarentur</em></strong></span> <span class='ocrx_word' id='word_1_855' title='bbox 3096 5080 3239 5132; x_wconf 89' lang='lat' dir='ltr'><strong><em>illius</em></strong></span> <span class='ocrx_word' id='word_1_856' title='bbox 3281 5087 3640 5141; x_wconf 81' lang='lat' dir='ltr'><strong><em>accusatores,</em></strong></span> <span class='ocrx_word' id='word_1_857' title='bbox 3672 5093 3735 5129; x_wconf 89' lang='lat' dir='ltr'><strong><em>ac</em></strong></span> <span class='ocrx_word' id='word_1_858' title='bbox 3780 5077 4015 5147; x_wconf 76' lang='lat' dir='ltr'><strong><em>quotidie</em></strong></span> 
     </span>
    </p>
   </div>
   <div class='ocr_carea' id='block_1_112' title="bbox 2450 5174 4018 5234">
    <p class='ocr_par' dir='ltr' id='par_1_112' title="bbox 2450 5174 4018 5234">
     <span class='ocr_line' id='line_1_112' title="bbox 2450 5174 4018 5234; baseline -0.006 -8"><span class='ocrx_word' id='word_1_859' title='bbox 2450 5175 2654 5227; x_wconf 83' lang='lat' dir='ltr'><strong><em>molesti</em></strong></span> <span class='ocrx_word' id='word_1_860' title='bbox 2682 5174 2827 5227; x_wconf 88' lang='lat' dir='ltr'><strong><em>nobis</em></strong></span> <span class='ocrx_word' id='word_1_861' title='bbox 2860 5176 3223 5226; x_wconf 87' lang='lat' dir='ltr'><strong><em>obtundereut.</em></strong></span> <span class='ocrx_word' id='word_1_862' title='bbox 3277 5174 3404 5226; x_wconf 65' lang='lat' dir='ltr'><strong><em>Hinc</em></strong></span> <span class='ocrx_word' id='word_1_863' title='bbox 3434 5185 3595 5223; x_wconf 88' lang='lat' dir='ltr'><strong><em>causa</em></strong></span> <span class='ocrx_word' id='word_1_864' title='bbox 3629 5178 3729 5234; x_wconf 87' lang='lat' dir='ltr'><strong><em>est,</em></strong></span> <span class='ocrx_word' id='word_1_865' title='bbox 3769 5184 3865 5222; x_wconf 86' lang='lat' dir='ltr'><strong><em>cur</em></strong></span> <span class='ocrx_word' id='word_1_866' title='bbox 3922 5185 4018 5221; x_wconf 84' lang='lat' dir='ltr'><strong><em>suo</em></strong></span> 
     </span>
    </p>
   </div>
   <div class='ocr_carea' id='block_1_113' title="bbox 2449 5260 4022 5321">
    <p class='ocr_par' dir='ltr' id='par_1_113' title="bbox 2449 5260 4022 5321">
     <span class='ocr_line' id='line_1_113' title="bbox 2449 5260 4022 5321; baseline -0.006 0"><span class='ocrx_word' id='word_1_867' title='bbox 2449 5268 2601 5321; x_wconf 85' lang='lat' dir='ltr'><strong><em>illum</em></strong></span> <span class='ocrx_word' id='word_1_868' title='bbox 2630 5269 2950 5320; x_wconf 81' lang='lat' dir='ltr'><strong><em>monasterio</em></strong></span> <span class='ocrx_word' id='word_1_869' title='bbox 2990 5282 3052 5319; x_wconf 92' lang='lat' dir='ltr'><strong><em>ac</em></strong></span> <span class='ocrx_word' id='word_1_870' title='bbox 3084 5266 3301 5318; x_wconf 79' lang='lat' dir='ltr'><strong><em>ciuitate</em></strong></span> <span class='ocrx_word' id='word_1_871' title='bbox 3339 5264 3608 5317; x_wconf 75' lang='lat' dir='ltr'><strong><em>mouerint.</em></strong></span> <span class='ocrx_word' id='word_1_872' title='bbox 3639 5260 3797 5313; x_wconf 79' lang='lat' dir='ltr'><strong><em>Nunc</em></strong></span> <span class='ocrx_word' id='word_1_873' title='bbox 3821 5276 3941 5313; x_wconf 70' lang='lat' dir='ltr'><strong><em>tero</em></strong></span> <span class='ocrx_word' id='word_1_874' title='bbox 3976 5262 4022 5313; x_wconf 91' lang='lat' dir='ltr'><strong><em>si</em></strong></span> 
     </span>
    </p>
   </div>
   <div class='ocr_carea' id='block_1_114' title="bbox 2449 5355 4021 5427">
    <p class='ocr_par' dir='ltr' id='par_1_114' title="bbox 2449 5355 4021 5427">
     <span class='ocr_line' id='line_1_114' title="bbox 2449 5355 4021 5427; baseline -0.005 -15"><span class='ocrx_word' id='word_1_875' title='bbox 2449 5360 2595 5422; x_wconf 76' lang='lat' dir='ltr'><strong><em>uelit,</em></strong></span> <span class='ocrx_word' id='word_1_876' title='bbox 2656 5358 2882 5427; x_wconf 86' lang='lat' dir='ltr'><strong><em>meisque</em></strong></span> <span class='ocrx_word' id='word_1_877' title='bbox 2930 5356 3257 5410; x_wconf 89' lang='lat' dir='ltr'><strong><em>sermonibus</em></strong></span> <span class='ocrx_word' id='word_1_878' title='bbox 3292 5355 3633 5424; x_wconf 78' lang='lat' dir='ltr'><strong><em>acqssieverit,</em></strong></span> <span class='ocrx_word' id='word_1_879' title='bbox 3688 5362 3798 5405; x_wconf 87' lang='lat' dir='ltr'><strong><em>tum</em></strong></span> <span class='ocrx_word' id='word_1_880' title='bbox 3838 5368 4021 5406; x_wconf 90' lang='lat' dir='ltr'><strong><em>rursus</em></strong></span> 
     </span>
    </p>
   </div>
   <div class='ocr_carea' id='block_1_115' title="bbox 2451 5446 4024 5514">
    <p class='ocr_par' dir='ltr' id='par_1_115' title="bbox 2451 5446 4024 5514">
     <span class='ocr_line' id='line_1_115' title="bbox 2451 5446 4024 5514; baseline -0.004 -10"><span class='ocrx_word' id='word_1_881' title='bbox 2451 5452 2754 5505; x_wconf 88' lang='lat' dir='ltr'><strong><em>monasterii</em></strong></span> <span class='ocrx_word' id='word_1_882' title='bbox 2773 5451 2857 5504; x_wconf 87' lang='lat' dir='ltr'><strong><em>sui</em></strong></span> <span class='ocrx_word' id='word_1_883' title='bbox 2884 5450 3082 5503; x_wconf 87' lang='lat' dir='ltr'><strong><em>arbiter</em></strong></span> <span class='ocrx_word' id='word_1_884' title='bbox 3108 5448 3228 5514; x_wconf 91' lang='lat' dir='ltr'><strong><em>erit,</em></strong></span> <span class='ocrx_word' id='word_1_885' title='bbox 3248 5458 3359 5500; x_wconf 90' lang='lat' dir='ltr'><strong><em>tum</em></strong></span> <span class='ocrx_word' id='word_1_886' title='bbox 3384 5449 3622 5504; x_wconf 72' lang='lat' dir='ltr'><strong><em>uniuerso</em></strong></span> <span class='ocrx_word' id='word_1_887' title='bbox 3652 5446 4024 5514; x_wconf 77' lang='lat' dir='ltr'><strong><em>comprobante</em></strong></span> 
     </span>
    </p>
   </div>
   <div class='ocr_carea' id='block_1_116' title="bbox 2451 5536 4021 5613">
    <p class='ocr_par' dir='ltr' id='par_1_116' title="bbox 2451 5536 4021 5613">
     <span class='ocr_line' id='line_1_116' title="bbox 2451 5536 4021 5613; baseline -0.006 -17"><span class='ocrx_word' id='word_1_888' title='bbox 2451 5558 2606 5597; x_wconf 82' lang='lat' dir='ltr'><strong><em>sacra</em></strong></span> <span class='ocrx_word' id='word_1_889' title='bbox 2638 5544 2862 5613; x_wconf 75' lang='lat' dir='ltr'><strong><em>synodo,</em></strong></span> <span class='ocrx_word' id='word_1_890' title='bbox 2896 5543 2950 5595; x_wconf 88' lang='lat' dir='ltr'><strong><em>in</em></strong></span> <span class='ocrx_word' id='word_1_891' title='bbox 2991 5557 3097 5593; x_wconf 89' lang='lat' dir='ltr'><strong><em>una</em></strong></span> <span class='ocrx_word' id='word_1_892' title='bbox 3127 5540 3387 5593; x_wconf 88' lang='lat' dir='ltr'><strong><em>celsarum</em></strong></span> <span class='ocrx_word' id='word_1_893' title='bbox 3417 5536 3775 5607; x_wconf 73' lang='lat' dir='ltr'><strong><em>metropoleon</em></strong></span> <span class='ocrx_word' id='word_1_894' title='bbox 3816 5538 4021 5605; x_wconf 82' lang='lat' dir='ltr'><strong><em>episco-</em></strong></span> 
     </span>
    </p>
   </div>
   <div class='ocr_carea' id='block_1_117' title="bbox 2450 5628 4024 5704">
    <p class='ocr_par' dir='ltr' id='par_1_117' title="bbox 2450 5628 4024 5704">
     <span class='ocr_line' id='line_1_117' title="bbox 2450 5628 4024 5704; baseline -0.004 -15"><span class='ocrx_word' id='word_1_895' title='bbox 2450 5652 2599 5704; x_wconf 88' lang='lat' dir='ltr'><strong><em>pusa</em></strong></span> <span class='ocrx_word' id='word_1_896' title='bbox 2645 5636 2791 5689; x_wconf 89' lang='lat' dir='ltr'><strong><em>nobis</em></strong></span> <span class='ocrx_word' id='word_1_897' title='bbox 2828 5634 3199 5696; x_wconf 77' lang='lat' dir='ltr'><strong><em>ordinabitur;</em></strong></span> <span class='ocrx_word' id='word_1_898' title='bbox 3237 5640 3288 5685; x_wconf 83' lang='lat' dir='ltr'><strong><em>et</em></strong></span> <span class='ocrx_word' id='word_1_899' title='bbox 3334 5646 3452 5700; x_wconf 70' lang='lat' dir='ltr'><strong><em>qua</em></strong></span> <span class='ocrx_word' id='word_1_900' title='bbox 3502 5629 3647 5685; x_wconf 67' lang='lat' dir='ltr'><strong><em>mula</em></strong></span> <span class='ocrx_word' id='word_1_901' title='bbox 3702 5628 4024 5700; x_wconf 67' lang='lat' dir='ltr'><strong><em>obtigerunt,</em></strong></span> 
     </span>
    </p>
   </div>
   <div class='ocr_carea' id='block_1_118' title="bbox 2449 5719 4020 5792">
    <p class='ocr_par' dir='ltr' id='par_1_118' title="bbox 2449 5719 4020 5792">
     <span class='ocr_line' id='line_1_118' title="bbox 2449 5719 4020 5792; baseline -0.004 -11"><span class='ocrx_word' id='word_1_902' title='bbox 2449 5726 2812 5782; x_wconf 78' lang='lat' dir='ltr'><strong><em>convenienter</em></strong></span> <span class='ocrx_word' id='word_1_903' title='bbox 2841 5724 3281 5779; x_wconf 80' lang='lat' dir='ltr'><strong><em>emenJabuntur.</em></strong></span> <span class='ocrx_word' id='word_1_904' title='bbox 3321 5720 3591 5776; x_wconf 59' lang='lat' dir='ltr'><strong><em>Not-bant</em></strong></span> <span class='ocrx_word' id='word_1_905' title='bbox 3634 5719 3903 5792; x_wconf 65' lang='lat' dir='ltr'><strong><em>superbi:</em></strong></span> <span class='ocrx_word' id='word_1_906' title='bbox 3928 5731 4020 5788; x_wconf 79' lang='lat' dir='ltr'><strong><em>pO-</em></strong></span> 
     </span>
    </p>
   </div>
  </div>
