4472 6434
761 382 869 452 Ξῐδ

2026 397 2418 457 I‘HNUELIS
2458 401 2761 461 CALECIE

3889 397 3991 460 276

756 514 806 546 ³η
841 512 1101 559 ίανηεινετ
1122 495 1338 555 Filium.
1360 516 1420 551 ac
1446 503 1809 566 muni/"estatus
1826 521 1913 569 per
1930 510 2319 560 sanctissimum
2355 519 2397 570 Α
2429 524 2576 565 cacat
2606 518 2822 567 materia
2849 517 2957 567 luto
2987 516 3212 576 miscuit,
3252 516 3356 580 ipse
3391 515 3637 566 ambabus
3673 515 3748 565 liis
3811 518 3996 565 incon-

766 604 913 636 snnm
960 586 1238 653 Spiritum,
1277 592 1354 641 uti
1387 593 1488 656 ﬁde
1516 595 1781 657 docemur,
1810 598 2026 663 ecqua/is
2068 599 2210 650 nobis
2234 616 2321 663 per

761 680 935 726 omnia
966 681 1078 730 sine
1106 691 1340 746 peccato,
1374 685 1566 735 anima:
1591 686 1899 752 intelligenti
1924 692 2191 749 miscetur,
2219 691 2317 739 mei

749 770 916 817 animi
954 786 1139 828 causa,
1174 785 1228 823 ut
1261 774 1472 839 quidam
1500 777 1599 834 ait,
1636 786 1691 825 ut
1719 788 1768 827 et
1805 775 2067 840 Spiritum
2110 778 2314 829 salvum

752 860 936 922 faciat,
956 870 1005 909 et
1034 862 1184 911 carni
1215 863 1670 916 immortalitatem
1703 867 2078 930 pra-stet.Quin
2099 879 2144 919 et
2163 869 2318 933 polli-

749 960 916 1009 cetur,
938 950 1139 1004 dicens.
1172 969 1189 999 ι
1231 949 1546 1002 lnlmbituho
1582 956 1630 1003 in
1667 957 1738 1006 eis
1770 995 1781 1015 ,
1815 967 1859 1006 et
1893 954 2250 1008 inumbulubo.
2295 974 2312 1006 ι

762 1035 948 1086 ι’σιιιιη
979 1041 1216 1089 animum
1250 1043 1479 1092 attende.
1509 1043 1634 1104 Deo,
1665 1044 1822 1109 juxta
1851 1046 1988 1110 quod
2020 1061 2134 1096 vere
2158 1046 2317 1112 polli-

746 1129 883 1176 citus
928 1140 1025 1190 est,
1056 1130 1107 1179 in
1139 1131 1284 1182 nobis
1315 1134 1445 1183 veris
1476 1135 1636 1184 servis
1677 1135 1784 1185 suis
1818 1135 2164 1194 inhabitante.
2195 1152 2317 1187 sau-

747 1235 772 1267 c
802 1219 1072 1284 issimique
1102 1220 1337 1286 Spiritus
1369 1224 1544 1289 nﬁlatu
1564 1234 1611 1275 et
1645 1224 2090 1277 illustrationibus
2120 1228 2171 1277 in
2196 1231 2317 1279 ani-

746 1309 844 1357 ruis
877 1311 1068 1361 uasti-is
1094 1311 1474 1374 inambulante,
1496 1314 1584 1378 qui
1618 1314 1811 1365 talibus
1864 1316 2010 1382 digni
2041 1325 2161 1368 sunt
2193 1319 2313 1368 ani-

747 1401 838 1459 mi,
873 1417 903 1448 a
931 1401 1035 1451 Duo
1075 1404 1315 1465 separari
1342 1421 1444 1455 non
1499 1421 1645 1470 posse
1713 1407 1982 1471 explorate
2023 1409 2312 1462 credimus.

750 1490 995 1553 (ἐιιηιᾳιιες
1014 1506 1199 1542 rursus
1261 1494 1428 1554 animi
1451 1511 1542 1561 per
1587 1511 1738 1549 omne
1763 1499 2051 1561 peruadunt
2107 1515 2316 1565 corpus,

756 1594 846 1626 ni'c
889 1579 985 1629 ulli
1032 1579 1203 1631 desint
1239 1584 1401 1648 parti,
1457 1601 1671 1648 prorsus
1731 1603 1933 1640 necesse
1996 1600 2094 1648 est,
2148 1589 2315 1653 ipsam

744 1684 946 1733 quoque
979 1685 1214 1736 carnem,
1283 1677 1492 1739 qua'ab
1553 1677 1730 1727 animo
1802 1678 2169 1749 inseparabilis
2224 1679 2315 1741 sit,

747 1760 870 1824 quin
905 1762 1031 1822 into,
1070 1779 1185 1829 qua!
1225 1780 1314 1815 nec
1352 1766 1514 1817 virere
1550 1773 1740 1831 absque
1767 1767 1858 1818 illo
1906 1769 2093 1834 possit,
2152 1776 2315 1821 totam

744 1853 909 1903 animi
936 1857 1042 1922 regi
1062 1858 1345 1909 voluntate.
1379 1859 1452 1909 Ac
1482 1859 1613 1908 sicut
1635 1876 1729 1909 non
1749 1870 1914 1926 potest
1945 1877 2135 1927 corpus
2153 1862 2317 1914 vivere

743 1945 857 1995 sine
886 1947 1078 2000 animo.
1105 1948 1179 1998 sic
1206 1965 1365 2009 neque
1389 1961 1512 2001 tunc
1541 1951 1858 2004 uoluntatem
1895 1953 2089 2005 habere
2148 1961 2313 2019 potest

747 2037 858 2087 sine
887 2038 999 2088 illo.
1038 2036 1148 2091 llnc
1206 2040 1430 2102 Christi,
1468 2053 1770 2108 nostrmqnc
1801 2043 2080 2097 Trinitatis
2115 2055 2318 2114 mystc-

747 2130 911 2181 rium.
947 2131 1143 2184 Christi
1174 2135 1588 2197 utesemplaris.
1620 2137 1761 2203 quod
1797 2137 1848 2188 id
1883 2152 1946 2190 eo
1980 2138 2119 2190 Decus
2151 2140 2220 2190 sit
2244 2141 2318 2190 al-

745 2221 868 2272 tiori
901 2221 1116 2289 aliaque
1148 2237 1211 2276 ac
1244 2225 1294 2276 in
1331 2227 1486 2278 nobis
1519 2228 1747 2279 ratione.
1788 2225 1840 2279 In
1867 2231 1981 2294 ipso
2003 2231 2167 2292 enim,
2196 2231 2314 2298 ipsa

749 2311 1021 2378 Itypostasi
1052 2328 1209 2373 unus.
1242 2324 1295 2366 et
1341 2316 1393 2366 in
1427 2331 1534 2382 quo
1590 2332 1718 2368 caro
1773 2318 1844 2370 sit
1907 2319 2021 2383 ipsa
2081 2320 2312 2386 ὁμόοεος

733 2412 805 2479 ,ιιι
839 2400 1074 2467 loquitur
1101 2405 1419 2472 Gregorius,
1479 2423 1584 2458 una
1641 2407 1779 2460 Deus
1807 2424 1822 2460 :
1853 2409 1904 2459 in
1953 2410 2108 2461 nobis
2162 2426 2310 2475 vero,

732 2493 1478 2562 ὲνεργείμὲλλάμψειβοηο
1535 2497 1748 2563 gratim,
1782 2498 1985 2566 aﬂiatu,
2067 2498 2310 2551 illustra-

745 2584 904 2642 tione,
933 2584 1272 2650 acqnidquid
1306 2585 1357 2637 in
1397 2588 1600 2640 sanctis
1633 2586 1772 2640 Deus
1798 2599 2076 2656 Operatur.
2114 2599 2170 2640 ut
2230 2604 2294 2653 pe

743 2674 1001 2727 culiarius
1036 2676 1163 2728 liliis
1203 2692 1266 2729 ac
1307 2678 1432 2739 diis,
1468 2695 1576 2731 non
1637 2691 1814 2732 tamen
1871 2690 2088 2745 natura,
2131 2681 2314 2746 φύσει,

745 2767 837 2818 sed
865 2769 1005 2816 dono
1040 2769 1276 2833 gratuito
1299 2777 1352 2820 et
1377 2771 1688 2835 adoptione,
1718 2772 1863 2822 θέσει
1888 2773 2034 2839 quod
2086 2773 2318 2825 disertis

744 2855 923 2908 verbis
955 2856 1188 2924 ὅμηροι»
1221 2860 1526 2924 proﬁtetur,
1565 2872 1620 2914 ut
1654 2877 1756 2913 non
1785 2863 1854 2915 sit
1885 2879 2069 2917 nrevus
2101 2864 2154 2915 in
2183 2864 2319 2916 scir—

730 2941 820 3013 ‘po
849 2964 951 3012 qua
973 2953 1192 3001 rendus.
1223 2957 1497 3014 tantisque
1534 2957 1772 3004 wxanda
1845 2956 1954 3008 lucc
1986 2955 2105 3021 ejus
2133 2966 2316 3009 creata

743 3039 1004 3103 Trinitas,
1041 3041 1236 3094 divina!
1269 3043 1464 3108 imago,
1500 3045 1548 3094 in
1581 3060 1684 3111 qua
1723 3047 1859 3111 ipsa,
1896 3048 1996 3097 tria
2051 3063 2189 3100 unus
2208 3048 2318 3100 sint

743 3131 904 3191 licus,
943 3132 1043 3184 ctsi
1076 3145 1203 3184 sunt
1239 3145 1401 3186 caute
1429 3137 1611 3186 omnia
1644 3138 1709 3187 ad
1746 3137 1984 3201 probatae
2019 3138 2315 3206 theologia:
2347 3166 2389 3221 ο

740 3237 986 3273 normam
1019 3224 1342 3275 reducenda:
1376 3239 1494 3291 quae
1529 3228 1763 3278 maxime
1815 3228 1994 3279 cantio
2025 3240 2102 3280 est
2133 3229 2321 3296 mysti-

729 3308 822 3398 icis
846 3315 1170 3376 adhibenda,
1196 3316 1354 3383 cujus
1390 3316 1600 3370 deiectu
1635 3320 1843 3385 possint
1905 3320 2321 3386 ςίιιιιιιιρίοιὶὺιις

739 3405 1034 3458 offensioni
1087 3422 1227 3462 esse.
1278 3422 1340 3459 ac
1393 3424 1642 3459 erratum
1702 3409 1809 3462 illis
1863 3426 2049 3462 aus-im
2082 3413 2324 3476 ιιι-ςυικτω

742 3498 908 3548 luit-rt
943 3514 1071 3563 ergo
1104 3498 1360 3567 Symeon.
1397 3502 1802 3552 ’Λποδέόεικται
1834 3503 2010 3552 τοίνυν
2032 3505 2112 3553 ότι
2136 3501 2324 3567 ὦαπερ

728 3593 797 3664 ἐν
845 3590 1018 3654 Harp!
1080 3591 1173 3640 καὶ
1225 3589 1339 3655 Titi)
1402 3593 1492 3640 καὶ
1540 3592 1680 3653 ἁγίῳ
1727 3591 2026 3655 “uetitum,
2072 3589 2150 3648 εἷς
2188 3591 2321 3649 Θεὸς

728 3677 1064 3745 ἀσυγχύτως
1098 3682 1190 3730 καὶ
1220 3684 1542 3742 ἁόιαιρέτως
1577 3685 1988 3749 προσκυνεῖται,
2041 3681 2184 3732 οὕτω
2220 3683 2320 3732 πά-

728 3771 824 3848 ςλιν
848 3772 1046 3839 ἐνθεῷ
1077 3773 1172 3823 καὶ
1229 3773 1372 3840 ψυχῇ
1432 3775 1529 3824 καὶ
1582 3773 1797 3837 σώματι
1848 3773 2173 3841 ἁδιαιρέτως
2227 3777 2320 3824 καὶ

729 3862 1062 3930 ’ἀσυγχύτους
1090 3863 1231 3914 κατὰ
1269 3864 1427 3931 χάριν
1470 3867 1496 3913 6
1547 3865 1836 3930 ἄνθρωπος
1891 3863 2122 3930 γίνεται,
2181 3865 2319 3932 μήτε

728 3948 834 4034 ξτοῦ
871 3954 1121 4023 σώματος
1167 3955 1247 4013 εἰς
1272 3953 1452 4023 ψυχὴν
1509 3954 2006 4022 μεταϐαλλομένου,
2045 3956 2181 4023 μήτε
2221 3955 2321 4021 τῆς

740 4044 920 4112 ψυχῆς
950 4048 1028 4106 εἰς
1058 4046 1286 4112 Θεότητα
1318 4047 1794 4114 μεταποιουμένης
1829 4062 1844 4076 ⁸
1875 4047 2013 4099 ἀλλὰ
2083 4046 2260 4114 μένων
2294 4047 2322 4098 6

727 4135 874 4220 ΙΘεὸς
925 4136 1059 4186 καοὸ
1122 4137 1255 4197 Θεός
1309 4138 1450 4200 ἐστι,
1479 4138 1572 4190 καὶ
1596 4140 1628 4206 ἡ
1665 4137 1813 4206 ψυχὴ
1857 4137 2037 4198 καθὼς
2071 4138 2185 4204 ἔχει
2221 4137 2322 4205 φύ-

727 4221 901 4302 ξσεως,
930 4231 1021 4278 καὶ
1043 4227 1102 4279 τὸ
1127 4228 1286 4295 σῶμα
1317 4228 1498 4289 καθὼς
1555 4229 1800 4298 ἐπλάσοη
1841 4229 2010 4297 πηλός
2037 4245 2050 4258 ·
2075 4231 2102 4281 6
2143 4245 2322 4298 παρα-

737 4320 909 4383 δόξως
943 4320 1215 4386 συνδήσας
1239 4305 1401 4381 αὐτὰ,
1440 4321 1532 4371 καὶ
1566 4319 1643 4386 τῷ
1673 4319 1831 4388 πηλῷ
1858 4321 2206 4390 συγκεράσας
2250 4321 2309 4371 τὸ

739 4412 927 4476 νοερόν
978 4426 1035 4460 τε
1103 4411 1198 4475 καὶ
1258 4411 1441 4472 dimov,
1501 4410 1664 4470 αὐτὸς
1716 4410 2048 4478 ἀμφοτέροις
2112 4409 2320 4469 τούτοις

2422 607 2535 672 [use
2556 608 2737 657 unitar
2760 623 2778 669 ;
2801 622 2990 674 egoque
3020 610 3094 658 uti
3123 621 3290 659 sermo
3307 607 3562 672 probauit,
3597 606 3690 657 hoc
3719 603 3996 656 nanciscor

2422 707 2478 746 ut
2513 697 2580 747 ad
2601 696 2716 761 ejus
2770 697 3054 764 imaginem
3083 713 3142 748 ac
3184 697 3580 749 similitudinem
3637 697 3758 746 sim.
3801 694 3990 745 Verum

2421 795 2601 830 rursus
2619 780 2665 831 si
2695 780 2835 840 libet,
2868 797 3155 832 sermonem
3211 796 3556 832 resumamus.
3607 775 3785 836 I’ater,
3824 775 3989 827 Filius

2421 879 2468 920 et
2501 869 2727 937 Spiritus
2755 880 2988 932 sanctus,
3026 887 3158 922 unus
3185 871 3371 930 Deum,
3397 886 3551 935 quem
3582 870 3827 919 colimus.
3853 866 3989 918 Deus

2420 962 2597 1011 anima
2627 969 2675 1012 et
2697 978 2904 1027 corpus,
2941 963 3092 1012 homo
3118 962 3186 1012 ad
3224 959 3315 1012 Dei
3345 961 3621 1027 imaginem
3657 958 3917 1018 conditus,
3943 967 3990 1009 et

2421 1053 2507 1104 cui
2533 1054 2749 1119 obtingit
2781 1061 2836 1103 ut
2864 1053 2929 1103 sit
2962 1052 3111 1103 deus.

2506 1140 2615 1194 Nec
2649 1143 2804 1208 longe
2839 1151 2921 1193 est
2948 1141 3099 1192 locus
3125 1139 3212 1192 ille
3247 1153 3309 1190 ex
3345 1150 3484 1190 orat.
3505 1137 3597 1201 27,
3625 1137 3870 1188 Pontano
3896 1134 3995 1186 du-

2421 1237 2532 1286 rior
2560 1232 2724 1292 visus.
2752 1231 3006 1300 acleoni
3036 1230 3231 1283 Allatio
3256 1230 3308 1281 in
3349 1244 3534 1281 eorum
3561 1227 3866 1292 exemplum
3899 1224 3992 1276 ad-

2421 1327 2636 1384 ductus.
2671 1338 2791 1391 qua
2827 1337 2986 1376 nemo
3027 1323 3147 1390 pius
3209 1335 3364 1387 atquo
3425 1319 3610 1372 animo
3641 1317 3777 1370 lerat
3801 1317 3853 1369 in
3891 1317 3991 1382 Sy-

2419 1428 2631 1467 meonc.
2658 1415 2721 1466 Ὠ
2742 1412 2837 1464 τοῦ
2878 1412 3189 1479 Θαύματοςῑ
3229 1414 3307 1462 ὅτι
3335 1410 3624 1475 ἄνθρωπος
3675 1406 3794 1474 Θεῷ
3845 1404 3994 1456 ἑνοῦ-

2419 1524 2506 1557 ται
2544 1504 2931 1572 πνευματικῶς
2961 1503 3055 1554 καὶ
3093 1501 3446 1568 σωματικῶῖ,
3499 1500 3655 1564 εἴπερ
3717 1499 3777 1547 οῦ
3834 1496 3992 1562 χωρι-

2418 1595 2567 1656 (erat
2599 1593 2689 1644 τοῦ
2721 1591 2812 1643 νοῦ
2837 1593 2869 1659 ὴ
2909 1591 3077 1659 ψυχὴ,
3115 1590 3238 1644 οὐδὲ
3285 1589 3383 1654 τῆς
3429 1588 3606 1656 ψυχῆς
3666 1587 3724 1637 τ”ι
3779 1586 3938 1651 σῶμα
3975 1601 3986 1614 ⁸

2417 1683 2556 1737 ἀλλὰ
2590 1686 2654 1749 τῇ
2703 1681 2978 1740 οὖσιωδῶς
3046 1681 3237 1732 ἑνώσει
3297 1678 3505 1745 γίνεται
3567 1677 3993 1743 τρισυττόστατιις

2419 1774 2560 1826 κατὰ
2593 1773 2750 1840 χάριν
2778 1773 2870 1823 καὶ
2901 1772 2928 1821 6
2960 1770 3243 1836 ἄνθρωπος
3281 1784 3296 1798 ⁶
3317 1765 3397 1829 εἷς
3431 1769 3578 1818 θέσει
3621 1766 3773 1826 Θεὸς,
3795 1767 3856 1815 ἐκ
3891 1764 3992 1814 σὼο

2425 1878 2590 1930 ματος
2628 1861 2720 1912 καὶ
2749 1860 2949 1928 ψυχῆς,
2971 1861 3061 1910 καὶ
3090 1852 3262 1926 οὗπερ
3297 1857 3615 1925 μετείληφε,
3640 1855 3788 1906 θείου
3824 1853 3995 1905 livet}-

2425 1968 2592 2019 ματος
2626 1966 2643 1982 ο
2677 1959 2765 2002 uat
2805 1948 3107 2018 πληροῦται
3140 1947 3443 2016 τηνικαῦτα
3474 1947 3532 1997 τὸ
3568 1945 3858 2014 εἰρημένον
3885 1942 3992 1995 ὑπὸ

2422 2041 2513 2092 τοῦ
2533 2041 2814 2108 προφήτου
2840 2039 3021 2102 Δαόιδ,
3063 2057 3081 2088 ι
3109 2038 3250 2099 Ἐγὼ
3276 2034 3427 2099 εἶπα,
3458 2037 3581 2086 Θεοί
3599 2038 3742 2096 ὲστε,
3769 2035 3864 2084 καὶ
3892 2033 3998 2084 υἱοὶ

2434 2133 2686 2200 Ὑψίστου
2709 2131 2926 2190 πάντες.
2943 2149 2961 2181 s
2993 2130 3128 2180 Κατ’
3156 2130 3339 2188 εἰκόνα
3369 2126 3567 2194 δηλαδὴ
3592 2125 3685 2177 καὶ
3709 2123 3830 2176 καθ’
3848 2121 3993 2188 ὁμοί-

2420 2241 2552 2277 ωσιν
2571 2221 2663 2273 τοῦ
2681 2222 2957 2288 Ὑψίστου,
2977 2220 3293 2287 γεννήματα
3314 2218 3432 2268 θεῖα
3459 2220 3522 2269 ἐκ
3537 2216 3630 2268 τοῦ
3658 2215 3803 2266 Gelon
3829 2212 3994 2264 Πνεῦ-

2425 2333 2615 2383 ματος.
2656 2313 2701 2368 0
2733 2330 2837 2366 rem
2870 2313 3083 2366 miram!
3108 2311 3273 2362 llonto
3297 2308 3401 2362 Deo
3417 2309 3729 2375 spiritaliter
3749 2320 3995 2371 corpora-

2425 2409 2637 2474 literque
2667 2407 2886 2467 unitur;
2933 2403 3187 2470 siquidem
3209 2401 3388 2452 anima
3423 2416 3520 2450 non
3563 2416 3595 2450 a
3619 2409 3784 2450 mente
3811 2412 3901 2448 nec
3929 2399 3996 2448 ab

2421 2506 2597 2552 anima
2644 2513 2831 2564 corpus
2853 2496 3145 2564 sejungitur
3181 2511 3198 2546 :
3236 2495 3322 2546 sed
3350 2505 3395 2544 et
3422 2491 3770 2544 essentialiter
3795 2489 3989 2540 unione

2420 2609 2533 2660 qua:
2558 2603 2631 2645 est
2657 2606 2743 2657 per
2770 2591 2994 2660 gratiam
3017 2591 3170 2641 homo
3192 2585 3618 2654 τρισυπόστατος
3647 2580 3990 2649 (veluttrium

2421 2683 2840 2734 substantiarum
2870 2679 3040 2743 dicas)
3070 2676 3332 2742 efﬁcitur;
3387 2690 3519 2726 unus
3579 2672 3771 2724 scilicet
3821 2670 3990 2736 adop-

2421 2773 2560 2822 tione
2577 2770 2732 2832 Deus,
2753 2783 2818 2820 ea:
2844 2782 3056 2833 corpore
3083 2777 3237 2832 atque
3255 2766 3454 2826 anima,
3473 2773 3523 2815 et
3551 2763 3697 2827 cujus
3714 2761 3887 2827 [actus
3919 2769 3994 2810 est

2422 2864 2702 2930 particeps,
2745 2859 2905 2910 divini
2959 2857 3218 2924 Spiritus.
3284 2854 3526 2920 Tuncque
3573 2853 3818 2917 impletur
3858 2849 3996 2914 quod

2423 2957 2616 3007 dictum
2640 2963 2712 3005 est
2737 2969 2770 3003 α
2799 2951 2994 3002 Davide
3013 2949 3289 3015 prop/tcta,
3317 2966 3334 2994 ι
3363 2947 3470 3012 Ego
3496 2946 3637 3005 dixi,
3673 2944 3757 2994 Dii
3784 2944 3927 3001 estis,
3947 2950 3995 2991 et

2423 3047 2517 3113 ﬁlii
2553 3044 2760 3096 Επειδὶ
2790 3057 2987 3092 omnes.
3026 3058 3042 3088 ι
3089 3037 3216 3088 Filii
3252 3036 3486 3096 Excelsi,
3511 3035 3758 3102 imaginis
3799 3032 3995 3082 scilicet

2424 3139 2629 3190 ratione
2661 3151 2722 3185 ac
2757 3132 3121 3190 similitudinis
3153 3128 3412 3181 Altissinti
3440 3143 3457 3188 ,'
3481 3127 3660 3186 divina
3720 3123 3992 3189 progenies

2424 3245 2485 3281 ex
2515 3227 2689 3278 divino
2715 3224 2939 3289 Spiritu.
2971 3219 3125 3271 l’out.
3161 3229 3210 3271 et
3236 3218 3394 3270 Allat.
3429 3231 3492 3269 ac
3516 3218 3560 3269 si
3587 3222 3734 3268 esset
3779 3216 3845 3279 τῇ
3907 3211 3997 3262 οὐ·

2428 3319 2607 3369 σιώίει
2637 3314 3050 3374 ὲνώσει,ιιιιὶυιιε
3106 3311 3408 3369 esscntiali;
3481 3317 3788 3374 monetque
3835 3302 3992 3355 l’onl.

2425 3409 2554 3462 illud
2586 3423 2675 3457 nec
2693 3406 2758 3455 ad
2801 3403 2985 3464 Deum,
3015 3418 3110 3454 nec
3139 3404 3202 3450 ad
3245 3402 3467 3466 gratiam
3504 3395 3831 3462 relereudum
3887 3407 3996 3444 esse

2426 3499 2627 3566 (Neque
2671 3499 2807 3550 enim
2849 3497 2999 3546 homo
3028 3496 3206 3561 justus
3243 3503 3333 3543 aut
3389 3508 3505 3543 cum
3545 3490 3670 3548 Deo,
3731 3495 3824 3537 aut
3877 3500 3996 3535 cum

2425 3602 2596 3657 gratia
2631 3588 2977 3640 essentiuliter
3013 3586 3194 3635 nititur
3226 3587 3241 3646 )
3293 3584 3380 3634 sed
3413 3581 3478 3631 ad
3548 3580 3712 3631 solam
3771 3576 3996 3642 conjun-

2425 3681 2647 3731 ctioneut
2674 3679 2898 3743 corporis
2924 3687 2969 3726 ct
2996 3677 3187 3728 animu'
3221 3714 3233 3735 ,
3255 3689 3370 3738 (μίαν
3391 3675 3561 3736 utique
3585 3667 3876 3720 essentialis
3897 3674 3995 3716 cst.

2425 3773 2603 3825 Malim
2632 3788 2731 3840 ego
2764 3773 2820 3822 τὸ
2838 3769 3214 3829 οὺσιωὸὦς,ιιιί
3241 3765 3732 3828 est,atl\'crbialitcr
3752 3762 3997 3820 reddere,

2424 3882 2530 3933 quo
2563 3865 2954 3916 tlcterminetur
3019 3877 3118 3913 vox
3162 3861 3619 3928 τρισυπόστατος,
3674 3866 3731 3909 ιιι
3787 3857 3999 3908 dicatur

2428 3960 2589 4011 homo
2622 3957 2785 4009 trium
2823 3953 3250 4007 snbslantiarum
3284 3953 3301 4014 (
3335 3951 3493 4018 quasi
3543 3949 3755 4018 scilicet
3819 3947 3870 3996 in
3921 3943 4001 3996 eis

2425 4049 2728 4105 subsistens
2761 4048 2778 4113 )
2812 4045 3172 4100 similitudine
3192 4043 3428 4110 quadam
3462 4043 3527 4093 ad
3556 4040 3771 4093 divinas
3803 4051 3996 4105 perso-

2426 4155 2547 4204 nas,
2583 4154 2689 4192 non
2715 4136 2908 4212 quovis
2932 4136 3113 4196 modo.
3173 4136 3268 4188 sed
3320 4131 3621 4200 οὺσιωδῶς,
3680 4143 3807 4182 vere
3868 4141 4000 4181 Sane

2425 4244 2662 4299 veraque
2693 4227 2918 4288 unione,
2952 4226 3046 4280 sed
3072 4240 3166 4293 per
3189 4223 3446 4290 gratiam,
3481 4231 3536 4276 et
3557 4238 3660 4289 qua
3687 4234 3825 4272 unus
3852 4216 4001 4269 θέσει

2427 4320 2542 4382 nat,
2569 4333 2674 4371 non
2705 4332 2810 4388 una
2838 4316 3100 4371 essentia.
3127 4312 3324 4368 Netum
3374 4323 3459 4367 est
3487 4312 3690 4367 sanctis
3747 4309 4001 4362 Patribus

2425 4423 2524 4476 pro
2551 4408 2739 4462 eodem
2763 4408 2932 4474 accipi
2957 4407 3146 4459 οὐσίαν
3177 4420 3241 4460 ac
3267 4403 3554 4471 (963w,Sic
3583 4403 3788 4470 passim
3813 4415 3988 4467 expo—

739 4501 1065 4567 ἀσυγχυτως
1099 4498 1311 4550 ἑνοῦται
1354 4515 1368 4528 ο
1401 4499 1560 4564 κάγὼ
1594 4499 1715 4552 κατ’
1741 4500 1927 4551 εἰκόνα
1974 4502 2069 4551 καὶ
2109 4499 2310 4568 ὁμοιω-
2342 4492 2396 4558 D
2423 4515 2505 4552 nul

2237 4518 2310 4551 ω·
2342 4492 2396 4558 D
2423 4507 2556 4552 nunt
2583 4499 2856 4560 Damasc.,
2887 4496 3105 4575 “uim.
3129 4508 3182 4551 et
3228 4496 3318 4550 alii
3349 4512 3363 4549 :
3400 4495 3541 4548 idem
3568 4495 3752 4562 itaque
3777 4492 3881 4544 illis
3903 4509 4003 4567 φυ-

739 4610 825 4643 σιν
857 4593 1003 4641 ἐκείν
1039 4611 1088 4651 υ,
1113 4593 1184 4650 ὡς
1208 4593 1237 4643 6
1265 4590 1420 4656 λόγος
1443 4591 1715 4656 ἀπέδειξε,
1746 4590 1992 4657 γίνομαι.
2027 4589 2185 4640 Ἀλλὰ
2216 4591 2318 4643 τιά-

739 4685 844 4742 λιν,
911 4684 960 4733 εἰ
1015 4685 1185 4744 δοκεῖ,
1245 4682 1338 4732 τὸν
1397 4683 1554 4746 λόγον
1607 4681 2065 4748 ὲπαναλάόωμεν.
2104 4679 2313 4747 Πατὴρ,

739 4772 866 4832 Υἱὸς
900 4771 994 4822 καὶ
1025 4773 1180 4840 ἅγιον
1208 4771 1453 4838 Πνεῦμα,
1478 4765 1555 4831 εἷς
1576 4771 1726 4833 Θεὸς,
1747 4772 1806 4822 ὃν
1836 4770 2129 4839 σεῦόμεοα·
2159 4769 2314 4830 Θεὸς,

735 4863 884 4931 ψυχὴ
913 4865 1004 4914 καὶ
1042 4863 1221 4931 σῶμα,
1259 4865 1286 4914 6
1311 4865 1430 4914 κατ’
1467 4864 1652 4914 εἰκόνα
1680 4863 1814 4916 Θεοῦ
1846 4864 2087 4922 nuntiet;
2109 4860 2316 4929 ἄνθρω-

738 4972 840 5017 πος
887 4956 979 5006 καὶ
1012 4955 1133 5015 Θεὸς
1167 4950 1307 5007 εἶναι
1358 4954 1812 5022 καταξιούμενος.
1878 4953 2053 5021 Igitur
2121 4952 2313 5019 proba-

743 5059 852 5101 tum
888 5059 988 5109 est,
1018 5047 1152 5098 sicut
1183 5047 1235 5097 in
1290 5043 1450 5097 Patre
1480 5057 1527 5099 et
1588 5046 1721 5098 Filio
1747 5055 1794 5097 et
1853 5045 2055 5110 Spiritu
2112 5055 2318 5104 sancto,

738 5157 876 5191 unus
910 5140 1049 5194 Deus
1081 5139 1352 5206 inconfuse
1379 5155 1440 5189 ac
1476 5139 1697 5190 indivise
1722 5139 2006 5199 aduratur,
2031 5138 2104 5188 sic
2132 5151 2318 5187 rursus

739 5247 795 5282 in
833 5231 938 5282 Deo
968 5241 1015 5285 et
1041 5232 1222 5281 anima
1252 5240 1297 5280 et
1333 5246 1552 5292 corpore
1574 5232 1662 5296 qui
1694 5245 1786 5296 per
1816 5230 2048 5294 gratiam
2069 5237 2165 5286 est,
2203 5225 2320 5290 ﬁeri

739 5325 1003 5387 hominem
1029 5323 1249 5376 indivise
1275 5322 1624 5387 acinconfuse
1646 5337 1664 5373 :
1696 5324 1773 5372 ita
1801 5323 2050 5390 nimirum
2083 5331 2134 5369 ut
2161 5335 2322 5386 neque

742 5431 930 5480 corpus
960 5415 1014 5468 in
1048 5417 1280 5466 animum
1314 5422 1566 5477 mutetur,
1596 5427 1755 5479 neque
1785 5415 1964 5463 anima
1998 5411 2051 5461 in
2068 5409 2320 5461 deitatem

744 5509 1008 5575 ronﬂetur
1048 5525 1065 5572 ;
1112 5509 1200 5559 sed
1239 5518 1478 5560 manente
1534 5505 1640 5558 Deo
1697 5515 1958 5570 quatenus
2031 5501 2168 5554 Deus
2233 5510 2311 5553 est

742 5602 1045 5668 animaque,
1074 5598 1336 5667 quomodo
1363 5597 1444 5650 illi
1478 5608 1674 5650 natura
1701 5603 2072 5661 comparatum
2122 5603 2220 5652 est.
2263 5608 2323 5644 ac

744 5707 983 5758 corpore,
1015 5707 1109 5756 pro
1136 5707 1194 5743 eo
1237 5708 1297 5743 ac
1337 5691 1506 5742 lutum
1539 5691 1828 5758 formatum
1864 5697 1937 5739 est
1980 5705 1997 5751 ;
2042 5685 2131 5754 qui
2164 5686 2320 5736 inau-

743 5784 855 5841 dita
884 5783 991 5840 huic
1029 5785 1231 5836 ratione
1259 5784 1506 5847 divinxit,
1547 5792 1866 5848 mentemque
1896 5795 1955 5832 ac
1987 5780 2128 5849 quod
2185 5778 2323 5831 omni

2428 4593 2594 4653 σικῶς
2623 4600 2676 4645 et
2698 4589 2990 4658 oOquoBiiic,
3024 4597 3189 4655 atque
3219 4590 3346 4640 unio
3374 4584 3578 4654 φυσικὴ
3625 4594 3679 4638 et
3709 4582 3996 4650 οὑσιὼδης.

2431 4681 2515 4734 Uti
2540 4681 2700 4747 igitur
2728 4680 2853 4732 unio
2879 4679 3080 4747 φυσικὴ
3098 4679 3149 4731 in
3182 4677 3425 4737 Christo,
3460 4674 3742 4732 naturalis,
3762 4675 3838 4724 sic
3860 4673 4000 4724 dicta

2426 4774 2644 4842 Cyl-illo,
2666 4773 2854 4825 anatli.
2890 4771 3056 4831 3.non
3092 4771 3143 4821 in
3167 4785 3231 4822 eo
3261 4769 3459 4821 conllat
3486 4780 3728 4826 naturas.
3763 4766 3836 4816 uti
3862 4763 4004 4816 male

2427 4858 3016 4930 eaipit'l‘lteodoretus,
3050 4858 3132 4911 vel
3154 4872 3336 4920 uuam,
3367 4857 3472 4908 alia
3507 4854 4000 4924 absorpta,lactani

2430 4952 2645 5012 astruit,
2680 4950 2993 5018 Apollinarii
3021 4963 3204 5003 errore
3239 4964 3255 5014 ;
3291 4949 3384 5001 sed
3418 4963 3606 4999 eat-uin
3639 4961 3819 4998 veram
3851 4945 4008 4997 unio-

2431 5059 2580 5104 nem,
2608 5043 2730 5095 καθ’
2770 5043 3073 5093 ὑπόστασιν
3125 5050 3306 5095 tamen
3364 5039 3740 5110 (Sttbsistcndi
3799 5039 4007 5090 scilicet

2431 5118 2677 5203 ratione)
2710 5135 2789 5186 sic
2819 5142 2874 5186 et
2905 5134 3174 5201 signiﬁcat
3210 5134 3490 5203 Symeoni,
3517 5133 3678 5184 trium
3699 5129 4006 5192 essentialis

2431 5227 2578 5288 unio,
2607 5225 2687 5277 vel
2714 5241 2817 5292 qua
2852 5225 3012 5277 homo
3043 5240 3182 5278 unus
3224 5226 3585 5278 essentialiter
3631 5222 3789 5297 deus,
3825 5223 4002 5278 tribus

2430 5331 2687 5380 constans
2715 5317 2826 5380 liat,
2859 5333 2982 5369 vera
3011 5319 3140 5371 unio
3158 5327 3263 5381 est,
3295 5327 3471 5386 etqua
3493 5331 3618 5370 vere
3647 5316 3697 5378 id
3730 5317 3844 5376 liat,
3867 5313 4009 5375 κατὰ

2431 5412 2591 5482 χάριν
2647 5418 2826 5462 tamen
2857 5411 2975 5475 (per
3009 5409 3284 5491 gratiam)
3321 5425 3426 5463 non
3489 5419 3548 5462 ut
3599 5423 3659 5461 es
3728 5406 3835 5460 illis
3903 5420 4005 5456 uua

2431 5505 2677 5570 quaedam
2721 5502 2953 5554 essentia
2994 5509 3260 5568 emergat.
3309 5497 3402 5553 Sic
3439 5499 3690 5564 superius
3723 5493 3889 5547 semel
3955 5501 4008 5544 et

2434 5595 2628 5647 iterum
2649 5603 2908 5661 usurpata
2937 5607 2998 5646 ea
3031 5607 3130 5643 vox
3167 5590 3447 5658 Symeoni,
3481 5591 3530 5640 in
3594 5587 3661 5640 iis
3689 5600 3809 5651 qua!
3833 5581 4008 5637 esillo

2434 5686 2748 5748 attulimus;
2814 5688 3093 5751 possitque
3155 5679 3435 5733 Pontanus
3515 5676 3594 5730 vel
3677 5673 4006 5728 Theodoreti

2443 5780 2690 5846 exetnpto
2732 5775 3032 5841 etucntlari,
3062 5787 3286 5845 ejusque
3332 5773 3480 5827 vocis
3508 5781 3686 5833 usum,
3720 5773 3780 5820 ut
3826 5772 3880 5819 ct
3930 5761 4007 5816 illi
