4472 6434
481 375 589 439 277

1220 378 1320 437 DE
1360 374 1728 436 ESSENTIA
1768 373 1859 433 ΕΤ
1899 371 2407 430 ΟΡΕΠᾹΤΙΟΝΕ.
2446 393 2510 404 ·-
2555 372 2967 432 l’ll/lil-‘ATIO.

3604 377 3708 437 278

481 490 678 555 adiutis,
706 504 773 544 ex
810 488 1010 559 Cyrillo
1026 488 1252 543 doceri:
1284 488 1528 554 Φυσικήν
1565 503 1746 554 φαμεν
1792 483 2045 551 γενέσθαι
2081 486 2120 539 Α
2227 480 2247 531 ι

1950 483 2045 535 ςοαι
2081 486 2120 539 Α
2227 480 2442 534 Possem
2487 482 2588 534 alia
2646 481 2877 545 afferre,
2935 493 2990 535 ut
3045 484 3185 552 quod
3238 485 3616 560 habetSerm.
3651 494 3716 544 de

480 584 582 650 τὴν
608 581 828 645 ἕνωσιν,
856 579 972 635 ἀλλ’
1014 580 1077 632 lx
1102 578 1197 631 δύο
1225 577 1570 646 πραγμάτων
1593 576 1887 643 ἀνομοίων,
1914 573 2047 624 Θεό-

481 672 645 741 τητός
674 689 735 723 τε
761 670 860 723 καὶ
887 668 1332 738 ἀνθρωπότητος,
1365 666 1454 718 τὸν
1483 666 1580 717 ἕνα
1620 665 1875 730 γενέσθαι
1918 665 2049 731 Xpt-

484 762 608 814 στὸν
638 761 733 813 καὶ
779 760 908 812 Υῑὸν
930 759 1023 812 καὶ
1055 758 1256 827 Κύριον
1284 754 1766 823 διαϐεϐαιούμεθα.
1807 751 2051 805 Natura-

479 851 583 903 lem
626 849 850 901 dicimus
904 847 1101 914 [actam
1154 863 1263 900 esse
1325 847 1609 907 unionem,
1675 844 1763 897 sed
1789 858 1852 896 ea:
1910 843 2045 894 dua-

482 940 573 990 bus
628 938 776 990 rebus
800 937 1143 990 dissimilibus
1171 975 1187 1000 ,
1222 936 1424 989 Deitate
1474 936 1668 988 scilicet
1724 945 1769 987 et
1807 933 2047 985 humani,

483 1038 609 1091 tate,
643 1046 806 1081 unum
836 1029 1034 1095 factum
1061 1044 1171 1080 esse
1203 1026 1472 1081 Christum
1497 1036 1545 1078 et
1589 1024 1794 1077 Filium
1860 1032 1910 1076 et
1943 1023 2048 1075 Do-

483 1121 682 1171 minum
717 1120 1059 1187 aﬁirmamus.
1087 1117 1327 1179 Duabus.
1365 1116 1612 1186 inquam,
1676 1115 1836 1169 rebus
1889 1114 2052 1167 dissi-

485 1211 721 1274 milibus,
745 1225 868 1279 qus:
885 1220 938 1263 et
958 1208 1250 1264 dissimiles
1274 1208 1451 1274 reipsa
1476 1220 1536 1261 ac
1564 1206 1804 1262 essentia
1822 1218 1948 1265 sua,
1981 1203 2049 1257 ab

486 1302 684 1354 unione
715 1307 965 1353 maneant
994 1315 1009 1361 ;
1043 1299 1119 1351 uti
1155 1312 1215 1353 se
1266 1313 1352 1352 res
1380 1298 1539 1351 habet
1569 1298 1622 1350 in
1646 1296 1751 1350 illis
1782 1295 2050 1364 exemplis

484 1388 680 1457 quibus
702 1389 873 1441 sancti
901 1388 1155 1442 unionem
1200 1389 1315 1442 sive
1358 1387 1771 1457 hypostaticam,
1799 1386 1912 1440 sive
1931 1398 2051 1452 quas

492 1491 587 1542 per
613 1477 844 1544 gratiam
877 1484 959 1530 est
994 1476 1013 1545 (
1047 1476 1247 1531 amoris
1272 1476 1483 1531 scilicet
1508 1484 1563 1530 et
1586 1475 1895 1539 charitatis,
1930 1476 2048 1529 sive

484 1567 645 1621 etiam
666 1566 889 1619 visionis
914 1580 977 1619 ac
1012 1566 1337 1634 cognitionis
1367 1565 1387 1635 )
1423 1566 1715 1635 explicant.

555 1652 780 1707 Videtur
807 1652 921 1720 ipse
945 1652 1178 1723 Cyrillus
1207 1652 1461 1722 Symeoni
1498 1653 1773 1721 praeivisse
1819 1652 1915 1707 lib.
1953 1667 2007 1706 Ix
2028 1687 2048 1715 ,

487 1744 543 1795 in
567 1742 723 1795 Joan.
758 1756 948 1796 versus
990 1744 1183 1808 linem,
1212 1742 1303 1797 ubi
1342 1742 1409 1796 de
1452 1743 1623 1810 prima
1660 1742 1936 1797 creatione
1972 1742 2051 1795 lo—

488 1851 683 1905 quens.
713 1850 816 1904 qua
843 1837 907 1891 ad
938 1836 1027 1891 Dei
1063 1839 1348 1908 imaginem
1380 1823 1543 1893 homo
1573 1838 1824 1892 conditus
1854 1850 1959 1904 est,
1995 1846 2052 1892 et

487 1926 556 1980 ad
604 1942 766 1995 quam
822 1943 917 1999 per
956 1928 1232 1984 Christum
1278 1929 1675 1997 reformamur;
1723 1930 1940 1984 exclusa
1992 1944 2053 1983 ea

488 2020 767 2088 Opinione,
815 2034 937 2091 qua:
977 2021 1306 2085 spiraculum
1353 2034 1383 2074 a
1430 2019 1541 2076 Deo
1585 2020 1785 2074 homini
1821 2019 2058 2074 insuﬂla-

490 2119 626 2172 tum.
683 2112 919 2165 animam
970 2100 1288 2165 rationalem
1334 2110 1587 2179 exponit;
1632 2112 1745 2179 ipse
1795 2110 2055 2179 Spiritum

486 2210 733 2255 sanctum
778 2201 1186 2269 interpretatur,
1226 2203 1370 2255 velut
1417 2202 1755 2272 signaculum
1804 2203 2057 2271 perfectae

484 2295 603 2363 jam
624 2310 686 2350 cx
716 2293 893 2347 anima
923 2302 977 2348 et
1014 2308 1242 2362 corpore
1287 2294 1538 2348 humana;
1573 2304 1818 2360 naturai,
1867 2309 1896 2349 a
1951 2293 2060 2349 Deo

492 2385 851 2452 impressum;
889 2401 997 2454 quo
1022 2386 1101 2439 sic
1130 2387 1291 2440 homo
1318 2386 1460 2441 Deus
1489 2400 1627 2441 unus
1658 2386 1805 2440 θέσει
1838 2388 1910 2442 sit
1939 2424 1954 2450 ,
1997 2401 2059 2441 ac

493 2474 548 2532 in
581 2476 753 2531 tribus
784 2490 907 2530 vere
948 2476 1219 2530 (assistens
1254 2494 1268 2531 :
1300 2477 1545 2546 Μέτοχον
1585 2477 1749 2530 αὐτὸν
1783 2478 1882 2548 τῆς
1926 2481 2061 2541 ιδίας

494 2568 709 2635 φύσεως
778 2568 1032 2621 ἀποτελεῖ
1093 2569 1245 2630 Θεὸς.
1328 2570 1661 2640 Ἐνεφύσησε
1718 2573 1825 2639 γὰρ
1875 2572 1954 2632 εἰς
2003 2572 2068 2633 τὸ,

495 2660 791 2728 πρόσωπον
825 2659 991 2711 αὑτοῦ
1017 2661 1185 2728 πνοὴν
1215 2657 1383 2729 ζωῆς,
1413 2660 1558 2714 τοῦτ’
1581 2662 1720 2726 ἔστι,
1747 2660 1809 2714 τδ
1844 2660 2066 2730 Πνεῦμα

493 2749 589 2802 τοῦ
614 2750 767 2803 Υἱοῦ.
804 2752 909 2803 Καὶ
941 2752 1051 2821 γάρ
1073 2753 1221 2804 ἐστιν
1247 2754 1431 2814 αὐτοῖς
1456 2754 1487 2821 ἡ
1518 2753 1631 2823 ζωὴ
1669 2753 1805 2821 μετὰ
1831 2754 2063 2822 Πατρὺς,

499 2840 740 2909 συνέχων
796 2842 876 2903 sl;
926 2842 987 2895 τὸ
1027 2838 1170 2896 εἶναι
1221 2844 1287 2896 τὰ
1336 2847 1533 2898 πάντα.
1578 2844 1827 2898 Κινεῖται
1861 2845 1967 2915 γὰρ
2012 2846 2069 2896 ὲν

496 2933 648 3003 αὐτῷ
675 2950 734 2986 τε
766 2933 861 2987 καὶ
902 2934 992 3005 ζῇ,
1017 2936 1084 2989 τὰ
1120 2935 1267 3006 ζωῆς
1306 2936 1554 2990 δεκτικά.
1605 2936 1923 3001 Participem
1950 2954 2066 2990 eum

499 3023 639 3079 Deus
672 3026 901 3080 reddidit
933 3043 1044 3081 suae
1072 3041 1297 3083 naturas.
1341 3047 1359 3081 ι
1401 3028 1690 3097 lusu/ﬂavit
1723 3031 1861 3082 enim
1896 3030 1950 3080 in
1989 3028 2069 3092 [a-

498 3118 631 3170 ciem
660 3119 775 3187 ejus
800 3118 1118 3186 spiraculum
1148 3121 1292 3183 vim,
1326 3138 1344 3171 ι
1387 3122 1481 3174 hoc
1506 3132 1605 3181 est,
1642 3118 1898 3189 Spiritum
1924 3118 2075 3175 Filii.
2103 3112 2146 3173 C
2180 3115 2264 3180 ὀμι

1691 3121 1898 3185 ρῑτξιιιηι
1924 3118 2075 3175 Filii,
2103 3112 2146 3173 (ζ
2180 3113 2465 3180 ὀμοούσιον
2512 3116 2677 3165 αὑτοῦ
2724 3118 2822 3183 τῆς
2873 3116 3138 3185 Θεότητος
3194 3118 3418 3186 Πνεῦμα
3445 3159 3457 3181 ,

503 3205 623 3275 Ipse
655 3210 789 3261 enim
830 3211 937 3263 vita
968 3219 1047 3264 est
1072 3228 1190 3265 cum
1228 3211 1385 3266 Patre
1420 3254 1436 3277 ,
1472 3214 1527 3266 in
1557 3229 1667 3268 esse
1696 3216 1871 3266 omnia
1902 3214 2071 3267 conti-

506 3315 654 3352 nens.
705 3298 767 3353 In
811 3316 872 3353 eo
917 3302 1105 3369 quippe
1154 3314 1427 3356 morentur
1475 3313 1523 3356 et
1573 3306 1769 3368 vivunt,
1814 3320 1930 3367 quae
1959 3305 2080 3358 vita:

506 3389 727 3453 capacia
793 3398 937 3442 sunt.
999 3389 1243 3458 Aliisque
1291 3391 1344 3444 in
1396 3407 1517 3446 eam
1578 3407 1690 3447 rem
1748 3392 2077 3461 interiectis,

517 3477 605 3538 Ὦς
635 3478 735 3530 οὐκ
766 3477 854 3540 ἂν,
883 3474 1057 3547 οἶμαι,
1087 3480 1169 3543 τὶς
1219 3480 1283 3535 εὖ
1331 3480 1543 3550 φρονῶν
1577 3482 1636 3533 τὸ
1690 3482 1753 3533 ὲκ
1800 3479 1899 3549 τῆς
1930 3480 2080 3541 θείας

505 3568 696 3629 οὐσίας
740 3570 1005 3638 προελθὸν
1049 3573 1354 3641 ἐμφύσημα
1400 3570 1577 3640 ψυχὴν
1625 3569 1793 3623 οἴοιτο
1827 3570 2080 3638 γενέσθαι

505 3657 586 3725 τῷ
615 3656 739 3729 ζώω
761 3676 773 3689 ’
808 3659 1117 3729 ψυχωθέντι
1166 3661 1221 3714 δὲ
1255 3661 1480 3729 μᾶλλον,
1530 3660 1622 3713 καὶ
1656 3658 1814 3729 πρὸς.
1843 3660 2081 3725 ἰδιότητα

507 3748 606 3815 τῆς
644 3749 856 3812 τελείας
893 3751 1108 3818 φύσεως
1146 3751 1211 3803 δι’
1243 3752 1443 3818 ἀμφοῖν
1473 3751 1782 3819 ἀφιγμένῳ,
1815 3749 1990 3818 ψυχῆς
2016 3749 2079 3817 δὴ

506 3839 653 3905 λέγω
696 3842 790 3893 καὶ
848 3842 1141 3910 σώματος,
1187 3841 1439 3913 καθάπερ
1488 3842 1611 3893 τινὰ
1648 3841 1919 3911 σφραγῖδα
1984 3840 2082 3908 τῆς

510 3928 957 3997 ἑαυτοῦφύσεως
1005 3929 1269 4001 ὲνέπηξεν
1299 3930 1326 3981 ὁ
1360 3930 1725 3998 Δημιουργὸς,
1763 3931 1822 3981 τὸ
1860 3929 2081 3996 Πνεῦμα

507 4022 571 4073 τὸ
620 4020 812 4088 ἅγιον·
865 4021 1013 4075 τοῦτ’
1044 4022 1160 4075 ἐστι
1208 4023 1306 4093 τὴν
1365 4023 1535 4093 πνοὴν
1585 4023 1683 4088 τῆς
1729 4017 2083 4091 ζωῆς,δι’ἦς

509 4113 651 4182 πρὸς
682 4112 740 4165 τὸ
773 4112 1084 4183 ἀρχέτυπον
1112 4114 1465 4167 διεπλάττετο
1504 4114 1720 4177 κάλλος·
1767 4114 2085 4166 ἀπετελεῖτο

509 4204 571 4255 δὲ
634 4203 758 4258 κατ’
815 4206 1003 4257 εἰκόνα
1054 4205 1149 4259 τοῦ
1184 4207 1496 4269 κτίσαντος
1537 4207 1675 4274 πρὶς
1729 4209 1912 4258 πᾶσαν
1943 4206 2085 4259 ἰδέαν

511 4296 736 4363 ἀρετῆς,
790 4297 1022 4367 δυνάμει
1064 4297 1160 4351 τοῦ
1211 4299 1606 4362 ὲνοικισϐἑντος
1666 4300 1815 4368 αὐτῷ
1857 4300 2086 4368 διακρα-

509 4389 773 4458 τούμε-ιος
808 4391 1149 4460 Πνεύματος.
1199 4390 1473 4445 Neminem
1507 4409 1650 4444 sana:
1687 4394 1871 4445 mentis
1898 4394 2085 4445 existi-

2154 572 2581 638 prwvaricatione
2617 574 2765 635 Ada',
2794 575 2881 626 ubi
2913 585 2966 627 et
2993 575 3123 627 illud
3156 575 3429 639 οὑσιωδῷς
3463 580 3717 634 recurrit.

2157 662 2419 729 Ἐκστηῢι
2452 664 2510 713 τὸ
2540 663 2768 730 φρικτὸν
2797 663 3012 716 ἀκούων
3041 664 3132 716 τοῦ
3161 666 3480 732 μυστηρίου,
3516 671 3606 720 καὶ
3627 672 3720 723 τὸν

2152 752 2305 816 λόγον
2357 754 2547 805 πιστὸν
2592 752 2719 805 ὂντα
2757 756 2893 820 μετᾶ
2929 754 3110 820 πάσης
3145 756 3399 818 ὑπόδεξαι
3449 758 3722 825 πληροφο-

2157 843 2271 907 ρίας
2313 844 2405 893 καὶ
2468 844 2732 903 πίστεως.
2782 845 3240 912 Συλλαμϐἀνομεν
3272 842 3363 897 οὖν
3395 848 3556 897 αὐτὸν
3599 850 3720 914 οὺχ).

2155 932 2501 998 σωματικῶς,
2555 932 2628 992 ὡς
2680 934 2713 1000 ἠ
2774 935 3043 1001 ΙΙιροένος
3095 936 3185 985 καὶ
3240 936 3500 997 Θεοτὸκος
3559 939 3721 988 αὑτὸν

2158 1021 2473 1081 συνέλαόεν,
2526 1022 2661 1073 ἀλλὰ
2712 1025 3099 1088 πνευματικῶς
3159 1024 3278 1091 μὲν,
3330 1028 3603 1088 οὑσιωδῶς
3639 1031 3720 1080 δέ·

2154 1111 2248 1163 καὶ
2294 1111 2488 1179 ἔχομεν
2537 1112 2699 1163 αὑτὸν
2731 1114 2956 1174 ἐκεῖνον,
2988 1112 3046 1164 ὃν
3078 1116 3167 1165 καὶ
3202 1116 3231 1181 ἡ
3274 1117 3412 1181 ἁγνὴ
3446 1119 3720 1185 Ιιειροένος

2154 1202 2467 1262 συνέλαὸεν.
2510 1204 2566 1253 ὲν
2599 1205 2716 1264 ταῖς
2758 1204 3008 1270 καρδίαις
3048 1206 3225 1272 ἡμῶν,
3284 1206 3466 1269 καθὼς
3507 1214 3533 1260 ὁ
3583 1210 3723 1270 Οεῖος

2154 1289 2362 1353 Παῦλόὶ
2393 1308 2557 1359 φησιν
2584 1308 2598 1321 ·
2640 1309 2658 1342 ι
2716 1293 2774 1344 '0
2807 1294 2934 1353 θεὸς
2964 1295 2991 1344 ὁ
3024 1296 3196 1345 εἰπὼν
3224 1298 3286 1346 ὲκ
3336 1298 3559 1359 σκότους
3606 1301 3720 1363 φῶς

2153 1383 2382 1451 λάμψαι,
2422 1382 2583 1444 αὐτὸς
2636 1383 2878 1451 ἔλαμψεν
2930 1387 2987 1436 ὲν
3020 1389 3150 1451 ,ταῖς
3185 1387 3435 1454 καρόἱαις
3483 1391 3660 1456 ἡμῶν.
3701 1410 3716 1438 ι

2154 1468 2278 1524 Οἷον
2310 1474 2504 1534 εἰπεῖν,
2542 1473 2661 1524 ἀντὶ
2687 1471 2808 1531 τοῦ.
2848 1474 3018 1535 Αὐτὸς
3046 1474 3165 1534 ὅλος
3201 1477 3475 1537 obeat-vidi;
3503 1480 3725 1542 γέγονεν

2153 1563 2212 1615 ὲν
2244 1565 2397 1631 ἡμῖν.
2441 1561 2753 1630 Obstupesce
2778 1566 3103 1617 tremendum
3141 1568 3357 1617 audiens
3395 1572 3722 1634 mysterium,

2152 1670 2213 1706 ac
2236 1669 2546 1715 sermonem,
2578 1656 2666 1718 qui
2692 1655 2863 1721 fidelis
2899 1656 2988 1717 sit,
3017 1658 3155 1708 omni
3181 1659 3489 1709 certitudine
3524 1677 3584 1709 ac
3626 1660 3725 1725 [itte

2156 1745 2374 1811 suscipe.
2415 1744 2572 1795 Illum
2617 1745 2790 1813 itaque
2823 1746 3159 1813 concipimus,
3208 1764 3307 1799 non
3352 1749 3724 1823 corporaliter,

2154 1843 2590 1908 quemadmodum
2632 1843 2784 1909 Virga
2813 1861 2871 1894 ac
2921 1843 3147 1910 Deipara
3197 1859 3313 1895 eum
3350 1846 3605 1909 concepit,
3640 1848 3729 1897 sed

2156 1932 2466 1998 spiritaliter
2495 1934 2724 1999 quidem,
2764 1949 2941 1986 verum
2977 1933 3359 1995 essentiuliter;
3400 1935 3733 2000 eamdemque

2156 2025 2321 2090 ipsum
2355 2024 2601 2076 habemus
2641 2024 2811 2090 (quem
2840 2033 2889 2075 et
2935 2022 3089 2091 Virgo
3140 2024 3438 2075 castissima
3479 2023 3733 2089 Cont‘r’pil)

2159 2116 2212 2167 in
2255 2114 2449 2167 nostris
2476 2113 2745 2176 cordibus,
2794 2113 2870 2163 uti
2911 2113 3089 2164 beatus
3134 2112 3332 2165 Paulus
3380 2114 3499 2166 ait:
3542 2132 3558 2161 ι
3600 2114 3735 2164 Deus

2158 2206 2247 2273 qui
2272 2205 2407 2257 dixit
2440 2206 2502 2257 de
2528 2204 2751 2257 tenebris
2786 2204 2959 2255 lumen
2990 2204 3344 2269 splendescere
3369 2241 3384 2263 ,
3422 2205 3527 2270 ipse
3556 2206 3735 2257 illuxit

2160 2298 2217 2349 in
2242 2297 2486 2348 cordibus
2519 2296 2748 2357 nostris;
2791 2311 2808 2343 ι
2840 2309 2934 2359 pro
2968 2310 3027 2346 eo
3067 2310 3128 2346 ac
3154 2296 3348 2347 diceret
3380 2310 3397 2349 :
3430 2294 3548 2362 Ipse
3598 2306 3737 2347 totus

2163 2388 2515 2441 essentia/iter
2545 2386 2598 2437 in
2633 2388 2778 2439 nobis
2806 2395 3047 2440 versutus
3079 2397 3173 2438 est.
3214 2386 3378 2453 Ergo,
3409 2388 3521 2438 vult
3553 2401 3739 2440 essen-

2165 2478 2290 2531 tiale
2322 2476 2429 2529 Deo
2457 2477 2508 2530 in
2541 2476 2697 2531 nobis
2728 2476 2888 2530 esse?
2919 2474 3236 2544 NugacNult
3270 2486 3421 2531 certe
3447 2477 3619 2545 ipsum
3658 2493 3741 2530 rc-

2166 2582 2289 2621 vera
2323 2567 2487 2621 Deum
2520 2582 2638 2621 esse
2670 2568 2722 2621 in
2752 2568 2906 2622 nobis
2934 2568 3194 2635 peculiari
3232 2570 3535 2637 prmsentire
3562 2570 3741 2629 modo,

2169 2658 2300 2711 nihil
2335 2668 2643 2729 separatum
2678 2673 2706 2711 a
2739 2658 2854 2712 suis
2886 2659 3078 2719 donis,
3118 2673 3349 2728 quorum
3382 2669 3571 2713 attetor
3620 2671 3702 2713 est
3729 2701 3743 2717 .

2171 2765 2331 2818 supra
2364 2765 2526 2805 omne
2556 2751 2795 2805 debitum
2831 2761 3059 2804 naturae.
3097 2752 3361 2820 Sequitur
3398 2752 3523 2805 Ὅτι
3562 2754 3615 2803 δὲ
3651 2756 3745 2804 καὶ

2169 2842 2329 2908 ἡμεῖς
2392 2841 2453 2892 τὸ
2515 2840 2778 2893 ἄπεκτον
2840 2842 2952 2911 πῦρ
3011 2844 3107 2910 τῆς
3163 2843 3428 2911 Θεὸτητος
3485 2845 3746 2906 ὡσαύτως

2169 2931 2434 2998 δεχόμεθα
2464 2972 2478 2994 ,
2539 2932 2771 2984 ἄκουσον
2819 2934 2911 2985 τοῦ
2960 2934 3165 3001 Κυρίου
3215 2933 3464 3000 λέγοντος
3493 2953 3507 2966 ο
3556 2955 3574 2986 ι
3635 2937 3751 3006 Πῦρ

2170 3017 2333 3091 ἦλθον
2375 3021 2557 3089 βαλεῖν
2610 3023 2712 3074 ἐπὶ.
2752 3023 2851 3091 τῆς
2907 3025 3030 3090 γῆς.
3088 3027 3248 3078 Ποῖον
3295 3026 3422 3078 ἄλλο
3473 3028 3519 3077 εἰ
3564 3028 3636 3094 μὴ
3694 3030 3753 3078 τὸ

3520 3119 3639 3187 μεθ’
3695 3115 3755 3172 οὗ

2182 3202 2596 3272 συνεισέρχεται
2644 3204 2739 3256 καὶ
2768 3203 3158 3272 συνθεωρεῖται
3202 3206 3302 3258 σὺν
3346 3206 3422 3273 τῷ
3457 3207 3630 3274 Πατρὶ
3661 3209 3758 3258 καὶ

2182 3294 2370 3356 αὐτὸς,
2411 3294 2507 3347 καὶ
2549 3293 2695 3345 ἔνδον
2726 3293 2886 3363 ἡμῶν
2934 3295 3179 3360 γίνεται;
3226 3296 3378 3361 Quod
3432 3308 3607 3350 autem
3665 3314 3757 3349 nos

2180 3384 2339 3436 etiam
2380 3383 2763 3447 importabilem
2795 3383 3016 3437 Deitatis
3044 3388 3211 3452 ignem
3234 3386 3603 3449 suscipiamus.
3634 3388 3760 3438 audi

2184 3476 2468 3528 Dominum
2492 3477 2779 3538 dicentem,
2802 3474 3011 3545 «Ignem
3049 3478 3161 3530 veni
3199 3478 3403 3531 mittere
3427 3464 3722 3530 in'tcrram.
3739 3499 3755 3527 ι

2186 3568 2350 3632 Quem
2384 3569 2552 3633 ignem
2577 3607 2592 3629 ,
2632 3568 2734 3620 nisi
2764 3565 3028 3635 Spiritum
3076 3569 3354 3621 Dieinitati
3402 3587 3509 3622 sua:
3546 3574 3764 3621 consub-

2184 3658 2507 3725 stantialem,
2543 3675 2660 3712 cum
2690 3674 2792 3729 quo
2828 3676 2934 3714 una
2964 3678 3081 3713 cum
3116 3664 3276 3714 i'atre
3308 3664 3419 3727 ipse
3446 3681 3646 3730 quoque
3688 3665 3767 3714 in-

2184 3751 2417 3819 greditur
2441 3760 2488 3804 et
2523 3752 2853 3821 intelligitur,
2877 3770 2937 3806 ac
2969 3756 3022 3806 in
3051 3753 3195 3806 nobis
3219 3756 3500 3807 uersatur?
3524 3756 3763 3807 Modum-

2186 3859 2291 3911 que
2324 3844 2611 3912 specialem
2656 3847 3297 3915 sequentibusexplicat,
3329 3849 3417 3915 qui
3446 3861 3527 3901 est
3562 3849 3770 3903 Eucha-

2188 3934 2357 3987 ristia:
2398 3939 2774 4001 perceptione,
2819 3952 2923 4004 qua
2964 3914 3210 3990 extensio
3245 3946 3348 4001 est,
3392 3936 3507 4003 ejus
3537 3940 3677 4005 quod
3718 3927 3767 3990 in

2190 4023 2357 4077 Maria
2387 4035 2660 4092 peractum
2697 4028 3011 4094 mysterium
3046 4036 3161 4089 est;
3195 4037 3245 4079 et
3278 4042 3381 4094 qua
3411 4027 3526 4094 ejus
3551 4045 3767 4082 carnem

2190 4120 2599 4179 maudut'antcs,
2623 4117 2741 4167 ελον
2767 4119 2853 4165 τὶν
2883 4116 3237 4184 ταρκωθέντα
3267 4116 3400 4169 Θεὸν
3438 4121 3533 4170 καὶ
3562 4119 3765 4185 Κύριον

2189 4206 2348 4275 ἡμῶν
2375 4204 2581 4274 Ἰησοῦν
2613 4206 2866 4275 Χριστὸν,
2910 4210 2999 4257 τὶν
3034 4208 3152 4259 Υἱδν
3196 4207 3363 4258 αὑτὸν
3394 4206 3487 4258 τοῦ
3512 4207 3647 4259 Θεοῦ
3680 4214 3771 4259 καὶ

2193 4298 2321 4351 Υἱὺν
2344 4298 2440 4365 τῆς
2469 4298 2747 4366 Παρθένου
2786 4301 2877 4349 καὶ
2909 4299 3251 4367 παναμιῖιμου
3285 4300 3506 4367 Μαρῐας
3528 4340 3540 4363 ,
3586 4302 3675 4351 τὸν
3717 4306 3774 4353 ἐν

2194 4390 2348 4459 δεξιᾴ
2369 4390 2681 4459 καθήμενον
2699 4388 2788 4440 τοῦ
2810 4389 2943 4440 θεοῦ
2966 4392 3057 4441 καὶ
3082 4390 3317 4458 Πατρδς,
3347 4392 3401 4441 ὲν
3421 4393 3551 4458 ἡμῖν
3583 4394 3779 4458 ἕχθζιεν

511 4491 777 4535 maturum
814 4499 1047 4549 unquam
1086 4483 1339 4544 arbitror,
1376 4482 1605 4551 afﬂatum
1649 4499 1713 4536 ex
1744 4484 1923 4536 divina
1962 4487 2087 4536 sub-
2127 4485 2171 4541 D
2202 4502 2277 4537 και

2012 4487 2087 4535 tb-
2127 4485 2171 4541 D
2202 4486 2344 4537 κατὰ
2382 4485 2442 4536 τὸ
2480 4484 2568 4535 ὑπ’
2621 4482 2786 4534 αὐτοῦ
2840 4484 3133 4550 εἰρημένον
3161 4496 3174 4509 ⁸
3216 4501 3233 4531 ι
3302 4482 3359 4533 ὐ
3408 4482 3636 4552 τρώγων
3677 4502 3778 4550 μω

512 4576 709 4628 stantia
739 4575 1123 4643 procedentem,
1152 4576 1373 4629 animali
1413 4576 1643 4626 animam
1677 4577 1976 4635 exstitisse;
2002 4577 2093 4628 sed

513 4666 749 4717 animato
775 4667 972 4732 potius,
1013 4678 1062 4719 et
1092 4668 1161 4718 ad
1194 4668 1569 4733 praprietatem
1615 4679 1821 4720 natura'
1851 4667 2094 4734 perfecta:

514 4772 581 4807 ea:
613 4758 788 4807 anima
832 4766 881 4807 et
931 4774 1147 4816 corpore
1171 4761 1410 4818 deducto,
1451 4769 1654 4812 natura:
1687 4776 1797 4811 sua»
1827 4760 1982 4812 reluti
2016 4760 2090 4811 si-

514 4849 796 4918 gnaculum
824 4848 1124 4903 Creatorem
1157 4853 1501 4919 impressis“,
1539 4851 1790 4919 Spiritum
1826 4862 2092 4908 sanctum.

516 4942 574 4992 id
604 4951 702 5000 est,
739 4941 1062 5006 spiraculum
1094 4944 1246 5007 vitw;
1279 4960 1369 5002 per
1405 4945 1544 5014 quod
1580 4946 1647 4997 ad
1686 4945 1953 5012 archctgpi
1981 4944 2096 5011 pul-

515 5034 866 5087 chritudinem
898 5034 1241 5103 formantur,
1284 5051 1331 5090 et
1375 5040 1444 5090 ad
1483 5037 1749 5093 Creatoris
1780 5039 2093 5106 imaginem,

517 5129 588 5180 ad
615 5144 765 5180 antire
790 5129 1003 5181 virtutis
1043 5145 1205 5198 genus
1231 5170 1245 5193 ,
1280 5131 1466 5183 inserti
1513 5131 1558 5183 ei
1588 5129 1819 5198 Spiritus
1850 5130 2005 5199 inque
2039 5146 2098 5182 eo

517 5218 704 5285 locati,
728 5219 917 5273 virtute
942 5229 1326 5285 conservatum,
1346 5221 1699 5289 perﬁceretur.
1724 5222 1937 5276 Amissa
1964 5224 2097 5284 lirec,

520 5326 617 5379 per
666 5310 977 5366 facultatem
1028 5312 1242 5366 arbitrii
1277 5313 1418 5382 (quae
1459 5313 1571 5381 ipsa
1625 5313 1676 5366 in
1734 5316 1973 5375 homine,
2026 5315 2101 5367 ait

518 5402 770 5473 Cyrillus,
811 5404 1057 5473 qnazdam
1088 5405 1341 5475 imaginis
1374 5405 1549 5472 portio
1573 5406 1677 5474 est)
1710 5415 1765 5457 ut
1798 5407 1851 5457 in
1876 5396 2104 5459 'Cbristo

521 5500 726 5552 unione
755 5499 941 5553 itidem
970 5498 1275 5553 divinitatis
1310 5514 1432 5552 cum
1464 5499 1699 5551 humana
1739 5508 1929 5552 natura
1959 5542 1972 5563 ,
2018 5516 2101 5551 re-

521 5597 712 5659 parata
746 5590 877 5658 sint,
912 5600 966 5647 et
996 5606 1091 5660 per
1114 5607 1237 5645 eum
1268 5592 1493 5660 ipsoque
1517 5590 1810 5645 Mediatorc
1837 5592 1889 5644 iu
1926 5591 2104 5654 nobis;

523 5684 666 5736 idem
723 5684 969 5753 pluribus
1012 5684 1403 5756 prosequitur:
1438 5684 1533 5740 sed
1588 5684 1700 5739 inec
1764 5684 1919 5739 nobis
1961 5684 2105 5739 solli-

522 5776 692 5831 ciant.

2195 4577 2294 4645 τὴν
2336 4578 2536 4644 σάρκα,
2566 4595 2583 4627 s
2624 4594 2675 4628 κ.
2712 4592 2761 4627 τ.
2796 4578 2817 4624 ἐ
2848 4593 2859 4604 ι
2898 4574 3087 4625 Totum
3140 4575 3471 4625 incarnatum
3520 4573 3685 4625 Deum
3732 4586 3778 4625 rt

2200 4669 2483 4722 Dominum
2529 4676 2765 4720 nostrum
2814 4665 2995 4719 Jesuin
3036 4664 3335 4726 Christum,
3371 4666 3609 4717 eumdem
3642 4666 3734 4717 Dei
3763 4706 3777 4727 ,

2212 4756 2534 4825 Virginisque
2565 4773 2625 4809 ac
2656 4755 3131 4809 intemeratissimaz
3160 4755 3351 4809 Maria:
3404 4752 3629 4818 Filium,
3663 4772 3781 4809 eum

2198 4852 2285 4918 qui
2316 4848 2455 4902 sedet
2486 4850 2540 4901 in
2569 4849 2783 4902 dextera
2812 4846 2907 4900 Dei
2939 4857 2987 4900 et
3014 4845 3217 4912 Patris,
3248 4848 3302 4900 in
3336 4847 3485 4901 nobis
3511 4848 3780 4910 habemus,

2192 4946 2354 5013 juxta
2385 4961 2445 4996 ac
2477 4944 2675 4995 dictum
2708 4943 2771 4997 ab
2822 4944 2915 4995 illo
2945 4952 3043 4997 est.
3109 4961 3127 4992 ι
3162 4943 3265 5008 Qui
3298 4945 3577 4995 ntattu'ttcat
3614 4960 3781 4995 meum

2201 5051 2462 5101 carnem,»
2494 5046 2590 5087 etc.
2638 5035 2766 5101 Qua:
2811 5033 2972 5086 verba
3027 5033 3153 5087 alibi
3207 5033 3287 5087 sic
3334 5032 3676 5103 exponitzlu
3709 5052 3786 5084 me

2205 5136 2397 5186 manet,
2441 5129 2499 5178 ὲν
2540 5129 2606 5195 τῇ
2636 5129 2743 5196 ἐμῇ
2780 5126 2928 5198 δόξῃ,
2959 5128 3015 5179 ὲν
3043 5126 3120 5195 τῷ
3145 5127 3264 5194 ἐμῷ
3291 5127 3451 5194 φωτὶ,
3489 5128 3546 5179 ἐν
3568 5128 3632 5194 τῇ
3676 5128 3784 5193 ἐμῇ

2205 5220 2461 5289 Θεὸτητι·
2492 5217 2557 5271 In
2593 5206 2705 5272 mea
2738 5220 3005 5283 claritate,
3052 5221 3106 5272 in
3158 5235 3270 5273 meo
3309 5221 3527 5283 lumine,
3573 5220 3629 5271 in
3670 5236 3785 5272 mea

2210 5308 2446 5373 Deitnte;
2472 5323 2592 5378 qua:
2624 5309 2925 5375 suntdigne
2954 5307 3490 5371 cotnmunicantinm,
3520 5320 3572 5361 et
3600 5324 3786 5367 eorum

2207 5400 2299 5469 qui
2335 5401 2511 5454 divino
2545 5400 2633 5453 illo
2666 5399 2788 5454 cibo
2823 5415 2947 5454 vere
2976 5412 3153 5454 mente
3192 5400 3524 5453 reﬁciantur.

2282 5492 2519 5546 Nimium
2555 5504 2660 5555 cst,
2689 5495 2830 5560 quod
2865 5492 2935 5544 ita
2966 5492 3383 5555 revelationeui,
3424 5492 3691 5553 notitiam,
3728 5492 3793 5544 il-

2213 5587 2611 5650 lustrationem,
2650 5598 2713 5637 ac
2745 5600 2862 5652 qua!
2890 5584 3151 5651 ejusmodi
3188 5596 3311 5637 sunt
3346 5586 3625 5653 ιιι-ἀιδίου,
3663 5596 3716 5640 ut
3740 5599 3785 5636 et

2214 5681 2415 5733 donum
2452 5677 2672 5747 gratim,
2705 5680 2845 5746 quod
2880 5679 3164 5733 habentem
3200 5678 3384 5745 lateat,
3419 5679 3664 5733 rideatur
3694 5693 3790 5730 ett-

2216 5775 2454 5836 t'ludct‘c.
2497 5783 2811 5842 certamque
2839 5774 3059 5829 omnino
3091 5772 3450 5830 ittbabilanlis
3484 5772 3577 5829 Dei
3607 5771 3790 5842 cogni-
