4472 6434
2052 370 2442 429 ΜΑΝΠΕΙᾸΞ
2481 376 2567 433 CA
2583 379 2784 437 [.ECIE

3915 363 4019 451 eeo

776 466 970 561 tiuqmu
1012 465 1279 520 invehere.
1319 468 1467 521 llaud
1522 471 1737 536 quidem
1788 472 2160 540 inficiandum,
2212 481 2342 532 viris
2376 489 2415 540 Α
2446 498 2550 550 quc
2586 484 2723 538 torte
2760 487 2896 540 alter
2926 487 3080 541 alteri
3102 487 3337 557 Symeon
3362 502 3413 544 ct
3444 492 3726 559 Synccllus
3754 509 4021 561 opposue-

772 554 1026 618 perfertis
1061 572 1122 607 ex
1156 558 1461 610 divinorum
1495 560 1545 611 in
1583 562 1661 613 cis
1711 577 1873 616 sensu
1924 580 1985 618 ac
2026 578 2216 636 gustu,
2258 571 2340 620 iu-

771 653 984 706 gentem
1036 649 1322 713 quamdam
1375 651 1505 702 oriri
1542 654 1972 719 persuasionem,
2020 661 2161 723 quod
2207 660 2339 726 justi

768 735 897 793 sint,
934 749 996 785 ac
1032 750 1153 787 vere
1188 737 1294 789 sint
1330 741 1584 807 templum
1623 741 1752 806 Dei,
1802 744 2024 813 ejusque
2054 763 2174 800 esse
2208 765 2341 813 quos

770 826 1046 885 patiuntur
1079 826 1289 879 divinus
1324 829 1545 882 ardores
1581 848 1643 884 ac
1675 834 2061 889 illustrationes
2089 856 2101 890 :
2130 839 2340 893 seclusa

768 921 945 962 tamen
980 914 1325 977 revrlatione,
1353 933 1511 983 quam
1548 931 1600 974 et
1628 922 1716 975 Dei
1747 940 1869 978 esse
1902 938 2051 978 certo
2080 932 2203 994 quis
2239 945 2337 981 no-

764 1001 923 1061 verit,
956 1015 1115 1053 nemo
1145 1018 1203 1055 se
1222 1004 1427 1070 justum
1460 1008 1535 1059 sic
1560 1011 1782 1063 omnino
1801 1013 2118 1065 existimare
2144 1025 2336 1081 potest,

763 1099 823 1142 ut
859 1106 964 1141 non
997 1092 1063 1142 sit
1102 1092 1335 1146 formido
1364 1098 1542 1162 a'iqua
1570 1101 1824 1166 oppositi,
1856 1111 1913 1154 ut
1944 1119 2161 1158 necesse
2196 1108 2265 1157 sit
2288 1118 2339 1159 et

762 1181 834 1231 illi
866 1181 1046 1234 dicere
1076 1199 1196 1236 cum
1232 1187 1489 1252 Apostolo
1521 1205 1534 1241 :
1572 1190 1722 1243 Nihil
1754 1194 1881 1244 mihi
1911 1197 2149 1249 conscius
2182 1214 2298 1249 sum
2323 1239 2337 1261 ,

760 1271 853 1321 sed
882 1286 983 1323 non
1010 1273 1061 1324 in
1094 1274 1187 1325 hoc
1218 1276 1548 1341 justiﬁcatus
1581 1296 1722 1334 sum.
1752 1282 1807 1332 In
1831 1291 1952 1334 actu
1979 1293 2155 1338 tamen
2184 1302 2341 1339 exer-

760 1362 888 1423 citn,
932 1372 987 1412 ut
1025 1365 1336 1428 loquuntur.
1374 1370 1449 1419 sic
1502 1369 1811 1424 afﬁciuntur
1836 1412 1850 1433 ,
1886 1383 1942 1425 ut
1971 1391 2135 1429 unum
2172 1377 2335 1429 Deum

759 1456 1021 1520 cogitent,
1057 1471 1155 1509 nec
1208 1458 1276 1510 ab
1310 1474 1373 1511 eo
1419 1461 1643 1528 ejusque
1674 1478 1857 1515 amore
1889 1479 1948 1517 se
1990 1481 2224 1530 unquam
2258 1468 2337 1520 di-

756 1544 880 1595 velli
906 1558 1059 1611 posse
1080 1557 1287 1611 putent.
1319 1547 1492 1611 Quem
1526 1550 1775 1603 allectum
1811 1556 2076 1621 expressit
2106 1555 2333 1616 Paulus,

759 1644 878 1684 cum
913 1635 983 1686 ait
1008 1651 1019 1685 :
1045 1635 1172 1698 Quis
1201 1654 1293 1690 nos
1325 1641 1591 1703 separabit
1615 1659 1647 1695 a
1690 1642 1949 1697 cltaritate
1975 1644 2066 1697 Dei
2092 1646 2114 1698 7
2137 1646 2340 1712 Sicque

758 1734 890 1774 sane
934 1722 1276 1793 intelligenda
1326 1727 1413 1780 illa
1456 1728 1737 1797 Symeouis
1764 1771 1778 1795 ,
1818 1748 1938 1801 qum
1967 1737 2089 1802 plus
2130 1737 2332 1804 aliquid

2454 576 2584 625 rint.
2623 577 2777 637 Quod
2814 576 2973 629 refert
3015 578 3249 645 Symeon
3287 580 3541 632 Eustratii
3590 584 3863 648 martyris,
3910 585 4015 637 virs

2448 676 2560 717 tute
2587 665 2897 726 clarissimi,
2933 668 3264 735 esetnplum,
3298 685 3410 723 rem
3451 687 3556 723 non
3594 671 3845 733 conficit;
3879 675 4018 739 quod

2445 754 2652 807 Scilicet
2683 756 2872 808 dixerit
2904 774 2916 808 :
2947 756 3057 807 Νῦν
3112 758 3282 824 ἔγνων
3313 762 3392 811 ὅτι
3449 760 3572 822 ναὸς
3596 761 3730 812 Θεοῦ
3768 763 3906 827 εἰμι,
3930 765 4021 814 καὶ

2442 841 2501 890 τὺ
2534 843 2752 910 Πνεῦμα
2778 845 2943 896 αὐτοῦ
2974 848 3113 897 οἰκεῖ
3135 849 3190 898 ἐν
3223 849 3364 916 ἐμοί.
3395 868 3413 899 ι
3438 849 3488 899 Ἀ
3504 851 3736 917 πόστητε
3757 852 3849 902 ἀπ’
3882 851 4016 918 ἐμοῦ

2443 931 2646 993 πάντες
2658 934 2706 984 ol
2721 935 2949 1001 ἐργάται
2967 937 3061 1002 τῆς
3075 937 3327 1004 ἀνομίας.
3358 956 3377 989 s
3399 939 3539 1007 Πρὸς
3555 940 3611 991 δὲ
3626 943 3715 991 τὸν
3732 941 4020 1002 δικάζοντα

2443 1020 2730 1087 τύραννον,
2778 1024 2842 1074 Εἰ
2892 1040 2974 1076 σοι
3031 1024 3098 1076 τά
3137 1026 3470 1094 αἰσθητήρια
3526 1028 3636 1079 τῶν
3690 1030 3907 1095 φρενῶν
3949 1030 4022 1097 μὴ

2445 1107 2731 1174 ἠλλοίωτο,
2765 1111 2861 1162 καὶ
2910 1112 2987 1179 τῷ
3035 1114 3141 1164 τῶν
3195 1114 3383 1165 παθῶν
3419 1116 3701 1183 φυράματι
3740 1118 3813 1183 μὴ
3857 1135 4021 1169 κατε-

2447 1197 2723 1249 σκεύαστο
2784 1199 2917 1267 πρὸς
2965 1202 3026 1252 τὸ
3082 1202 3282 1267 γειτιδες
3337 1205 3369 1270 ἡ
3402 1205 3547 1273 ψυχή
3582 1221 3702 1265 σου,
3736 1206 3914 1268 ἔδειξα
3962 1210 4027 1260 ἄν

2442 1302 2525 1337 σοι
2553 1286 2643 1337 τὸν
2687 1286 3134 1355 Ἐσταυρωμένον
3194 1291 3404 1354 τοῦτον,
3437 1292 3669 1360 Σωτῆρα
3697 1296 3791 1344 καὶ
3816 1294 4026 1362 λυτρωο

2439 1377 2538 1444 τὴν
2564 1380 2655 1429 καὶ
2688 1380 2985 1446 εὐεργέτην
3019 1383 3382 1448 τυγχάνοντα.
3436 1382 3592 1434 Nunc
3617 1384 3851 1450 cognovi,
3883 1385 4022 1450 quod

2444 1468 2689 1531 templum
2739 1466 2834 1519 Dei
2872 1484 3009 1529 sum,
3061 1480 3105 1521 et
3153 1468 3379 1533 Spiritus
3422 1473 3536 1537 ejus
3586 1472 3785 1522 habitat
3834 1474 3884 1521 in
3926 1489 4023 1524 me.

2445 1575 2461 1605 ι
2512 1556 2770 1609 Discedite
2805 1575 2835 1609 a
2868 1575 2969 1620 me,
3006 1576 3186 1611 omnes
3211 1563 3439 1625 operarii
3474 1563 3794 1628 iniquitatis.
3829 1581 3847 1611 ι
3877 1561 3937 1611 Et
3962 1563 4028 1613 ad

2444 1645 2745 1714 Tyrannum
2775 1647 3009 1713 judicent
3044 1662 3061 1699 :
3096 1648 3218 1701 Nisi
3248 1652 3341 1702 tibi
3375 1667 3555 1702 sensus
3589 1654 3768 1703 utentis
3793 1652 4018 1703 evariati

2440 1748 2633 1798 essent,
2679 1738 2990 1806 animusque
3024 1740 3274 1792 vitiorum
3307 1740 3529 1794 colluvie
3556 1752 3602 1794 et
3638 1743 3925 1810 aﬂectuum
3965 1744 4019 1795 in

758 1813 1031 1880 emphasis
1064 1816 1263 1869 habere
1311 1819 1585 1873 videntur.
1623 1820 1776 1875 Facit
1806 1834 1858 1875 et
1910 1824 2038 1877 illud
2089 1827 2334 1894 ejusdem
2371 1800 2411 1854 Β
2445 1839 2703 1881 terrenum
2733 1830 2966 1882 habitum
3005 1833 3302 1893 transisset,
3334 1800 3888 1897 ostendissemutttt'que
3919 1834 4017 1884 tibi

756 1904 995 1968 Apostoli
1025 1923 1036 1956 :
1070 1905 1169 1958 Vos
1197 1909 1334 1975 ipsos
1357 1910 1595 1976 probate,
1620 1915 1664 1964 si
1689 1914 1815 1967 estis
1842 1915 1894 1967 in
1931 1915 2054 1981 ﬁde,
2102 1918 2156 1969 in
2204 1919 2342 1971 dile-

757 1996 944 2052 ctione.
974 1997 1050 2048 Ad
1081 2011 1198 2050 eam
1226 2000 1596 2067 probationem
1633 2014 1898 2068 spectant,
1922 2022 2043 2075 qu:e
2075 2023 2240 2062 serm.
2276 2008 2343 2064 de

756 2084 972 2139 Jndicio
1019 2087 1097 2142 sic
1141 2090 1298 2143 habet
1333 2107 1346 2143 :
1415 2111 1433 2143 ι
1470 2092 1741 2157 Ἕκαστος
1777 2096 1935 2165 ήμῶν
1980 2098 2172 2150 ἑαυτὸν
2211 2098 2339 2151 θεα-

759 2178 967 2238 σάσθω.
999 2180 1047 2231 ei
1079 2180 1170 2232 τὸν
1214 2182 1347 2234 Θεδν
1375 2185 1549 2252 Λόγον
1582 2186 1806 2241 ἐλθόντα
1846 2188 2059 2252 ἔλασεν,
2092 2191 2125 2252 ἢ
2152 2192 2340 2244 τέκνον

756 2267 892 2319 θεοῦ
933 2272 1229 2335 breves-0,5!
1270 2275 1369 2325 οὐκ
1416 2275 1474 2338 ἐξ
1502 2277 1735 2344 αἵματος
1785 2278 1878 2330 καὶ
1916 2280 2119 2346 σαρκὸς
2153 2282 2336 2349 μόνον,

755 2359 891 2411 ἀλλά
911 2361 1006 2411 καὶ
1036 2363 1101 2413 ὲκ
1125 2361 1260 2415 Θεοῦ
1290 2366 1602 2434 γεγένηται,
1629 2367 1676 2417 εἱ
1709 2366 1851 2432 ἔγνω
1877 2369 1969 2420 τὸν
1988 2370 2339 2440 σαρκωθέντα

756 2455 928 2518 Λόγον
965 2456 1326 2523 σκηνώσαντα
1356 2461 1413 2509 ὲν
1447 2458 1619 2528 αὐτῷ,
1644 2461 1738 2512 καὶ
1764 2461 1813 2512 εἰ
1834 2460 2098 2515 ἐθεάσατο
2131 2462 2229 2533 τὴν
2252 2464 2339 2515 δό-

758 2547 857 2608 ξαν
889 2547 1075 2611 αὐτοῦ,
1100 2548 1255 2613 δόξαν
1276 2550 1350 2613 ὡς
1382 2550 1726 2619 Μονογενοῦς
1763 2553 1914 2624 παρά
1941 2556 2173 2625 Πατρός.
2212 2554 2341 2607 Ἰδοὺ

756 2638 948 2703 γέγονε
980 2639 1327 2709 Χριστιανὸς,
1357 2644 1452 2693 καὶ
1478 2642 1919 2712 ἀναγεννηθέντα
1964 2644 2157 2697 ἑαυτὸν
2193 2644 2342 2698 ἐθεά-

757 2747 911 2794 σατο,
935 2731 1025 2783 καὶ
1045 2733 1137 2784 τὸν
1157 2734 1492 2801 γεννήσαντα
1510 2734 1670 2786 αὑτὸν
1692 2735 1914 2804 Πατέρα
1940 2734 2254 2802 ἐγνώρισεν,
2280 2736 2340 2787 οὐ

758 2824 904 2890 λόγῳ
937 2825 1123 2891 μόνον,
1154 2825 1271 2877 ἀλλ’
1317 2825 1467 2896 ἔργῳ
1497 2827 1716 2895 χάριτος
1754 2828 1849 2879 καὶ
1896 2827 2172 2896 ἀληθείας.
2222 2827 2344 2894 Ἐμ-

759 2915 1035 2981 μένωμεν,
1057 2914 1292 2983 ἀδελφοὶ,
1313 2918 1370 2968 ἐν
1388 2918 1560 2985 τούτῳ
1576 2917 1654 2987 τῷ
1675 2917 1923 2985 ἐσόπτρῳ
1943 2918 2037 2985 τῆς
2062 2916 2341 2987 ἀληθείας,

758 3006 852 3057 καὶ
879 3006 1207 3073 ἀποστῶμεν
1234 3008 1329 3075 τῆς
1364 3006 1635 3078 βλαϐερᾶς
1663 3008 1760 3061 καὶ
1788 3006 2150 3078 αἱρεσιὼδους
2194 3009 2342 3061 διδα-

2443 1920 2579 1972 hunc
2614 1922 2949 1988 cruciﬁxum,
2979 1924 3069 1992 qui
3088 1922 3336 1976 Salvator
3361 1933 3408 1975 et
3436 1926 3727 1989 redemptor
3747 1941 3811 1976 ac
3830 1923 4022 1991 beneﬁ—

2444 2027 2535 2065 cus
2565 2014 2650 2067 sit.
2676 2010 2789 2065 Non
2814 2014 2957 2066 enim
2981 2016 3245 2082 sequitur,
3276 2016 3419 2082 quod
3447 2016 3517 2066 ita
3552 2014 3782 2083 Syuieun
3808 2015 4011 2067 infert:

2446 2098 2598 2166 Εἶδες
2636 2104 2752 2166 πῶς
2787 2106 2818 2173 ἡ
2872 2104 3056 2166 πίστις
3090 2107 3196 2157 τῶν
3235 2107 3412 2174 ἔργων
3462 2107 3584 2173 δέχα
3634 2109 3805 2174 νεκρά
3860 2108 4016 2171 ἔστις

2446 2192 2561 2259 Πρὸ
2624 2194 2734 2260 γάρ
2773 2192 2871 2244 τοῦ
2912 2192 3179 2245 εἰσελθεῖν
3237 2195 3317 2251 εἰς
3374 2192 3501 2253 τοὺς
3558 2192 3653 2243 τοῦ
3713 2192 4020 2259 μαρτυρίου

2445 2284 2662 2349 ἀγῶνας
2708 2284 2798 2335 τὸν
2848 2284 3026 2349 ἆγιον,
3058 2283 3252 2351 ἐπειδὴ
3284 2282 3385 2350 τὴν
3436 2282 3624 2333 πίστιν
3660 2281 3830 2348 μόνην
3854 2276 4023 2348 εἶχεν,

2445 2378 2545 2428 οὐκ
2576 2371 2690 2445 εἶχε
2740 2374 2801 2427 τὸ
2854 2374 3080 2443 Πνεῦμα
3119 2373 3182 2427 τὸ
3232 2375 3387 2440 ἆγιον
3432 2373 3488 2423 ὲν
3524 2372 3696 2442 αὐτῷ’
3726 2372 3815 2423 ὅτε
3858 2371 3915 2423 δὲ
3964 2374 4029 2423 ὲκ

2444 2469 2554 2521 τῶν
2583 2466 2764 2537 ἔργων
2794 2466 2900 2535 τὴν
2937 2467 3125 2520 πίστιν
3156 2465 3348 2531 ἔδειξε,
3381 2465 3502 2517 τότε
3536 2465 3629 2516 καὶ
3662 2464 3790 2517 ναὸν
3836 2463 4028 2515 ἑαυτὸν

2446 2559 2584 2613 Θεοῦ
2609 2559 2848 2628 ἐπέγνω,
2882 2560 2979 2611 καὶ
3006 2558 3067 2610 τὸ
3101 2556 3331 2625 Πνεῦμα
3365 2554 3534 2608 αὑτοῦ
3558 2556 3618 2607 τὸ
3656 2555 3815 2620 ἅγιον
3843 2552 4029 2606 οἰκοῦν

2446 2653 2504 2704 ὲν
2552 2650 2733 2719 ἑαυτῷ
2770 2649 3089 2718 γνωπικῶς
3119 2649 3233 2710 τοῖς
3281 2650 3485 2716 νοεροϊς
3520 2645 3820 2714 ὀφθαλμοῖς
3864 2645 4023 2697 ἐθεά-

2446 2760 2595 2797 σατο.
2631 2740 2773 2796 Vides
2796 2742 3053 2810 quomodo
3080 2740 3210 2804 fides
3242 2740 3353 2791 sine
3391 2736 3630 2805 operibus
3669 2745 3874 2789 mortua
3898 2745 3971 2786 est
4005 2734 4033 2788 .’

2444 2834 2761 2901 Priusquam
2787 2832 2925 2885 enim
2956 2839 3171 2883 sanctus
3205 2829 3447 2896 martyrii
3475 2828 3772 2879 certamina
3800 2826 4021 2886 subiret,

2446 2925 2586 2993 quod
2603 2922 2770 2976 solam
2801 2922 2956 2988 ﬁdem
2985 2922 3219 2981 haberet,
3246 2935 3349 2971 non
3372 2918 3593 2971 habebat
3619 2917 3671 2969 in
3694 2933 3749 2970 se
3775 2916 4035 2984 Spiritum

2445 3026 2708 3069 sanctum.
2741 3012 2845 3067 Ubi
2867 3022 3044 3065 autem
3072 3027 3137 3063 ex
3168 3010 3410 3076 operibus
3438 3009 3595 3076 ﬁdem
3624 3008 3876 3065 ostendit.
3912 3016 4037 3058 tunc

760 3096 987 3159 σκαλίας
1046 3100 1137 3149 καὶ
1193 3099 1453 3160 ἀπονοίας
1499 3098 1608 3151 τῶν
1664 3099 1930 3166 λεγόντων
1998 3101 2073 3170 μὴ
2129 3102 2342 3153 ἀποκα-
2371 3124 2416 3184 c
2447 3116 2494 3161 et

2262 3118 2342 3153 ια·
2371 3124 2416 3184 c
2447 3116 2494 3161 et
2537 3123 2589 3159 se
2628 3106 2719 3158 Dei
2764 3104 3015 3173 templum
3060 3119 3175 3156 esse
3220 3101 3460 3170 agnovit,
3505 3101 3717 3167 eiusque
3764 3097 4028 3164 Spiritum

757 3186 1060 3240 λύπτεσθαι
1094 3190 1188 3240 νῦν
1233 3190 1294 3241 ὲν
1338 3192 1470 3260 ημῖν
1519 3193 1630 3252 τοῖς
1667 3194 1880 3253 πιστοῖς
1921 3192 2017 3262 τὴν
2052 3193 2210 3257 δόξαν
2242 3193 2341 3259 τῆς

761 3280 1034 3350 Θεότητος
1086 3280 1183 3334 τοῦ
1247 3274 1457 3350 Κυρῖου
1502 3282 1677 3350 Ἰησοῦ
1738 3282 1828 3335 διὰ
1884 3284 1981 3352 τῆς
2043 3283 2137 3336 τοῦ
2184 3263 2340 3351 ἀγίου

760 3373 1088 3441 Πνεύματος
1112 3372 1345 3441 δωρεᾶς.
1378 3373 1442 3425 Ἢ
1470 3374 1581 3442 γὰρ
1602 3374 1781 3441 δωρεὰ
1813 3377 1871 3427 ἐν
1898 3379 1966 3444 τῇ
1999 3376 2342 3444 ἀποκαλύψει

757 3464 993 3517 δίδοται·
1056 3465 1150 3517 καὶ
1181 3467 1215 3533 ἡ
1266 3464 1612 3532 ἀποκάλυψις
1648 3465 1735 3517 διὰ
1787 3466 1885 3534 τῆς
1930 3466 2137 3535 δωρεᾶς
2188 3469 2342 3534 ἐνερ-

757 3559 938 3624 γεῖται
965 3572 978 3586 ο
1012 3555 1242 3623 Quisque
1265 3566 1502 3609 nostrum
1529 3558 1723 3619 videat,
1754 3574 1877 3609 num
1914 3557 2079 3611 Deum
2118 3556 2342 3611 Verbum

758 3650 1043 3702 venientem
1079 3650 1384 3716 susceperit,
1412 3664 1533 3700 num
1567 3648 1658 3701 Dei
1693 3646 1861 3701 Filius
1888 3650 2102 3717 effectus
2134 3649 2245 3712 sit;
2276 3665 2343 3701 an

758 3759 865 3794 non
928 3758 991 3794 ea:
1044 3742 1300 3808 sanguine
1340 3741 1511 3793 solum
1559 3751 1605 3793 st
1663 3757 1859 3804 carne,
1911 3745 2000 3794 sed
2034 3753 2079 3794 et
2127 3756 2191 3793 ea:
2240 3741 2347 3795 Deo

760 3844 919 3888 status
948 3834 1056 3896 sit;
1096 3850 1216 3885 num
1266 3832 1490 3885 Verbum
1521 3834 1861 3885 incantatam
1895 3834 1949 3885 in
1996 3849 2051 3886 se
2096 3834 2345 3886 habitans

760 3928 1083 3994 cognoverit,
1115 3933 1162 3978 et
1191 3925 1417 3994 gloriam
1457 3926 1594 3992 ejus,
1628 3924 1855 3993 gloriam
1881 3925 2035 3993 quasi
2084 3924 2348 3993 Uuigeniti

761 4036 796 4076 tt
825 4019 990 4072 Patre
1020 4018 1203 4071 viderit
1227 4018 1251 4070 ?
1284 4021 1418 4070 Ecce
1446 4016 1783 4072 Christianus
1807 4020 1992 4083 evasit,
2022 4032 2178 4085 seque
2206 4033 2347 4085 rege-

760 4122 1004 4164 neratum
1043 4111 1211 4173 vidit,
1261 4119 1309 4162 et
1338 4126 1440 4179 quo
1489 4121 1641 4162 natus
1691 4118 1789 4171 est,
1834 4108 2049 4161 Patrem
2084 4110 2347 4174 cognovit,

759 4220 866 4257 non
893 4202 1043 4257 verbo
1070 4204 1263 4265 solum,
1286 4203 1376 4261 sed
1404 4218 1555 4269 opere
1583 4202 1773 4269 gratim
1796 4211 1840 4252 et
1868 4201 2125 4253 veritatis.
2160 4197 2349 4252 Perse-

760 4312 1013 4361 veremus,
1048 4296 1262 4362 fratres,
1294 4295 1348 4346 in
1390 4295 1625 4347 veritatis
1661 4293 1756 4345 hoc
1791 4292 2020 4358 speculo,
2047 4301 2094 4343 et
2123 4308 2155 4343 a
2188 4291 2345 4343 noxia

759 4405 824 4440 ac
844 4388 1091 4441 lueretica
1114 4387 1357 4440 doctrina
1382 4386 1744 4453 sententiaque
1775 4399 1953 4437 eorum
1981 4382 2347 4444 abscedentes,

2444 3206 2684 3251 sanctum
2717 3197 2775 3248 in
2808 3212 2862 3249 se
2888 3195 3154 3257 habitare,
3186 3192 3451 3259 sapienter
3485 3194 3670 3243 mentis
3706 3189 3870 3241 oculis
3904 3204 4035 3240 con-

2442 3291 2631 3359 spexit.
2678 3288 2831 3343 Unde
2866 3286 3011 3341 enim
3050 3286 3130 3337 \ir
3168 3285 3255 3336 ἐπ’
3289 3284 3461 3353 ἀρετῇ
3498 3280 3841 3350 περιϐόητος,
3874 3278 4036 3333 Chri—

2444 3383 2619 3435 stiana
2660 3377 2870 3433 scilicet
2906 3376 3104 3430 virtute
3136 3374 3508 3441 conspicuus,
3539 3372 3653 3427 sola
3688 3370 3813 3432 ﬁde,
3860 3385 4035 3439 eaque

2446 3472 2583 3525 adeo
2632 3479 2842 3523 mortua
2900 3454 3201 3536 praeditus?
3253 3464 3364 3518 lmo
3420 3463 3609 3517 habuit
3665 3472 3718 3515 et
3769 3459 4036 3528 Spiritum

2446 3570 2697 3617 sanctum
2736 3569 2789 3614 et
2819 3559 3044 3620 donum,
3076 3557 3167 3610 sed
3203 3556 3346 3609 inter
3370 3554 3665 3608 certamina
3710 3552 3880 3619 magis
3921 3551 4020 3603 ha-

2448 3652 2563 3706 buit
2595 3660 2651 3705 et
2676 3649 2914 3719 agnovit,
2943 3646 3021 3700 uti
3050 3645 3410 3713 Augustinus,
3443 3644 3496 3697 in
3526 3641 3682 3697 Joan.
3711 3642 3776 3695 de
3802 3641 4037 3711 promis-

2448 3744 2597 3798 sione
2635 3741 2870 3812 Spiritus
2897 3738 3163 3808 apostolis
3195 3735 3361 3799 facta,
3395 3735 3641 3802 exponit.

2523 3833 2672 3887 Unus
2703 3833 2857 3885 locus
2888 3840 2993 3894 est,
3039 3843 3199 3897 quem
3233 3826 3399 3880 refert
3432 3825 3540 3879 Leo
3564 3824 3795 3906 Alluins
3824 3839 3888 3877 es
3923 3822 4026 3892 Sy-

2451 3926 2661 3979 meouis
2714 3923 2977 3977 Sermone
3033 3922 3068 3976 3
3116 3921 3182 3973 de
3221 3919 3479 3975 Oratione
3533 3933 3625 3972 seu
3679 3918 4035 3979 Attentione,

2452 4031 2610 4086 quem
2654 4017 2816 4069 etiam
2860 4014 3038 4083 Nipho
3090 4013 3385 4066 Monachus
3443 4012 3706 4064 adversus
3759 4009 4036 4062 Palamam

2454 4117 2629 4177 urget,
2659 4108 2748 4177 qui
2783 4121 2882 4160 nec
2933 4114 3285 4173 apparentem
3343 4102 3693 4166 medicinam,
3748 4113 4043 4154 sensumve

2457 4202 2623 4257 ullum
2657 4200 3031 4262 commodum,
3068 4199 3319 4252 videatur
3348 4196 3613 4265 recipere.
3646 4194 3764 4248 Non
3802 4192 4043 4247 occurrit

2454 4294 2588 4348 mihi
2622 4293 2710 4347 ille
2745 4291 2938 4347 Sermo
2968 4292 3020 4345 in
3055 4290 3190 4345 Cod.
3228 4292 3285 4344 E.
3320 4289 3479 4345 Czird.
3515 4289 3713 4342 Manr.
3751 4300 3815 4340 ac
3842 4300 3947 4342 nec
3985 4285 4040 4339 in

2458 4385 2567 4440 illis
2599 4400 2722 4454 quae
2750 4384 3031 4439 Pontanus
3063 4382 3230 4437 latine
3261 4381 3449 4436 edidit.
3481 4379 3642 4435 Certe
3692 4380 3738 4435 si
3796 4379 3866 4434 ita
3907 4379 4043 4433 scri-

758 4482 849 4547 qui
874 4481 1076 4542 dicunt,
1105 4496 1208 4532 non
1238 4478 1456 4531 revelari
1494 4494 1630 4530 nunc
1654 4475 1802 4531 nobis
1830 4475 2101 4542 ﬁdelibus,
2128 4473 2343 4526 Domini
2381 4471 2424 4525 ι)
2450 4478 2558 4546 psit
2602 4477 2839 4546 Symeon
2859 4516 2872 4539 ,
2909 4490 3015 4529 non
3049 4475 3234 4527 divino
3265 4473 3469 4542 Spiritu
3493 4513 3507 4536 ,
3543 4472 3637 4529 sed
3683 4487 3803 4535 suo,
3840 4471 4043 4537 illoque

759 4572 888 4628 Iesu
924 4573 1147 4625 Deitatis
1184 4572 1503 4634 claritatem,
1541 4586 1632 4637 per
1670 4570 1864 4622 donum
1896 4568 2068 4621 sancti
2092 4565 2346 4633 Spiritus.

760 4666 969 4718 Donum
1006 4668 1147 4718 enim
1196 4666 1250 4717 in
1288 4663 1603 4717 reuelatione
1643 4664 1839 4726 datur',
1884 4671 1935 4715 et
1978 4660 2224 4714 revelatio
2256 4675 2348 4713 seu

761 4757 1142 4825 manifestatio,
1196 4772 1287 4824 per
1336 4757 1529 4810 donum
1576 4764 1882 4825 prtestatur.
1931 4752 2193 4807 Videntur
2239 4753 2352 4805 haec

762 4850 923 4919 paulo
950 4836 1189 4914 duriora,
1241 4850 1341 4901 nisi
1374 4848 1768 4918 'intrlligantnr
1800 4847 1865 4898 de
1912 4858 2076 4898 sensu
2117 4844 2350 4912 quodam

759 4957 824 4995 ac
849 4951 1006 5011 gustu
1038 4939 1093 4994 in
1128 4940 1396 5005 ﬁdelibus,
1429 4939 1731 5009 praesertim
1760 4936 2101 5006 sapientibus
2134 4944 2188 4989 et
2220 4949 2351 5005 per—

758 5034 943 5097 fectis,
979 5047 1117 5102 quos
1146 5031 1322 5087 Graeci
1354 5033 1692 5099 γνωστικοὺς
1743 5037 1965 5084 vocant.
2016 5028 2350 5097 Quandoque

756 5127 921 5180 etiam
980 5126 1032 5179 in
1087 5125 1479 5193 incipientibus
1518 5134 1571 5177 et
1614 5123 2009 5195 pmnitcntibus
2042 5121 2094 5175 in
2133 5120 2350 5177 fervore

759 5218 948 5281 animi,
980 5231 1116 5285 quos
1150 5217 1335 5274 videre
1366 5218 1606 5271 divinum
1641 5217 1820 5270 lumen
1853 5215 1927 5269 ait
1964 5215 2222 5285 Symeon,
2254 5215 2347 5267 sed

762 5326 867 5364 non
908 5307 1159 5377 adipisci.
1186 5307 1332 5377 quod
1376 5309 1666 5363 ulteriores
1694 5307 2026 5377 pmnitentize
2058 5305 2272 5360 labores
2296 5316 2350 5358 et

759 5401 1063 5468 certamina
1121 5400 1447 5455 detrectent.
1506 5398 1618 5454 Nec
1670 5403 1877 5468 absque
1921 5413 2108 5452 errore
2164 5397 2352 5466 negari

764 5502 958 5564 petest.
985 5490 1138 5561 Quod
1173 5504 1355 5547 autem
1386 5508 1598 5559 omnes,
1639 5493 1691 5547 iu
1727 5492 1926 5562 quibus
1961 5490 2134 5562 gratia
2170 5504 2353 5546 secre-

758 5586 873 5641 tius
912 5594 1204 5655 operatur;
1243 5601 1341 5641 nec
1369 5597 1456 5641 est
1486 5587 1576 5641 illa
1612 5585 1873 5641 revelatio
1901 5599 1995 5641 seu
2039 5583 2355 5639 manifesta-

758 5682 863 5746 tio,
897 5678 1039 5749 quod
1065 5678 1300 5751 Symeon
1343 5680 1558 5735 videtur
1590 5680 1835 5750 exigere,
1868 5687 2136 5733 mortuam
2186 5676 2348 5732 ﬁdem

761 5775 1023 5847 habeant,
1052 5774 1263 5852 hocque
1290 5773 1377 5831 ille
1410 5773 1559 5847 velit,
1596 5773 1822 5845 maioris
1848 5772 2052 5829 erroris
2081 5771 2171 5828 sit.
2201 5770 2351 5825 ηπεο-

2455 4577 2700 4632 errante,
2730 4566 2974 4635 scripsit.
3019 4564 3110 4619 Sic
3143 4576 3327 4618 autem
3377 4564 3686 4630 scripsisse;
3717 4573 3771 4616 et
3798 4562 3852 4614 in
3883 4562 4044 4613 disci-

2453 4661 2609 4730 pulos
2638 4654 2905 4729 sparsisse
2921 4674 3043 4727 qua:
3066 4657 3370 4712 Messaliani
3401 4667 3454 4711 et
3479 4654 3934 4725 Omphalopsyrhi
3957 4654 4043 4705 in-

2456 4765 2540 4809 ter
2580 4768 2782 4824 paucos
2812 4752 3075 4806 duntaxat
3109 4749 3386 4819 magisque
3418 4748 3603 4802 ﬁdeles
3635 4747 3994 4800 mussitabunt
4020 4782 4036 4803 ,

2454 4856 2509 4901 et
2539 4846 2593 4899 in
2626 4844 2735 4899 illis
2770 4844 3026 4897 damnata
3061 4849 3221 4894 erant
3246 4882 3260 4905 ,
3298 4855 3407 4894 non
3443 4839 3602 4893 facile
3642 4838 3773 4891 mihi
3813 4850 4044 4906 persua-

2456 4937 2648 5001 deam;
2685 4935 2827 5005 quod
2873 4934 2929 4988 in
2979 4933 3102 4988 aliis
3149 4932 3285 4987 locis
3339 4931 3475 4986 nihil
3509 4929 3774 5001 ejusmodi
3823 4928 4043 4985 habeat.

2458 5028 2639 5099 Exigit
2667 5029 2755 5083 ille
2788 5028 3035 5097 quidem,
3085 5035 3143 5079 ut
3186 5034 3242 5079 et
3290 5025 3487 5093 reliqui
3533 5021 3769 5092 mystici,
3804 5020 3870 5074 ad
3904 5019 4048 5073 reci-

2456 5121 2711 5191 piendum
2738 5120 2977 5175 divinum
3027 5119 3229 5179 lumen,
3258 5116 3495 5185 aliquam
3529 5116 3582 5167 in
3630 5113 3786 5167 nobis
3831 5125 4043 5180 [Inepti-

2462 5214 2765 5277 rationem;
2800 5214 3089 5281 puritatem
3135 5209 3340 5267 cordis,
3375 5206 3787 5265 contritionem,
3823 5201 4045 5253 humili-

2462 5315 2624 5358 tatem
2650 5318 2665 5367 ;
2696 5316 2915 5355 omnem
2947 5300 3185 5369 denique
3222 5297 3517 5357 ἀπάθειαν,
3555 5306 3611 5350 et
3637 5306 3693 5347 ut
3736 5294 3895 5347 homo
3922 5306 4044 5345 sen-

2459 5396 2611 5452 sibus
2640 5394 2869 5449 escedat
2899 5396 3091 5471 eisque
3130 5391 3412 5454 moriatur,
3454 5402 3573 5455 quae
3605 5396 3732 5442 sunt
3766 5384 3923 5454 quasi
3962 5396 4048 5435 rc-

2463 5473 2709 5550 tii0i-ens,
2739 5487 2879 5555 quod
2913 5484 3155 5541 aﬂlatum
3191 5483 3433 5536 divinum
3464 5480 3747 5551 prohibeat
3776 5494 3790 5531 :
3826 5476 3916 5544 qui
3948 5488 4049 5529 m1:

2463 5583 2577 5649 ipse
2605 5581 2688 5633 his
2715 5576 3025 5634 necessario
3056 5592 3244 5631 comes
3276 5576 3345 5631 sit
3375 5616 3389 5639 ,
3422 5575 3513 5628 scd
3548 5580 3707 5642 prout
3736 5568 3934 5623 sederit
3961 5568 4047 5620 di-

2463 5676 2601 5729 vium
2634 5672 2925 5739 voluntati,
2958 5686 3023 5726 ac
3056 5686 3115 5725 sc
3161 5668 3407 5740 Sponsus
3454 5666 3775 5737 dignabitur
3824 5674 4045 5733 sponsa:

2464 5767 2834 5823 manifestare.
2870 5763 2923 5819 Ιιι
2960 5780 3064 5836 qua
3106 5765 3219 5833 ipsa
3256 5778 3310 5817 re
3355 5759 3662 5816 necessaria
3708 5757 3779 5811 sit
3810 5751 4046 5809 maxima
