4472 6434
434 399 532 460 9.81

1196 404 1289 461 DE
1335 404 1697 461 ESSENTIA
1743 405 1833 462 ET
1874 406 2356 466 OPERATIONE
2400 435 2460 445 -
2508 408 2923 466 ΡΙὶςΕΡᾹΤΙι).

3567 404 3672 469 282

438 508 685 574 qua-dum
717 507 977 560 mode~tia
1010 516 1063 558 et
1096 510 1295 565 cautio,
1326 526 1391 560 ne
1411 510 1536 559 dum
1563 524 1753 574 sponsa
1782 512 2004 561 nimium
2040 522 2077 571 Α
2111 525 2190 564 lus
2222 516 2354 565 nihil
2390 516 2596 566 habebis
2631 533 2647 568 :
2683 514 2771 565 sed
2810 515 2990 564 statim
3023 522 3157 565 totus
3191 529 3221 565 a
3269 524 3315 565 te
3349 514 3671 579 disparebit,

442 611 626 651 ti-imre
657 604 803 664 copit
831 598 1038 663 Stltiqtte
1072 598 1344 652 addicere.
1376 611 1424 648 et
1459 600 1509 649 in
1539 599 1653 663 eius
1686 601 1885 651 intrare
1916 615 1999 651 so-

439 703 609 747 creta,
657 688 929 753 Sponsum
978 698 1129 757 cogat
1188 690 1427 740 avolare.
1483 689 1657 741 Serm.
1721 690 1854 753 Περὶ
1905 691 2003 754 τῆς

442 779 703 838 {coortam-3
731 777 1069 842 νεκρώσεως,
1110 791 1222 844 post
1259 790 1636 843 exaggeratam
1699 778 1787 827 Dei
1818 780 2006 846 digna-

445 871 663 927 tionem,
706 869 847 935 quod
889 870 939 920 iu
976 870 1128 919 nobis
1162 850 1255 934 per
1290 870 1661 931 pwuiteutiam
1703 870 2006 921 inhabitare

442 974 508 1008 ac
549 959 881 1010 inambulare
909 959 1196 1017 sustineat,
1237 956 1585 1009 redeuntibus
1612 972 1925 1018 occurrere,
1954 958 2005 1009 in

443 1050 639 1101 collum
683 1064 861 1112 ntere,
886 1048 1070 1100 osculo
1102 1049 1367 1115 accipere,
1400 1062 1462 1100 ac
1493 1050 1696 1115 reliqua
1734 1040 2009 1116 praestare,

444 1157 564 1209 qum
594 1144 691 1193 sub
743 1140 957 1207 Prodigi
996 1155 1226 1209 persona
1279 1155 1343 1194 ac
1395 1140 1649 1208 parabo!a
1711 1141 2007 1209 perscripta

445 1244 569 1284 sunt
606 1235 658 1286 in
691 1233 851 1287 Lucae
898 1232 1229 1300 Evangelio;
1267 1232 1407 1286 unde
1444 1235 1625 1295 homo,
1674 1234 1829 1300 quasi
1878 1248 2017 1299 ιιι-εει

449 1340 620 1388 pnans
649 1323 778 1386 Deo,
810 1338 983 1393 eoque
1013 1326 1205 1391 plenus
1226 1365 1240 1386 ,
1273 1324 1415 1377 intra
1449 1324 1698 1375 notitiam
1731 1338 1852 1376 eum
1890 1338 2017 1391 por-

449 1424 549 1475 Iul,
589 1414 677 1478 qui
723 1413 897 1479 ipsum
931 1422 1234 1476 portantem
1270 1422 1321 1464 et
1350 1415 1531 1466 omnia
1565 1415 1817 1481 produxit
1867 1427 2017 1465 crea-

448 1508 657 1569 titque,
714 1504 1003 1571 Θησαυρὸν
1068 1505 1294 1569 ἄφατον,
1362 1504 1747 1569 ἀνεκλάλητον,
1792 1503 2015 1564 ἀποσον,

450 1595 680 1654 ἀνῐδεον,
733 1594 916 1655 ἇῦλον,
971 1594 1397 1661 ἀσχημάτιστον,
1435 1595 1490 1643 ὲν
1522 1594 1791 1659 ἀμηχάνῳ
1836 1592 2018 1644 κάλλει

452 1682 904 1749 μεμορφωμένου,
938 1682 1056 1731 ὅλον
1094 1681 1315 1742 ἁπλοῦν,
1346 1681 1534 1749 ὥσπερ
1583 1683 1717 1746 φῶς,
1752 1683 1843 1731 τὸν
1878 1681 2017 1749 ὑπὲρ

448 1775 557 1823 πᾶν
587 1774 723 1837 φῶς.
772 1771 1099 1826 Thesaurum
1130 1773 1474 1838 ineﬂ'abilem,
1502 1773 1651 1824 nulla
1679 1774 1934 1825 sermonis
1970 1775 2016 1825 vi

2114 606 2379 667 multaque
2415 617 2459 655 te
2485 605 2752 669 pwnitudo
2819 605 3028 661 tenebit,
3059 617 3106 654 ct
3150 606 3368 669 lugebis,
3411 618 3675 657 conteres-

2110 709 2203 757 que
2236 698 2450 745 tcinsum
2481 704 2526 743 et
2563 698 2755 751 (πτόης,
2794 710 2881 741 nec
2924 695 3074 751 plane
3108 696 3389 758 quidquam
3420 694 3676 744 roniinodi

2110 784 2317 848 referes.
2354 784 2494 846 Quid
2538 786 2647 834 haec
2678 786 2755 835 sic
2787 793 2934 833 casta
2969 792 3016 833 et
3049 784 3286 845 climata,
3317 799 3439 835 cum
3478 785 3676 835 Messa-

2110 870 2377 924 Iianornm
2416 874 2570 937 nugis
2606 887 2731 922 vare
2765 873 3090 923 meretriciis
3125 886 3177 924 ct
3229 888 3292 925 cx
3339 890 3467 924 orco
3497 874 3679 940 profe-

2111 963 2251 1016 CIis?
2278 963 2375 1014 Vix
2415 965 2527 1030 ipse
2558 964 2656 1015 nisi
2688 964 2807 1013 aliis
2838 963 2976 1013 edita
3006 962 3321 1029 proferrem.
3354 963 3536 1014 Priora
3566 966 3683 1029 qui-

2090 1056 2233 1130 ‘dam
2271 1053 2370 1103 tria
2408 1053 2727 1102 documenta
2765 1051 2830 1102 ad
2863 1050 3375 1115 contemplationem
3413 1066 3518 1102 non
3553 1053 3681 1102 int;-

2116 1142 2263 1206 tilia;
2288 1140 2456 1192 otium
2483 1140 2751 1205 quoddam
2775 1154 2835 1191 ac
2862 1140 3071 1190 vacatio
3097 1153 3123 1188 a
3149 1138 3375 1204 negotiis
3399 1138 3674 1200 omnibus,

2118 1235 2181 1286 iis
2199 1234 2357 1285 etiam
2378 1249 2495 1303 qttaa
2520 1234 2744 1288 honesta
2760 1235 3066 1297 videantur;
3091 1234 3423 1286 conscientia
3452 1234 3645 1284 tittt'ttla
3665 1270 3681 1296 ,

2115 1333 2167 1376 et
2198 1334 2257 1377 ut
2285 1325 2445 1378 nullis
2486 1324 2646 1377 rebus
2678 1324 2929 1378 aﬂiciaris
2954 1363 2968 1383 ,
3003 1326 3080 1376 vel
3131 1324 3229 1390 ipsi
3281 1323 3514 1380 corpori.
3553 1322 3680 1376 Il:ec

2117 1416 2259 1467 enim
2292 1414 2549 1477 ἀπάθεια,
2578 1426 2632 1468 et.
2658 1400 2799 1467 unde
2830 1416 3020 1466 mentis
3056 1415 3444 1481 tranquillitas.
3481 1417 3566 1467 cui
3599 1417 3683 1466 «ιί-

2118 1505 2225 1557 viui
2266 1506 2392 1558 solis
2447 1506 2621 1572 fulgor
2676 1505 2912 1572 proclive
2964 1504 3168 1558 illucet.
3218 1505 3373 1569 Quod
3423 1520 3550 1556 vero
3594 1519 3677 1557 se-

2120 1597 2303 1661 quitur
2338 1595 2553 1662 plenum
2598 1596 2811 1662 ineptire
2850 1604 2927 1646 est
2956 1636 2970 1658 ,
3018 1610 3140 1645 cum
3190 1595 3305 1660 pari
3358 1596 3631 1660 impietate
3668 1608 3681 1643 :

2119 1678 2251 1737 Εἶτα
2282 1683 2509 1745 καθίσας
2540 1685 2597 1734 ἑν
2627 1684 2820 1750 κελλίῳ
2855 1684 3091 1751 ἡσύχως,
3135 1684 3229 1735 καὶ
3267 1684 3324 1731 ὲν
3372 1684 3468 1750 μιᾷ
3512 1699 3683 1733 κατα-

2124 1774 2288 1841 μόνας
2342 1772 2512 1841 γωνέα
2568 1773 2800 1841 πρόσεχε
2846 1775 3065 1840 ποιῆσαι
3094 1772 3121 1822 ὃ
3149 1770 3289 1837 λέγω
3334 1789 3433 1823 σοι.
3468 1772 3691 1823 Κλεῖσον

445 1863 829 1927 explicabilem,
853 1862 1148 1929 qualitatis,
1174 1863 1511 1930 quantitatis,
1529 1861 1734 1927 format,
1760 1863 2012 1923 materiae,
2056 1844 2094 1895 Β
2122 1866 2211 1933 si.»

1929 1863 2012 1923 ite,
2056 1844 2094 1895 Β
2122 1866 2221 1933 τὴν
2252 1865 2444 1933 θύραν,
2488 1865 2585 1915 καὶ
2635 1864 2839 1930 ἐπαρον
2888 1864 2975 1913 τδν
3026 1860 3151 1911 νοῦν
3188 1861 3280 1912 σοῦ
3338 1860 3444 1912 ἀπὸ
3495 1858 3692 1919 παντὸς

449 1959 634 2022 figurat
660 1963 941 2023 expertem,
967 1955 1221 2006 immensa
1245 1953 1655 2019 pulchritudine,
1687 1964 1853 2006 totum
1887 1956 2016 2005 sint-

447 2047 651 2107 plicem,
673 2045 805 2097 velut
824 2046 1021 2106 lumen,
1037 2045 1173 2112 quod
1186 2060 1335 2096 omne
1352 2044 1550 2096 excedit
1572 2044 1742 2097 lumen
1761 2061 1778 2107 ;
1794 2060 1899 2112 quo
1917 2046 2021 2096 uti-

448 2153 553 2203 que
570 2138 809 2189 omnium
826 2118 1821 2203 ditissimusbeatissituusque,nullius
1835 2152 2017 2200 egens,

448 2237 504 2279 et
538 2226 852 2290 quemnulla
884 2226 1013 2280 foris
1040 2226 1306 2279 desideria
1337 2226 1583 2294 fatigent.
1606 2228 1783 2279 evadit
1810 2228 1912 2288 ;ita
1944 2241 2018 2278 sa-

454 2316 671 2384 pienter
691 2319 965 2369 admonet.
995 2316 1167 2367 Βλέπε
1195 2318 1222 2367 ὁ
1257 2315 1495 2378 τοιοῦτος
1537 2316 1789 2381 γενέσθαι
1817 2316 2018 2380 ἀξιωθ-

388 2420 401 2426 “
451 2412 552 2469 εὶς.
581 2409 607 2459 ό
636 2408 843 2461 ἔνοικον
878 2406 1225 2476 κτησάμενος
1254 2406 1375 2460 ὅλον
1407 2408 1465 2459 ὲν
1506 2406 1716 2475 σεαυτῷ
1744 2405 1835 2458 τὸν
1857 2406 2013 2468 Θεὸν,

447 2501 666 2565 μήποτε
692 2498 918 2562 ἀνάξιόν
938 2515 991 2551 τι
1019 2497 1113 2550 τοῦ
1137 2498 1440 2567 θελήματος
1460 2496 1624 2550 αὑτοῦ
1649 2498 1681 2565 ἢ
1712 2496 1958 2565 πράξεις,
1985 2496 2019 2565 ἢ

451 2590 515 2640 ἐκ
542 2590 764 2657 χειλέων
789 2590 1106 2659 προφέρεις,
1131 2588 1223 2641 καὶ
1249 2587 1407 2649 εὐθὺς
1428 2586 1711 2649 ἀπολέσεις
1735 2593 1827 2639 τὸν
1852 2575 1909 2639 ἐκ)
1935 2589 2037 2640 σοὶ-

455 2678 839 2746 κεκρυμμένον
878 2677 1152 2747 θησαυρὸν
1182 2716 1197 2741 ,
1241 2677 1657 2739 ἀπαναστάντος
1697 2677 1861 2730 αὐτοῦ
1909 2676 2018 2729 ἀπὸ

454 2770 571 2822 σοῦ.
600 2771 642 2821 Τ
650 2771 847 2839 ίμησον
877 2768 1041 2822 αὐτὸν
1075 2769 1199 2823 ὅσον
1236 2768 1314 2829 εἰς
1350 2766 1601 2837 δύναμιν,
1624 2768 1715 2819 καὶ
1738 2766 1889 2819 οὐδὲν
1916 2754 2025 2817 τῶν

451 2861 633 2913 αὐτῶν
669 2862 743 2929 μὴ
794 2861 1158 2927 ἀρεσκόντων,
1196 2860 1330 2929 μηδὲ
1367 2859 1680 2927 προσόντων
1729 2857 1880 2927 αύτῷ
1931 2876 2028 2924 φυ-

456 2952 625 3011 σικῶς
660 2949 1015 3017 παρεισαξεις
1043 2950 1121 3010 εἰς
1154 2948 1252 3017 τὴν
1297 2948 1475 2999 οἰκίαν
1504 2946 1694 3011 αὑτοῦ,
1742 2948 1834 2998 καὶ
1864 2947 2028 3006 ἐάσας

457 3061 515 3095 σε
548 3045 887 3110 ἀναχωρήσει
936 3040 1215 3107 ὀργισθεὶς
1257 3040 1398 3108 μετά
1448 3038 1569 3091 σοῦ.
1598 3040 1689 3107 Μὴ
1733 3038 2019 3105 πολυλόγει

461 3134 596 3202 πρὸς
621 3133 807 3193 αὑτὸν,
845 3131 979 3200 μηδὲ
1012 3132 1325 3198 πρόσπιπτε
1362 3128 1757 3197 ἀναισχύντως,
1790 3130 1847 3179 ὲν
1877 3146 2031 3180 σεαυ-

454 3226 539 3293 τῷ
561 3224 907 3292 λογιζόμενος
932 3264 946 3287 ,
976 3224 1071 3274 καὶ
1101 3220 1292 3288 λέγων·
1354 3220 1725 3288 Ἐπιδείξομαι
1761 3208 2030 3289 ὑπερὸἀλο

455 3316 656 3367 λουσαν
686 3315 1002 3384 θερμότητα
1028 3352 1042 3376 ,
1081 3312 1175 3364 καὶ
1226 3310 1389 3381 ζῆλον
1440 3311 1663 3379 ἀγάπης
1718 3310 1887 3362 πολὺν
1930 3309 2030 3377 τῆς

459 3410 594 3474 πρὶς
630 3406 820 3469 αὐτὸν,
860 3406 947 3456 ἵνα
976 3421 1074 3471 μου
1116 3403 1214 3472 τὴν
1248 3403 1508 3471 πρόθεσιν
1544 3400 1896 3469 ἀποδέξηται,
1937 3401 2032 3452 καὶ

459 3502 573 3564 γνῴ
603 3499 685 3549 ὅτι
719 3494 921 3562 ἀγαπῶ
969 3496 1065 3546 καὶ
1093 3494 1240 3561 τιμῶ
1280 3493 1466 3547 αὐτόν.
1513 3491 1655 3545 Ἰσθι
1685 3491 1779 3543 οὖν
1806 3493 1891 3544 ὅτι
1924 3490 2033 3560 πρὸ

462 3586 556 3639 τοῦ
598 3587 776 3638 ταῦτα
816 3583 1069 3637 δννοῆσαί
1122 3600 1183 3636 σε
1234 3584 1439 3645 ἐκεῖνος
1483 3582 1697 3643 ’πάντας
1731 3584 1854 3643 τοὺς
1879 3582 2029 3648 λογι-

463 3677 636 3743 σμούς
703 3693 797 3729 σου
863 3677 1154 3728 ἐπίσταται
1214 3676 1310 3727 καὶ
1361 3673 1513 3726 οὐδὲν
1567 3673 1730 3725 αὐτὸν
1788 3672 2030 3742 λέληθεν.

475 3769 633 3821 Ἀλλά
696 3767 808 3835 γὰρ
867 3766 999 3837 μηδὲ
1052 3766 1268 3836 νοεραϊς
1316 3766 1474 3833 χερσὶ
1538 3762 1815 3833 κρατῆσαι
1869 3764 2032 3816 αὑτὸν

462 3860 843 3931 ἐπιχειρήσῃς·
874 3860 1111 3928 ἄληπτος
1129 3859 1237 3926 γάρ
1258 3859 1396 3911 ἐστι·
1424 3857 1518 3910 καὶ
1536 3858 1658 3910 ὅσον
1676 3854 1915 3924 ἀψασθαι
1938 3856 2036 3908 αὑ-

461 3951 557 4004 τοῦ
586 3952 929 4021 τολμήσειςῆ
962 3952 1254 4021 κατασχεῖν
1289 3949 1449 4002 αὐτὸν
1484 3949 1695 4019 οἰηθῇς,
1724 3948 1866 4011 ἕξεις
1889 3946 2036 3999 ἔνδον

461 4044 615 4096 οὐδέν
636 4060 649 4072 ·
684 4044 801 4096 ἀλλ’
826 4042 987 4104 εὐθὺς
1030 4042 1147 4101 ὅλος
1194 4042 1647 4110 ἀφαντωθήσεται
1680 4040 1788 4092 ἀπὸ
1807 4037 1921 4102 σοῦ,
1942 4040 2037 4091 καὶ

464 4136 633 4187 πολλὰ
671 4134 1026 4204 μεταμελήσῃ
1055 4134 1149 4185 καὶ
1178 4134 1438 4195 κλαύσεις
1468 4131 1771 4201 συντρίϐων
1812 4131 2037 4183 σεαυτὸν

465 4228 561 4279 καὶ
614 4226 916 4293 μαστὶζων,
961 4224 1059 4276 καὶ
1102 4223 1403 4291 ὠφελήσεις
1452 4222 1620 4283 δντως
1673 4220 1851 4276 οὐδέν.
1915 4219 2039 4273 Vide

463 4320 550 4371 cui
578 4319 762 4387 obtigit
788 4328 843 4368 ut
885 4319 1008 4369 tatis
1045 4317 1195 4384 ﬁeres
1219 4355 1233 4379 ,
1265 4318 1351 4383 qui
1387 4323 1550 4366 totum
1578 4314 1632 4365 in
1666 4314 1824 4379 teipso
1854 4321 2039 4365 nactus

464 4428 517 4464 es
549 4410 709 4464 Deum
746 4411 995 4476 hospitem
1016 4447 1031 4471 ,
1067 4425 1127 4462 ne
1153 4412 1364 4476 quando
1392 4408 1666 4476 indignum
1700 4404 1902 4473 aliquid
1929 4407 2040 4472 eius

2128 1956 2374 2025 ματαίου,
2407 1954 2573 2023 ἤγουν
2627 1953 2989 2019 προσκαίρου.
3046 1950 3176 2005 Εἶτα
3218 1952 3309 2004 οὖν
3360 1952 3579 2020 ἐρείσας
3614 1949 3693 2017 τῷ

2126 2047 2311 2111 στήθει
2341 2048 2431 2099 τὸν
2473 2046 2726 2111 πώγωνα,
2775 2044 2941 2097 κινῶν
2980 2046 3071 2096 τὴν
3112 2045 3369 2113 αἰσθητὸν
3404 2043 3685 2109 όψθαλμδν

2128 2139 2223 2191 σὺν
2253 2138 2358 2205 ὅλῳ
2383 2137 2461 2205 τῷ
2495 2135 2574 2187 νοῒ
2608 2137 2664 2185 ἐν
2695 2135 2833 2204 μέσῃ
2860 2134 3086 2202 κοιλίαη
3107 2136 3277 2200 ἣγουν
3321 2135 3375 2182 ὲν
3414 2132 3489 2200 τῷ
3518 2133 3695 2197 ὀμφα-

2125 2230 2225 2298 λῷ,
2256 2230 2419 2295 ἇγξον
2455 2228 2545 2280 καὶ
2585 2228 2685 2295 τὴν
2724 2227 2820 2294 τῆς
2856 2225 2999 2293 ῥινὸς
3041 2224 3130 2276 τοῦ
3174 2223 3481 2289 πνεύματος
3510 2223 3698 2288 ὁλκὴν,

2125 2319 2219 2372 τοῦ
2255 2320 2329 2387 μὴ
2360 2318 2531 2379 ἀδεῶς
2551 2318 2831 2377 ἀναπνεῖν,
2862 2317 2957 2367 καὶ
2992 2313 3290 2383 ὲρεύνησον
3319 2313 3522 2378 νοητῶς
3552 2312 3698 2361 ἔνδον

2127 2411 2187 2463 ἐν
2239 2413 2350 2473 τοῖς
2406 2409 2659 2474 ἔγκάτοις
2722 2406 2904 2471 εὑρεῖν
2963 2404 3054 2457 τὸν
3121 2404 3289 2454 τόπον
3319 2402 3414 2470 τῆς
3453 2401 3697 2470 καρδίας,

2129 2500 2257 2553 Ενθα
2315 2501 2713 2570 ὲμφιλοχωρεῖν
2765 2495 3045 2563 πεφύκασι
3113 2496 3282 2547 πᾶσαι
3366 2494 3422 2546 αἱ
3475 2494 3702 2562 ψυχικαὶ

2136 2592 2415 2659 δυνάμεις.
2474 2591 2583 2643 Καὶ
2632 2589 2849 2657 πρῶτον
2909 2588 3007 2656 μὲν
3061 2588 3252 2647 σκότος
3302 2588 3579 2655 εὑρήσεις,
3612 2590 3703 2636 καὶ

2143 2684 2314 2750 πάχος
2351 2682 2648 2760 ἀνένδοτον.
2687 2679 3067 2748 Ἐπιμένοντος
3119 2679 3173 2730 δὲ
3208 2678 3324 2741 σοῦ,
3370 2680 3463 2730 καὶ
3514 2678 3703 2729 τούτου

2136 2772 2230 2824 τοῦ
2265 2772 2432 2840 ἔργου
2463 2770 2659 2832 νυκτὸς
2681 2771 2775 2823 καὶ
2800 2769 3013 2839 ἡμέρας
3044 2770 3394 2837 ποιουμένου,
3428 2769 3705 2838 εὑρήσεις.

2137 2864 2182 2915 ὣ
2215 2864 2309 2915 τοῦ
2352 2863 2631 2931 θαύματος
2684 2863 2921 2929 ἄληκτον
2967 2860 3336 2930 εὐφροσύνην.
3398 2862 3549 2929 ’Ἅμα
3600 2862 3708 2931 γὰρ

2136 2953 2288 3022 εὖροι
2329 2955 2355 3003 ό
2384 2952 2509 3014 νοῦς
2541 2951 2632 3003 τὸν
2662 2951 2830 3004 τόπον
2870 2954 2968 3020 τῆς
2998 2951 3252 3019 καρδίας,
3283 2950 3467 3017 βλέπει
3501 2967 3707 3020 παρευ-

2137 3041 2255 3102 θὺς,
2286 3041 2321 3093 ἀ
2359 3040 2615 3093 οὐδέποτε
2656 3040 2950 3108 ἠπίστατοο
2994 3039 3182 3107 βλέπει
3234 3039 3344 3109 γὰρ
3379 3040 3469 3090 τὸν
3502 3042 3706 3108 μεταξὺ

2137 3132 2234 3197 τῆς
2274 3129 2502 3197 καρδίας
2559 3129 2698 3197 ἀέρα
2756 3128 2851 3180 καὶ
2907 3129 3122 3193 ἑαυτὸν,
3172 3130 3435 3195 φωτεινὴν
3462 3129 3582 3180 ὅλον
3615 3128 3710 3180 καὶ

2133 3220 2459 3288 διακρίσεως
2486 3218 2762 3287 ἔμπλεων,
2794 3236 2850 3272 κ.
2875 3235 2929 3273 τ.
2961 3220 3009 3273 ἑ.
3069 3217 3199 3272 Tant
3253 3221 3430 3271 sedens
3462 3222 3628 3286 quiete
3658 3223 3711 3270 in

2134 3312 2346 3375 cellula,
2388 3313 2546 3380 inque
2589 3308 2699 3363 uno
2729 3312 2946 3363 seorsim
2979 3310 3169 3379 angulo
3192 3350 3205 3372 ,
3243 3310 3476 3361 animum
3525 3312 3711 3363 adhibe

2136 3414 2190 3455 ut
2219 3403 2406 3470 facias,
2443 3403 2579 3470 quod
2612 3402 2702 3453 tibi
2736 3402 2874 3454 dico.
2910 3400 3104 3453 Clauso
3135 3402 3290 3456 ostio.
3326 3412 3542 3452 mentem
3573 3402 3711 3453 eleua

2136 3494 2198 3546 ab
2248 3494 2385 3545 omni
2433 3507 2486 3544 re
2529 3508 2689 3554 rana,
2744 3501 3078 3559 temporanea
3133 3492 3331 3543 scilicet
3386 3500 3432 3543 ct
3489 3492 3711 3545 caduca.

2139 3584 2371 3647 Tumque
2400 3582 2582 3634 innixa
2629 3583 2825 3648 pectori
2861 3582 3042 3641 barba,
3076 3580 3466 3646 settsibili'mque
3506 3581 3714 3631 oculum

2137 3691 2253 3728 cum
2283 3675 2422 3729 omni
2455 3683 2641 3737 mente,
2682 3675 2737 3726 in
2772 3673 2961 3726 ventris
2992 3671 3217 3723 medium
3250 3670 3324 3737 (id
3352 3678 3427 3722 est
3453 3708 3467 3733 ,
3499 3669 3718 3721 umbili-

2138 3765 2274 3834 cum)
2304 3780 2539 3829 movens;
2564 3764 2845 3833 comprime
2875 3774 2921 3815 et
2954 3762 3161 3813 narium
3194 3762 3411 3826 spiritus
3436 3761 3714 3810 aui-actio-

2140 3870 2277 3915 nem,
2320 3869 2383 3906 ne
2435 3854 2599 3906 libera
2648 3853 2713 3906 sit
2770 3852 3067 3917 respiratio,
3125 3850 3415 3915 mentisque
3475 3848 3721 3911 indagine

2140 3957 2380 3999 scrutare
2406 3946 2545 3997 intus
2572 3945 2628 3997 in
2657 3943 2953 4001 visceribus,
2978 3952 3031 3994 ut
3063 3943 3293 3994 int‘enias
3330 3941 3498 3992 locum
3524 3938 3718 3999 cordis,

2141 4039 2227 4090 ubi
2265 4053 2441 4090 omnes
2490 4036 2773 4103 facultates
2817 4034 3010 4086 animte
3040 4033 3313 4084 immorari
3352 4032 3538 4084 solent.
3596 4031 3714 4081 Pri-

2142 4145 2383 4194 mumque
2416 4128 2653 4180 tenebras
2692 4126 2943 4193 offendes,
2972 4135 3017 4175 et
3065 4125 3255 4176 durant
3285 4124 3600 4175 crassiticin.
3635 4122 3725 4171 Ve-

2144 4236 2256 4271 rum
2287 4218 2376 4271 ubi
2422 4220 2852 4286 perseveraveris,
2900 4231 2960 4267 ac
3005 4230 3134 4281 Opus
3186 4213 3301 4275 hoc,
3346 4215 3439 4266 diu
3472 4223 3727 4278 noctuque

2145 4308 2547 4369 continuaverit,
2581 4310 2802 4360 invenies
2834 4306 2961 4375 (rem
2989 4304 3239 4371 miram!)
3269 4304 3446 4371 jngem
3479 4302 3722 4352 consola-

2149 4411 2361 4454 tionem.
2398 4398 2525 4453 Mox
2567 4401 2701 4453 enim
2735 4400 2794 4450 ac
2820 4414 2983 4457 mens,
3020 4398 3195 4448 cordis
3225 4396 3395 4447 locum
3430 4398 3677 4445 invenerit
3708 4433 3725 4456 ,

466 4502 735 4555 voluntate
767 4512 855 4553 aut
892 4502 1081 4569 egeris,
1116 4510 1205 4551 aut
1242 4514 1306 4549 ex
1337 4499 1494 4550 labiis
1523 4498 1830 4564 protuleris,
1886 4511 2037 4548 mox-
2070 4523 2123 4582 Β
2149 4491 2419 4558 confestim
2448 4490 2607 4552 videt,
2640 4504 2754 4557 qua:
2804 4503 3065 4555 nunquam
3117 4496 3349 4547 nat-erat,
3400 4483 3545 4535 Videt
3592 4484 3728 4534 enim

465 4611 565 4663 que
600 4595 793 4647 occulti
826 4596 881 4645 in
916 4604 962 4646 te
997 4593 1230 4646 thesauri
1267 4591 1537 4658 jncturam
1573 4590 1774 4657 feceris,
1827 4587 2045 4642 abeunte

468 4687 565 4738 illo
594 4704 623 4737 a
656 4695 722 4738 te.
771 4686 896 4739 Co:‘e
940 4701 1056 4738 eum
1107 4701 1199 4748 pro
1247 4682 1389 4735 virili
1440 4693 1557 4744 tua,
1590 4699 1680 4734 nec
1712 4697 1889 4735 eorum
1934 4698 2050 4750 qua:

470 4780 644 4830 minus
678 4779 725 4830 ei
750 4778 954 4844 placent
977 4817 993 4841 ,
1024 4793 1113 4828 nec
1148 4778 1196 4828 ei
1228 4783 1418 4827 natura
1455 4775 1656 4834 insunt,
1703 4775 1756 4825 in
1797 4773 1911 4840 ejus
1956 4774 2051 4824 do-

472 4887 612 4923 mum
647 4870 851 4937 aliquid
885 4870 1150 4931 intuleris,
1175 4867 1322 4935 isque
1350 4878 1397 4917 te
1430 4866 1613 4917 ret'icto
1643 4864 1912 4929 abscedat,
1940 4863 2052 4916 ira~

471 4971 558 5013 tus
585 4963 637 5013 in
672 4970 740 5015 te.
784 4958 863 5013 Ne
890 4976 1006 5012 cum
1039 4958 1135 5011 illo
1166 4958 1424 5011 verbosior
1448 4958 1541 5021 sis,
1576 4972 1696 5009 neve
1723 4957 2051 5023 impudenter

471 5057 670 5117 irruas,
704 5053 841 5119 apud
877 5054 1201 5115 temetipsum
1249 5052 1489 5118 cogitans
1542 5065 1604 5101 ac
1655 5049 1834 5101 dicens
1870 5064 1886 5100 :
1921 5047 2049 5101 Exi-

472 5148 633 5197 mium
673 5145 934 5212 fervorem
964 5143 1280 5203 ostendam,
1325 5142 1645 5207 multamque
1674 5140 1946 5193 charitatis
1998 5142 2050 5191 in

473 5237 647 5300 ipsum
677 5235 1089 5297 mutilationem,
1123 5242 1178 5283 ut
1211 5246 1384 5283 meum
1410 5230 1734 5297 propositum
1776 5231 1952 5297 probet
1988 5244 2051 5280 ac

476 5326 798 5391 voluntatem
822 5366 837 5390 ,
869 5326 1104 5393 sciatque
1133 5364 1148 5388 ,
1178 5323 1316 5390 quod
1352 5337 1467 5374 eum
1499 5321 1719 5390 diligant
1756 5331 1803 5373 et
1853 5322 2047 5373 colam.

476 5418 628 5474 Scito
655 5418 837 5486 igitur,
867 5417 1178 5485 priusquam
1206 5414 1313 5466 Ita'c
1340 5413 1432 5465 tibi
1460 5410 1513 5464 in
1545 5416 1775 5463 animum
1800 5411 2050 5468 venerint,

476 5526 629 5567 nosse
662 5509 808 5562 illum
841 5524 1018 5563 omnes
1069 5518 1187 5560 tuas
1218 5507 1559 5575 cogitationes
1585 5546 1599 5569 ,
1639 5520 1730 5557 nec
1764 5503 2051 5571 quidquam

473 5618 596 5655 eum
626 5599 809 5653 latere.
838 5597 906 5653 At
938 5612 1098 5668 neque
1122 5597 1303 5650 mentis
1334 5596 1576 5648 manibus
1602 5584 1774 5647 tenere
1803 5609 1917 5646 eum
1951 5608 2057 5644 mo-

476 5693 634 5744 liaris
664 5707 682 5744 :
719 5688 1256 5759 incomprehensibilis
1284 5689 1418 5741 enim
1450 5696 1563 5753 est;
1594 5694 1953 5757 quantumque
1975 5694 2049 5736 at-

485 5784 684 5854 tingere
719 5799 881 5837 ausus
912 5782 1097 5851 fueris,
1124 5790 1215 5835 aut
1242 5780 1473 5833 detinere
1506 5796 1619 5832 cunt
1653 5778 1938 5847 putat-eris,
1976 5778 2055 5828 in-

2150 4583 2479 4649 interjectum
2531 4595 2746 4636 aerem,
2810 4580 3025 4643 ipsaque
3089 4576 3417 4640 semetipsum
3484 4574 3716 4624 lucidam

2153 4685 2317 4728 totam
2350 4690 2410 4725 ac
2447 4672 2777 4723 discretionis
2805 4670 3037 4733 plenam,
3071 4676 3176 4719 etc.
3214 4665 3335 4718 Ilaec
3367 4665 3447 4718 sic
3476 4664 3724 4716 aﬂecmta

2151 4782 2215 4819 ac
2252 4762 2498 4823 ridicula,
2536 4764 2648 4829 ipsa
2688 4776 2746 4814 se
2796 4759 2955 4812 fatua:
2995 4757 3189 4811 tuentis
3221 4756 3412 4809 deliria
3447 4755 3679 4822 produnt
3713 4792 3728 4815 ,

2151 4868 2203 4909 et
2237 4855 2433 4924 quibus
2484 4853 2655 4906 malus
2690 4851 2913 4918 spiritus
2960 4848 3169 4910 illudat,
3223 4861 3329 4897 non
3386 4846 3500 4913 ipse
3552 4843 3731 4901 bonus

2156 4949 2389 5017 Spiritus
2416 4960 2511 5000 cor
2540 4943 2776 4997 hominis
2810 4940 3060 5010 impleat,
3093 4939 3177 4990 cui
3225 4940 3406 5007 potius
3452 4934 3733 4988 humilitas

2153 5051 2206 5094 et
2235 5036 2582 5107 contpunctio
2612 5049 2675 5088 ac
2707 5032 2888 5087 cordis
2914 5029 3177 5085 contritio
3199 5067 3214 5091 ,
3247 5029 3527 5095 luctusque
3559 5025 3737 5094 ptent-

2156 5131 2333 5185 tentia:
2384 5129 2487 5182 iter
2538 5126 2590 5179 in
2628 5127 2870 5177 animum
2905 5122 3143 5191 pandant
3180 5138 3193 5174 :
3227 5135 3347 5188 qua:
3397 5118 3510 5172 fere
3555 5122 3738 5184 exigat

2157 5223 2388 5292 SyutcOn
2415 5260 2429 5285 ,
2462 5234 2567 5286 quo
2599 5221 2674 5275 lit,
2709 5227 2765 5267 ut
2798 5215 2910 5266 luet:
2941 5215 3055 5280 ejus
3089 5230 3193 5267 non
3244 5214 3400 5264 facile
3429 5209 3735 5261 admittunt.

2156 5316 2267 5369 Hac
2315 5313 2494 5381 regula
2546 5317 2768 5365 Sanctus
2816 5306 3159 5375 Nicepltorus
3191 5303 3526 5374 patriarcha.
3554 5300 3739 5352 Theo-

2156 5408 2286 5459 doto
2320 5406 2602 5473 Am-yrano
2636 5402 2878 5467 abrogat,
2910 5413 3046 5465 quos
3079 5397 3127 5448 ei
3167 5408 3448 5448 sermones
3495 5390 3739 5444 ascribe-

2158 5499 2283 5550 bant
2316 5492 2681 5553 lcououtacbi,
2734 5502 2786 5543 et
2834 5488 3030 5557 quibus
3084 5485 3158 5538 illi
3206 5500 3303 5539 suo
3338 5483 3511 5537 errori
3552 5483 3740 5547 pra-si-

2157 5589 2303 5642 dium
2336 5584 2681 5655 quaerebant;
2717 5584 2856 5649 quod
2890 5580 3143 5633 nimirum
3169 5576 3322 5633 Orat.
3346 5577 3401 5629 in
3425 5573 3740 5641 Symeonem

2158 5693 2203 5735 ct
2241 5680 2447 5732 Annam
2473 5720 2486 5742 ,
2518 5694 2637 5745 qua:
2685 5676 2804 5745 ejus
2846 5684 3054 5730 certqu
3113 5681 3520 5727 monumentum
3573 5674 3740 5733 esset.

2160 5773 2248 5827 ille
2305 5772 2459 5826 aliter
2516 5769 2812 5835 sensisset;
2884 5778 3191 5837 quanquam
3259 5761 3378 5833 cius
3434 5758 3733 5823 auctoritas
