  <div class='ocr_page' id='page_1' title='image "/cluster/home/n/w/nwhite01/storage/ocr_20150623/152/nnc1.0046980377/151.png"; bbox 0 0 4472 6434; ppageno 0'>
   <div class='ocr_carea' id='block_1_1' title="bbox 806 368 2572 446">
    <p class='ocr_par' dir='ltr' id='par_1_1' title="bbox 806 368 2572 432">
     <span class='ocr_line' id='line_1_1' title="bbox 806 368 2572 432; baseline 0.001 -3"><span class='ocrx_word' id='word_1_1' title='bbox 806 368 915 429; x_wconf 75' lang='grc'><strong>283</strong></span> <span class='ocrx_word' id='word_1_2' title='bbox 2062 371 2458 432; x_wconf 79' lang='lat' dir='ltr'><strong>MANUELIS</strong></span> <span class='ocrx_word' id='word_1_3' title='bbox 2498 372 2572 430; x_wconf 74' lang='lat' dir='ltr'><strong>CA</strong></span> 
     </span>
    </p>
   </div>
   <div class='ocr_carea' id='block_1_2' title="bbox 2279 368 4045 446">
    <p class='ocr_par' dir='ltr' id='par_1_2' title="bbox 2279 371 4045 446">
     <span class='ocr_line' id='line_1_2' title="bbox 2279 371 4045 446; baseline 0.007 -16"><span class='ocrx_word' id='word_1_4' title='bbox 2279 371 2458 432; x_wconf 66' lang='lat' dir='ltr'><strong>&#39;ELIS</strong></span> <span class='ocrx_word' id='word_1_5' title='bbox 2498 372 2587 430; x_wconf 82' lang='lat' dir='ltr'><strong>CA</strong></span> <span class='ocrx_word' id='word_1_6' title='bbox 2600 372 2805 432; x_wconf 58' lang='lat' dir='ltr'><strong>LECIE</strong></span> <span class='ocrx_word' id='word_1_7' title='bbox 3933 379 4045 446; x_wconf 62' lang='grc' dir='ltr'><strong>σει</strong></span> 
     </span>
    </p>
   </div>
   <div class='ocr_carea' id='block_1_3' title="bbox 803 473 4050 552">
    <p class='ocr_par' dir='ltr' id='par_1_3' title="bbox 803 473 4050 552">
     <span class='ocr_line' id='line_1_3' title="bbox 803 473 4050 552; baseline 0.004 -28"><span class='ocrx_word' id='word_1_8' title='bbox 803 477 1025 542; x_wconf 80' lang='lat' dir='ltr'><strong>(quippe</strong></span> <span class='ocrx_word' id='word_1_9' title='bbox 1051 473 1288 527; x_wconf 75' lang='lat' dir='ltr'><strong>auctoris</strong></span> <span class='ocrx_word' id='word_1_10' title='bbox 1319 488 1422 527; x_wconf 90' lang='lat' dir='ltr'><strong>non</strong></span> <span class='ocrx_word' id='word_1_11' title='bbox 1447 475 1669 529; x_wconf 85' lang='lat' dir='ltr'><strong>omnino</strong></span> <span class='ocrx_word' id='word_1_12' title='bbox 1702 474 1926 544; x_wconf 86' lang='lat' dir='ltr'><strong>laudati)</strong></span> <span class='ocrx_word' id='word_1_13' title='bbox 1953 492 2056 530; x_wconf 91' lang='lat' dir='ltr'><strong>non</strong></span> <span class='ocrx_word' id='word_1_14' title='bbox 2085 479 2375 531; x_wconf 80' lang='lat' dir='ltr'><strong>admodum</strong></span> <span class='ocrx_word' id='word_1_15' title='bbox 2407 485 2450 540; x_wconf 76' lang='grc' dir='ltr'><strong>Α</strong></span> <span class='ocrx_word' id='word_1_16' title='bbox 2480 479 2579 540; x_wconf 89' lang='lat' dir='ltr'><strong>dit,</strong></span> <span class='ocrx_word' id='word_1_17' title='bbox 2612 482 2808 543; x_wconf 76' lang='lat' dir='ltr'><strong>quibus</strong></span> <span class='ocrx_word' id='word_1_18' title='bbox 2837 493 2895 533; x_wconf 84' lang='lat' dir='ltr'><strong>se</strong></span> <span class='ocrx_word' id='word_1_19' title='bbox 2922 487 3206 548; x_wconf 87' lang='lat' dir='ltr'><strong>patronum</strong></span> <span class='ocrx_word' id='word_1_20' title='bbox 3243 481 3555 537; x_wconf 88' lang='lat' dir='ltr'><strong>Cerularius</strong></span> <span class='ocrx_word' id='word_1_21' title='bbox 3587 486 3848 552; x_wconf 74' lang='lat' dir='ltr'><strong>pmberet</strong></span> <span class='ocrx_word' id='word_1_22' title='bbox 3873 523 3889 546; x_wconf 90' lang='lat'><strong>,</strong></span> <span class='ocrx_word' id='word_1_23' title='bbox 3925 488 4050 538; x_wconf 85' lang='lat' dir='ltr'><strong>hinc</strong></span> 
     </span>
    </p>
   </div>
   <div class='ocr_carea' id='block_1_4' title="bbox 800 560 4047 642">
    <p class='ocr_par' dir='ltr' id='par_1_4' title="bbox 800 560 4047 642">
     <span class='ocr_line' id='line_1_4' title="bbox 800 560 4047 642; baseline 0.005 -33"><span class='ocrx_word' id='word_1_24' title='bbox 800 569 1089 628; x_wconf 83' lang='lat' dir='ltr'><strong>piemeret.</strong></span> <span class='ocrx_word' id='word_1_25' title='bbox 1135 560 1413 614; x_wconf 88' lang='lat' dir='ltr'><strong>Potuerint</strong></span> <span class='ocrx_word' id='word_1_26' title='bbox 1463 566 1665 628; x_wconf 65' lang='lat' dir='ltr'><strong>aemuli,</strong></span> <span class='ocrx_word' id='word_1_27' title='bbox 1717 580 1854 631; x_wconf 91' lang='lat' dir='ltr'><strong>quos</strong></span> <span class='ocrx_word' id='word_1_28' title='bbox 1904 575 2084 618; x_wconf 88' lang='lat' dir='ltr'><strong>tantos</strong></span> <span class='ocrx_word' id='word_1_29' title='bbox 2142 567 2371 635; x_wconf 84' lang='lat' dir='ltr'><strong>Symeon</strong></span> <span class='ocrx_word' id='word_1_30' title='bbox 2482 569 2804 634; x_wconf 77' lang='lat' dir='ltr'><strong>gravissime</strong></span> <span class='ocrx_word' id='word_1_31' title='bbox 2839 583 3120 624; x_wconf 73' lang='lat' dir='ltr'><strong>arcessens</strong></span> <span class='ocrx_word' id='word_1_32' title='bbox 3149 570 3506 636; x_wconf 84' lang='lat' dir='ltr'><strong>Cltaldaistni,</strong></span> <span class='ocrx_word' id='word_1_33' title='bbox 3536 583 3593 626; x_wconf 91' lang='lat' dir='ltr'><strong>ut</strong></span> <span class='ocrx_word' id='word_1_34' title='bbox 3627 585 3782 629; x_wconf 72' lang='lat' dir='ltr'><strong>vocat</strong></span> <span class='ocrx_word' id='word_1_35' title='bbox 3809 591 3824 636; x_wconf 85' lang='lat'><strong>;</strong></span> <span class='ocrx_word' id='word_1_36' title='bbox 3854 591 4047 642; x_wconf 80' lang='lat' dir='ltr'><strong>super-</strong></span> 
     </span>
    </p>
   </div>
   <div class='ocr_carea' id='block_1_5' title="bbox 798 651 4049 731">
    <p class='ocr_par' dir='ltr' id='par_1_5' title="bbox 798 651 4049 731">
     <span class='ocr_line' id='line_1_5' title="bbox 798 651 4049 731; baseline 0.006 -33"><span class='ocrx_word' id='word_1_37' title='bbox 798 665 991 716; x_wconf 83' lang='lat' dir='ltr'><strong>passus</strong></span> <span class='ocrx_word' id='word_1_38' title='bbox 1023 659 1126 714; x_wconf 85' lang='lat' dir='ltr'><strong>est,</strong></span> <span class='ocrx_word' id='word_1_39' title='bbox 1163 651 1266 703; x_wconf 90' lang='lat' dir='ltr'><strong>ltoc</strong></span> <span class='ocrx_word' id='word_1_40' title='bbox 1302 651 1374 704; x_wconf 87' lang='lat' dir='ltr'><strong>illi</strong></span> <span class='ocrx_word' id='word_1_41' title='bbox 1413 652 1687 719; x_wconf 76' lang='lat' dir='ltr'><strong>attingere,</strong></span> <span class='ocrx_word' id='word_1_42' title='bbox 1733 665 1791 706; x_wconf 95' lang='lat' dir='ltr'><strong>ut</strong></span> <span class='ocrx_word' id='word_1_43' title='bbox 1837 663 1918 707; x_wconf 90' lang='lat' dir='ltr'><strong>cst</strong></span> <span class='ocrx_word' id='word_1_44' title='bbox 1975 654 2155 716; x_wconf 78' lang='lat' dir='ltr'><strong>facile,</strong></span> <span class='ocrx_word' id='word_1_45' title='bbox 2207 671 2370 707; x_wconf 92' lang='lat' dir='ltr'><strong>unum</strong></span> <span class='ocrx_word' id='word_1_46' title='bbox 2480 659 2718 712; x_wconf 84' lang='lat' dir='ltr'><strong>stitionis</strong></span> <span class='ocrx_word' id='word_1_47' title='bbox 2749 658 2953 712; x_wconf 86' lang='lat' dir='ltr'><strong>sci-licet</strong></span> <span class='ocrx_word' id='word_1_48' title='bbox 2983 661 3268 727; x_wconf 77' lang='lat' dir='ltr'><strong>spirituum</strong></span> <span class='ocrx_word' id='word_1_49' title='bbox 3294 671 3349 715; x_wconf 90' lang='lat' dir='ltr'><strong>et</strong></span> <span class='ocrx_word' id='word_1_50' title='bbox 3377 663 3675 716; x_wconf 88' lang='lat' dir='ltr'><strong>animorum</strong></span> <span class='ocrx_word' id='word_1_51' title='bbox 3698 700 3714 725; x_wconf 90' lang='lat'><strong>,</strong></span> <span class='ocrx_word' id='word_1_52' title='bbox 3739 679 3878 731; x_wconf 62' lang='lat' dir='ltr'><strong>qua,</strong></span> <span class='ocrx_word' id='word_1_53' title='bbox 3912 665 4049 716; x_wconf 87' lang='lat' dir='ltr'><strong>alia-</strong></span> 
     </span>
    </p>
   </div>
   <div class='ocr_carea' id='block_1_6' title="bbox 802 740 4048 817">
    <p class='ocr_par' dir='ltr' id='par_1_6' title="bbox 802 740 4048 817">
     <span class='ocr_line' id='line_1_6' title="bbox 802 740 4048 817; baseline 0.005 -29"><span class='ocrx_word' id='word_1_54' title='bbox 802 740 1040 804; x_wconf 85' lang='lat' dir='ltr'><strong>aliquem</strong></span> <span class='ocrx_word' id='word_1_55' title='bbox 1069 741 1334 807; x_wconf 80' lang='lat' dir='ltr'><strong>ejusmodi</strong></span> <span class='ocrx_word' id='word_1_56' title='bbox 1371 751 1682 808; x_wconf 87' lang='lat' dir='ltr'><strong>tractatutu,</strong></span> <span class='ocrx_word' id='word_1_57' title='bbox 1710 744 1792 797; x_wconf 72' lang='lat' dir='ltr'><strong>vel</strong></span> <span class='ocrx_word' id='word_1_58' title='bbox 1825 758 2124 797; x_wconf 86' lang='lat' dir='ltr'><strong>sermonem</strong></span> <span class='ocrx_word' id='word_1_59' title='bbox 2155 745 2238 797; x_wconf 75' lang='lat' dir='ltr'><strong>vel</strong></span> <span class='ocrx_word' id='word_1_60' title='bbox 2261 745 2374 810; x_wconf 88' lang='lat' dir='ltr'><strong>epi-</strong></span> <span class='ocrx_word' id='word_1_61' title='bbox 2479 761 2580 813; x_wconf 90' lang='lat' dir='ltr'><strong>que</strong></span> <span class='ocrx_word' id='word_1_62' title='bbox 2610 745 2662 796; x_wconf 90' lang='lat' dir='ltr'><strong>in</strong></span> <span class='ocrx_word' id='word_1_63' title='bbox 2695 759 2816 797; x_wconf 90' lang='lat' dir='ltr'><strong>eum</strong></span> <span class='ocrx_word' id='word_1_64' title='bbox 2845 747 2987 800; x_wconf 88' lang='lat' dir='ltr'><strong>dicta</strong></span> <span class='ocrx_word' id='word_1_65' title='bbox 3018 751 3333 816; x_wconf 85' lang='lat' dir='ltr'><strong>scriptaque</strong></span> <span class='ocrx_word' id='word_1_66' title='bbox 3359 790 3374 812; x_wconf 96' lang='lat'><strong>,</strong></span> <span class='ocrx_word' id='word_1_67' title='bbox 3415 766 3513 804; x_wconf 89' lang='lat' dir='ltr'><strong>nec</strong></span> <span class='ocrx_word' id='word_1_68' title='bbox 3545 752 3830 817; x_wconf 68' lang='lat' dir='ltr'><strong>injucunda</strong></span> <span class='ocrx_word' id='word_1_69' title='bbox 3864 754 4005 804; x_wconf 65' lang='lat' dir='ltr'><strong>laetu</strong></span> <span class='ocrx_word' id='word_1_70' title='bbox 4035 793 4048 815; x_wconf 90' lang='lat'><strong>,</strong></span> 
     </span>
    </p>
   </div>
   <div class='ocr_carea' id='block_1_7' title="bbox 796 832 4049 909">
    <p class='ocr_par' dir='ltr' id='par_1_7' title="bbox 796 832 4049 909">
     <span class='ocr_line' id='line_1_7' title="bbox 796 832 4049 909; baseline 0.004 -30"><span class='ocrx_word' id='word_1_71' title='bbox 796 832 1011 892; x_wconf 74' lang='lat' dir='ltr'><strong>stolam,</strong></span> <span class='ocrx_word' id='word_1_72' title='bbox 1041 845 1144 883; x_wconf 91' lang='lat' dir='ltr'><strong>non</strong></span> <span class='ocrx_word' id='word_1_73' title='bbox 1179 841 1338 883; x_wconf 62' lang='lat' dir='ltr'><strong>tanta}</strong></span> <span class='ocrx_word' id='word_1_74' title='bbox 1371 833 1526 885; x_wconf 88' lang='lat' dir='ltr'><strong>molis</strong></span> <span class='ocrx_word' id='word_1_75' title='bbox 1557 843 1650 885; x_wconf 88' lang='lat' dir='ltr'><strong>aut</strong></span> <span class='ocrx_word' id='word_1_76' title='bbox 1686 835 1982 896; x_wconf 66' lang='lat' dir='ltr'><strong>industriae,</strong></span> <span class='ocrx_word' id='word_1_77' title='bbox 2017 835 2096 887; x_wconf 82' lang='lat' dir='ltr'><strong>vel</strong></span> <span class='ocrx_word' id='word_1_78' title='bbox 2135 834 2253 902; x_wconf 69' lang='lat' dir='ltr'><strong>ejus</strong></span> <span class='ocrx_word' id='word_1_79' title='bbox 2291 836 2369 886; x_wconf 87' lang='lat' dir='ltr'><strong>in-</strong></span> <span class='ocrx_word' id='word_1_80' title='bbox 2478 852 2578 894; x_wconf 89' lang='lat' dir='ltr'><strong>nec</strong></span> <span class='ocrx_word' id='word_1_81' title='bbox 2611 844 2819 896; x_wconf 80' lang='lat' dir='ltr'><strong>inutilia</strong></span> <span class='ocrx_word' id='word_1_82' title='bbox 2860 841 2974 890; x_wconf 81' lang='lat' dir='ltr'><strong>fore</strong></span> <span class='ocrx_word' id='word_1_83' title='bbox 3015 855 3193 906; x_wconf 85' lang='lat' dir='ltr'><strong>spero,</strong></span> <span class='ocrx_word' id='word_1_84' title='bbox 3231 842 3280 891; x_wconf 93' lang='lat' dir='ltr'><strong>in</strong></span> <span class='ocrx_word' id='word_1_85' title='bbox 3309 841 3576 909; x_wconf 77' lang='lat' dir='ltr'><strong>vulgando</strong></span> <span class='ocrx_word' id='word_1_86' title='bbox 3605 857 3634 894; x_wconf 94' lang='lat' dir='ltr'><strong>a</strong></span> <span class='ocrx_word' id='word_1_87' title='bbox 3671 855 3753 894; x_wconf 90' lang='lat' dir='ltr'><strong>me</strong></span> <span class='ocrx_word' id='word_1_88' title='bbox 3802 841 4049 893; x_wconf 74' lang='lat' dir='ltr'><strong>Ilislon&#39;u:</strong></span> 
     </span>
    </p>
   </div>
   <div class='ocr_carea' id='block_1_8' title="bbox 797 923 4048 998">
    <p class='ocr_par' dir='ltr' id='par_1_8' title="bbox 797 923 4048 998">
     <span class='ocr_line' id='line_1_8' title="bbox 797 923 4048 998; baseline 0.003 -26"><span class='ocrx_word' id='word_1_89' title='bbox 797 923 1028 973; x_wconf 75' lang='lat' dir='ltr'><strong>[amandi</strong></span> <span class='ocrx_word' id='word_1_90' title='bbox 1087 937 1245 975; x_wconf 78' lang='lat' dir='ltr'><strong>causa</strong></span> <span class='ocrx_word' id='word_1_91' title='bbox 1277 961 1293 985; x_wconf 92' lang='lat'><strong>,</strong></span> <span class='ocrx_word' id='word_1_92' title='bbox 1340 925 1420 976; x_wconf 81' lang='lat' dir='ltr'><strong>vel</strong></span> <span class='ocrx_word' id='word_1_93' title='bbox 1471 926 1749 990; x_wconf 71' lang='lat' dir='ltr'><strong>captanda:</strong></span> <span class='ocrx_word' id='word_1_94' title='bbox 1799 927 2156 989; x_wconf 83' lang='lat' dir='ltr'><strong>auctoritatis,</strong></span> <span class='ocrx_word' id='word_1_95' title='bbox 2209 927 2365 979; x_wconf 82' lang='lat' dir='ltr'><strong>alteri</strong></span> <span class='ocrx_word' id='word_1_96' title='bbox 2475 928 2786 998; x_wconf 73' lang='lat' dir='ltr'><strong>Byzantina:</strong></span> <span class='ocrx_word' id='word_1_97' title='bbox 2837 940 3154 998; x_wconf 79' lang='lat' dir='ltr'><strong>exSpectato</strong></span> <span class='ocrx_word' id='word_1_98' title='bbox 3213 939 3360 982; x_wconf 82' lang='lat' dir='ltr'><strong>tumo</strong></span> <span class='ocrx_word' id='word_1_99' title='bbox 3390 973 3404 994; x_wconf 93' lang='lat'><strong>,</strong></span> <span class='ocrx_word' id='word_1_100' title='bbox 3452 946 3558 997; x_wconf 85' lang='lat' dir='ltr'><strong>quo</strong></span> <span class='ocrx_word' id='word_1_101' title='bbox 3610 935 3727 984; x_wconf 85' lang='lat' dir='ltr'><strong>suis</strong></span> <span class='ocrx_word' id='word_1_102' title='bbox 3771 933 4048 983; x_wconf 80' lang='lat' dir='ltr'><strong>coloribus</strong></span> 
     </span>
    </p>
   </div>
   <div class='ocr_carea' id='block_1_9' title="bbox 794 1011 4045 1089">
    <p class='ocr_par' dir='ltr' id='par_1_9' title="bbox 794 1011 4045 1089">
     <span class='ocr_line' id='line_1_9' title="bbox 794 1011 4045 1089; baseline 0.002 -25"><span class='ocrx_word' id='word_1_103' title='bbox 794 1015 1044 1064; x_wconf 76' lang='lat' dir='ltr'><strong>subdere.</strong></span> <span class='ocrx_word' id='word_1_104' title='bbox 1075 1011 1210 1064; x_wconf 92' lang='lat' dir='ltr'><strong>Ilinc</strong></span> <span class='ocrx_word' id='word_1_105' title='bbox 1238 1013 1516 1066; x_wconf 90' lang='lat' dir='ltr'><strong>innumera</strong></span> <span class='ocrx_word' id='word_1_106' title='bbox 1549 1015 1633 1066; x_wconf 86' lang='lat' dir='ltr'><strong>illa</strong></span> <span class='ocrx_word' id='word_1_107' title='bbox 1658 1016 2116 1082; x_wconf 75' lang='grc' dir='ltr'><strong>ἐπιγραφομένων</strong></span> <span class='ocrx_word' id='word_1_108' title='bbox 2136 1029 2290 1078; x_wconf 75' lang='lat' dir='ltr'><strong>seges</strong></span> <span class='ocrx_word' id='word_1_109' title='bbox 2315 1023 2366 1067; x_wconf 81' lang='lat' dir='ltr'><strong>et</strong></span> <span class='ocrx_word' id='word_1_110' title='bbox 2475 1023 2690 1088; x_wconf 77' lang='lat' dir='ltr'><strong>egregie</strong></span> <span class='ocrx_word' id='word_1_111' title='bbox 2712 1022 2910 1089; x_wconf 87' lang='lat' dir='ltr'><strong>depicti</strong></span> <span class='ocrx_word' id='word_1_112' title='bbox 2935 1030 3094 1085; x_wconf 82' lang='lat' dir='ltr'><strong>atque</strong></span> <span class='ocrx_word' id='word_1_113' title='bbox 3113 1020 3350 1084; x_wconf 78' lang='lat' dir='ltr'><strong>expressi</strong></span> <span class='ocrx_word' id='word_1_114' title='bbox 3378 1020 3700 1087; x_wconf 86' lang='lat' dir='ltr'><strong>prodantur,</strong></span> <span class='ocrx_word' id='word_1_115' title='bbox 3727 1022 3816 1088; x_wconf 89' lang='lat' dir='ltr'><strong>qui</strong></span> <span class='ocrx_word' id='word_1_116' title='bbox 3841 1022 4045 1074; x_wconf 74' lang='lat' dir='ltr'><strong>Crtecis</strong></span> 
     </span>
    </p>
   </div>
   <div class='ocr_carea' id='block_1_10' title="bbox 795 1100 4043 1175">
    <p class='ocr_par' dir='ltr' id='par_1_10' title="bbox 795 1100 4043 1175">
     <span class='ocr_line' id='line_1_10' title="bbox 795 1100 4043 1175; baseline 0.003 -24"><span class='ocrx_word' id='word_1_117' title='bbox 795 1100 1263 1169; x_wconf 76' lang='grc' dir='ltr'>ψευδεπιγρὰφων</span> <span class='ocrx_word' id='word_1_118' title='bbox 1320 1106 1460 1170; x_wconf 87' lang='lat' dir='ltr'><strong>apud</strong></span> <span class='ocrx_word' id='word_1_119' title='bbox 1517 1105 1731 1158; x_wconf 73' lang='lat' dir='ltr'><strong>ercos</strong></span> <span class='ocrx_word' id='word_1_120' title='bbox 1785 1108 1984 1170; x_wconf 76' lang='lat' dir='ltr'><strong>puriter</strong></span> <span class='ocrx_word' id='word_1_121' title='bbox 2026 1115 2082 1159; x_wconf 88' lang='lat' dir='ltr'><strong>et</strong></span> <span class='ocrx_word' id='word_1_122' title='bbox 2122 1107 2364 1160; x_wconf 85' lang='lat' dir='ltr'><strong>Latinos.</strong></span> <span class='ocrx_word' id='word_1_123' title='bbox 2473 1108 2783 1162; x_wconf 87' lang='lat' dir='ltr'><strong>scliismatis</strong></span> <span class='ocrx_word' id='word_1_124' title='bbox 2817 1118 3065 1161; x_wconf 81' lang='lat' dir='ltr'><strong>auctores</strong></span> <span class='ocrx_word' id='word_1_125' title='bbox 3095 1107 3391 1173; x_wconf 79' lang='lat' dir='ltr'><strong>exstitere;</strong></span> <span class='ocrx_word' id='word_1_126' title='bbox 3423 1110 3750 1175; x_wconf 83' lang='lat' dir='ltr'><strong>nequissima</strong></span> <span class='ocrx_word' id='word_1_127' title='bbox 3792 1123 3918 1161; x_wconf 88' lang='lat' dir='ltr'><strong>vere</strong></span> <span class='ocrx_word' id='word_1_128' title='bbox 3951 1127 4043 1161; x_wconf 77' lang='lat' dir='ltr'><strong>cu—</strong></span> 
     </span>
    </p>
   </div>
   <div class='ocr_carea' id='block_1_11' title="bbox 798 1189 4041 1266">
    <p class='ocr_par' dir='ltr' id='par_1_11' title="bbox 798 1189 4041 1266">
     <span class='ocr_line' id='line_1_11' title="bbox 798 1189 4041 1266; baseline 0.001 -26"><span class='ocrx_word' id='word_1_129' title='bbox 798 1189 1026 1243; x_wconf 83' lang='lat' dir='ltr'><strong>Micbael</strong></span> <span class='ocrx_word' id='word_1_130' title='bbox 1077 1189 1307 1251; x_wconf 83' lang='lat' dir='ltr'><strong>Psellus,</strong></span> <span class='ocrx_word' id='word_1_131' title='bbox 1353 1199 1490 1244; x_wconf 88' lang='lat' dir='ltr'><strong>orat.</strong></span> <span class='ocrx_word' id='word_1_132' title='bbox 1543 1205 1637 1242; x_wconf 84' lang='lat' dir='ltr'><strong>sua</strong></span> <span class='ocrx_word' id='word_1_133' title='bbox 1683 1192 1749 1242; x_wconf 87' lang='lat' dir='ltr'><strong>ad</strong></span> <span class='ocrx_word' id='word_1_134' title='bbox 1794 1192 2053 1258; x_wconf 80' lang='lat' dir='ltr'><strong>synodum</strong></span> <span class='ocrx_word' id='word_1_135' title='bbox 2113 1191 2164 1242; x_wconf 87' lang='lat' dir='ltr'><strong>iit</strong></span> <span class='ocrx_word' id='word_1_136' title='bbox 2204 1205 2366 1243; x_wconf 85' lang='lat' dir='ltr'><strong>causa</strong></span> <span class='ocrx_word' id='word_1_137' title='bbox 2473 1197 2585 1265; x_wconf 87' lang='lat' dir='ltr'><strong>pita</strong></span> <span class='ocrx_word' id='word_1_138' title='bbox 2613 1236 2627 1257; x_wconf 91' lang='lat'><strong>,</strong></span> <span class='ocrx_word' id='word_1_139' title='bbox 2665 1210 2715 1250; x_wconf 92' lang='lat' dir='ltr'><strong>et</strong></span> <span class='ocrx_word' id='word_1_140' title='bbox 2745 1199 2834 1264; x_wconf 88' lang='lat' dir='ltr'><strong>qui</strong></span> <span class='ocrx_word' id='word_1_141' title='bbox 2889 1208 3047 1260; x_wconf 65' lang='lat' dir='ltr'><strong>tantm</strong></span> <span class='ocrx_word' id='word_1_142' title='bbox 3080 1198 3253 1266; x_wconf 75' lang='lat' dir='ltr'><strong>gentis</strong></span> <span class='ocrx_word' id='word_1_143' title='bbox 3283 1207 3337 1249; x_wconf 81' lang='lat' dir='ltr'><strong>et</strong></span> <span class='ocrx_word' id='word_1_144' title='bbox 3386 1197 3636 1251; x_wconf 74' lang='lat' dir='ltr'><strong>Ecclesia:</strong></span> <span class='ocrx_word' id='word_1_145' title='bbox 3670 1199 3785 1250; x_wconf 87' lang='lat' dir='ltr'><strong>labe</strong></span> <span class='ocrx_word' id='word_1_146' title='bbox 3815 1215 3876 1250; x_wconf 87' lang='lat' dir='ltr'><strong>ac</strong></span> <span class='ocrx_word' id='word_1_147' title='bbox 3908 1201 4041 1250; x_wconf 78' lang='grc' dir='ltr'>ἀπο-</span> 
     </span>
    </p>
   </div>
   <div class='ocr_carea' id='block_1_12' title="bbox 797 1280 4042 1354">
    <p class='ocr_par' dir='ltr' id='par_1_12' title="bbox 797 1280 4042 1354">
     <span class='ocr_line' id='line_1_12' title="bbox 797 1280 4042 1354; baseline 0.002 -22"><span class='ocrx_word' id='word_1_148' title='bbox 797 1280 1086 1343; x_wconf 80' lang='lat' dir='ltr'><strong>Ccrularii,</strong></span> <span class='ocrx_word' id='word_1_149' title='bbox 1120 1281 1247 1333; x_wconf 90' lang='lat' dir='ltr'><strong>sede</strong></span> <span class='ocrx_word' id='word_1_150' title='bbox 1273 1281 1410 1348; x_wconf 80' lang='lat' dir='ltr'><strong>pulsi</strong></span> <span class='ocrx_word' id='word_1_151' title='bbox 1440 1281 1686 1334; x_wconf 67' lang='lat' dir='ltr'><strong>saeculari</strong></span> <span class='ocrx_word' id='word_1_152' title='bbox 1717 1291 1998 1348; x_wconf 74' lang='lat' dir='ltr'><strong>potestate,</strong></span> <span class='ocrx_word' id='word_1_153' title='bbox 2025 1295 2087 1333; x_wconf 90' lang='lat' dir='ltr'><strong>ac</strong></span> <span class='ocrx_word' id='word_1_154' title='bbox 2119 1281 2362 1346; x_wconf 82' lang='lat' dir='ltr'><strong>synodali</strong></span> <span class='ocrx_word' id='word_1_155' title='bbox 2475 1287 2697 1354; x_wconf 77' lang='grc' dir='ltr'>στασῐᾳ,</span> <span class='ocrx_word' id='word_1_156' title='bbox 2721 1288 2816 1338; x_wconf 83' lang='grc' dir='ltr'>ιιιιί</span> <span class='ocrx_word' id='word_1_157' title='bbox 2841 1287 2968 1346; x_wconf 81' lang='lat' dir='ltr'><strong>sint.</strong></span> <span class='ocrx_word' id='word_1_158' title='bbox 2999 1301 3133 1350; x_wconf 86' lang='lat' dir='ltr'><strong>quas</strong></span> <span class='ocrx_word' id='word_1_159' title='bbox 3163 1285 3481 1338; x_wconf 77' lang='lat' dir='ltr'><strong>videbantur</strong></span> <span class='ocrx_word' id='word_1_160' title='bbox 3505 1287 3732 1352; x_wconf 84' lang='lat' dir='ltr'><strong>injurias</strong></span> <span class='ocrx_word' id='word_1_161' title='bbox 3753 1287 3852 1353; x_wconf 83' lang='lat' dir='ltr'><strong>ipsi</strong></span> <span class='ocrx_word' id='word_1_162' title='bbox 3887 1304 4042 1338; x_wconf 68' lang='lat' dir='ltr'><strong>acri--</strong></span> 
     </span>
    </p>
   </div>
   <div class='ocr_carea' id='block_1_13' title="bbox 796 1357 4038 1440">
    <p class='ocr_par' dir='ltr' id='par_1_13' title="bbox 796 1357 4038 1440">
     <span class='ocr_line' id='line_1_13' title="bbox 796 1357 4038 1440; baseline -0 -20"><span class='ocrx_word' id='word_1_163' title='bbox 796 1357 1107 1437; x_wconf 85' lang='lat' dir='ltr'><strong>cognitione</strong></span> <span class='ocrx_word' id='word_1_164' title='bbox 1157 1370 1450 1423; x_wconf 85' lang='lat' dir='ltr'><strong>damnandi</strong></span> <span class='ocrx_word' id='word_1_165' title='bbox 1478 1409 1492 1432; x_wconf 88' lang='lat'><strong>,</strong></span> <span class='ocrx_word' id='word_1_166' title='bbox 1529 1387 1692 1438; x_wconf 86' lang='lat' dir='ltr'><strong>quant</strong></span> <span class='ocrx_word' id='word_1_167' title='bbox 1732 1371 1824 1423; x_wconf 87' lang='lat' dir='ltr'><strong>ille</strong></span> <span class='ocrx_word' id='word_1_168' title='bbox 1858 1372 2256 1424; x_wconf 88' lang='lat' dir='ltr'><strong>damnationem</strong></span> <span class='ocrx_word' id='word_1_169' title='bbox 2301 1387 2364 1423; x_wconf 91' lang='lat' dir='ltr'><strong>ac</strong></span> <span class='ocrx_word' id='word_1_170' title='bbox 2472 1374 2633 1440; x_wconf 89' lang='lat' dir='ltr'><strong>pisse.</strong></span> <span class='ocrx_word' id='word_1_171' title='bbox 2663 1373 2783 1425; x_wconf 66' lang='lat' dir='ltr'><strong>llazc</strong></span> <span class='ocrx_word' id='word_1_172' title='bbox 2819 1374 3100 1434; x_wconf 89' lang='lat' dir='ltr'><strong>hactenus,</strong></span> <span class='ocrx_word' id='word_1_173' title='bbox 3127 1373 3274 1440; x_wconf 88' lang='lat' dir='ltr'><strong>justo</strong></span> <span class='ocrx_word' id='word_1_174' title='bbox 3301 1373 3440 1424; x_wconf 67' lang='lat' dir='ltr'><strong>torte</strong></span> <span class='ocrx_word' id='word_1_175' title='bbox 3468 1373 4038 1437; x_wconf 60' lang='grc' dir='ltr'>παρεκδιτικώτερυν,</span> 
     </span>
    </p>
   </div>
   <div class='ocr_carea' id='block_1_14' title="bbox 794 1457 4039 1529">
    <p class='ocr_par' dir='ltr' id='par_1_14' title="bbox 794 1457 4039 1529">
     <span class='ocr_line' id='line_1_14' title="bbox 794 1457 4039 1529; baseline 0.001 -20"><span class='ocrx_word' id='word_1_176' title='bbox 794 1457 1189 1524; x_wconf 74' lang='lat' dir='ltr'><strong>depositionem</strong></span> <span class='ocrx_word' id='word_1_177' title='bbox 1243 1462 1387 1513; x_wconf 88' lang='lat' dir='ltr'><strong>serio</strong></span> <span class='ocrx_word' id='word_1_178' title='bbox 1428 1469 1679 1526; x_wconf 88' lang='lat' dir='ltr'><strong>urgeret;</strong></span> <span class='ocrx_word' id='word_1_179' title='bbox 1717 1462 1829 1513; x_wconf 80' lang='lat' dir='ltr'><strong>visa</strong></span> <span class='ocrx_word' id='word_1_180' title='bbox 1881 1462 1993 1523; x_wconf 90' lang='lat' dir='ltr'><strong>illa,</strong></span> <span class='ocrx_word' id='word_1_181' title='bbox 2033 1463 2227 1529; x_wconf 87' lang='lat' dir='ltr'><strong>quibus</strong></span> <span class='ocrx_word' id='word_1_182' title='bbox 2262 1462 2364 1514; x_wconf 83' lang='lat' dir='ltr'><strong>ali-</strong></span> <span class='ocrx_word' id='word_1_183' title='bbox 2473 1463 2527 1514; x_wconf 87' lang='lat' dir='ltr'><strong>in</strong></span> <span class='ocrx_word' id='word_1_184' title='bbox 2568 1462 2762 1529; x_wconf 90' lang='lat' dir='ltr'><strong>quibus</strong></span> <span class='ocrx_word' id='word_1_185' title='bbox 2809 1462 2941 1528; x_wconf 85' lang='lat' dir='ltr'><strong>ipsis</strong></span> <span class='ocrx_word' id='word_1_186' title='bbox 2987 1463 3207 1514; x_wconf 88' lang='lat' dir='ltr'><strong>meliora</strong></span> <span class='ocrx_word' id='word_1_187' title='bbox 3260 1473 3532 1528; x_wconf 81' lang='lat' dir='ltr'><strong>exspecto,</strong></span> <span class='ocrx_word' id='word_1_188' title='bbox 3581 1464 3626 1512; x_wconf 87' lang='lat' dir='ltr'><strong>si</strong></span> <span class='ocrx_word' id='word_1_189' title='bbox 3674 1461 3794 1526; x_wconf 87' lang='lat' dir='ltr'><strong>quis</strong></span> <span class='ocrx_word' id='word_1_190' title='bbox 3847 1463 4039 1512; x_wconf 82' lang='lat' dir='ltr'><strong>docete</strong></span> 
     </span>
    </p>
   </div>
   <div class='ocr_carea' id='block_1_15' title="bbox 793 1549 4038 1619">
    <p class='ocr_par' dir='ltr' id='par_1_15' title="bbox 793 1549 4038 1619">
     <span class='ocr_line' id='line_1_15' title="bbox 793 1549 4038 1619; baseline 0.001 -21"><span class='ocrx_word' id='word_1_191' title='bbox 793 1550 923 1613; x_wconf 83' lang='lat' dir='ltr'><strong>quid</strong></span> <span class='ocrx_word' id='word_1_192' title='bbox 957 1565 1060 1602; x_wconf 91' lang='lat' dir='ltr'><strong>non</strong></span> <span class='ocrx_word' id='word_1_193' title='bbox 1097 1551 1229 1601; x_wconf 87' lang='lat' dir='ltr'><strong>satis</strong></span> <span class='ocrx_word' id='word_1_194' title='bbox 1257 1549 1617 1603; x_wconf 83' lang='lat' dir='ltr'><strong>Christianam</strong></span> <span class='ocrx_word' id='word_1_195' title='bbox 1645 1552 1841 1602; x_wconf 83' lang='lat' dir='ltr'><strong>decens</strong></span> <span class='ocrx_word' id='word_1_196' title='bbox 1876 1551 2233 1614; x_wconf 72' lang='lat' dir='ltr'><strong>ltonesuttein,</strong></span> <span class='ocrx_word' id='word_1_197' title='bbox 2264 1567 2360 1603; x_wconf 81' lang='lat' dir='ltr'><strong>ex-</strong></span> <span class='ocrx_word' id='word_1_198' title='bbox 2472 1553 2704 1614; x_wconf 87' lang='lat' dir='ltr'><strong>liabeat,</strong></span> <span class='ocrx_word' id='word_1_199' title='bbox 2758 1567 2820 1605; x_wconf 74' lang='lat' dir='ltr'><strong>ac</strong></span> <span class='ocrx_word' id='word_1_200' title='bbox 2868 1553 2946 1603; x_wconf 76' lang='lat' dir='ltr'><strong>vel</strong></span> <span class='ocrx_word' id='word_1_201' title='bbox 2999 1553 3322 1619; x_wconf 83' lang='lat' dir='ltr'><strong>Sytneonem</strong></span> <span class='ocrx_word' id='word_1_202' title='bbox 3368 1555 3572 1604; x_wconf 84' lang='lat' dir='ltr'><strong>certius</strong></span> <span class='ocrx_word' id='word_1_203' title='bbox 3603 1551 3903 1615; x_wconf 68' lang='lat' dir='ltr'><strong>vindicare,</strong></span> <span class='ocrx_word' id='word_1_204' title='bbox 3958 1551 4038 1602; x_wconf 70' lang='grc' dir='ltr'>ναι</span> 
     </span>
    </p>
   </div>
   <div class='ocr_carea' id='block_1_16' title="bbox 794 1639 4038 1709">
    <p class='ocr_par' dir='ltr' id='par_1_16' title="bbox 794 1639 4038 1709">
     <span class='ocr_line' id='line_1_16' title="bbox 794 1639 4038 1709; baseline 0.002 -22"><span class='ocrx_word' id='word_1_205' title='bbox 794 1654 899 1704; x_wconf 90' lang='lat' dir='ltr'><strong>que</strong></span> <span class='ocrx_word' id='word_1_206' title='bbox 959 1639 1048 1691; x_wconf 86' lang='lat' dir='ltr'><strong>Dei</strong></span> <span class='ocrx_word' id='word_1_207' title='bbox 1103 1651 1156 1692; x_wconf 92' lang='lat' dir='ltr'><strong>et</strong></span> <span class='ocrx_word' id='word_1_208' title='bbox 1213 1650 1524 1693; x_wconf 84' lang='lat' dir='ltr'><strong>sanctorum</strong></span> <span class='ocrx_word' id='word_1_209' title='bbox 1576 1641 1899 1702; x_wconf 84' lang='lat' dir='ltr'><strong>rationibus,</strong></span> <span class='ocrx_word' id='word_1_210' title='bbox 1951 1641 2359 1704; x_wconf 86' lang='lat' dir='ltr'><strong>immisceatur;</strong></span> <span class='ocrx_word' id='word_1_211' title='bbox 2468 1643 2630 1696; x_wconf 88' lang='lat' dir='ltr'><strong>etiam</strong></span> <span class='ocrx_word' id='word_1_212' title='bbox 2694 1657 2842 1694; x_wconf 91' lang='lat' dir='ltr'><strong>reum</strong></span> <span class='ocrx_word' id='word_1_213' title='bbox 2897 1642 3111 1703; x_wconf 83' lang='lat' dir='ltr'><strong>facere,</strong></span> <span class='ocrx_word' id='word_1_214' title='bbox 3161 1651 3408 1708; x_wconf 87' lang='lat' dir='ltr'><strong>superest</strong></span> <span class='ocrx_word' id='word_1_215' title='bbox 3462 1657 3632 1709; x_wconf 71' lang='lat' dir='ltr'><strong>pauca</strong></span> <span class='ocrx_word' id='word_1_216' title='bbox 3693 1642 3938 1709; x_wconf 58' lang='lat' dir='ltr'><strong>quaedam</strong></span> <span class='ocrx_word' id='word_1_217' title='bbox 3985 1640 4038 1692; x_wconf 85' lang='lat' dir='ltr'><strong>in</strong></span> 
     </span>
    </p>
   </div>
   <div class='ocr_carea' id='block_1_17' title="bbox 794 1728 3964 1800">
    <p class='ocr_par' dir='ltr' id='par_1_17' title="bbox 794 1728 3964 1800">
     <span class='ocr_line' id='line_1_17' title="bbox 794 1728 3964 1800; baseline 0.002 -21"><span class='ocrx_word' id='word_1_218' title='bbox 794 1728 1058 1781; x_wconf 85' lang='lat' dir='ltr'><strong>diabolica</strong></span> <span class='ocrx_word' id='word_1_219' title='bbox 1089 1739 1394 1782; x_wconf 82' lang='lat' dir='ltr'><strong>commenta</strong></span> <span class='ocrx_word' id='word_1_220' title='bbox 1422 1744 1541 1784; x_wconf 85' lang='lat' dir='ltr'><strong>esse</strong></span> <span class='ocrx_word' id='word_1_221' title='bbox 1574 1732 1802 1799; x_wconf 86' lang='lat' dir='ltr'><strong>probat;</strong></span> <span class='ocrx_word' id='word_1_222' title='bbox 1831 1730 2132 1798; x_wconf 63' lang='lat' dir='ltr'><strong>cuiusmodi</strong></span> <span class='ocrx_word' id='word_1_223' title='bbox 2176 1739 2359 1784; x_wconf 85' lang='lat' dir='ltr'><strong>osten-</strong></span> <span class='ocrx_word' id='word_1_224' title='bbox 2470 1733 2639 1800; x_wconf 81' lang='lat' dir='ltr'><strong>ipsam</strong></span> <span class='ocrx_word' id='word_1_225' title='bbox 2671 1731 2876 1785; x_wconf 64' lang='lat' dir='ltr'><strong>Caleca‘.</strong></span> <span class='ocrx_word' id='word_1_226' title='bbox 2917 1731 3347 1786; x_wconf 84' lang='lat' dir='ltr'><strong>tucubrationem</strong></span> <span class='ocrx_word' id='word_1_227' title='bbox 3383 1747 3447 1785; x_wconf 75' lang='lat' dir='ltr'><strong>ex</strong></span> <span class='ocrx_word' id='word_1_228' title='bbox 3483 1744 3632 1786; x_wconf 90' lang='lat' dir='ltr'><strong>more</strong></span> <span class='ocrx_word' id='word_1_229' title='bbox 3684 1731 3964 1785; x_wconf 87' lang='lat' dir='ltr'><strong>adnotare.</strong></span> 
     </span>
    </p>
   </div>
   <div class='ocr_carea' id='block_1_18' title="bbox 1981 2091 2839 2148">
    <p class='ocr_par' dir='ltr' id='par_1_18' title="bbox 1981 2091 2839 2148">
     <span class='ocr_line' id='line_1_18' title="bbox 1981 2091 2839 2148; baseline 0.001 -3"><span class='ocrx_word' id='word_1_230' title='bbox 1981 2091 2119 2147; x_wconf 83' lang='grc' dir='ltr'><strong>ΤΟΥ</strong></span> <span class='ocrx_word' id='word_1_231' title='bbox 2149 2093 2549 2147; x_wconf 71' lang='grc' dir='ltr'><strong>ΣΟΦΩΤΔΤΟΥ</strong></span> <span class='ocrx_word' id='word_1_232' title='bbox 2578 2094 2839 2148; x_wconf 79' lang='grc' dir='ltr'><strong>ΚΥΡΙΟΥ</strong></span> 
     </span>
    </p>
   </div>
   <div class='ocr_carea' id='block_1_19' title="bbox 1402 2262 3426 2401">
    <p class='ocr_par' dir='ltr' id='par_1_19' title="bbox 1402 2262 3426 2401">
     <span class='ocr_line' id='line_1_19' title="bbox 1402 2262 3426 2401; baseline -0.003 0"><span class='ocrx_word' id='word_1_233' title='bbox 1402 2264 2235 2401; x_wconf 87' lang='grc' dir='ltr'><strong>ΜΑΝΟΥΗΛ</strong></span> <span class='ocrx_word' id='word_1_234' title='bbox 2314 2269 2660 2400; x_wconf 85' lang='grc' dir='ltr'>ΤΟΥ</span> <span class='ocrx_word' id='word_1_235' title='bbox 2737 2262 3426 2395; x_wconf 83' lang='grc' dir='ltr'><strong>ΚΑΛΕΚΑ</strong></span> 
     </span>
    </p>
   </div>
   <div class='ocr_carea' id='block_1_20' title="bbox 2341 2496 2494 2546">
    <p class='ocr_par' dir='ltr' id='par_1_20' title="bbox 2341 2496 2494 2546">
     <span class='ocr_line' id='line_1_20' title="bbox 2341 2496 2494 2546; baseline 0 -2"><span class='ocrx_word' id='word_1_236' title='bbox 2341 2496 2494 2546; x_wconf 78' lang='grc' dir='ltr'><strong>ΠΕΡΙ</strong></span> 
     </span>
    </p>
   </div>
   <div class='ocr_carea' id='block_1_21' title="bbox 1751 2653 3103 2745">
    <p class='ocr_par' dir='ltr' id='par_1_21' title="bbox 1751 2653 3103 2745">
     <span class='ocr_line' id='line_1_21' title="bbox 1751 2653 3103 2745; baseline 0 -3"><span class='ocrx_word' id='word_1_237' title='bbox 1751 2653 2147 2745; x_wconf 87' lang='grc' dir='ltr'><strong>ΟΥΣΙΑΣ</strong></span> <span class='ocrx_word' id='word_1_238' title='bbox 2223 2654 2416 2740; x_wconf 86' lang='grc' dir='ltr'><strong>ΚΑΙ</strong></span> <span class='ocrx_word' id='word_1_239' title='bbox 2505 2657 2643 2740; x_wconf 85' lang='lat' dir='ltr'><strong>EN</strong></span> <span class='ocrx_word' id='word_1_240' title='bbox 2653 2653 3103 2742; x_wconf 83' lang='grc' dir='ltr'><strong>ΕΡΓΕΙΑΣ</strong></span> 
     </span>
    </p>
   </div>
   <div class='ocr_carea' id='block_1_22' title="bbox 2033 2989 2823 3053">
    <p class='ocr_par' dir='ltr' id='par_1_22' title="bbox 2033 2989 2823 3053">
     <span class='ocr_line' id='line_1_22' title="bbox 2033 2989 2823 3053; baseline 0 -4"><span class='ocrx_word' id='word_1_241' title='bbox 2033 2989 2607 3053; x_wconf 77' lang='lat' dir='ltr'><strong>SAPIENTISSIMI</strong></span> <span class='ocrx_word' id='word_1_242' title='bbox 2658 2989 2823 3052; x_wconf 84' lang='lat' dir='ltr'><strong>VIRI</strong></span> 
     </span>
    </p>
   </div>
   <div class='ocr_carea' id='block_1_23' title="bbox 1504 3169 3328 3334">
    <p class='ocr_par' dir='ltr' id='par_1_23' title="bbox 1504 3169 3328 3334">
     <span class='ocr_line' id='line_1_23' title="bbox 1504 3169 3328 3334; baseline -0.001 -8"><span class='ocrx_word' id='word_1_243' title='bbox 1504 3171 2478 3334; x_wconf 87' lang='lat' dir='ltr'><strong>MANUELlS</strong></span> <span class='ocrx_word' id='word_1_244' title='bbox 2543 3169 3328 3327; x_wconf 73' lang='lat' dir='ltr'><strong>CALEC/E</strong></span> 
     </span>
    </p>
   </div>
   <div class='ocr_carea' id='block_1_24' title="bbox 2023 3461 2830 3507">
    <p class='ocr_par' dir='ltr' id='par_1_24' title="bbox 2023 3461 2830 3507">
     <span class='ocr_line' id='line_1_24' title="bbox 2023 3461 2830 3507; baseline -0.002 -1"><span class='ocrx_word' id='word_1_245' title='bbox 2023 3461 2276 3507; x_wconf 79' lang='lat' dir='ltr'><strong>ORDINIS</strong></span> <span class='ocrx_word' id='word_1_246' title='bbox 2327 3461 2830 3507; x_wconf 65' lang='lat' dir='ltr'><strong>PREDICATORUM</strong></span> 
     </span>
    </p>
   </div>
   <div class='ocr_carea' id='block_1_25' title="bbox 1360 3619 3484 3714">
    <p class='ocr_par' dir='ltr' id='par_1_25' title="bbox 1360 3619 3484 3714">
     <span class='ocr_line' id='line_1_25' title="bbox 1360 3619 3484 3714; baseline -0.001 -3"><span class='ocrx_word' id='word_1_247' title='bbox 1360 3623 1510 3711; x_wconf 84' lang='lat' dir='ltr'><strong>DE</strong></span> <span class='ocrx_word' id='word_1_248' title='bbox 1694 3624 2251 3713; x_wconf 76' lang='lat' dir='ltr'><strong>ESSENTIA</strong></span> <span class='ocrx_word' id='word_1_249' title='bbox 2372 3625 2518 3712; x_wconf 89' lang='lat' dir='ltr'><strong>ET</strong></span> <span class='ocrx_word' id='word_1_250' title='bbox 2661 3619 3484 3714; x_wconf 81' lang='lat' dir='ltr'><strong>OPERATIONE.</strong></span> 
     </span>
    </p>
   </div>
   <div class='ocr_carea' id='block_1_26' title="bbox 1498 3811 3380 3892">
    <p class='ocr_par' dir='ltr' id='par_1_26' title="bbox 1498 3811 3380 3892">
     <span class='ocr_line' id='line_1_26' title="bbox 1498 3811 3380 3892; baseline -0.001 -17"><span class='ocrx_word' id='word_1_251' title='bbox 1498 3815 1567 3875; x_wconf 89' lang='lat' dir='ltr'><strong>F.</strong></span> <span class='ocrx_word' id='word_1_252' title='bbox 1603 3814 1940 3874; x_wconf 75' lang='lat' dir='ltr'><strong>Francisco</strong></span> <span class='ocrx_word' id='word_1_253' title='bbox 1974 3811 2362 3889; x_wconf 73' lang='lat' dir='ltr'><strong>Combeﬁst’o,</strong></span> <span class='ocrx_word' id='word_1_254' title='bbox 2397 3813 2669 3892; x_wconf 80' lang='lat' dir='ltr'><strong>ejusdem</strong></span> <span class='ocrx_word' id='word_1_255' title='bbox 2702 3812 2985 3884; x_wconf 81' lang='lat' dir='ltr'><strong>Ordinis,</strong></span> <span class='ocrx_word' id='word_1_256' title='bbox 3022 3813 3380 3889; x_wconf 77' lang='lat' dir='ltr'><strong>interprete.</strong></span> 
     </span>
    </p>
   </div>
   <div class='ocr_carea' id='block_1_27' title="bbox 867 4134 2633 4209">
    <p class='ocr_par' dir='ltr' id='par_1_27' title="bbox 867 4138 2633 4209">
     <span class='ocr_line' id='line_1_27' title="bbox 867 4138 2633 4209; baseline -0.002 -16"><span class='ocrx_word' id='word_1_257' title='bbox 867 4138 923 4192; x_wconf 85' lang='lat' dir='ltr'><strong>Id</strong></span> <span class='ocrx_word' id='word_1_258' title='bbox 957 4139 1116 4194; x_wconf 86' lang='lat' dir='ltr'><strong>nobis</strong></span> <span class='ocrx_word' id='word_1_259' title='bbox 1143 4139 1228 4194; x_wconf 87' lang='lat' dir='ltr'><strong>ltic</strong></span> <span class='ocrx_word' id='word_1_260' title='bbox 1259 4139 1380 4205; x_wconf 88' lang='lat' dir='ltr'><strong>loci,</strong></span> <span class='ocrx_word' id='word_1_261' title='bbox 1405 4139 1560 4207; x_wconf 83' lang='lat' dir='ltr'><strong>quasi</strong></span> <span class='ocrx_word' id='word_1_262' title='bbox 1597 4139 2040 4207; x_wconf 77' lang='lat' dir='ltr'><strong>defungentibus,</strong></span> <span class='ocrx_word' id='word_1_263' title='bbox 2079 4140 2202 4195; x_wconf 82' lang='lat' dir='ltr'><strong>linis</strong></span> <span class='ocrx_word' id='word_1_264' title='bbox 2235 4156 2362 4209; x_wconf 88' lang='lat' dir='ltr'><strong>pro-</strong></span> <span class='ocrx_word' id='word_1_265' title='bbox 2404 4143 2442 4197; x_wconf 85' lang='grc' dir='ltr'><strong><em>Β</em></strong></span> <span class='ocrx_word' id='word_1_266' title='bbox 2543 4139 2633 4190; x_wconf 79' lang='grc' dir='ltr'><strong>Σχι</strong></span> 
     </span>
    </p>
   </div>
   <div class='ocr_carea' id='block_1_28' title="bbox 2276 4134 4042 4209">
    <p class='ocr_par' dir='ltr' id='par_1_28' title="bbox 2276 4134 4042 4206">
     <span class='ocr_line' id='line_1_28' title="bbox 2276 4134 4042 4206; baseline -0.003 -14"><span class='ocrx_word' id='word_1_267' title='bbox 2276 4156 2362 4194; x_wconf 90' lang='lat' dir='ltr'><strong>ro-</strong></span> <span class='ocrx_word' id='word_1_268' title='bbox 2404 4143 2442 4197; x_wconf 84' lang='grc' dir='ltr'><strong><em>Β</em></strong></span> <span class='ocrx_word' id='word_1_269' title='bbox 2543 4139 2749 4198; x_wconf 78' lang='grc' dir='ltr'>Σκοπὸς</span> <span class='ocrx_word' id='word_1_270' title='bbox 2795 4137 3300 4205; x_wconf 70' lang='grc' dir='ltr'><strong>αὐτοσχεδιάζουσιν</strong></span> <span class='ocrx_word' id='word_1_271' title='bbox 3347 4134 3604 4200; x_wconf 67' lang='grc' dir='ltr'>ἐνταῦθα,</span> <span class='ocrx_word' id='word_1_272' title='bbox 3645 4136 3746 4206; x_wconf 77' lang='grc' dir='ltr'>τὴν</span> <span class='ocrx_word' id='word_1_273' title='bbox 3790 4137 3916 4206; x_wconf 80' lang='grc' dir='ltr'>περὶ</span> <span class='ocrx_word' id='word_1_274' title='bbox 3949 4135 4042 4189; x_wconf 81' lang='grc' dir='ltr'><strong>τοῦ</strong></span> 
     </span>
    </p>
   </div>
   <div class='ocr_carea' id='block_1_29' title="bbox 796 4228 2562 4302">
    <p class='ocr_par' dir='ltr' id='par_1_29' title="bbox 796 4229 2562 4302">
     <span class='ocr_line' id='line_1_29' title="bbox 796 4229 2562 4302; baseline 0 -22"><span class='ocrx_word' id='word_1_275' title='bbox 796 4233 1008 4298; x_wconf 69' lang='lat' dir='ltr'><strong>positus</strong></span> <span class='ocrx_word' id='word_1_276' title='bbox 1038 4240 1140 4293; x_wconf 86' lang='lat' dir='ltr'><strong>est,</strong></span> <span class='ocrx_word' id='word_1_277' title='bbox 1175 4240 1233 4285; x_wconf 85' lang='lat' dir='ltr'><strong>ut</strong></span> <span class='ocrx_word' id='word_1_278' title='bbox 1258 4233 1419 4285; x_wconf 83' lang='lat' dir='ltr'><strong>latam</strong></span> <span class='ocrx_word' id='word_1_279' title='bbox 1447 4247 1476 4285; x_wconf 89' lang='lat' dir='ltr'><strong>a</strong></span> <span class='ocrx_word' id='word_1_280' title='bbox 1510 4232 1716 4302; x_wconf 79' lang='lat' dir='ltr'><strong>synodo</strong></span> <span class='ocrx_word' id='word_1_281' title='bbox 1747 4234 1816 4287; x_wconf 88' lang='lat' dir='ltr'><strong>de</strong></span> <span class='ocrx_word' id='word_1_282' title='bbox 1885 4233 2066 4286; x_wconf 76' lang='lat' dir='ltr'><strong>divina</strong></span> <span class='ocrx_word' id='word_1_283' title='bbox 2130 4234 2364 4285; x_wconf 75' lang='lat' dir='ltr'><strong>essentia</strong></span> <span class='ocrx_word' id='word_1_284' title='bbox 2475 4229 2562 4299; x_wconf 71' lang='grc' dir='ltr'><strong>ζητ</strong></span> 
     </span>
    </p>
   </div>
   <div class='ocr_carea' id='block_1_30' title="bbox 2279 4228 4045 4302">
    <p class='ocr_par' dir='ltr' id='par_1_30' title="bbox 2284 4228 4045 4299">
     <span class='ocr_line' id='line_1_30' title="bbox 2284 4228 4045 4299; baseline -0.002 -15"><span class='ocrx_word' id='word_1_285' title='bbox 2284 4234 2364 4284; x_wconf 86' lang='lat' dir='ltr'><strong>tia</strong></span> <span class='ocrx_word' id='word_1_286' title='bbox 2475 4229 2785 4299; x_wconf 78' lang='grc' dir='ltr'><strong>ζητήματος</strong></span> <span class='ocrx_word' id='word_1_287' title='bbox 2817 4230 2913 4296; x_wconf 78' lang='grc' dir='ltr'>τῆς</span> <span class='ocrx_word' id='word_1_288' title='bbox 2960 4230 3106 4288; x_wconf 77' lang='grc' dir='ltr'>Θείας</span> <span class='ocrx_word' id='word_1_289' title='bbox 3139 4230 3356 4292; x_wconf 82' lang='grc' dir='ltr'><strong>οὐσίας</strong></span> <span class='ocrx_word' id='word_1_290' title='bbox 3401 4228 3494 4280; x_wconf 72' lang='grc' dir='ltr'>καὶ</span> <span class='ocrx_word' id='word_1_291' title='bbox 3538 4228 3688 4290; x_wconf 79' lang='grc' dir='ltr'>θείας</span> <span class='ocrx_word' id='word_1_292' title='bbox 3741 4229 4045 4297; x_wconf 78' lang='grc' dir='ltr'><strong>ἐνεργείας</strong></span> 
     </span>
    </p>
   </div>
   <div class='ocr_carea' id='block_1_31' title="bbox 790 4321 2556 4392">
    <p class='ocr_par' dir='ltr' id='par_1_31' title="bbox 790 4322 2556 4392">
     <span class='ocr_line' id='line_1_31' title="bbox 790 4322 2556 4392; baseline 0 -19"><span class='ocrx_word' id='word_1_293' title='bbox 790 4322 1084 4389; x_wconf 76' lang='lat' dir='ltr'><strong>divinaque</strong></span> <span class='ocrx_word' id='word_1_294' title='bbox 1114 4323 1439 4388; x_wconf 82' lang='lat' dir='ltr'><strong>operatione,</strong></span> <span class='ocrx_word' id='word_1_295' title='bbox 1473 4322 1774 4390; x_wconf 76' lang='lat' dir='ltr'><strong>dequeillts</strong></span> <span class='ocrx_word' id='word_1_296' title='bbox 1804 4333 1945 4376; x_wconf 90' lang='lat' dir='ltr'><strong>mota</strong></span> <span class='ocrx_word' id='word_1_297' title='bbox 2001 4326 2300 4392; x_wconf 68' lang='lat' dir='ltr'><strong>qurestione</strong></span> <span class='ocrx_word' id='word_1_298' title='bbox 2346 4365 2362 4388; x_wconf 89' lang='lat'><strong>,</strong></span> <span class='ocrx_word' id='word_1_299' title='bbox 2472 4341 2556 4387; x_wconf 21' lang='lat' dir='ltr'><strong>tu,</strong></span> 
     </span>
    </p>
   </div>
   <div class='ocr_carea' id='block_1_32' title="bbox 2280 4321 4046 4392">
    <p class='ocr_par' dir='ltr' id='par_1_32' title="bbox 2280 4321 4046 4391">
     <span class='ocr_line' id='line_1_32' title="bbox 2280 4321 4046 4391; baseline -0.002 -16"><span class='ocrx_word' id='word_1_300' title='bbox 2280 4339 2300 4375; x_wconf 68' lang='grc' dir='ltr'><strong>[ξ</strong></span> <span class='ocrx_word' id='word_1_301' title='bbox 2346 4365 2362 4388; x_wconf 89' lang='grc'><strong>,</strong></span> <span class='ocrx_word' id='word_1_302' title='bbox 2472 4324 2620 4391; x_wconf 81' lang='grc' dir='ltr'>παρᾶ</span> <span class='ocrx_word' id='word_1_303' title='bbox 2651 4323 2750 4388; x_wconf 84' lang='grc' dir='ltr'>τῆς</span> <span class='ocrx_word' id='word_1_304' title='bbox 2805 4321 3022 4372; x_wconf 82' lang='grc' dir='ltr'><strong>συνόδου</strong></span> <span class='ocrx_word' id='word_1_305' title='bbox 3072 4321 3495 4389; x_wconf 81' lang='grc' dir='ltr'>προενεχθεῖσαν</span> <span class='ocrx_word' id='word_1_306' title='bbox 3531 4321 3826 4386; x_wconf 79' lang='grc' dir='ltr'>ἀπόφασιν,</span> <span class='ocrx_word' id='word_1_307' title='bbox 3883 4321 4046 4387; x_wconf 81' lang='grc' dir='ltr'>σαφέ-</span> 
     </span>
    </p>
   </div>
   <div class='ocr_carea' id='block_1_33' title="bbox 792 4411 2558 4482">
    <p class='ocr_par' dir='ltr' id='par_1_33' title="bbox 792 4414 2558 4482">
     <span class='ocr_line' id='line_1_33' title="bbox 792 4414 2558 4482; baseline 0.001 -19"><span class='ocrx_word' id='word_1_308' title='bbox 792 4416 1140 4477; x_wconf 65' lang='lat' dir='ltr'><strong>svntt&#39;nliatn,</strong></span> <span class='ocrx_word' id='word_1_309' title='bbox 1199 4414 1402 4468; x_wconf 84' lang='lat' dir='ltr'><strong>clarius</strong></span> <span class='ocrx_word' id='word_1_310' title='bbox 1462 4426 1772 4469; x_wconf 60' lang='lat' dir='ltr'><strong>reteramus</strong></span> <span class='ocrx_word' id='word_1_311' title='bbox 1814 4432 1827 4479; x_wconf 92' lang='lat'><strong>;</strong></span> <span class='ocrx_word' id='word_1_312' title='bbox 1863 4430 1968 4482; x_wconf 84' lang='lat' dir='ltr'><strong>quo</strong></span> <span class='ocrx_word' id='word_1_313' title='bbox 2025 4417 2254 4478; x_wconf 86' lang='lat' dir='ltr'><strong>scilicet,</strong></span> <span class='ocrx_word' id='word_1_314' title='bbox 2334 4416 2366 4468; x_wconf 87' lang='lat' dir='ltr'><strong>ii</strong></span> <span class='ocrx_word' id='word_1_315' title='bbox 2474 4430 2558 4464; x_wconf 90' lang='grc' dir='ltr'><strong>στε</strong></span> 
     </span>
    </p>
   </div>
   <div class='ocr_carea' id='block_1_34' title="bbox 2279 4411 4045 4482">
    <p class='ocr_par' dir='ltr' id='par_1_34' title="bbox 2334 4411 4045 4482">
     <span class='ocr_line' id='line_1_34' title="bbox 2334 4411 4045 4482; baseline -0.002 -14"><span class='ocrx_word' id='word_1_316' title='bbox 2334 4416 2366 4468; x_wconf 87' lang='lat' dir='ltr'><strong>ii</strong></span> <span class='ocrx_word' id='word_1_317' title='bbox 2474 4430 2664 4482; x_wconf 90' lang='grc' dir='ltr'>στερον</span> <span class='ocrx_word' id='word_1_318' title='bbox 2718 4413 3015 4479; x_wconf 72' lang='grc' dir='ltr'>ὲξυφάναι·</span> <span class='ocrx_word' id='word_1_319' title='bbox 3067 4412 3140 4472; x_wconf 86' lang='grc' dir='ltr'><strong>ὠς</strong></span> <span class='ocrx_word' id='word_1_320' title='bbox 3183 4412 3268 4475; x_wconf 81' lang='grc' dir='ltr'>ἂν,</span> <span class='ocrx_word' id='word_1_321' title='bbox 3323 4413 3370 4463; x_wconf 80' lang='grc' dir='ltr'>οἱ</span> <span class='ocrx_word' id='word_1_322' title='bbox 3425 4412 3524 4478; x_wconf 85' lang='grc' dir='ltr'><strong>μὲν</strong></span> <span class='ocrx_word' id='word_1_323' title='bbox 3575 4412 3760 4480; x_wconf 79' lang='grc' dir='ltr'>ζῆλον,</span> <span class='ocrx_word' id='word_1_324' title='bbox 3817 4413 3876 4463; x_wconf 87' lang='grc' dir='ltr'>οὺ</span> <span class='ocrx_word' id='word_1_325' title='bbox 3926 4411 4045 4464; x_wconf 84' lang='grc' dir='ltr'>κατ’</span> 
     </span>
    </p>
   </div>
   <div class='ocr_carea' id='block_1_35' title="bbox 793 4501 2559 4572">
    <p class='ocr_par' dir='ltr' id='par_1_35' title="bbox 793 4503 2559 4572">
     <span class='ocr_line' id='line_1_35' title="bbox 793 4503 2559 4572; baseline 0.005 -19"><span class='ocrx_word' id='word_1_326' title='bbox 793 4507 883 4570; x_wconf 86' lang='lat' dir='ltr'><strong>qui</strong></span> <span class='ocrx_word' id='word_1_327' title='bbox 923 4505 1320 4557; x_wconf 74' lang='lat' dir='ltr'><strong>mutilationem</strong></span> <span class='ocrx_word' id='word_1_328' title='bbox 1344 4506 1560 4572; x_wconf 85' lang='lat' dir='ltr'><strong>quidem</strong></span> <span class='ocrx_word' id='word_1_329' title='bbox 1584 4506 1802 4567; x_wconf 85' lang='lat' dir='ltr'><strong>habent,</strong></span> <span class='ocrx_word' id='word_1_330' title='bbox 1822 4509 1913 4560; x_wconf 88' lang='lat' dir='ltr'><strong>sed</strong></span> <span class='ocrx_word' id='word_1_331' title='bbox 1942 4523 2044 4558; x_wconf 87' lang='lat' dir='ltr'><strong>non</strong></span> <span class='ocrx_word' id='word_1_332' title='bbox 2070 4509 2366 4560; x_wconf 79' lang='lat' dir='ltr'><strong>secundum</strong></span> <span class='ocrx_word' id='word_1_333' title='bbox 2473 4503 2559 4552; x_wconf 73' lang='grc' dir='ltr'><strong>ἐπί</strong></span> 
     </span>
    </p>
   </div>
   <div class='ocr_carea' id='block_1_36' title="bbox 2279 4501 4045 4572">
    <p class='ocr_par' dir='ltr' id='par_1_36' title="bbox 2281 4501 4045 4570">
     <span class='ocr_line' id='line_1_36' title="bbox 2281 4501 4045 4570; baseline 0.001 -18"><span class='ocrx_word' id='word_1_334' title='bbox 2281 4523 2366 4560; x_wconf 85' lang='lat' dir='ltr'><strong>um</strong></span> <span class='ocrx_word' id='word_1_335' title='bbox 2473 4503 2768 4568; x_wconf 77' lang='grc' dir='ltr'>ἐπίγνωσιν</span> <span class='ocrx_word' id='word_1_336' title='bbox 2793 4502 2846 4553; x_wconf 84' lang='grc' dir='ltr'>δὲ</span> <span class='ocrx_word' id='word_1_337' title='bbox 2878 4503 3116 4570; x_wconf 81' lang='grc' dir='ltr'>ἔχοντες,</span> <span class='ocrx_word' id='word_1_338' title='bbox 3169 4502 3536 4553; x_wconf 69' lang='grc' dir='ltr'><strong>παιδευθῶσιν</strong></span> <span class='ocrx_word' id='word_1_339' title='bbox 3567 4501 3928 4568; x_wconf 80' lang='grc' dir='ltr'>ἀγωνίζεσθαι</span> <span class='ocrx_word' id='word_1_340' title='bbox 3958 4519 4045 4553; x_wconf 85' lang='grc' dir='ltr'>νο-</span> 
     </span>
    </p>
   </div>
   <div class='ocr_carea' id='block_1_37' title="bbox 791 4585 2557 4665">
    <p class='ocr_par' dir='ltr' id='par_1_37' title="bbox 791 4593 2557 4665">
     <span class='ocr_line' id='line_1_37' title="bbox 791 4593 2557 4665; baseline 0.003 -18"><span class='ocrx_word' id='word_1_341' title='bbox 791 4597 1072 4648; x_wconf 67' lang='grc' dir='ltr'>ενίιΊιιοηι</span> <span class='ocrx_word' id='word_1_342' title='bbox 1102 4597 1140 4659; x_wconf 77' lang='grc' dir='ltr'>ί,</span> <span class='ocrx_word' id='word_1_343' title='bbox 1162 4597 1479 4649; x_wconf 83' lang='lat' dir='ltr'><strong>erudiantur</strong></span> <span class='ocrx_word' id='word_1_344' title='bbox 1503 4599 1565 4648; x_wconf 83' lang='lat' dir='ltr'><strong>ad</strong></span> <span class='ocrx_word' id='word_1_345' title='bbox 1597 4597 1831 4665; x_wconf 84' lang='lat' dir='ltr'><strong>legitime</strong></span> <span class='ocrx_word' id='word_1_346' title='bbox 1861 4599 2195 4660; x_wconf 82' lang='lat' dir='ltr'><strong>certandum,</strong></span> <span class='ocrx_word' id='word_1_347' title='bbox 2229 4600 2370 4652; x_wconf 85' lang='lat' dir='ltr'><strong>unde</strong></span> <span class='ocrx_word' id='word_1_348' title='bbox 2477 4593 2557 4661; x_wconf 73' lang='grc' dir='ltr'><strong>μίι</strong></span> 
     </span>
    </p>
   </div>
   <div class='ocr_carea' id='block_1_38' title="bbox 2279 4585 4045 4665">
    <p class='ocr_par' dir='ltr' id='par_1_38' title="bbox 2279 4585 4045 4661">
     <span class='ocr_line' id='line_1_38' title="bbox 2279 4585 4045 4661; baseline 0 -19"><span class='ocrx_word' id='word_1_349' title='bbox 2279 4600 2370 4652; x_wconf 59' lang='lat' dir='ltr'><strong>mle</strong></span> <span class='ocrx_word' id='word_1_350' title='bbox 2477 4593 2679 4661; x_wconf 78' lang='grc' dir='ltr'>μίμως,</span> <span class='ocrx_word' id='word_1_351' title='bbox 2711 4593 2769 4655; x_wconf 64' lang='grc' dir='ltr'><strong>ἒξ</strong></span> <span class='ocrx_word' id='word_1_352' title='bbox 2796 4585 2858 4651; x_wconf 66' lang='grc' dir='ltr'><strong>οὗ</strong></span> <span class='ocrx_word' id='word_1_353' title='bbox 2899 4594 2990 4644; x_wconf 77' lang='grc' dir='ltr'>καὶ</span> <span class='ocrx_word' id='word_1_354' title='bbox 3039 4593 3067 4643; x_wconf 90' lang='grc' dir='ltr'>ὁ</span> <span class='ocrx_word' id='word_1_355' title='bbox 3115 4593 3414 4658; x_wconf 76' lang='grc' dir='ltr'>στέφανος·</span> <span class='ocrx_word' id='word_1_356' title='bbox 3444 4592 3499 4643; x_wconf 88' lang='grc' dir='ltr'><strong>οῖ</strong></span> <span class='ocrx_word' id='word_1_357' title='bbox 3540 4609 3598 4643; x_wconf 83' lang='grc' dir='ltr'><strong>τε</strong></span> <span class='ocrx_word' id='word_1_358' title='bbox 3644 4592 3700 4656; x_wconf 77' lang='grc' dir='ltr'><strong>ἐξ</strong></span> <span class='ocrx_word' id='word_1_359' title='bbox 3747 4592 4045 4660; x_wconf 79' lang='grc' dir='ltr'><strong>ἁπλότητος</strong></span> 
     </span>
    </p>
   </div>
   <div class='ocr_carea' id='block_1_39' title="bbox 791 4683 2557 4756">
    <p class='ocr_par' dir='ltr' id='par_1_39' title="bbox 791 4683 2557 4756">
     <span class='ocr_line' id='line_1_39' title="bbox 791 4683 2557 4756; baseline 0.002 -18"><span class='ocrx_word' id='word_1_360' title='bbox 791 4690 888 4738; x_wconf 84' lang='lat' dir='ltr'><strong>sibi</strong></span> <span class='ocrx_word' id='word_1_361' title='bbox 923 4696 974 4737; x_wconf 68' lang='lat' dir='ltr'><strong>et</strong></span> <span class='ocrx_word' id='word_1_362' title='bbox 1005 4701 1259 4739; x_wconf 82' lang='lat' dir='ltr'><strong>t-oronatn</strong></span> <span class='ocrx_word' id='word_1_363' title='bbox 1318 4688 1632 4753; x_wconf 84' lang='lat' dir='ltr'><strong>acquirant;</strong></span> <span class='ocrx_word' id='word_1_364' title='bbox 1667 4688 1756 4754; x_wconf 91' lang='lat' dir='ltr'><strong>qui</strong></span> <span class='ocrx_word' id='word_1_365' title='bbox 1812 4697 1989 4740; x_wconf 90' lang='lat' dir='ltr'><strong>autem</strong></span> <span class='ocrx_word' id='word_1_366' title='bbox 2019 4704 2080 4740; x_wconf 77' lang='lat' dir='ltr'><strong>ex</strong></span> <span class='ocrx_word' id='word_1_367' title='bbox 2117 4689 2371 4756; x_wconf 79' lang='lat' dir='ltr'><strong>simplici-</strong></span> <span class='ocrx_word' id='word_1_368' title='bbox 2474 4683 2557 4747; x_wconf 71' lang='grc' dir='ltr'><strong>ἀγ¹</strong></span> 
     </span>
    </p>
   </div>
   <div class='ocr_carea' id='block_1_40' title="bbox 2283 4683 4049 4756">
    <p class='ocr_par' dir='ltr' id='par_1_40' title="bbox 2284 4683 4049 4750">
     <span class='ocr_line' id='line_1_40' title="bbox 2284 4683 4049 4750; baseline -0.001 -16"><span class='ocrx_word' id='word_1_369' title='bbox 2284 4689 2371 4741; x_wconf 70' lang='lat' dir='ltr'><strong>ici.</strong></span> <span class='ocrx_word' id='word_1_370' title='bbox 2474 4683 2818 4747; x_wconf 75' lang='grc' dir='ltr'>ἀγνοοῦντες,</span> <span class='ocrx_word' id='word_1_371' title='bbox 2859 4683 3108 4750; x_wconf 77' lang='grc' dir='ltr'>μάθωσιν</span> <span class='ocrx_word' id='word_1_372' title='bbox 3137 4698 3149 4710; x_wconf 93' lang='grc'><strong>·</strong></span> <span class='ocrx_word' id='word_1_373' title='bbox 3185 4683 3308 4732; x_wconf 72' lang='grc' dir='ltr'>ἐπεὶ</span> <span class='ocrx_word' id='word_1_374' title='bbox 3332 4684 3471 4732; x_wconf 88' lang='grc' dir='ltr'>κατὰ</span> <span class='ocrx_word' id='word_1_375' title='bbox 3497 4683 3588 4733; x_wconf 77' lang='grc' dir='ltr'>τὸν</span> <span class='ocrx_word' id='word_1_376' title='bbox 3617 4683 3756 4733; x_wconf 75' lang='grc' dir='ltr'>θεῖον</span> <span class='ocrx_word' id='word_1_377' title='bbox 3797 4683 4049 4734; x_wconf 82' lang='grc' dir='ltr'>’Λπόστο-</span> 
     </span>
    </p>
   </div>
   <div class='ocr_carea' id='block_1_41' title="bbox 793 4771 2559 4845">
    <p class='ocr_par' dir='ltr' id='par_1_41' title="bbox 793 4774 2559 4845">
     <span class='ocr_line' id='line_1_41' title="bbox 793 4774 2559 4845; baseline 0.003 -19"><span class='ocrx_word' id='word_1_378' title='bbox 793 4788 897 4828; x_wconf 82' lang='lat' dir='ltr'><strong>tute</strong></span> <span class='ocrx_word' id='word_1_379' title='bbox 929 4777 1198 4845; x_wconf 72' lang='lat' dir='ltr'><strong>ignorant,</strong></span> <span class='ocrx_word' id='word_1_380' title='bbox 1233 4777 1562 4844; x_wconf 77' lang='lat' dir='ltr'><strong>doceantur;</strong></span> <span class='ocrx_word' id='word_1_381' title='bbox 1602 4794 1747 4842; x_wconf 88' lang='lat' dir='ltr'><strong>nam,</strong></span> <span class='ocrx_word' id='word_1_382' title='bbox 1797 4787 1852 4830; x_wconf 89' lang='lat' dir='ltr'><strong>ttt</strong></span> <span class='ocrx_word' id='word_1_383' title='bbox 1905 4790 2092 4832; x_wconf 88' lang='lat' dir='ltr'><strong>auctor</strong></span> <span class='ocrx_word' id='word_1_384' title='bbox 2123 4789 2206 4833; x_wconf 91' lang='lat' dir='ltr'><strong>est</strong></span> <span class='ocrx_word' id='word_1_385' title='bbox 2237 4781 2371 4832; x_wconf 76' lang='lat' dir='ltr'><strong>tlivi-</strong></span> <span class='ocrx_word' id='word_1_386' title='bbox 2471 4774 2559 4824; x_wconf 77' lang='grc' dir='ltr'><strong>λον</strong></span> 
     </span>
    </p>
   </div>
   <div class='ocr_carea' id='block_1_42' title="bbox 2282 4771 4048 4845">
    <p class='ocr_par' dir='ltr' id='par_1_42' title="bbox 2282 4771 4048 4841">
     <span class='ocr_line' id='line_1_42' title="bbox 2282 4771 4048 4841; baseline -0.001 -16"><span class='ocrx_word' id='word_1_387' title='bbox 2282 4782 2371 4832; x_wconf 70' lang='lat' dir='ltr'><strong>ivi-</strong></span> <span class='ocrx_word' id='word_1_388' title='bbox 2471 4774 2585 4836; x_wconf 87' lang='grc' dir='ltr'>λον,</span> <span class='ocrx_word' id='word_1_389' title='bbox 2628 4776 2690 4825; x_wconf 87' lang='lat'><strong>&#39;0</strong></span> <span class='ocrx_word' id='word_1_390' title='bbox 2720 4771 2952 4841; x_wconf 75' lang='grc' dir='ltr'><strong>ἀγνοῶν</strong></span> <span class='ocrx_word' id='word_1_391' title='bbox 3005 4773 3446 4840; x_wconf 75' lang='grc' dir='ltr'>ἀγνοηθήσεται</span> <span class='ocrx_word' id='word_1_392' title='bbox 3470 4787 3484 4801; x_wconf 80' lang='grc'><strong>”</strong></span> <span class='ocrx_word' id='word_1_393' title='bbox 3513 4773 3607 4824; x_wconf 76' lang='grc' dir='ltr'>καὶ</span> <span class='ocrx_word' id='word_1_394' title='bbox 3634 4772 3698 4840; x_wconf 84' lang='grc' dir='ltr'>δὴ</span> <span class='ocrx_word' id='word_1_395' title='bbox 3730 4773 3822 4824; x_wconf 72' lang='grc' dir='ltr'>καὶ</span> <span class='ocrx_word' id='word_1_396' title='bbox 3847 4774 3896 4823; x_wconf 80' lang='grc' dir='ltr'>οἱ</span> <span class='ocrx_word' id='word_1_397' title='bbox 3924 4775 4048 4834; x_wconf 76' lang='grc' dir='ltr'>τοὺς</span> 
     </span>
    </p>
   </div>
   <div class='ocr_carea' id='block_1_43' title="bbox 791 4863 2557 4938">
    <p class='ocr_par' dir='ltr' id='par_1_43' title="bbox 791 4865 2557 4938">
     <span class='ocr_line' id='line_1_43' title="bbox 791 4865 2557 4938; baseline 0.005 -22"><span class='ocrx_word' id='word_1_398' title='bbox 791 4881 886 4917; x_wconf 90' lang='lat' dir='ltr'><strong>nus</strong></span> <span class='ocrx_word' id='word_1_399' title='bbox 909 4866 1225 4932; x_wconf 85' lang='lat' dir='ltr'><strong>Apostolus:</strong></span> <span class='ocrx_word' id='word_1_400' title='bbox 1250 4869 1352 4931; x_wconf 85' lang='lat' dir='ltr'><strong>Qui</strong></span> <span class='ocrx_word' id='word_1_401' title='bbox 1381 4871 1610 4937; x_wconf 80' lang='lat' dir='ltr'><strong>ignorat,</strong></span> <span class='ocrx_word' id='word_1_402' title='bbox 1635 4870 2037 4938; x_wconf 66' lang='lat' dir='ltr'><strong>ignorabitur”;</strong></span> <span class='ocrx_word' id='word_1_403' title='bbox 2071 4871 2216 4938; x_wconf 89' lang='lat' dir='ltr'><strong>iiqtte</strong></span> <span class='ocrx_word' id='word_1_404' title='bbox 2236 4872 2370 4924; x_wconf 85' lang='lat' dir='ltr'><strong>adeo</strong></span> <span class='ocrx_word' id='word_1_405' title='bbox 2474 4865 2557 4918; x_wconf 69' lang='grc' dir='ltr'><strong>ἀλ)</strong></span> 
     </span>
    </p>
   </div>
   <div class='ocr_carea' id='block_1_44' title="bbox 2279 4863 4045 4938">
    <p class='ocr_par' dir='ltr' id='par_1_44' title="bbox 2279 4863 4045 4933">
     <span class='ocr_line' id='line_1_44' title="bbox 2279 4863 4045 4933; baseline -0.003 -14"><span class='ocrx_word' id='word_1_406' title='bbox 2279 4872 2370 4924; x_wconf 66' lang='grc' dir='ltr'>ιΙεο</span> <span class='ocrx_word' id='word_1_407' title='bbox 2474 4865 2664 4926; x_wconf 78' lang='grc' dir='ltr'>ἄλλους</span> <span class='ocrx_word' id='word_1_408' title='bbox 2699 4867 3025 4933; x_wconf 82' lang='grc' dir='ltr'>προχείρως,</span> <span class='ocrx_word' id='word_1_409' title='bbox 3056 4865 3087 4933; x_wconf 83' lang='grc' dir='ltr'>ἢ</span> <span class='ocrx_word' id='word_1_410' title='bbox 3143 4864 3342 4932; x_wconf 83' lang='grc' dir='ltr'>μᾶλλον</span> <span class='ocrx_word' id='word_1_411' title='bbox 3370 4864 3578 4930; x_wconf 79' lang='grc' dir='ltr'><strong>ἀλόγως</strong></span> <span class='ocrx_word' id='word_1_412' title='bbox 3614 4864 3708 4915; x_wconf 68' lang='grc' dir='ltr'><strong>καὶ</strong></span> <span class='ocrx_word' id='word_1_413' title='bbox 3754 4863 4045 4930; x_wconf 79' lang='grc' dir='ltr'><strong>κακοήθως</strong></span> 
     </span>
    </p>
   </div>
   <div class='ocr_carea' id='block_1_45' title="bbox 790 4955 2556 5027">
    <p class='ocr_par' dir='ltr' id='par_1_45' title="bbox 790 4957 2556 5026">
     <span class='ocr_line' id='line_1_45' title="bbox 790 4957 2556 5026; baseline 0.002 -20"><span class='ocrx_word' id='word_1_414' title='bbox 790 4957 974 5021; x_wconf 72' lang='lat' dir='ltr'><strong>etiam,</strong></span> <span class='ocrx_word' id='word_1_415' title='bbox 1007 4960 1095 5026; x_wconf 89' lang='lat' dir='ltr'><strong>qui</strong></span> <span class='ocrx_word' id='word_1_416' title='bbox 1149 4960 1430 5024; x_wconf 65' lang='lat' dir='ltr'><strong>prorlive,</strong></span> <span class='ocrx_word' id='word_1_417' title='bbox 1465 4974 1559 5012; x_wconf 84' lang='lat' dir='ltr'><strong>seu</strong></span> <span class='ocrx_word' id='word_1_418' title='bbox 1613 4964 1792 5026; x_wconf 89' lang='lat' dir='ltr'><strong>potius</strong></span> <span class='ocrx_word' id='word_1_419' title='bbox 1824 4971 2029 5016; x_wconf 85' lang='lat' dir='ltr'><strong>temere</strong></span> <span class='ocrx_word' id='word_1_420' title='bbox 2090 4977 2152 5016; x_wconf 89' lang='lat' dir='ltr'><strong>ac</strong></span> <span class='ocrx_word' id='word_1_421' title='bbox 2213 4963 2370 5015; x_wconf 84' lang='lat' dir='ltr'><strong>mali-</strong></span> <span class='ocrx_word' id='word_1_422' title='bbox 2477 4976 2556 5010; x_wconf 80' lang='lat' dir='ltr'><strong>au:</strong></span> 
     </span>
    </p>
   </div>
   <div class='ocr_carea' id='block_1_46' title="bbox 2281 4955 4047 5027">
    <p class='ocr_par' dir='ltr' id='par_1_46' title="bbox 2281 4955 4047 5027">
     <span class='ocr_line' id='line_1_46' title="bbox 2281 4955 4047 5027; baseline -0.005 -14"><span class='ocrx_word' id='word_1_423' title='bbox 2281 4963 2370 5015; x_wconf 80' lang='lat' dir='ltr'><strong>tli-</strong></span> <span class='ocrx_word' id='word_1_424' title='bbox 2477 4959 2936 5027; x_wconf 69' lang='grc' dir='ltr'>συκοφαντοῦντες</span> <span class='ocrx_word' id='word_1_425' title='bbox 2985 4959 3078 5010; x_wconf 81' lang='grc' dir='ltr'>καὶ</span> <span class='ocrx_word' id='word_1_426' title='bbox 3135 4956 3519 5016; x_wconf 68' lang='grc' dir='ltr'>διαϐάλλοντες</span> <span class='ocrx_word' id='word_1_427' title='bbox 3573 4955 3905 5021; x_wconf 80' lang='grc' dir='ltr'>ἐλεγχθῶσιν</span> <span class='ocrx_word' id='word_1_428' title='bbox 3937 4955 4047 5005; x_wconf 84' lang='grc' dir='ltr'>ἀδι-</span> 
     </span>
    </p>
   </div>
   <div class='ocr_carea' id='block_1_47' title="bbox 789 5048 2555 5122">
    <p class='ocr_par' dir='ltr' id='par_1_47' title="bbox 789 5049 2555 5122">
     <span class='ocr_line' id='line_1_47' title="bbox 789 5049 2555 5122; baseline 0.005 -27"><span class='ocrx_word' id='word_1_429' title='bbox 789 5064 892 5112; x_wconf 65' lang='lat' dir='ltr'><strong>gue</strong></span> <span class='ocrx_word' id='word_1_430' title='bbox 929 5049 1062 5101; x_wconf 77' lang='lat' dir='ltr'><strong>alios</strong></span> <span class='ocrx_word' id='word_1_431' title='bbox 1099 5050 1530 5112; x_wconf 73' lang='lat' dir='ltr'><strong>czilumniautur,</strong></span> <span class='ocrx_word' id='word_1_432' title='bbox 1569 5053 1759 5118; x_wconf 88' lang='lat' dir='ltr'><strong>eisque</strong></span> <span class='ocrx_word' id='word_1_433' title='bbox 1787 5053 2119 5116; x_wconf 80' lang='lat' dir='ltr'><strong>detrahunt,</strong></span> <span class='ocrx_word' id='word_1_434' title='bbox 2147 5054 2368 5122; x_wconf 85' lang='lat' dir='ltr'><strong>injusti-</strong></span> <span class='ocrx_word' id='word_1_435' title='bbox 2476 5052 2555 5104; x_wconf 74' lang='grc' dir='ltr'>κοί</span> 
     </span>
    </p>
   </div>
   <div class='ocr_carea' id='block_1_48' title="bbox 2281 5048 4047 5122">
    <p class='ocr_par' dir='ltr' id='par_1_48' title="bbox 2281 5048 4047 5119">
     <span class='ocr_line' id='line_1_48' title="bbox 2281 5048 4047 5119; baseline -0.005 -12"><span class='ocrx_word' id='word_1_436' title='bbox 2281 5056 2368 5107; x_wconf 71' lang='grc' dir='ltr'><strong>ειὶ-</strong></span> <span class='ocrx_word' id='word_1_437' title='bbox 2476 5052 2717 5112; x_wconf 81' lang='grc' dir='ltr'>κοῦντες.</span> <span class='ocrx_word' id='word_1_438' title='bbox 2748 5053 2849 5102; x_wconf 85' lang='lat' dir='ltr'><strong>&quot;Hv</strong></span> <span class='ocrx_word' id='word_1_439' title='bbox 2872 5051 3004 5119; x_wconf 82' lang='grc' dir='ltr'>δῆτα</span> <span class='ocrx_word' id='word_1_440' title='bbox 3057 5050 3331 5115; x_wconf 81' lang='grc' dir='ltr'>ἀπόφασιν</span> <span class='ocrx_word' id='word_1_441' title='bbox 3371 5049 3465 5114; x_wconf 81' lang='grc' dir='ltr'><strong>ὅλη</strong></span> <span class='ocrx_word' id='word_1_442' title='bbox 3519 5049 3736 5110; x_wconf 85' lang='grc' dir='ltr'>σύνοδος</span> <span class='ocrx_word' id='word_1_443' title='bbox 3783 5048 4047 5116; x_wconf 85' lang='grc' dir='ltr'>βασιλέως</span> 
     </span>
    </p>
   </div>
   <div class='ocr_carea' id='block_1_49' title="bbox 791 5140 2557 5213">
    <p class='ocr_par' dir='ltr' id='par_1_49' title="bbox 791 5142 2557 5213">
     <span class='ocr_line' id='line_1_49' title="bbox 791 5142 2557 5213; baseline 0.002 -21"><span class='ocrx_word' id='word_1_444' title='bbox 791 5155 875 5193; x_wconf 68' lang='lat' dir='ltr'><strong>tiu:</strong></span> <span class='ocrx_word' id='word_1_445' title='bbox 898 5151 1216 5210; x_wconf 86' lang='lat' dir='ltr'><strong>arguantur.</strong></span> <span class='ocrx_word' id='word_1_446' title='bbox 1263 5142 1410 5195; x_wconf 81' lang='lat' dir='ltr'><strong>Hauc</strong></span> <span class='ocrx_word' id='word_1_447' title='bbox 1446 5143 1706 5197; x_wconf 87' lang='lat' dir='ltr'><strong>nimirum</strong></span> <span class='ocrx_word' id='word_1_448' title='bbox 1739 5147 2087 5208; x_wconf 86' lang='lat' dir='ltr'><strong>sententiam,</strong></span> <span class='ocrx_word' id='word_1_449' title='bbox 2119 5147 2367 5199; x_wconf 74' lang='lat' dir='ltr'><strong>universa</strong></span> <span class='ocrx_word' id='word_1_450' title='bbox 2474 5163 2557 5213; x_wconf 74' lang='grc' dir='ltr'>πρε</span> 
     </span>
    </p>
   </div>
   <div class='ocr_carea' id='block_1_50' title="bbox 2283 5140 4049 5213">
    <p class='ocr_par' dir='ltr' id='par_1_50' title="bbox 2285 5140 4049 5213">
     <span class='ocr_line' id='line_1_50' title="bbox 2285 5140 4049 5213; baseline -0.004 -16"><span class='ocrx_word' id='word_1_451' title='bbox 2285 5161 2367 5198; x_wconf 84' lang='lat' dir='ltr'><strong>rsa</strong></span> <span class='ocrx_word' id='word_1_452' title='bbox 2474 5145 2975 5213; x_wconf 77' lang='grc' dir='ltr'>προκαθεζομένου,</span> <span class='ocrx_word' id='word_1_453' title='bbox 3024 5143 3287 5204; x_wconf 63' lang='grc' dir='ltr'>πολλάκις</span> <span class='ocrx_word' id='word_1_454' title='bbox 3346 5140 3700 5200; x_wconf 83' lang='grc' dir='ltr'>συνελθοῦσα,</span> <span class='ocrx_word' id='word_1_455' title='bbox 3768 5142 4049 5206; x_wconf 62' lang='grc' dir='ltr'>ἀποφηνα-</span> 
     </span>
    </p>
   </div>
   <div class='ocr_carea' id='block_1_51' title="bbox 789 5233 2555 5305">
    <p class='ocr_par' dir='ltr' id='par_1_51' title="bbox 789 5234 2555 5305">
     <span class='ocr_line' id='line_1_51' title="bbox 789 5234 2555 5305; baseline 0.001 -19"><span class='ocrx_word' id='word_1_456' title='bbox 789 5235 1051 5302; x_wconf 81' lang='lat' dir='ltr'><strong>synodus,</strong></span> <span class='ocrx_word' id='word_1_457' title='bbox 1109 5234 1432 5300; x_wconf 68' lang='lat' dir='ltr'><strong>prtesidente</strong></span> <span class='ocrx_word' id='word_1_458' title='bbox 1523 5236 1868 5302; x_wconf 87' lang='lat' dir='ltr'><strong>imperatore,</strong></span> <span class='ocrx_word' id='word_1_459' title='bbox 1932 5237 2125 5305; x_wconf 66' lang='lat' dir='ltr'><strong>saepius</strong></span> <span class='ocrx_word' id='word_1_460' title='bbox 2174 5251 2369 5291; x_wconf 84' lang='lat' dir='ltr'><strong>c0nve-</strong></span> <span class='ocrx_word' id='word_1_461' title='bbox 2477 5239 2555 5304; x_wconf 72' lang='grc' dir='ltr'><strong>μέι</strong></span> 
     </span>
    </p>
   </div>
   <div class='ocr_carea' id='block_1_52' title="bbox 2283 5233 4049 5305">
    <p class='ocr_par' dir='ltr' id='par_1_52' title="bbox 2283 5233 4049 5304">
     <span class='ocr_line' id='line_1_52' title="bbox 2283 5233 4049 5304; baseline -0.002 -16"><span class='ocrx_word' id='word_1_462' title='bbox 2283 5251 2369 5289; x_wconf 82' lang='lat' dir='ltr'><strong>ve-</strong></span> <span class='ocrx_word' id='word_1_463' title='bbox 2477 5239 2613 5304; x_wconf 73' lang='grc' dir='ltr'><strong>μὲνη</strong></span> <span class='ocrx_word' id='word_1_464' title='bbox 2677 5240 2771 5290; x_wconf 74' lang='grc' dir='ltr'>καὶ</span> <span class='ocrx_word' id='word_1_465' title='bbox 2826 5237 3296 5304; x_wconf 66' lang='grc' dir='ltr'>συγγραψαμένη,</span> <span class='ocrx_word' id='word_1_466' title='bbox 3347 5235 3422 5295; x_wconf 88' lang='grc' dir='ltr'><strong>ὠς</strong></span> <span class='ocrx_word' id='word_1_467' title='bbox 3475 5234 3682 5301; x_wconf 80' lang='grc' dir='ltr'>στήλην</span> <span class='ocrx_word' id='word_1_468' title='bbox 3741 5233 4049 5301; x_wconf 78' lang='grc' dir='ltr'>ὀρθοδοξὶας</span> 
     </span>
    </p>
   </div>
   <div class='ocr_carea' id='block_1_53' title="bbox 792 5322 2558 5395">
    <p class='ocr_par' dir='ltr' id='par_1_53' title="bbox 792 5323 2558 5394">
     <span class='ocr_line' id='line_1_53' title="bbox 792 5323 2558 5394; baseline 0.002 -20"><span class='ocrx_word' id='word_1_469' title='bbox 792 5338 968 5389; x_wconf 87' lang='lat' dir='ltr'><strong>uicus,</strong></span> <span class='ocrx_word' id='word_1_470' title='bbox 997 5324 1107 5389; x_wconf 79' lang='lat' dir='ltr'><strong>ipsa</strong></span> <span class='ocrx_word' id='word_1_471' title='bbox 1143 5323 1491 5392; x_wconf 67' lang='lat' dir='ltr'><strong>promulgans</strong></span> <span class='ocrx_word' id='word_1_472' title='bbox 1522 5334 1684 5390; x_wconf 88' lang='lat' dir='ltr'><strong>atque</strong></span> <span class='ocrx_word' id='word_1_473' title='bbox 1721 5326 2090 5387; x_wconf 82' lang='lat' dir='ltr'><strong>conscribens,</strong></span> <span class='ocrx_word' id='word_1_474' title='bbox 2115 5336 2368 5394; x_wconf 77' lang='lat' dir='ltr'><strong>tauquam</strong></span> <span class='ocrx_word' id='word_1_475' title='bbox 2476 5330 2558 5379; x_wconf 76' lang='grc' dir='ltr'>ὲαι</span> 
     </span>
    </p>
   </div>
   <div class='ocr_carea' id='block_1_54' title="bbox 2284 5322 4050 5395">
    <p class='ocr_par' dir='ltr' id='par_1_54' title="bbox 2286 5322 4050 5395">
     <span class='ocr_line' id='line_1_54' title="bbox 2286 5322 4050 5395; baseline -0.002 -19"><span class='ocrx_word' id='word_1_476' title='bbox 2286 5343 2368 5378; x_wconf 86' lang='lat' dir='ltr'><strong>:ttu</strong></span> <span class='ocrx_word' id='word_1_477' title='bbox 2476 5330 2640 5395; x_wconf 75' lang='grc' dir='ltr'>ἑαυτῇ</span> <span class='ocrx_word' id='word_1_478' title='bbox 2675 5326 2975 5393; x_wconf 81' lang='grc' dir='ltr'>προῠθηκε,</span> <span class='ocrx_word' id='word_1_479' title='bbox 3005 5329 3115 5386; x_wconf 87' lang='grc' dir='ltr'>τοῖς</span> <span class='ocrx_word' id='word_1_480' title='bbox 3151 5343 3208 5376; x_wconf 79' lang='grc' dir='ltr'><strong>τε</strong></span> <span class='ocrx_word' id='word_1_481' title='bbox 3262 5325 3443 5385; x_wconf 81' lang='grc' dir='ltr'>ἇλ)οις</span> <span class='ocrx_word' id='word_1_482' title='bbox 3478 5323 3732 5390; x_wconf 80' lang='grc' dir='ltr'>κατέχειν</span> <span class='ocrx_word' id='word_1_483' title='bbox 3765 5323 3934 5391; x_wconf 64' lang='grc' dir='ltr'>αὐτὴν</span> <span class='ocrx_word' id='word_1_484' title='bbox 3976 5322 4050 5380; x_wconf 82' lang='grc' dir='ltr'>ὡς</span> 
     </span>
    </p>
   </div>
   <div class='ocr_carea' id='block_1_55' title="bbox 792 5413 2558 5488">
    <p class='ocr_par' dir='ltr' id='par_1_55' title="bbox 792 5414 2558 5488">
     <span class='ocr_line' id='line_1_55' title="bbox 792 5414 2558 5488; baseline 0.001 -21"><span class='ocrx_word' id='word_1_485' title='bbox 792 5423 952 5467; x_wconf 72' lang='lat' dir='ltr'><strong>tecta:</strong></span> <span class='ocrx_word' id='word_1_486' title='bbox 1021 5414 1142 5466; x_wconf 88' lang='lat' dir='ltr'><strong>lidei</strong></span> <span class='ocrx_word' id='word_1_487' title='bbox 1207 5415 1513 5468; x_wconf 88' lang='lat' dir='ltr'><strong>columnam</strong></span> <span class='ocrx_word' id='word_1_488' title='bbox 1576 5416 1678 5469; x_wconf 90' lang='lat' dir='ltr'><strong>sibi</strong></span> <span class='ocrx_word' id='word_1_489' title='bbox 1740 5417 2160 5482; x_wconf 86' lang='lat' dir='ltr'><strong>proposuit,ac</strong></span> <span class='ocrx_word' id='word_1_490' title='bbox 2228 5419 2368 5471; x_wconf 73' lang='lat' dir='ltr'><strong>velut</strong></span> <span class='ocrx_word' id='word_1_491' title='bbox 2407 5421 2558 5488; x_wconf 48' lang='lat' dir='ltr'><strong>nam</strong></span> 
     </span>
    </p>
   </div>
   <div class='ocr_carea' id='block_1_56' title="bbox 2284 5413 4050 5488">
    <p class='ocr_par' dir='ltr' id='par_1_56' title="bbox 2284 5413 4050 5488">
     <span class='ocr_line' id='line_1_56' title="bbox 2284 5413 4050 5488; baseline -0.003 -17"><span class='ocrx_word' id='word_1_492' title='bbox 2284 5419 2368 5471; x_wconf 72' lang='lat' dir='ltr'><strong>&#39;lut</strong></span> <span class='ocrx_word' id='word_1_493' title='bbox 2407 5474 2443 5488; x_wconf 50' lang='lat' dir='ltr'><strong>ﬂ</strong></span> <span class='ocrx_word' id='word_1_494' title='bbox 2477 5421 2600 5486; x_wconf 78' lang='grc' dir='ltr'>ὅρον</span> <span class='ocrx_word' id='word_1_495' title='bbox 2634 5418 2916 5480; x_wconf 70' lang='grc' dir='ltr'>εὐσεϐείας</span> <span class='ocrx_word' id='word_1_496' title='bbox 2942 5417 3294 5488; x_wconf 80' lang='grc' dir='ltr'>παραδέδωκε</span> <span class='ocrx_word' id='word_1_497' title='bbox 3319 5431 3332 5444; x_wconf 84' lang='lat'><strong><em>°</em></strong></span> <span class='ocrx_word' id='word_1_498' title='bbox 3368 5417 3462 5468; x_wconf 70' lang='grc' dir='ltr'>καὶ</span> <span class='ocrx_word' id='word_1_499' title='bbox 3499 5415 3562 5482; x_wconf 79' lang='grc' dir='ltr'>δὴ</span> <span class='ocrx_word' id='word_1_500' title='bbox 3593 5415 3685 5466; x_wconf 74' lang='grc' dir='ltr'>καὶ</span> <span class='ocrx_word' id='word_1_501' title='bbox 3725 5415 3910 5478; x_wconf 78' lang='grc' dir='ltr'><em>Τόμον</em></span> <span class='ocrx_word' id='word_1_502' title='bbox 3942 5413 4050 5466; x_wconf 83' lang='grc' dir='ltr'>τοῦ</span> 
     </span>
    </p>
   </div>
   <div class='ocr_carea' id='block_1_57' title="bbox 791 5474 2557 5577">
    <p class='ocr_par' dir='ltr' id='par_1_57' title="bbox 791 5474 2557 5577">
     <span class='ocr_line' id='line_1_57' title="bbox 791 5474 2557 5577; baseline 0.004 -23"><span class='ocrx_word' id='word_1_503' title='bbox 791 5508 1004 5577; x_wconf 85' lang='lat' dir='ltr'><strong>pietatis</strong></span> <span class='ocrx_word' id='word_1_504' title='bbox 1048 5505 1309 5575; x_wconf 86' lang='lat' dir='ltr'><strong>regulam,</strong></span> <span class='ocrx_word' id='word_1_505' title='bbox 1361 5507 1584 5575; x_wconf 87' lang='lat' dir='ltr'><strong>reliquis</strong></span> <span class='ocrx_word' id='word_1_506' title='bbox 1639 5508 1926 5559; x_wconf 88' lang='lat' dir='ltr'><strong>tenendam</strong></span> <span class='ocrx_word' id='word_1_507' title='bbox 1987 5509 2208 5561; x_wconf 73' lang='lat' dir='ltr'><strong>tradidit</strong></span> <span class='ocrx_word' id='word_1_508' title='bbox 2237 5525 2371 5568; x_wconf 77' lang='lat' dir='ltr'><strong>:nec</strong></span> <span class='ocrx_word' id='word_1_509' title='bbox 2402 5474 2445 5532; x_wconf 74' lang='lat' dir='ltr'><strong>C</strong></span> <span class='ocrx_word' id='word_1_510' title='bbox 2481 5513 2557 5563; x_wconf 81' lang='lat' dir='ltr'><strong>lla</strong></span> 
     </span>
    </p>
   </div>
   <div class='ocr_carea' id='block_1_58' title="bbox 2284 5474 4050 5577">
    <p class='ocr_par' dir='ltr' id='par_1_58' title="bbox 2284 5474 4050 5575">
     <span class='ocr_line' id='line_1_58' title="bbox 2284 5474 4050 5575; baseline -0.003 -15"><span class='ocrx_word' id='word_1_511' title='bbox 2284 5525 2371 5561; x_wconf 79' lang='lat' dir='ltr'><strong>rtec</strong></span> <span class='ocrx_word' id='word_1_512' title='bbox 2402 5474 2445 5532; x_wconf 74' lang='lat' dir='ltr'><strong>C</strong></span> <span class='ocrx_word' id='word_1_513' title='bbox 2481 5474 2730 5575; x_wconf 64' lang='grc' dir='ltr'>ἡαλαμιῑ</span> <span class='ocrx_word' id='word_1_514' title='bbox 2775 5474 2978 5574; x_wconf 70' lang='grc' dir='ltr'>ταύτην</span> <span class='ocrx_word' id='word_1_515' title='bbox 3023 5474 3454 5575; x_wconf 48' lang='grc' dir='ltr'>ἐπονομάζεσθαι</span> <span class='ocrx_word' id='word_1_516' title='bbox 3514 5474 3827 5571; x_wconf 73' lang='grc' dir='ltr'>διωρίσατο.</span> <span class='ocrx_word' id='word_1_517' title='bbox 3880 5502 4050 5554; x_wconf 80' lang='grc' dir='ltr'>Τοῦτο</span> 
     </span>
    </p>
   </div>
   <div class='ocr_carea' id='block_1_59' title="bbox 791 5593 2557 5669">
    <p class='ocr_par' dir='ltr' id='par_1_59' title="bbox 791 5597 2548 5669">
     <span class='ocr_line' id='line_1_59' title="bbox 791 5597 2548 5669; baseline 0.001 -17"><span class='ocrx_word' id='word_1_518' title='bbox 791 5617 898 5652; x_wconf 84' lang='lat' dir='ltr'><strong>non</strong></span> <span class='ocrx_word' id='word_1_519' title='bbox 925 5600 1141 5652; x_wconf 83' lang='lat' dir='ltr'><strong>Tantum</strong></span> <span class='ocrx_word' id='word_1_520' title='bbox 1179 5597 1419 5656; x_wconf 81' lang='lat' dir='ltr'><strong>l’alama:</strong></span> <span class='ocrx_word' id='word_1_521' title='bbox 1447 5600 1828 5669; x_wconf 80' lang='lat' dir='ltr'><strong>appellandam</strong></span> <span class='ocrx_word' id='word_1_522' title='bbox 1867 5604 2065 5654; x_wconf 76' lang='lat' dir='ltr'><strong>sanxit.</strong></span> <span class='ocrx_word' id='word_1_523' title='bbox 2101 5599 2156 5654; x_wconf 77' lang='lat' dir='ltr'><strong>Id</strong></span> <span class='ocrx_word' id='word_1_524' title='bbox 2193 5602 2368 5656; x_wconf 83' lang='lat' dir='ltr'><strong>eniut-</strong></span> <span class='ocrx_word' id='word_1_525' title='bbox 2486 5601 2548 5668; x_wconf 82' lang='grc' dir='ltr'><strong>μέ</strong></span> 
     </span>
    </p>
   </div>
   <div class='ocr_carea' id='block_1_60' title="bbox 2281 5593 4047 5669">
    <p class='ocr_par' dir='ltr' id='par_1_60' title="bbox 2290 5593 4047 5668">
     <span class='ocr_line' id='line_1_60' title="bbox 2290 5593 4047 5668; baseline -0.005 -14"><span class='ocrx_word' id='word_1_526' title='bbox 2290 5617 2368 5654; x_wconf 82' lang='lat' dir='ltr'><strong>ut-</strong></span> <span class='ocrx_word' id='word_1_527' title='bbox 2486 5601 2666 5668; x_wconf 74' lang='grc' dir='ltr'>μέντοι</span> <span class='ocrx_word' id='word_1_528' title='bbox 2715 5598 2990 5668; x_wconf 75' lang='grc' dir='ltr'>γνώριμον</span> <span class='ocrx_word' id='word_1_529' title='bbox 3040 5600 3157 5662; x_wconf 70' lang='grc' dir='ltr'>ταῖς</span> <span class='ocrx_word' id='word_1_530' title='bbox 3208 5597 3467 5660; x_wconf 72' lang='grc' dir='ltr'>διανοίαις</span> <span class='ocrx_word' id='word_1_531' title='bbox 3512 5597 3622 5648; x_wconf 81' lang='grc' dir='ltr'>τῶν</span> <span class='ocrx_word' id='word_1_532' title='bbox 3685 5593 3752 5646; x_wconf 78' lang='grc' dir='ltr'><strong>τὰ</strong></span> <span class='ocrx_word' id='word_1_533' title='bbox 3806 5593 4047 5663; x_wconf 80' lang='grc' dir='ltr'>παρόντα</span> 
     </span>
    </p>
   </div>
   <div class='ocr_carea' id='block_1_61' title="bbox 866 5753 1832 5825">
    <p class='ocr_par' dir='ltr' id='par_1_61' title="bbox 866 5753 1832 5825">
     <span class='ocr_line' id='line_1_61' title="bbox 866 5753 1832 5825; baseline -0.005 -12"><span class='ocrx_word' id='word_1_534' title='bbox 866 5756 1074 5816; x_wconf 76' lang='grc' dir='ltr'><strong>⁸1ἶοω.</strong></span> <span class='ocrx_word' id='word_1_535' title='bbox 1114 5775 1164 5825; x_wconf 77' lang='lat' dir='ltr'><strong>x,</strong></span> <span class='ocrx_word' id='word_1_536' title='bbox 1204 5757 1254 5811; x_wconf 83' lang='lat' dir='ltr'><strong>l.</strong></span> <span class='ocrx_word' id='word_1_537' title='bbox 1334 5753 1397 5809; x_wconf 83' lang='grc' dir='ltr'><strong>Ἰ</strong></span> <span class='ocrx_word' id='word_1_538' title='bbox 1431 5754 1557 5809; x_wconf 85' lang='lat' dir='ltr'><strong>Cor.</strong></span> <span class='ocrx_word' id='word_1_539' title='bbox 1597 5771 1708 5818; x_wconf 72' lang='grc' dir='ltr'><strong>ιη’,</strong></span> <span class='ocrx_word' id='word_1_540' title='bbox 1745 5754 1832 5809; x_wconf 76' lang='grc'><strong>53.</strong></span> 
     </span>
    </p>
   </div>
  </div>
