4472 6434
458 402 563 464 285

1474 403 1570 460 DE
1619 402 1981 460 ESSE‘lTlA
2031 403 2124 458 ET
2156 403 2665 462 OPER.\TIONE.

3572 408 3675 453 GU“

456 512 924 579 ἀναγνωσομένων
977 510 1411 578 προῦποκείσθω.
1451 512 1526 571 ὼς
1570 508 1637 578 ἦν
1669 510 1882 580 καιρὸς,
1923 513 2010 563 ὅτε
2040 513 2080 567 Δ
2117 526 2222 564 vcrt

1923 513 2010 563 ὅτε
2040 513 2080 567 Δ
2117 526 2242 564 vero
2295 527 2483 566 eorum
2512 515 2602 581 qui
2632 513 2731 564 ista
2781 512 2968 563 lecturi
3000 519 3143 572 sunt,
3199 519 3319 563 ante
3343 530 3521 562 unum
3565 532 3671 565 1m-

456 605 488 669 η
529 601 824 666 Ἐκκλησία
853 599 991 668 αὕτη
1025 600 1124 661 τῆς
1160 600 1488 668 ἀποφάσεως
1517 602 1721 668 ταύτης
1746 602 2009 670 πρότερον

455 693 649 761 ἑτέραν
679 692 930 743 ἐναντίαν
961 690 1220 760 ἐξήνεγκε
1244 707 1257 721 ⁸
1307 693 1402 742 καὶ
1439 690 1806 760 μαρτυροῦσιν
1831 691 1879 742 οἱ
1921 690 2014 740 καὶ

454 783 550 833 νῦν
579 782 658 833 ιτι
687 781 891 844 ζῶντες
917 782 985 848 τῇ
1027 781 1230 848 συνόδῳ
1269 780 1392 832 τότε
1437 780 1893 848 παραγενόμενοι,
1921 778 2016 828 καὶ

454 871 510 922 al
541 870 814 940 npoGdeat
869 871 1142 924 ωνοὸικαὶ
1170 870 1400 938 πράξεις
1452 870 1546 921 ἀπὶ
1591 867 1821 928 τούτοις,
1861 866 2014 934 βασι-

456 958 706 1020 λεύοντος
751 958 1112 1025 Ἀνδρονίκου,
1140 962 1234 1012 καὶ
1262 958 1331 1010 τά
1354 954 1714 1027 ἱστορούμενα
1746 955 1873 1022 περὶ
1894 946 2016 1005 τού-

453 1066 595 1100 τωνο
627 1047 760 1102 ὥστ’
788 1048 1089 1116 ἀμφίϐολον
1127 1042 1266 1100 εἶναι
1300 1049 1504 1114 ποτέρα
1547 1046 1656 1099 τῶν
1687 1046 2016 1112 ἀποφάσεων

453 1139 660 1192 τούτων
681 1121 913 1208 inqut,-
946 1138 1066 1207 μεθ’
1095 1136 1296 1206 εαυτῆς
1328 1138 1441 1206 εχει
1468 1153 1482 1167 ·
1513 1138 1613 1206 τὴν
1640 1137 1751 1204 γὰρ
1787 1136 2015 1201 ἀντίφα-

456 1247 540 1281 σιν
575 1231 647 1299 μὴ
676 1230 939 1283 δύνασθαι
963 1229 1367 1298 συναληθεύειν,
1392 1229 1488 1281 καὶ
1517 1229 1598 1280 ὅτι
1625 1227 1887 1280 ἀδύνατον
1916 1228 2016 1293 τὴν

453 1319 756 1388 λεγομένην
783 1321 877 1373 καὶ
923 1319 1322 1388 πιστευομένην
1355 1318 1647 1387 καθολικὴν
1688 1316 2016 1385 Ἐκκλησίαν

451 1411 622 1478 αὐτὴν
655 1404 818 1473 εἶναι,
850 1410 952 1479 τὴν
984 1411 1112 1480 περὶ
1141 1410 1252 1462 τῶν
1291 1410 1473 1462 αὐτιῖιν
1519 1413 1614 1476 τῆς
1649 1408 1880 1467 πίστεως
1922 1424 2015 1458 κε-

455 1502 698 1566 φαλαίων
741 1503 838 1553 νῦν
891 1501 989 1568 μὲν
1018 1499 1215 1562 οὕτως,
1253 1498 1350 1551 νῦν
1378 1500 1424 1550 δ’
1455 1499 1676 1556 ἐκείνως
1722 1499 2017 1548 τάναντιώ-

451 1607 591 1642 τατα
658 1589 953 1658 κρίνουσαν
1026 1593 1121 1642 καὶ
1190 1589 1520 1659 κρατοῦσαν,
1581 1588 1676 1638 καὶ
1733 1587 2016 1654 παρρησίᾳ

453 1684 740 1748 γράμμασι
773 1683 867 1734 καὶ
913 1682 1232 1751 πράγμασιν
1282 1683 1742 1751 ἀποφαινομένην.
1796 1683 1882 1730 Δεῖ
1911 1680 2018 1749 γὰρ

451 1771 549 1838 τὴν
594 1771 887 1840 καθολικὴν
937 1772 1262 1841 Ἐκκλησίαν
1290 1772 1576 1840 ἀληθεύειν
1606 1773 1722 1827 ἀεί’
1759 1773 1881 1823 ἐπεὶ
1925 1775 2016 1822 καὶ

452 1863 545 1913 τδν
575 1864 957 1932 παρακούοντα
979 1863 1186 1933 ταύτης
1223 1863 1435 1916 έθνικὸν
1459 1865 1552 1914 καὶ
1583 1863 1822 1932 τελώνην
1853 1864 1879 1913 ὀ
1909 1862 2016 1913 Κύ-

455 1970 571 2020 ριος
608 1950 747 2005 είναι
775 1952 1086 2022 διωρίσατο.
1525 1947 1560 1984 “

526 2045 642 2096 Ἰνα
679 2045 860 2098 τοίνυν
888 2045 1032 2098 κατά
1057 2045 1258 2123 σκοπὸν
1287 2045 1607 2116 ἀρξάμενοι,
1638 2046 1735 2116 τὴν
1766 2049 1894 2115 περὶ
1925 2047 2018 2100 τοῦ

455 2133 765 2205 ζητήματος
797 2137 896 2205 τῆς
921 2137 1070 2199 θείας
1099 2137 1291 2200 οὐσίας
1327 2138 1418 2190 καὶ
1449 2138 1729 2207 ινεργείας
1760 2137 1856 2188 νῦν
1887 2154 2022 2204 κρα.

456 2222 658 2276 τοῦσαν
706 2224 986 2294 ἀπόφασιν
1029 2226 1405 2294 ιξυφάνωμεν,
1457 2229 1550 2280 καὶ
1601 2228 1803 2295 ταύτην
1854 2228 2022 2294 αὐτὴν

457 2313 777 2385 ἀφ’έαυτῆς
822 2316 970 2379 ὅπως
1021 2317 1136 2386 εχει
1165 2317 1482 2388 θεωρῶμεν,
1532 2318 1732 2371 ειδέναι
1791 2320 1894 2388 χρὴ
1938 2321 2021 2371 ὅτι

458 2404 535 2472 τῷ
575 2406 792 2476 ῥηθέντι
833 2407 999 2486 me
1026 2408 1124 2476 τῆς
1156 2409 1376 2462 συνόδου
1412 2409 1472 2473 ιε
1500 2411 1769 2478 κεφάλαια
1807 2413 1898 2462 καὶ
1921 2411 2021 2480 ζη-

456 2495 678 2565 τήματα
724 2495 819 2552 καὶ
857 2501 1301 2570 συμπεράσματα
1351 2501 1635 2572 πρόκειται
1684 2502 1874 2566 δείξαι,
1928 2503 2024 2554 καὶ

461 2588 590 2654 περὶ
620 2588 824 2643 τούτων
856 2591 1086 2645 καθόλου
1133 2593 1624 2663 πραγματεύεται·
1658 2588 1736 2646 ὧν
1782 2594 2019 2661 πρῶτον,

459 2679 544 2731 ὅτι
577 2679 726 2734 ἐστιν
754 2684 845 2735 ἐπὶ
873 2684 1010 2737 Θεοῦ
1041 2685 1312 2755 διάκρισις
1351 2686 1538 2748 οὐσίας
1580 2686 1675 2738 καὶ
1700 2688 1982 2754 ἐνεργείας
2008 2706 2022 2719 ·

456 2769 707 2837 δεύτερον
736 2773 818 2825 ὅτι
847 2773 1105 2842 ἐνέργεια
1139 2775 1276 2843 αὕτη
1310 2776 1456 2826 ἐστὶν
1498 2777 1748 2837 ἀκτιστος
1775 2793 1788 2805 δ
1818 2779 2022 2842 τρίτον,

457 2861 601 2927 and;
653 2862 922 2932 διάκρισις
956 2866 1095 2935 αὕτη
1129 2869 1222 2919 καὶ
1263 2868 1296 2934 ὴ
1327 2867 1560 2934 διαφορά
1609 2869 1666 2919 ὲν
1694 2868 1771 2933 τῷ
1815 2870 1934 2935 Θεῷ
1964 2871 2024 2920 οὐ

459 2955 604 3004 ποιεί
633 2956 882 3009 σύνθεσιν
915 2959 972 3008 ὲν
1003 2959 1151 3026 αὐτῴ
1176 2977 1188 2989 ·
1223 2960 1284 3011 τὸ
1335 2961 1612 3025 τέταρτον,
1644 2962 1723 3011 ὅτι
1758 2964 1817 3011 τὸ
1858 2960 2028 3028 ὖνομα

461 3045 556 3110 τῆς
609 3047 872 3112 Θεότητος
902 3048 1001 3099 οὐκ
1032 3051 1131 3100 in?
1169 3051 1269 3117 τῆς
1321 3052 1504 3112 οὐσίας
1552 3051 1714 3118 μόνον
1750 3053 1840 3105 τοῦ
1892 3053 2026 3103 Θεοῦ

2119 602 2220 654 mis
2259 612 2430 652 ratum
2460 612 2580 654 esto
2607 616 2670 653 ac
2699 601 3078 663 constitutum,
3113 600 3279 654 fuisse
3329 610 3536 666 ιιηυιιιις
3555 620 3675 652 cum

2117 691 2230 743 hac
2255 691 2510 750 Ecclesia,
2574 690 2898 742 sententiam
2961 690 3122 742 aliam
3176 689 3302 742 huic
3351 695 3678 745 contrariam

2115 790 2239 832 ante
2263 780 2466 839 edidit;
2503 793 2567 831 ac
2600 787 2888 840 testantur,
2910 780 3000 846 qui
3029 780 3195 832 etiam
3232 795 3356 832 num
3419 784 3681 846 supersti-

2118 883 2216 932 tes.
2241 872 2446 940 synodo
2472 872 2543 924 illi
2571 871 2953 932 interfuerunt,
2985 872 3258 941 Actusqite
3283 872 3391 940 ipsi
3415 886 3479 925 eo
3504 873 3554 923 in
3585 889 3674 924 ne-

2115 964 2260 1030 gatio
2285 962 2584 1029 synodalcs,
2618 963 2930 1017 Andronico
2975 963 3301 1030 imperatore
3327 1003 3341 1026 ,
3375 962 3538 1014 habiti
3571 980 3586 1020 ;
3620 977 3682 1013 ac

2116 1053 2345 1120 denique
2366 1066 2483 1118 qure
2519 1053 2584 1104 de
2611 1052 2717 1106 illis
2740 1061 3010 1120 gestorum
3048 1052 3409 1104 monumentis
3436 1053 3678 1104 tonsi-ri-

2118 1150 2207 1209 pta
2240 1149 2362 1192 sunt
2397 1157 2411 1194 :
2443 1141 2692 1208 quocirca
2723 1141 2941 1193 dubium
2973 1149 3078 1204 est,
3107 1149 3224 1192 utra
3242 1140 3434 1192 harum
3461 1151 3680 1192 sentcn-

2120 1231 2313 1282 tiarum
2347 1229 2576 1284 veritate
2599 1231 2824 1283 nitatur.
2858 1228 3050 1297 Liquet
3074 1233 3220 1283 enim
3247 1229 3360 1282 lieri
3386 1245 3492 1282 non
3524 1245 3681 1295 posse

2121 1329 2176 1372 ut
2203 1319 2490 1374 alﬁrmatio
2517 1330 2570 1374 ct
2600 1323 2813 1388 negatio
2849 1320 3010 1372 simul
3051 1335 3188 1373 vera
3235 1320 3367 1382 sint,
3401 1320 3482 1372 vel
3509 1330 3564 1369 ut
3597 1320 3683 1370 illa

2118 1409 2325 1462 dicatur
2347 1418 2506 1476 atque
2545 1409 2798 1464 credatur
2859 1408 3095 1462 Ecclesia
3140 1409 3426 1470 catholica,
3460 1421 3580 1475 qua:
3619 1407 3687 1459 de

2119 1500 2305 1551 iisdem
2337 1500 2455 1551 fidei
2478 1501 2726 1566 capitulis
2751 1499 2909 1552 modo
2934 1500 3037 1561 sic,
3082 1511 3238 1550 moue
3275 1484 3431 1550 aliter
3464 1539 3478 1561 ,
3516 1499 3686 1549 max?-

2120 1602 2205 1641 me
2238 1590 2510 1641 contraria
2550 1590 2824 1650 decernat,
2868 1597 3153 1656 teneatque
3181 1597 3236 1641 et
3269 1587 3443 1653 palam
3470 1586 3688 1650 scriptis

2122 1678 2384 1745 lactisque
2432 1677 2935 1732 enumietﬁeccsse
2995 1685 3078 1730 cst
3133 1679 3298 1739 enim,
3334 1685 3391 1728 ut
3449 1675 3685 1727 Ecclesia

2120 1769 2385 1822 catholica
2430 1783 2617 1821 verum
2655 1782 2864 1836 semper
2891 1768 3034 1821 dicat
3059 1783 3074 1831 ;
3105 1781 3224 1820 nam
3251 1777 3304 1819 et
3333 1766 3423 1834 qui
3442 1780 3558 1817 eam
3583 1777 3687 1815 non

2124 1860 2380 1920 audierit,
2415 1859 2689 1913 etlmicum
2724 1868 2777 1912 et
2826 1859 3171 1928 publicanum
3235 1858 3375 1923 fore,
3432 1849 3691 1910 Dominus

2122 1947 2312 2004 Statuit
2331 1947 2372 2002 ³.

2193 2037 2262 2093 Ut
2290 2040 2456 2109 igitur
2507 2048 2657 2093 certa
2689 2041 2755 2092 ad
2805 2040 3076 2094 destinata
3135 2040 3348 2094 ratione
3391 2039 3689 2101 ordientes,

2122 2131 2238 2200 cjus
2263 2147 2382 2199 qua:
2412 2145 2552 2185 nunc
2583 2131 2810 2196 obtinet,
2843 2133 2912 2185 de
2951 2131 3130 2185 divina
3153 2132 3386 2185 essentia
3413 2145 3476 2185 ac
3505 2143 3697 2197 opera-

2125 2224 2288 2286 tione,
2317 2224 2632 2303 qutgcstionis
2676 2225 3003 2277 sententiam
3071 2233 3401 2286 retexamus,
3447 2223 3694 2290 hancque

2124 2314 2297 2382 ipsam
2321 2315 2377 2369 in
2401 2316 2599 2385 seipse.
2633 2315 2931 2384 cuiusmodi
2970 2315 3061 2379 sit,
3099 2323 3473 2374 contneamur.
3507 2312 3697 2365 obser-

2126 2406 2355 2460 vandum
2383 2417 2464 2461 est
2489 2424 2506 2473 ;
2539 2406 2613 2461 illi
2635 2420 2796 2476 quem
2817 2405 2927 2459 dixi
2957 2445 2972 2470 ,
3007 2404 3200 2476 synodi
3245 2401 3441 2465 Tomo,
3470 2417 3564 2458 ses
3594 2415 3694 2455 ca-

2127 2504 2234 2572 pita
2279 2517 2342 2556 ac
2383 2502 2711 2570 quaestiones
2785 2497 3300 2566 conclusionesque,
3359 2496 3696 2550 ostendenda

2127 2593 2394 2662 proposita
2425 2606 2569 2655 esse,
2599 2591 2773 2649 deque
2797 2588 2903 2641 illis
2939 2589 3238 2642 universim
3273 2595 3532 2640 tractare.
3570 2585 3695 2636 Pri-

2129 2702 2271 2739 mum
2299 2695 2402 2753 est,
2435 2699 2551 2738 esse
2581 2685 2633 2735 iu
2652 2684 2764 2736 Deo
2782 2683 3180 2736 distinctionem
3213 2679 3466 2733 essentia:
3484 2690 3539 2730 et
3560 2692 3692 2745 Ope-

2132 2778 2373 2830 r.uionis.
2401 2776 2663 2836 Alterum,
2691 2775 2828 2827 hanc
2844 2773 3207 2838 operationem
3227 2770 3521 2822 increatam
3558 2783 3697 2821 esse.

2128 2868 2391 2929 Tertium,
2413 2869 2791 2921 discretionem
2832 2867 2966 2918 banc
2987 2877 3050 2915 ac
3069 2861 3468 2916 distinctionem
3507 2861 3559 2912 in
3591 2859 3702 2912 Deo

2131 2980 2235 3014 non
2267 2964 2443 3016 iacere
2476 2963 2526 3015 in
2560 2978 2623 3015 eo
2650 2964 3113 3020 coutposttionem.
3144 2960 3428 3022 Quartum.
3475 2947 3700 3004 Deitatis

2131 3069 2325 3107 nomen
2360 3067 2463 3106 non
2510 3057 2682 3105 solum
2717 3053 2815 3103 divi
2843 3053 2906 3102 de
2937 3051 3026 3101 Dei
3048 3049 3306 3103 essentia,
3329 3060 3514 3095 verum
3536 3047 3699 3092 etiam

461 3137 698 3202 λέγεται,
732 3137 868 3190 ἀλλά
912 3142 1008 3191 καὶ
1050 3141 1143 3192 επὶ
1175 3142 1274 3209 τῆς
1316 3144 1463 3206 θείας
1507 3146 1787 3213 ἐνεργείας
1819 3146 1985 3197 αὐτοῦ
2010 3160 2024 3176 ·
2055 3169 2095 3221 c
2130 3150 2195 3198 de

1936 3146 1985 3197 15
2010 3160 2024 3176 ⁸
2055 3169 2095 3221 c
2130 3150 2195 3198 de
2233 3147 2411 3198 divina
2441 3153 2773 3210 operatione.
2800 3142 3078 3204 Quintum,
3123 3139 3212 3189 ῢυι
3247 3146 3537 3188 essenta.“
3562 3153 3702 3183 ..μσς

461 3228 734 3294 πέμπτον,
762 3229 842 3281 ὅτι
873 3230 904 3299 ἡ
937 3231 1094 3284 οὐσία
1114 3231 1212 3285 τοῦ
1241 3232 1375 3308 Θεοῦ
1406 3235 1730 3305 ὑπέρκειται
1761 3238 1858 3306 τῆς
1882 3239 2030 3306 ἐνερ-

460 3321 611 3385 γείας
639 3321 807 3372 αὐτοῦ
830 3337 846 3352 ·
879 3322 1064 3387 ἕκτον,
1107 3325 1190 3377 ὅτι
1222 3326 1249 3378 ὀ
1278 3326 1408 3389 Θεὸς
1452 3327 1513 3378 οὐ
1549 3329 1834 3397 μετέχεται
1889 3331 2030 3382 κατά

459 3413 559 3477 τὴν
586 3413 775 3464 οὐσίαν
799 3414 989 3480 αὐτοῦ,
1022 3416 1158 3470 ἀλλά
1193 3421 1334 3471 κατὰ
1361 3421 1462 3488 τὴν
1490 3421 1794 3491 ἐνέργειαν.
1841 3424 1934 3476 Ἐκ
1965 3424 2029 3492 δὴ

460 3503 570 3555 τῶν
601 3505 859 3558 τοιούτων
891 3507 1245 3576 ζητημάτων,
1278 3511 1312 3564 ἀ
1341 3515 1431 3562 καὶ
1460 3514 1870 3584 φιλοτιμότερον
1900 3518 2033 3570 ἀπο-

462 3594 825 3658 δεικνύουσιν,
867 3598 942 3659 ὡς
990 3599 1213 3666 οἴονται,
1249 3603 1282 3671 η
1313 3605 1422 3655 τῶν
1470 3605 1674 3674 ἀνδρῶν
1701 3606 1905 3660 τούτων
1946 3609 2034 3660 πί-

469 3700 584 3746 στις
616 3687 863 3753 φαίνεται
889 3705 902 3718 ·
923 3690 1075 3758 ὅμως
1095 3691 1153 3743 δὲ
1184 3695 1276 3744 καὶ
1304 3697 1360 3759 ἐξ
1390 3692 1466 3748 ὦν
1501 3696 1742 3765 λέγουσι,
1771 3700 2034 3769 σαφέσῖε-

471 3794 564 3842 ρον
599 3778 782 3836 αὐτοῖς
823 3781 1030 3849 ῥήμασι
1073 3783 1455 3854 δειχθήσεται·
1491 3791 1565 3850 ὡς
1597 3791 1663 3842 ἂν
1707 3794 1734 3844 ὁ
1758 3793 1869 3845 τῶν
1897 3813 2033 3864 προ-

465 3871 728 3923 τεθέντων
784 3874 987 3936 σκοπὸς
1017 3875 1396 3946 λαμπρότερον
1424 3881 1669 3951 ἀναφανῇ
1696 3925 1710 3945 ,
1772 3888 1863 3937 καὶ
1919 3889 2034 3954 ἅμα

470 3965 656 4034 μηδεὶς
711 3967 910 4032 αὐτοὺς
954 3972 1407 4039 συκοφαντεῖσθαι
1456 3973 1900 4042 ἢδιαόἀλλεσθαι
1948 3998 2030 4032 νο-

471 4071 621 4126 wou-

535 4149 777 4215 Oavspbv
812 4150 916 4220 μὲν
948 4150 1042 4204 οὖν
1069 4153 1134 4204 ὲκ
1163 4153 1263 4223 τῆς
1297 4155 1357 4208 ἑν
1396 4155 1474 4226 τῷ
1513 4157 1678 4227 Τόμῳ
1705 4159 2036 4228 ἀποφάσεως

471 4239 553 4290 ὅτι
577 4241 640 4292 οὐ
671 4243 802 4309 περὶ
823 4243 919 4311 τῆς
940 4243 1270 4315 διακρίσεως
1294 4246 1512 4316 ἐκείνης
1541 4250 1886 4320 προτιθέασι,
1916 4252 2038 4304 καθ’

469 4331 537 4402 ην
564 4334 594 4386 ὀ
622 4328 704 4396 εἷς
735 4335 869 4398 Θεὸς
897 4335 1225 4405 essent»;
1252 4341 1373 4402 ταῖς
1407 4340 1739 4399 ὑποστάσεσι
1770 4343 2040 4410 διακρίνε-

467 4443 557 4478 ται
581 4441 597 4456 ο
651 4427 898 4480 τόυτίστι
954 4429 1096 4481 κατά
1130 4430 1230 4492 τάς
1262 4432 1413 4499 τρεῖς
1452 4433 1780 4494 ὑποστάσεις
1825 4436 1921 4489 καὶ
1970 4438 2038 4489 τά

2138 3237 2437 3305 operationi
2473 3236 2709 3287 eminere
2733 3245 2793 3282 ac
2815 3231 3147 3297 superiorem
3170 3242 3311 3280 esse.
3329 3225 3575 3280 Sextum,
3603 3238 3705 3271 not.

2140 3328 2449 3398 participari
2483 3327 2645 3380 Deum
2675 3321 2885 3384 ratione
2907 3320 3178 3381 essentia,
3210 3319 3302 3370 sed
3335 3317 3544 3370 ratione
3575 3329 3705 3380 ope-

2142 3424 2386 3477 rationis.
2425 3421 2500 3474 Ex
2560 3417 2822 3488 ejusmodi
2884 3429 3015 3468 sane
3051 3410 3461 3479 quaestionibus,
3488 3421 3625 3476 quas
3652 3415 3708 3457 ct

2141 3516 2491 3576 luculentius,
2529 3522 2586 3564 ut
2615 3511 2713 3563 sibi
2751 3509 3022 3568 videntur,
3050 3505 3340 3557 ostendunt
3369 3516 3431 3553 ac
3459 3502 3706 3568 probant,

2141 3619 2384 3674 quaenam
2415 3605 2483 3656 sit
2501 3603 2728 3655 istorum
2753 3599 3031 3651 hominum
3051 3595 3184 3648 ﬁdes
3209 3601 3374 3662 patet;
3399 3604 3708 3658 quanquam

2142 3697 2302 3751 etiam
2332 3711 2395 3749 ex
2429 3695 2510 3748 liis
2540 3707 2659 3762 quae
2689 3691 2895 3752 dicunt,
2931 3687 3064 3755 ipsis
3096 3700 3282 3739 eorum
3324 3683 3523 3742 verbis,
3560 3695 3587 3730 a
3618 3693 3710 3730 no-

2145 3790 2226 3842 bis
2255 3785 2658 3838 uiuustrandum
2689 3791 2776 3836 est
2812 3795 2827 3844 ;
2863 3794 2969 3849 quo
3019 3776 3298 3834 nimirum,
3343 3786 3531 3826 eorum
3591 3781 3712 3834 qua:

2144 3877 2416 3947 proposita
2441 3884 2586 3937 sunt,
2619 3885 2816 3939 scopus
2866 3868 3064 3922 clarius
3116 3867 3228 3935 ipse
3288 3864 3581 3921 eluccscat,
3614 3870 3714 3910 nec

2145 3944 2427 4044 quisquam
2466 3983 2558 4037 per
2577 3964 2905 4022 calumniam
2934 3960 3134 4030 aliquid
3155 3959 3232 4014 eis
3262 3972 3293 4011 a
3344 3955 3500 4010 nobis
3549 3944 3710 4018 obiici

2149 4067 2468 4121 arbitretur.

2217 4157 2410 4227 Liquet
2426 4162 2703 4218 autem,“
2715 4165 2776 4206 ea
2795 4163 2916 4221 qua
2933 4150 2985 4203 in
2999 4145 3170 4200 Tomo
3189 4143 3383 4200 babctu
3393 4141 3715 4209 r,sententia

2147 4266 2255 4306 non
2292 4245 2641 4319 proposuisse
2675 4257 2789 4304 eos,
2812 4241 2878 4296 de
2917 4240 3005 4294 illa
3034 4238 3408 4299 distinctione.
3445 4248 3553 4304 qua
3576 4248 3718 4287 unus

2147 4342 2318 4406 Deus,
2341 4339 2504 4408 nullis
2537 4335 2717 4391 verbis
2753 4329 3308 4404 explicabiliratione,
3340 4325 3721 4398 bypostasibns

2149 4429 2712 4494 discernitur;tribus
2763 4425 2974 4479 scilicet
3031 4421 3400 4477 subsistentiis
3450 4433 3514 4473 ac
3550 4417 3723 4470 tribus

470 4515 596 4583 τρία
645 4516 946 4586 πρόσωπαο
999 4517 1091 4571 τοῦ
1122 4518 1337 4588 Πατρὸς
1374 4522 1468 4573 καὶ
1521 4523 1616 4575 τοῦ
1647 4523 1776 4576 Υἱοῦ
1804 4526 1914 4578 τκαὶ
1941 4526 2036 4578 τοῦ
2067 4512 2118 4571 Ῑ)
2143 4542 2236 4596 per

1953 4526 2036 4578 τοῦ
2067 4512 2118 4571 ι)
2143 4524 2415 4596 personis,
2453 4520 2630 4575 Patris
2674 4527 2728 4570 et
2783 4515 2902 4569 Filii
2931 4523 2988 4567 et
3024 4514 3262 4582 Spiritus
3319 4499 3494 4565 sancti
3532 4525 3548 4572 ;
3578 4505 3719 4576 quin

471 4607 629 4671 ἀγίου
667 4607 1020 4676 Πνεύματος’
1063 4610 1265 4679 μᾶλλον
1292 4612 1369 4675 δὲ,
1402 4611 1493 4664 τὸν
1539 4614 1758 4684 Πατέρα
1790 4618 1879 4670 καί
1913 4617 2042 4670 Υίδν

471 4703 565 4752 καὶ
589 4700 651 4752 τὸ
680 4701 834 4768 ἀγιον
867 4700 1381 4775 Πνεῦμα,⁸ιπείπερ
1413 4708 1445 4776 ἠ
1479 4706 1580 4775 μὲν
1613 4707 1744 4775 ἁγία
1785 4709 1955 4777 “rm;
1983 4711 2043 4762 ἓν

397 4779 410 4789 ’
467 4793 584 4845 last
613 4795 846 4862 πρᾶγμα
886 4794 917 4847 ὃ
944 4796 998 4848 τί
1031 4797 1165 4850 ποτέ
1201 4798 1318 4851 εστι
1360 4800 1450 4852 καὶ
1499 4799 1598 4869 μία
1630 4801 1817 4856 οὐσία·
1857 4803 1951 4856 καὶ
1977 4804 2041 4855 οὐ

467 4881 528 4934 τὸ
561 4883 659 4952 μιν
693 4883 803 4937 τῶν
850 4885 1164 4955 προσώπων
1193 4888 1470 4959 ὑφέστηκε
1522 4890 1644 4945 καθ’
1673 4894 1856 4956 ἑαυτὸ,
1893 4897 1953 4945 τὸ
1982 4893 2040 4947 δὲ

467 4977 567 5045 οὐχ
600 4977 910 5046 ὑφέστηκεν
934 4995 950 5010 ο
982 4979 1104 5034 οὐδὲ
1143 4981 1206 5034 τὸ
1248 4983 1348 5052 μὲν
1389 4985 1656 5053 μεθεκτδν
1697 4987 1818 5040 καθ’
1856 4989 2041 5053 ἑαυτὸ,

468 5068 528 5119 τὸ
550 5067 605 5119 δὲ
637 5067 943 5138 ἀμέθεκτον
964 5086 977 5100 ⁸
1011 5073 1103 5145 καὶ
1135 5074 1377 5142 παρίημι
1412 5075 1477 5128 τά
1507 5077 1698 5143 πλείω,
1734 5080 1770 5133 ἀ
1799 5082 1926 5151 περὶ
1949 5084 2043 5134 οὐ-

471 5159 590 5216 σίας
615 5161 708 5210 καὶ
739 5160 1017 5227 ἐνεργείας
1049 5161 1270 5228 λέγουσι
1300 5163 1694 5233 διακρίνοντες,
1721 5167 1795 5230 ὼς
1831 5169 2045 5239 δειχθή-

473 5265 628 5300 σεται
649 5264 663 5278 ·
694 5248 830 5301 ἀλλά
851 5250 991 5303 κατά
1015 5267 1138 5304 τινα
1166 5250 1336 5322 ἀλλην
1361 5253 1638 5322 διάκρισιν
1665 5255 2046 5325 ἐπινοηθείσαν

459 5342 656 5403 αὐτοῖς
680 5358 694 5372 ·
727 5341 853 5395 καθ’
885 5342 950 5412 ῆν
991 5341 1067 5405 ὡς
1107 5341 1410 5412 βούλονται,
1441 5345 1782 5416 διακρίνεται
1828 5347 1992 5410 αὐτὸς
2019 5351 2047 5401 ὀ

466 5433 894 5500 τρισυπόστατος
927 5435 1057 5496 Θεὸς
1088 5436 1166 5497 είς
1201 5437 1388 5488 οὐσίαν
1421 5437 1513 5489 καὶ
1553 5439 1833 5506 ἐνέργειαν
1859 5455 1872 5468 ο
1905 5441 2044 5508 μᾶλ-

467 5526 563 5579 λον
591 5527 648 5579 δὲ
677 5527 870 5580 οὐσίαν
897 5528 991 5580 καὶ
1021 5530 1322 5598 ινεργείας.
1356 5532 1675 5600 otiumst
1705 5535 1798 5584 καὶ
1837 5533 1920 5586 ὅτι
1949 5534 2047 5602 τὴν

468 5620 753 5689 ἀνέργειαν
805 5621 1014 5692 ταύτην
1056 5603 1158 5676 ’καὶ
1211 5625 1455 5695 Θεότητά
1505 5641 1675 5693 φασιν
1736 5626 1935 5695 μᾶλλον
1988 5628 2043 5681 δὲ

547 5803 566 5833 ³
589 5802 779 5859 Matth.
843 5822 996 5871 mu,
1029 5804 1114 5866 ΓΙ.

2146 4618 2327 4689 potius
2356 4615 2515 4669 Patre
2549 4622 2604 4666 et
2630 4609 2768 4665 Filio
2803 4618 2858 4664 et
2887 4607 3093 4675 Spiritu
3125 4612 3340 4667 sancto.
3385 4600 3724 4689 quandoqui-

2147 4685 2268 4764 dem
2289 4716 2471 4762 sancta
2501 4703 2747 4757 Trinitas
2777 4715 2881 4754 una
2906 4713 2994 4753 res
3022 4707 3106 4753 est
3135 4708 3476 4764 quaecunque
3504 4685 3719 4746 tandem

2151 4801 2241 4856 illa
2279 4802 2608 4866 sit,nnaque
2638 4792 2904 4856 essentia;
2941 4805 3041 4845 nec
3061 4803 3414 4858 personarum
3469 4785 3572 4838 alia
3603 4783 3725 4853 qui-

2148 4893 2269 4948 dem
2300 4905 2397 4960 pcr
2413 4904 2475 4944 sc
2493 4886 2995 4950 subsistityereque
3014 4889 3120 4944 est,
3145 4880 3247 4933 alia
3272 4894 3374 4932 non
3401 4892 3495 4946 per
3519 4890 3579 4930 se
3599 4875 3729 4930 sub-

2150 4984 2300 5040 sistit
2333 4997 2433 5037 nec
2463 4991 2546 5036 est
2573 4993 2736 5042 vere;
2769 4977 2851 5031 vel
2873 4976 2979 5028 alia
3013 4974 3096 5028 sui
3122 4975 3238 5041 ipsa
3265 4973 3477 5024 ratione
3504 4968 3730 5038 particio

2147 5072 2340 5143 pabilis
2368 5080 2473 5134 est,
2512 5067 2616 5122 alia
2641 5081 2705 5120 es
2729 5079 2787 5120 se
2807 5062 3120 5132 participari
3140 5074 3246 5113 non
3271 5067 3469 5126 postet.
3501 5056 3731 5123 Aliaqne

2149 5163 2427 5234 complura
2455 5164 2620 5217 missa
2641 5157 2805 5222 iacio,
2828 5171 2948 5221 quae
2965 5155 3033 5209 de
3061 5152 3294 5208 csseutiu
3321 5159 3374 5202 et
3404 5149 3728 5214 Oper-alioue

2149 5261 2464 5332 loquuntur,
2488 5251 2874 5321 distinguendo
2922 5262 2986 5302 ac
3041 5245 3422 5305 discernendo,
3463 5251 3522 5294 ut
3579 5256 3732 5293 mon-

2147 5351 2414 5408 strabitur
2445 5365 2462 5414 ;
2494 5346 2588 5401 sed
2645 5343 2943 5398 secundum
2972 5340 3134 5393 aliam
3203 5336 3608 5391 distinctionem
3652 5347 3734 5403 -ac

2155 5442 2563 5502 discretionem,
2596 5435 2753 5504 cujus
2806 5433 2909 5502 ipsi
2974 5441 3224 5485 auctores
3268 5428 3542 5481 exsistunt
3578 5441 3593 5478 ε
3629 5439 3734 5492 qua

2157 5536 2367 5604 utique,
2392 5540 2451 5587 ut
2475 5532 2550 5586 illi
2581 5529 2922 5587 existimant.
2959 5526 3076 5593 ipse
3103 5525 3244 5577 Deus
3276 5523 3413 5574 trinc
3431 5517 3736 5573 subsistens

2158 5629 2212 5684 in
2230 5626 2526 5685 essentiam
2559 5633 2613 5680 ct
2636 5621 3010 5692 operationem
3059 5617 3079 5688 (
3115 5631 3208 5672 seu
3240 5613 3412 5685 magis
3455 5614 3508 5668 in
3544 5625 3727 5667 esseu-
