4472 6434
774 367 876 431 is?

2040 365 2427 426 MANUELIS
2458 366 2758 425 CALECJE

3901 366 4011 431 288

778 491 904 530 Itan]
935 486 987 529 et
1017 476 1358 545 operationes
1386 477 1402 544 )
1427 477 1770 530 discernitur.
1800 478 2140 531 Manifestum
2163 488 2340 531 autem
2369 475 2420 534 Α
2444 476 2544 541 Θεό

2246 489 2340 531 ient
2369 475 2420 534 Α
2444 476 2739 544 Θεότητας,
2776 477 2852 538 ὡς
2884 475 2977 529 καὶ
3027 476 3160 529 αὐτὸ
3189 476 3248 541 ἐξ
3277 471 3352 530 ὧν
3402 480 3718 533 πιστεύουσι
3754 482 3849 534 καὶ
3876 486 4012 550 γρά-

775 580 859 621 est
896 570 1032 619 hanc
1054 572 1426 634 operationem
1452 568 1613 619 etiam
1673 568 1933 622 [)eitatem
1970 570 2076 621 illis
2136 583 2344 622 nuncu-

778 655 890 721 pari
927 657 1204 723 ;quiniiuu
1262 658 1540 721 Deitates;
1579 659 1720 725 quod
1784 658 1957 722 ipsum
2019 659 2176 711 exiis
2225 673 2345 728 quae

776 747 1005 797 credunt
1037 761 1100 797 ac
1127 747 1376 799 scribunt
1406 747 1608 800 clarius
1643 748 1965 801 innotescet.
2035 749 2246 801 Etenim
2280 749 2347 801 de

781 837 880 886 Inc
912 838 1024 903 ipsa
1052 852 1107 888 re
1143 838 1193 889 in
1224 836 1598 891 eoulemeno
1629 876 1644 899 ,
1672 848 1795 889 ante
1826 853 2012 888 earum
2037 854 2172 905 quas
2201 839 2339 891 dixi-

782 942 899 976 mus
930 926 1287 992 questionum
1313 928 1623 983 editionem,
1654 926 1805 977 aiunt
1839 943 1853 979 :
1882 926 2111 994 Capisse
2140 945 2350 980 venera-

780 1016 1089 1066 bil.‘s:imum
1134 1015 1586 1083 chartopltylacem
1618 1027 1665 1069 et
1688 1018 1969 1083 principem
2016 1017 2349 1085 philosopho-

782 1119 897 1152 rum
947 1115 996 1153 nt
1052 1114 1127 1156 est
1158 1106 1519 1157 ecclesiastica
1568 1108 1998 1164 consuetudo.e.r
2046 1124 2351 1174 unoquoque.

781 1192 1061 1253 sciscitari,
1086 1207 1328 1258 quamam
1373 1194 1486 1259 ejus
1516 1207 1647 1245 esset
1705 1196 1982 1253 sententia,
2015 1195 2079 1245 de
2131 1196 2350 1260 dogma-

782 1281 836 1329 ti.
856 1282 898 1331 is
919 1282 1026 1333 illis
1049 1285 1327 1345 capitibus,
1351 1286 1414 1333 de
1431 1284 1618 1348 quibus
1639 1284 1913 1351 sigillatim
1936 1301 2106 1338 sermo
2121 1285 2349 1345 habitus.

784 1383 833 1420 at
854 1386 938 1434 nte
966 1386 1184 1422 examen
1210 1374 1513 1423 institutum
1546 1384 1673 1425 esset
1700 1389 1718 1435 ;
1762 1389 2041 1441 omnesque
2088 1390 2189 1425 uno
2242 1390 2349 1435 ore,

788 1472 1038 1528 tanquam
1066 1478 1167 1513 uno
1202 1463 1402 1531 aﬂlatos
1436 1463 1657 1527 Spiritu,
1700 1480 1813 1517 cum
1845 1480 1904 1516 eo
1961 1465 2096 1532 quod
2149 1466 2350 1516 unitum

784 1560 884 1611 est,
923 1569 1034 1603 eam
1059 1569 1260 1620 quoque
1291 1567 1406 1620 qua:
1440 1552 1601 1604 Deum
1631 1554 1833 1616 deceat,
1885 1555 2247 1606 discretionem
2293 1570 2355 1605 ac

786 1643 1166 1693 distinctionem
1203 1642 1392 1695 diuina?
1413 1645 1649 1696 essentice
1674 1659 1736 1695 ac
1797 1645 2115 1709 Operationis
2174 1644 2350 1709 palam

785 1733 1050 1797 con/cssos
1076 1748 1182 1783 esse
1207 1749 1224 1794 ;
1246 1734 1639 1799 increatamque
1664 1734 1895 1784 divinam
1927 1757 1939 1767 -
1959 1735 2310 1800 operationem
2334 1775 2350 1795 ,

786 1821 927 1874 haud
951 1838 1097 1873 secus
1124 1837 1187 1873 ac
1220 1823 1518 1884 essentiam,
1551 1823 1815 1887 amplexos
1842 1837 1950 1873 esse
1990 1838 2007 1884 ;
2052 1824 2351 1875 audientes-

784 1929 881 1979 que
913 1914 1048 1963 hanc
1075 1928 1275 1979 quoque
1306 1928 1335 1962 a
1366 1913 1615 1979 theologis
1645 1913 1819 1963 vocari
1882 1911 2164 1973 Deitatem,
2213 1914 2353 1980 quod

785 2004 862 2055 sic
884 2004 1091 2054 dicatur
1123 2003 1336 2055 libenler
1357 2002 1621 2055 habuisse.
1645 2001 1791 2055 Inter
1836 2019 1955 2069 qua:
1990 2005 2353 2056 sanctissimus

785 2111 985 2163 quoque
1010 2112 1069 2145 ac
1094 2096 1441 2146 cecnmenicus
1482 2095 1786 2158 patriarcha
1818 2103 2056 2163 rogatus,
2082 2106 2136 2146 ut
2157 2104 2208 2147 et
2244 2096 2356 2160 ipse

786 2189 1100 2238 sententiam
1124 2202 1273 2239 suam
1307 2186 1585 2252 proferret,
1618 2186 1705 2236 ubi
1734 2187 1881 2250 prius
1926 2187 2258 2238 disseruisset
2293 2189 2356 2238 tle

785 2278 1123 2330 distinctione
1160 2278 1357 2331 diuina:
1386 2280 1625 2330 essentia!
1658 2287 1707 2328 et
1755 2279 2099 2341 alterationi's.
2131 2294 2194 2329 ac
2225 2294 2353 2347 quos

786 2371 954 2421 sancti
984 2371 1185 2433 dicunt,
1224 2370 1576 2421 distinctionis
1609 2368 1786 2419 modos
1820 2384 1995 2420 omnes
2038 2368 2253 2432 pulchre
2280 2368 2356 2421 si-

786 2459 1008 2537 qillatint
1031 2460 1355 2512 distinxisset
1384 2469 1779 2527 ;pra'tere.tqne
1806 2461 2004 2509 unitum
2041 2475 2156 2510 eam
2191 2469 2242 2511 et
2270 2460 2356 2511 in-

786 2552 1131 2617 separabilem
1161 2569 1192 2605 a
1225 2552 1401 2605 divina
1435 2554 1662 2604 essentia
1719 2560 2063 2603 monstrasset
2115 2551 2132 2619 (
2164 2551 2355 2615 inqui-

790 2645 882 2695 bus
916 2645 1071 2696 etiam
1099 2644 1383 2696 increatmn
1449 2644 1678 2695 divinam
1712 2644 2063 2707 operationem
2096 2683 2109 2703 ,
2139 2659 2203 2693 ac
2232 2659 2350 2693 san-

784 2746 815 2784 e
841 2732 884 2783 is
914 2730 1171 2785 Deitatem
1197 2744 1455 2797 vocatam,
1481 2732 1752 2798 asseruit),
1782 2737 1921 2783 totus
1947 2732 2132 2783 deinde
2176 2731 2245 2782 ad
2272 2746 2360 2784 eos

786 2825 878 2891 qui
912 2824 1229 2877 diuiderent
1254 2824 1609 2876 admonendos
1669 2834 1823 2889 atque
1874 2821 2155 2873 hortandos
2187 2836 2361 2875 versus

770 2926 883 2971 ⁵881.

867 3007 1001 3060 llinc
1041 3006 1229 3075 liquet,
1283 3007 1675 3074 operationem,
1730 3020 1889 3073 quam
1946 3006 2236 3059 discretam
2294 3007 2363 3060 ab

2450 582 2609 633 φουσι
2638 566 3025 635 καθαρώτερον
3052 570 3379 633 φανήσεται.
3410 570 3514 621 Καὶ
3540 571 3603 637 δὴ
3641 574 3733 624 καὶ
3766 573 3893 640 περὶ
3916 574 4016 625 αὐ-

2446 652 2541 704 τοῦ
2574 652 2765 705 τούτου
2794 655 2851 704 ἑν
2882 655 3027 723 αὐτῷ
3050 654 3125 723 τῷ
3154 656 3318 724 Τόμῳ
3348 657 3453 724 πρὸ
3482 659 3578 725 τῆς
3608 661 3715 711 τῶν
3737 660 4018 729 ῥηθέντων

2448 742 2778 812 ζητημάτων
2804 744 3071 805 ἐκθέσεως
3102 749 3288 813 φασὶν,
3324 748 3453 800 Ὀτι
3483 748 3708 815 ἤρξατο
3759 753 3790 802 ό
3825 751 4014 817 τιμιώο

2447 847 2624 896 τατος
2668 834 3056 901 χαρτοςρύλαξ
3102 835 3198 887 καί
3230 836 3456 901 ὕπατος
3497 838 3613 892 τῶν
3644 839 4018 905 φιλοσόφων,

2447 921 2597 973 κατὰ
2623 919 2689 971 τὸ
2731 920 3243 987 ἐκκλησιαστικὸν
3274 925 3431 988 ἔθος,
3482 924 3707 990 ἐρωτᾷν
3738 925 4017 987 ἕκαστον,

2449 1009 2607 1073 ὅπως
2634 1010 2664 1060 ἕ
2669 1026 2759 1074 χει
2789 1010 3026 1077 γνώμης
3056 1012 3188 1078 περὶ
3215 1011 3330 1063 τῶν
3354 1013 3501 1064 κατὰ
3523 1014 3702 1078 μέρος
3735 1016 4022 1079 λαληθέν-

2451 1115 2569 1150 των
2593 1116 2654 1151 τε
2679 1101 2773 1151 καὶ
2793 1099 3239 1162 ἐξετασθέντων
3258 1102 3635 1169 δογματικῶν
3659 1105 4023 1171 κεφαλαίων*

2452 1189 2549 1242 καὶ
2582 1189 2801 1253 πάντες
2841 1191 2931 1243 ἐνὶ
2978 1194 3248 1258 στόματι,
3286 1193 3365 1257 ὡς
3399 1195 3467 1256 ἐξ
3518 1194 3647 1259 ἐνὸς
3688 1196 4022 1262 κινούμενοι

2453 1281 2819 1345 Πνεύματος,
2872 1280 3016 1347 μετὰ
3046 1281 3152 1333 τοῦ
3196 1282 3529 1349 ἡνωμένου,
3584 1283 3681 1335 καὶ
3729 1282 4024 1349 θεοπρεπῆ

2453 1368 2753 1433 διάκρισιν
2808 1370 2904 1420 καὶ
2963 1370 3255 1436 διαφορὰν
3304 1374 3413 1435 τῆς
3445 1375 3606 1436 θείας
3665 1374 3879 1435 οὐσίας
3930 1372 4023 1424 καὶ

2454 1457 2755 1522 ἐνεργείας
2812 1455 3084 1524 φανερῶς
3133 1458 3568 1524 ὼμολόγησαν’
3624 1460 3913 1511 ᾶκτιστόν
3964 1477 4025 1511 τε

2456 1544 2569 1609 τὴν
2594 1545 2759 1597 θείαν
2786 1544 3113 1612 ἐνέργειαν,
3147 1545 3299 1599 καθὰ
3329 1546 3613 1613 δῆτα.καὶ
3645 1549 3759 1613 τὴν
3786 1550 4026 1609 οὐσίαν,

2457 1633 2782 1701 ἔστερξαν·
2812 1636 2908 1687 καὶ
2958 1639 3215 1698 Θεότητα
3245 1635 3341 1689 καὶ
3380 1638 3606 1703 ταύτην
3652 1639 4030 1702 ἀκούσαντες

2459 1726 2614 1790 παρὰ
2643 1723 2762 1777 τῶν
2786 1726 3107 1793 θεολόγων,
3128 1726 3405 1794 ἀσμένως
3427 1726 3711 1790 ἐδέξαντο
3736 1744 3747 1757 ·
3773 1727 3873 1780 ἐπὶ
3901 1729 4029 1778 τού-

2460 1832 2582 1878 τοις
2608 1816 2918 1882 ἐρωτηθεὶς
2940 1817 3036 1869 καὶ
3069 1819 3102 1870 ό
3129 1817 3451 1883 ἀγιώτατος
3481 1820 3579 1872 καὶ
3614 1817 4028 1887 οῑκουμενικὸς

2460 1906 2849 1973 πατριάρχης,
2883 1906 2979 1979 ad
3008 1908 3191 1971 αὐτὸς
3219 1910 3333 1974 τὴν
3371 1909 3603 1961 οἰκείαν
3635 1909 3877 1977 γνώμην
3904 1910 4030 1972 ἐξε-

2459 1995 2695 2063 νεγκεῖν
2717 2012 2731 2026 ⁸
2761 1998 2948 2066 λόγον
2974 2014 3038 2051 τε
3067 1998 3391 2062 διεξελθὼν
3419 2002 3710 2067 πρότερον
3732 2000 3862 2067 περὶ
3901 2000 4027 2052 διαο

2458 2086 2646 2156 φορᾶς
2670 2090 2835 2152 θείας
2859 2090 3073 2154 οὐσίας
3100 2090 3196 2142 καὶ
3229 2092 3391 2155 θείας
3406 2091 3743 2159 “ὲνερτείας,
3768 2089 3865 2142 καὶ
3890 2090 4031 2155 τοὺς

2459 2178 2619 2243 παρὰ
2656 2175 2775 2228 τῶν
2803 2178 2985 2244 ἁγίων
3016 2178 3389 2245 λεγομένους
3417 2178 3528 2245 τῆς
3572 2177 3862 2247 (διαφορᾶς
3897 2179 4030 2244 τρό-

2458 2284 2614 2334 πους
2668 2268 2895 2333 πάντας
2943 2268 3141 2335 καλῶς
3177 2270 3327 2324 κατὰ
3370 2271 3550 2339 μέρος
3579 2271 4029 2338 διευκρινήσας,

2459 2359 2546 2410 ἕτι
2574 2376 2637 2411 τε
2682 2361 2749 2411 τὸ
2782 2360 3097 2428 ἡνωμένον
3133 2362 3230 2414 καὶ
3263 2362 3601 2430 ἀχώριστον
3631 2362 3853 2427 ταύτης
3882 2360 4032 2427 πρὸς

2461 2450 2577 2516 τὴν
2605 2452 2774 2506 θείαν
2801 2454 3022 2506 οὐσίαν
3045 2453 3371 2520 ἀποδείξας
3390 2455 3480 2521 (ἐν
3504 2448 3593 2519 οἷς
3625 2454 3722 2507 καὶ
3748 2453 4032 2507 ᾶκτιστον

2460 2542 2576 2609 τὴν
2605 2545 2774 2596 θείαν
2800 2545 3107 2612 ἐνέργειαν
3128 2549 3225 2598 καὶ
3246 2546 3505 2612 Θεότητα
3534 2546 3693 2613 παρὰ
3713 2544 3830 2598 τῶν
3850 2545 4034 2613 ἁγίων

2460 2633 2734 2701 εἰρῆσθαι
2761 2636 3159 2702 ἀπεφήνατο),
3188 2636 3297 2703 τῆς
3329 2636 3479 2702 πρὸς
3504 2637 3647 2701 τοὺς
3682 2634 4031 2704 διαφερομέο

2462 2740 2608 2788 νους
2637 2725 2842 2779 ἔπειτα
2873 2726 3283 2795 παραινέσεως
3312 2729 3455 2793 ὅλος
3486 2727 3753 2796 γέγονεν.

2548 2990 2642 3042 Ἕκ
2668 2990 2876 3045 τούτων
2926 2991 3085 3061 δῆλον
3122 2993 3199 3045 ὅτι
3252 2994 3351 3062 τὴν
3382 2994 3683 3062 ἐνέργειαν,
3736 2996 3799 3064 ἢν
3829 2994 4041 3065 διακρί-

785 3094 1025 3147 essentia
1058 3095 1263 3153 dicunt,
1307 3097 1550 3147 eamdem
1595 3094 1715 3148 illos
1768 3103 1823 3148 et
1886 3093 2143 3148 Deitatem
2206 3095 2361 3149 fateri
2393 3119 2435 3175 ε
2467 3100 2551 3135 νεα

2274 3097 2361 3149 Leti
2393 3119 2435 3175 ε
2467 3083 2652 3137 νεσθαι
2680 3084 2777 3153 τῆς
2810 3084 2995 3145 οὐσίας
3023 3085 3262 3151 λέγουσι,
3297 3086 3503 3153 ταύτην
3547 3089 3640 3140 καὶ
3671 3086 3914 3157 Θεότητα
3948 3092 4040 3141 καὶ

788 3197 837 3234 νι
880 3186 1199 3238 increatam.
1255 3183 1408 3237 Unde
1455 3185 1619 3237 etiam
1686 3184 1752 3237 de
1804 3186 2009 3238 duabus
2069 3186 2359 3254 multisque

790 3273 1090 3327 hiatibus
1130 3274 1403 3327 distinctis
1436 3274 1542 3327 illis
1588 3289 1770 3328 sermo
1831 3283 1935 3328 est.
2000 3276 2361 3344 Apertiusque

791 3375 1138 3426 monstratur,
1171 3377 1225 3418 et
1262 3380 1323 3418 ex
1387 3366 1454 3420 iis
1510 3381 1627 3432 qua:
1680 3367 1896 3434 scripsit
1955 3365 2218 3428 Palatinas,
2269 3369 2360 3435 qui

791 3458 955 3521 huius
987 3459 1271 3511 sententia?
1303 3475 1364 3512 ac
1394 3459 1666 3527 opinionis
1699 3458 1927 3513 antistes
1970 3459 2088 3525 fuit,
2128 3475 2190 3513 ac
2250 3459 2364 3513 fere

788 3551 1003 3618 quidem
1036 3552 1085 3602 in
1113 3551 1361 3603 omnibus
1392 3550 1611 3612 astruit,
1636 3552 1872 3605 maxime
1908 3566 2031 3603 vere
2064 3554 2116 3602 iu
2149 3566 2210 3603 ea
2240 3566 2365 3604 ora-

787 3641 953 3700 tione,
987 3640 1142 3707 cujus
1175 3640 1382 3691 initium
1422 3639 1563 3692 istud
1598 3648 1712 3692 est:
1760 3638 1977 3707 Aﬁiante
2005 3638 2209 3707 Spiritu
2240 3656 2361 3707 pro-

786 3729 928 3780 latas
962 3727 1180 3780 Patrum
1209 3730 1492 3781 sententias
1521 3731 1705 3781 secuti.
1768 3727 1866 3783 Hic
1909 3729 2074 3793 enim,
2139 3728 2359 3782 Barlaa-

793 3837 936 3871 tuum
969 3831 1023 3872 et
1053 3821 1383 3891 Acintlyuuut
1425 3822 1475 3873 iu
1510 3821 1613 3875 illis
1645 3823 1953 3882 traducens.
1992 3824 2100 3875 ait:
2168 3822 2364 3889 Vocife-

790 3923 983 3963 rantur
1021 3912 1075 3963 in
1117 3927 1202 3964 eos
1228 3914 1318 3980 qui
1345 3912 1578 3964 eantdem
1632 3927 1694 3963 ac
1750 3913 1939 3965 Patres
1987 3914 2365 3981 confessionem

784 4004 965 4055 colunt
1004 4019 1067 4053 ac
1107 4012 1340 4063 servant,
1373 4012 1427 4054 ut
1480 4004 1568 4068 qui
1612 4004 1747 4056 duas
1800 4005 2066 4056 increatas
2131 4004 2364 4055 Deitates

786 4095 966 4153 quovis
1002 4095 1151 4145 modo
1186 4096 1393 4156 dicant,
1431 4111 1656 4162 quorum
1687 4097 1856 4147 altera
1899 4096 2147 4155 emineat,
2197 4095 2366 4147 altera

784 4188 1010 4250 inferior
1041 4187 1287 4239 exsistat:
1312 4202 1413 4238 non
1449 4187 1801 4255 intelligenles
1865 4188 2117 4238 nimirum
2170 4187 2365 4239 crimen

787 4279 881 4328 hoc
916 4281 966 4328 in
1010 4287 1219 4330 sanctos
1275 4278 1465 4332 Patres
1509 4289 1716 4332 nostros
1773 4280 2091 4348 intorqueri,
2145 4296 2237 4332 seu
2297 4280 2366 4331 ad

782 4371 903 4420 illos
936 4381 1191 4436 spectare.
1230 4370 1359 4423 Item
1392 4387 1615 4426 rursus:
1650 4370 1908 4439 Ignorant
1938 4373 2119 4441 itaque
2164 4371 2361 4430 miseri.

2466 3176 2721 3228 ἄκτιστον
2768 3176 3091 3244 ὁμολογοῦσι
3119 3194 3133 3207 ·
3167 3178 3249 3229 διὸ
3294 3180 3388 3229 καὶ
3430 3182 3560 3249 περὶ
3586 3179 3678 3232 δύο
3707 3182 3797 3232 καὶ
3829 3181 4042 3234 πολλῶν

2466 3267 2748 3336 Θεοτήτων
2778 3267 3155 3337 διαφερουσῶν
3182 3270 3368 3332 αὐτοῖς
3414 3272 3564 3323 ἐστιν
3595 3273 3622 3323 ό
3658 3270 3833 3339 λόγος.
3867 3274 4039 3339 Σαφέ-

2469 3376 2556 3411 στε
2568 3376 2657 3427 ρον
2688 3359 2742 3411 δὲ
2762 3360 3059 3421 δείκνυται,
3086 3362 3177 3412 καὶ
3204 3361 3312 3413 ἀπὸ
3335 3361 3443 3413 τῶν
3463 3362 3635 3429 λόγων
3662 3362 3756 3415 τοῦ
3783 3364 4040 3431 Παλαμᾶ,

2465 3450 2559 3503 τοῦ
2594 3450 2798 3519 ταύτης
2851 3452 2951 3518 τῆς
2984 3452 3315 3520 ἀποφάσεως
3356 3457 3449 3505 καὶ
3479 3453 3637 3523 δόξης
3686 3456 4041 3525 προστάντος,

2469 3542 2654 3610 σχεδὸν
2699 3544 2796 3609 μὲν
2848 3545 2905 3594 ἐν
2959 3544 3131 3595 ἅπασι
3177 3543 3338 3597 τοῦτο
3388 3545 3913 3610 κατασκευάζοντος,
3946 3548 4043 3615 οὐχ

2466 3629 2627 3702 ἦττον
2654 3634 2708 3684 δὲ
2741 3635 2836 3685 καὶ
2875 3636 2933 3685 ὲν
2961 3635 3126 3703 λόγῳ,
3156 3652 3218 3687 ου
3249 3636 3281 3703 ἡ
3324 3636 3490 3704 ἀρχὴ,
3531 3634 3669 3702 Ταῖς
3711 3653 4045 3707 πνευματο-

2468 3723 2734 3789 κινήτοις
2790 3724 2911 3777 τῶν
2951 3726 3231 3793 Πατέρων
3263 3725 3545 3793 ἑπόμενοι
3594 3728 3844 3797 ψήφοις.
3899 3730 4045 3798 Βαρ-

2468 3815 2619 3884 λαὰμ
2644 3817 2752 3885 γὰρ
2779 3811 2937 3879 οὗτος
2967 3818 3060 3869 καὶ
3101 3817 3407 3869 ’Λκίνδυνον
3430 3819 3487 3872 ἐν
3513 3819 3723 3882 τούτοις
3754 3820 4044 3889 διασύρων,

2469 3909 2625 3977 φησὶ,
2657 3908 3004 3962 Καταὸοῶσι
3037 3908 3156 3961 τῶν
3183 3910 3560 3979 στεργόντων
3590 3911 3708 3980 τὴν
3736 3913 3884 3981 πρὸς
3907 3913 4040 3979 τοὺς

2468 4001 2675 4067 ἁγίους
2724 4001 3071 4068 ὁμολογίαν,
3105 4002 3184 4066 ὡς
3216 4001 3327 4055 δύο
3374 4003 3669 4069 Θεότητας
3724 4005 4049 4066 ὀκτίστους

2469 4089 2866 4157 ὁπωσδήποτε
2895 4091 3218 4158 λεγόντων,
3251 4093 3698 4161 ὑπερκειμένην
3740 4096 3838 4147 καὶ
3884 4098 4049 4164 ὑφει-

2463 4182 2678 4250 μένην,
2697 4181 2781 4250 μὴ
2808 4181 3187 4248 συνορῶντες
3206 4183 3294 4236 ὅτι
3312 4184 3460 4250 πρὸς
3484 4183 3624 4249 τοὺς
3648 4185 3855 4252 ἀγῖους
3881 4187 4050 4255 ἡμῶν

2470 4274 2735 4340 Πατέρας
2795 4273 3151 4342 ἀναφέρεται
3188 4275 3249 4327 τὸ
3297 4273 3486 4341 δῆθεν
3528 4276 3801 4344 ἔγκλημα
3848 4279 4045 4332 τοῦτο.

2472 4368 2578 4418 Κιὶ
2610 4367 2793 4431 πάλιν,
2836 4366 3218 4433 Ἀγνοοῦντες
3258 4367 3573 4434 τοιγαροῦν
3602 4367 3689 4419 ὅτι
3721 4368 3838 4421 τῶν
3865 4371 4050 4436 ἁγίων

782 4472 1091 4511 sanctorum
1113 4463 1188 4512 sic
1222 4472 1559 4513 accusatores
1595 4462 1733 4527 ﬁeri,
1770 4471 1827 4513 ut
1861 4470 1937 4512 est
1991 4473 2178 4514 auctor
2216 4461 2358 4513 tlteo.
2395 4455 2436 4508 D
2466 4460 2520 4509 οἱ

2282 4477 2358 4513 eo.
2395 4455 2436 4508 D
2466 4460 2520 4509 οἱ
2577 4458 2939 4523 ταλαίπωροι
2996 4457 3266 4523 γίνονται
3320 4458 3663 4525 κατήγοροι,
3721 4458 3875 4511 κατὰ
3908 4530 3913 4535 ἢ
3941 4460 4048 4511 τὸν

784 4553 973 4621 togas;
1004 4552 1339 4620 idiysumqae
1372 4555 1478 4622 fere
1509 4554 1613 4604 illis
1649 4553 1864 4618 accidit,
1901 4569 1963 4605 ac
1997 4555 2063 4605 iis
2087 4553 2177 4621 qui
2226 4562 2362 4605 metu

784 4644 994 4701 mortis,
1026 4643 1128 4709 ipsi
1153 4644 1252 4695 sibi
1277 4653 1459 4711 guttur
1488 4643 1779 4712 frangunt;
1826 4660 1887 4695 ne
1924 4643 2121 4696 scilicet
2177 4659 2364 4710 parum

784 4737 989 4803 aliquid
1016 4739 1212 4790 laboris
1239 4752 1437 4806 ponant
1471 4751 1623 4807 atque
1659 4756 1852 4807 operte,
1877 4739 2197 4807 exquirendo
2227 4755 2365 4806 quae-

781 4847 907 4891 nam
943 4832 1022 4881 ha'
1050 4831 1292 4894 deitates,
1326 4841 1373 4883 et
1411 4832 1664 4898 quidnam
1718 4833 1770 4884 in
1829 4832 1901 4884 eis
1988 4832 2071 4899 pie
2125 4831 2361 4884 eminens

779 4925 1146 4990 supeiiusque.
1177 4923 1383 4975 Rursus
1416 4924 1467 4975 iu
1502 4924 1736 4991 dialogo,
1764 4924 1919 4991 cujus
1971 4924 2177 4985 titulus,
2234 4920 2366 4973 Bar—

781 5017 1027 5069 laamites
1053 5028 1100 5069 et
1158 5016 1676 5082 orthodoxus;alite
1736 5030 1933 5081 autem,
1991 5032 2121 5085 quas
2182 5015 2367 5067 dicunt

782 5112 975 5167 sancti.
1031 5109 1288 5172 Deitates,
1353 5112 1459 5162 sive
1529 5126 1656 5172 una,
1698 5109 1962 5171 sit'edutc,
2013 5109 2119 5161 sive
2168 5108 2364 5175 plures.

860 5199 933 5252 Ex
964 5202 1049 5254 his
1084 5202 1246 5267 igitur
1279 5202 1627 5255 manifestum
1664 5212 1767 5265 est,
1806 5202 1950 5269 loqui
1978 5216 2071 5254 eos
2103 5202 2168 5253 de
2224 5202 2367 5251 Inul-

788 5291 857 5344 tis'
896 5291 1217 5346 Deitatilnts.
1244 5291 1397 5357 Quod
1466 5304 1650 5347 autem
1708 5294 1940 5344 discreta
1985 5293 2097 5344 hu‘c
2146 5292 2196 5341 iu
2262 5291 2368 5343 Deo

785 5388 861 5439 lid
890 5398 994 5449 est,
1036 5388 1273 5441 Deitates
1302 5388 1403 5457 Inc)
1448 5404 1551 5442 non
1584 5388 1696 5441 sola
1728 5388 1939 5441 ratione
1969 5388 2200 5439 discreta
2234 5386 2364 5451 sint,

782 5480 881 5534 Sed
917 5489 971 5533 et
1003 5488 1114 5533 tres
1139 5480 1429 5542 exsistant,
1454 5489 1508 5533 et
1564 5495 1667 5533 non
1734 5478 2054 5546 simpliciter
2108 5476 2326 5528 nomina
2354 5491 2369 5540 ;

785 5571 887 5625 hoc
910 5587 1127 5641 quoque
1164 5572 1347 5625 multis
1375 5579 1646 5636 astruunt,
1681 5573 1808 5622 dum
1868 5576 1993 5622 ante
2040 5568 2373 5638 quaestiones

782 5664 865 5718 sic
894 5662 1080 5717 aiunt:
1117 5661 1240 5718 Orsi
1268 5671 1386 5715 sunt
1418 5664 1506 5732 qui
1537 5663 1872 5725 dissentiunt,
1914 5676 2164 5714 accusare
2194 5658 2372 5711 archi-

787 5756 1086 5815 episcopum
1135 5754 1670 5810 Thessalonicensem.
1710 5753 1837 5807 Erat
1882 5763 2059 5807 autem
2111 5749 2372 5814 eiusmodi

2471 4551 2787 4617 Θεολόγον,
2824 4547 3031 4616 ὅμοιόν
3064 4564 3127 4599 τε
3158 4547 3472 4614 πάσχουσι
3507 4547 3628 4614 τοῖς
3660 4548 3757 4601 διὰ
3788 4550 4049 4604 θανάτου

2467 4643 2656 4711 φόϐον
2685 4638 3126 4708 ἀπαγχομένας
3156 4655 3169 4669 ·
3200 4640 3299 4692 ἵνα
3327 4640 3411 4708 μὴ
3442 4640 3673 4706 κάμωσι
3702 4642 3922 4709 μικρὸν
3950 4642 4047 4695 ἐκ-

2468 4732 2856 4799 ζητιξσαντες,
2887 4733 3048 4795 τίνες
3085 4733 3144 4783 al
3194 4733 3478 4796 Θεότητες
3525 4727 3720 4786 αὗται.
3753 4732 3850 4784 καὶ
3888 4734 3945 4784 τί
3982 4734 4045 4784 τύ

2467 4824 2536 4876 ἐν
2566 4821 2774 4887 αὐταῖς
2824 4822 3087 4885 εὐσεϐῶς
3138 4822 3579 4888 ὺκερκειίιενον,
3616 4824 3785 4875 Πάλιν
3832 4826 3888 4875 ἐν
3921 4823 4031 4875 δια-

2469 4914 2631 4983 λόγῳ,
2666 4907 2725 4965 οὗ
2760 4914 2791 4978 ἠ
2830 4913 3133 4981 ὲπιγραρὴ,
3179 4914 3599 4982 Βαρλιιαμίτης
3639 4913 3737 4966 καὶ
3780 4915 4047 4980 Ὀρθόόο-

2471 5006 2600 5070 ξος,
2655 5008 2724 5059 Al
2758 5004 2827 5055 δὲ
2878 5004 3058 5057 ἄλλαι
3108 5004 3269 5071 παρὰ
3303 5003 3426 5070 τοῖς
3476 5005 3670 5072 ἁγίοις
3728 5008 4047 5075 λεγόμεναι

2473 5098 2777 5163 Θεότητες,
2808 5096 2928 5149 εἴτε
2950 5103 3081 5163 μία,
3107 5097 3226 5149 εἴτε
3258 5096 3389 5160 δύο,
3425 5097 3545 5149 εἴτε
3571 5100 3687 5149 πλε
3702 5098 3845 5162 ὀυς.

2557 5190 2652 5242 Ἐκ
2688 5191 2784 5258 μὲν
2831 5186 2925 5240 οὖν
2961 5190 3165 5241 τούτων
3209 5188 3367 5256 δῆλον
3396 5189 3478 5240 ὅτι
3515 5193 3644 5257 περὶ
3670 5188 3763 5241 δύο
3791 5191 3880 5241 καὶ
3923 5191 4052 5242 πο)-

2473 5283 2581 5334 λῶν
2617 5284 2899 5350 Θεοτήτων
2930 5281 3113 5341 αὐτοῖς
3140 5282 3166 5333 ὀ
3198 5280 3379 5347 λόγος.
3411 5280 3535 5333 Ὀτι
3564 5280 3620 5333 δὲ
3670 5280 4047 5352 ’τὰ-διακρινόυ

2479 5393 2613 5445 μενα
2642 5374 2815 5428 ταῦτα
2847 5378 2905 5427 ὲν
2934 5374 3011 5445 τῷ
3043 5375 3182 5443 Θεῷ,
3216 5373 3315 5426 εἴτ’
3343 5373 3435 5426 οὖν
3475 5375 3533 5425 αι
3564 5374 3829 5441 Θεὸτητες
3865 5367 4049 5437 αὗται,

2472 5469 2533 5521 οὐ
2565 5469 2709 5534 λόγῳ
2760 5466 3127 5537 διακρίνονται
3182 5466 3364 5535 μόνον,
3412 5465 3547 5519 ἀλλὰ
3604 5468 3701 5518 καὶ
3751 5465 4049 5536 πράγματα

2474 5562 2733 5628 τυγχάνει
2775 5559 2925 5623 ὄντα,
2972 5560 3062 5611 καὶ
3089 5560 3185 5625 οὐχ
3232 5558 3423 5622 ἁπλῶς
3452 5558 3721 5628 ὀνόματα,
3757 5559 3849 5609 καὶ
3891 5556 4051 5609 τοῦτο

2472 5654 2560 5707 διὰ
2590 5652 2801 5705 πολλῶν
2849 5651 3347 5713 κατασκευάζουσι,
3380 5643 3551 5710 ixi-oi;
3595 5649 3704 5719 πρὸ
3727 5649 3835 5702 τῶν
3883 5648 4051 5717 ζητη-

2479 5746 2667 5815 μάτων
2698 5743 2841 5797 οὖτω
2870 5745 3055 5813 φασὶν,
3098 5742 3388 5811 Ἤρξαντο
3412 5744 3463 5795 ol
3494 5740 3909 5810 διαφερόμενοι
3938 5739 4048 5808 τῆς
