4472 6434
818 331 919 394 291

2077 326 2469 398 MANUEHS
2500 339 2806 400 muscas

3937 343 4042 406 292

819 448 1065 516 liquebit.
1101 443 1208 497 Nec
1231 445 1372 498 enim
1393 447 1523 499 satis
1551 447 1654 500 illis
1680 446 1877 509 luit,nt
1898 448 1975 500 sic
2009 453 2198 517 quovis
2227 454 2383 504 modo
2416 461 2452 512 Α
2487 454 2585 504 Οὐδ

2273 454 2383 504 ιοιΙυ
2416 461 2452 512 Α
2487 454 2620 504 Οὐδὲ
2651 454 2758 520 γὰρ
2788 423 2969 515 ἁπλῶς
2996 451 3165 514 οὕτως
3208 453 3299 522 τὴν
3329 453 3514 504 οόσίιν
3549 455 3640 505 τοῦ
3664 455 3798 506 Θ;οῦ
3831 455 4039 522 καὶιὴν

821 535 915 587 Dei
941 533 1234 587 essentiam
1266 533 1704 598 etoperationem
1768 535 1909 586 inter
1941 549 2000 589 se
2079 537 2379 591 dividerent

816 636 1020 688 easque
1082 621 1340 688 distingui
1399 621 1681 684 dicerent;
1749 637 1934 675 verum
2004 627 2165 679 etiam
2239 627 2377 678 mnl-

815 724 898 766 tos
943 715 994 767 iu
1051 714 1130 766 eis
1219 713 1559 767 discretionis
1627 728 1688 766 ac
1749 716 2104 781 oppositionis
2192 719 2379 770 modos

812 805 1195 864 adhibuerunt,
1231 818 1460 870 quorum
1494 804 1638 857 nullo
1671 804 1785 857 lieri
1821 815 2017 871 potest,
2049 816 2107 860 ut
2141 808 2375 861 essentia

811 904 866 948 et
922 896 1166 958 operatio
1221 893 1394 959 reipsa
1466 895 1517 945 in
1571 908 1736 945 unum
1793 895 2132 960 conveniant,
2164 909 2378 963 unaque

812 989 992 1042 Deitas
1030 988 1314 1050 exsistant,
1343 987 1418 1038 uti
1454 986 1943 1054 liisimplicioribus
1963 988 2098 1042 falso
2130 992 2374 1043 suadent.

806 1076 977 1130 Porro
1009 1077 1404 1128 examinemus.
1451 1073 1660 1126 Horum
1713 1076 1856 1126 enim
1899 1077 2204 1139 nonnullos,
2257 1078 2374 1130 illo-

809 1182 928 1218 rum
966 1168 1185 1234 probro,
1245 1179 1340 1218 seu
1367 1165 1546 1231 potius
1576 1174 1636 1217 ut
1689 1179 1876 1216 eorum
1938 1165 2069 1218 falsa
2102 1167 2284 1232 opinio
2314 1182 2376 1220 ac

806 1258 1073 1310 sententia
1100 1257 1274 1323 palam
1305 1255 1398 1308 ﬁat
1432 1269 1494 1309 ac
1529 1265 1826 1319 evertatur,
1847 1269 1912 1308 ex
1956 1256 2018 1310 iis
2069 1271 2203 1325 quos
2250 1273 2376 1310 con-

804 1347 930 1400 fessi
969 1355 1093 1398 sunt
1139 1346 1497 1411 creduntque,
1529 1345 1581 1396 in
1611 1358 1675 1397 ea
1710 1359 1868 1412 quam
1904 1346 2160 1413 synodice
2185 1347 2373 1398 edide-

804 1445 948 1501 runt,
989 1435 1227 1504 ipsorum
1263 1435 1538 1509 religionis
1621 1445 1784 1501 atque
1829 1436 1948 1488 ﬁdei
2001 1450 2135 1490 nova
2191 1439 2372 1506 regula

776 1525 974 1591 ~(tomo
997 1523 1228 1598 scilicet)
1257 1522 1344 1575 hic
1374 1523 1472 1574 loci
1511 1535 1859 1588 exponemus.

869 1614 1083 1667 Primus
1123 1614 1302 1680 itaque
1333 1613 1675 1665 discretionis
1706 1613 1962 1666 essentite
2002 1622 2054 1666 et
2103 1615 2372 1678 operatio-

799 1707 883 1758 nis
917 1710 1130 1769 modus,
1164 1713 1220 1756 ut
1251 1704 1320 1755 illi
1370 1718 1465 1758 suo
1497 1704 1564 1756 de
1617 1703 1727 1756 Deo
1788 1694 1948 1758 sensu
2033 1706 2370 1769 existimaui,

797 1797 931 1848 ineo
954 1805 1059 1858 est,
1092 1795 1231 1862 quod
1271 1794 1322 1846 in
1352 1794 1458 1847 Deo
1487 1793 1629 1845 aliud
1653 1793 1887 1847 essentia
1930 1794 2019 1846 Dei
2069 1804 2171 1853 est,
2226 1795 2369 1846 aliud

797 1884 848 1936 in
875 1898 941 1936 eo
976 1899 1080 1935 non
1113 1893 1196 1936 est
1229 1882 1345 1948 ejus
1390 1882 1648 1936 essentia.
1687 1880 1989 1946 Secundus,
2018 1884 2236 1949 quodin
2265 1882 2372 1937 Deo

793 1971 937 2024 aliud
972 1980 1058 2023 est
1091 1972 1228 2022 triue
1268 1970 1574 2024 subsistens
1608 1971 1723 2037 ejus
1785 1979 1996 2036 natura,
2032 1965 2192 2038 atque
2226 1974 2369 2025 aliud

795 2077 902 2113 non
969 2061 1281 2114 subsistens
1349 2069 1443 2113 aut
1501 2075 1747 2127 persona.
1813 2060 1967 2114 Unde
2020 2071 2074 2114 et
2118 2063 2266 2115 aiunt
2317 2064 2366 2117 in

792 2149 983 2215 Tomo,
1020 2150 1164 2203 velut
1193 2164 1275 2202 ex"
1304 2163 1531 2216 persoaa
1567 2164 1756 2202 eorum
1796 2151 1891 2217 qui
1993 2150 2130 2205 bane
2186 2161 2369 2204 tuean-

792 2251 878 2293 tur
909 2233 1252 2306 positionem,
1286 2238 1366 2290 sic
1404 2238 1484 2290 eis
1519 2250 1798 2308 ,concepto
1848 2254 2099 2294 sermone
2162 2242 2368 2308 bneque

790 2333 1078 2384 verborum
1109 2331 1280 2382 l'orma
1308 2344 1322 2380 :
1359 2326 1461 2380 Sed
1488 2345 1646 2396 neque
1677 2331 1825 2382 aliud
1847 2331 1973 2398 quid
2036 2333 2122 2384 aio
2185 2333 2368 2384 Deita-

790 2438 1113 2494 rempraeter
1144 2425 1278 2478 trine
1306 2424 1670 2477 subsistentem
1713 2423 1995 2487 Deitatem,
2052 2442 2143 2479 nec
2197 2443 2367 2478 θωρη-

787 2519 919 2570 tiam
975 2516 1211 2567 divinam
1267 2523 1358 2564 aut
1426 2514 1740 2580 angelicam,
1790 2529 1882 2565 nec
1923 2515 2226 2582 Itypostasin
2278 2530 2365 2567 seu

791 2623 1092 2675 personam,
1130 2606 1220 2658 sed
1253 2605 1580 2673 operationes
1606 2605 1862 2672 quasdam
1897 2621 1958 2655 ac
2004 2609 2361 2670 processiones

2482 543 2757 611 ἐνέργειαν
2789 545 2923 609 πρὸς
2965 541 3167 609 ἄλληλα
3201 542 3487 603 διελόντες,
3517 544 3608 592 καὶ
3654 542 3929 610 διαφέρειν
3960 546 4007 594 εί

2482 635 2672 692 πόντες
2725 629 3076 698 ἠρκέσθησαν
3102 647 3114 659 ·
3145 631 3278 681 ἀλλὰ
3313 632 3408 682 καὶ
3439 633 3654 692 πολλοῖς
3700 633 3919 700 τρόποις
3948 630 4037 682 ἐπ’

2480 719 2661 770 αὐτῶν
2715 717 3039 782 διακρίσεως
3072 720 3168 770 καὶ
3222 719 3546 779 ἀντιθέσεως
3594 720 3916 787 ἐχρήσαντο,
3962 716 4037 770 ὧν

2481 807 2598 858 κατ’
2629 807 2818 859 οὐδένα
2864 807 3090 859 δυνατὸν
3138 807 3235 876 τὴν
3269 808 3460 858 οὐσίαν
3488 808 3580 858 καὶ
3626 811 3721 874 τὴν
3751 810 4036 875 ινέργειαν

2479 895 2878 962 πραγματικῶς
2917 897 2998 956 είς
3041 897 3099 946 ἓν
3129 896 3399 963 συμϐῆναι
3432 898 3526 948 καὶ
3559 898 3689 962 μίαν
3730 893 3869 948 εἶναι
3918 897 4042 948 Θεό·

2478 1003 2637 1051 τητα,
2667 986 2742 1045 ὡς
2790 979 2936 1037 οὗτοι
2969 1001 3029 1050 γε
3073 986 3198 1046 τοὺς
3235 986 3640 1052 ἁπλουστέρους
3702 985 4036 1047 ἐξαπατῶσι.

2479 1074 2781 1138 Σχοπῶμεν
2815 1074 2891 1125 δέ.
2922 1073 3138 1125 Τούτων
3165 1075 3270 1142 γὰρ
3309 1077 3485 1135 ένίους
3521 1076 3600 1135 είς
3635 1075 3900 1142 αἰσχύνην
3935 1077 4034 1125 αὑ-

2477 1164 2606 1221 τῶν,
2639 1164 2839 1229 μᾶλλον
2870 1163 2928 1214 δι
2955 1165 3051 1233 τῆς
3082 1163 3432 1230 ψευδολογίας
3465 1163 3574 1214 τῶν
3603 1163 3814 1228 ἀνδρῶν
3860 1166 4038 1230 παράο

2479 1270 2667 1305 στασιν
2714 1254 2808 1304 καὶ
2848 1255 3182 1321 ἀνατροπὴν,
3227 1252 3286 1314 ἐξ
3313 1247 3388 1303 ὦν
3435 1252 3791 1320 ὡμολόγησαν
3830 1256 3919 1303 καὶ
3951 1268 4038 1304 πι-

2480 1344 2764 1395 στεύουσιν
2793 1344 2852 1394 ἐν
2877 1343 2954 1410 τῷ
2980 1325 3256 1394 ἐκτεθέντι
3284 1342 3577 1403 συνοδικῶς
3604 1343 3702 1409 τῆς
3733 1343 4031 1410 θρησκείας

2476 1433 2571 1483 καὶ
2607 1433 2846 1494 πίστεως
2879 1433 3084 1485 αὐτῶν.
3113 1435 3440 1499 καινοφωνεῖ
3469 1433 3580 1500 ὅρῳ
3613 1433 3689 1500 τῷ
3733 1435 3895 1501 Τόμῳ
3948 1437 4035 1484 ἐν·

2478 1523 2735 1589 θήσομεν.

2549 1611 2771 1679 Πρῶτος
2810 1612 2908 1678 μὲν
2947 1610 3042 1663 οὖν
3072 1613 3273 1679 τρόπος
3323 1612 3644 1680 διακρίσεως
3699 1613 3888 1672 οὐσίας
3946 1616 4036 1666 καὶ

2477 1703 2755 1768 ἐνεργείας
2787 1703 2954 1764 ἐστιν,
3000 1703 3073 1763 ὡς
3101 1704 3253 1754 αὐτοὶ
3309 1702 3670 1769 θεολογοῦσιν,
3704 1706 3785 1754 ὅτι
3833 1705 3892 1755 τὸ
3937 1706 4036 1772 μὲν

2475 1792 2565 1842 ἐπὶ
2592 1791 2729 1842 Θεοῦ
2762 1793 2793 1858 ἡ
2821 1793 2981 1842 οὐσία
3009 1793 3125 1842 ἐστὶ
3153 1791 3243 1843 τοῦ
3272 1792 3431 1854 Θεοῦ,
3461 1794 3521 1843 τὸ
3551 1793 3607 1844 δὲ
3647 1794 3745 1845 οὐκ
3768 1794 3914 1847 ἐστιν
3946 1792 4035 1846 ἐπ’

2474 1884 2640 1934 αὑτοῦ
2672 1885 2704 1951 ὴ
2728 1884 2884 1935 οὐσία
2909 1883 3076 1935 αὐτοῦ
3105 1902 3118 1915 ο
3147 1885 3420 1954 δεύτερος,
3445 1888 3526 1938 ὅτι
3554 1887 3615 1937 τὸ
3653 1888 3751 1954 μὲν
3781 1888 3871 1939 ἐπὶ
3898 1889 4032 1940 Θεοῦ

2473 1975 2506 2041 ἡ
2538 1974 2972 2042 τρισυπόστατός
3001 1976 3150 2026 ἐστιν
3181 1976 3343 2042 αρτοῦ
3372 1977 3532 2042 φύσις
3557 1993 3572 2008 ο
3605 1979 3664 2029 τὸ
3694 1978 3739 2029 δ’
3761 1980 3861 2031 οὐκ
3889 1981 4035 2031 ἔστιν

2472 2062 2772 2123 ὑπόστασις
2801 2079 2816 2092 ο
2871 2067 2963 2114 καὶ
3015 2065 3102 2116 διὰ
3131 2065 3291 2118 τοῦτό
3341 2083 3508 2132 φασιν
3538 2068 3595 2118 ἐν
3643 2068 3719 2135 τῷ
3761 2067 3926 2137 Τόμῳ
3958 2071 4033 2131 ὡς

2469 2154 2577 2206 ἀπὸ
2611 2154 2718 2204 τῶν
2750 2155 2846 2222 τῆς
2871 2153 3071 2216 θέσεως
3104 2157 3307 2223 ταύτης
3353 2158 3723 2225 προστάντων,
3759 2162 4029 2227 σχηματί-

2469 2242 2653 2306 ζοντες
2674 2244 2766 2296 τόν
2801 2245 2996 2310 λόγον·
3038 2245 3200 2299 Ἀλλ’
3246 2248 3391 2300 οὐδὲ
3431 2249 3587 2302 ἄλλο
3614 2251 3669 2302 τί
3718 2268 3860 2318 φημι
3901 2254 4034 2304 Θεό-

2470 2352 2618 2400 τητα
2649 2336 2822 2399 ἐκτὸς
2873 2337 2978 2402 τῆς
3007 2340 3495 2403 τρισυποστάτου
3537 2342 3846 2407 Θεότητος,
3892 2346 4030 2396 οὔτε

2468 2427 2686 2477 οὐσίαν
2713 2429 2878 2479 θειάν
2907 2428 2939 2492 ἢ
2967 2429 3319 2496 ἀγγελικὴν,
3344 2431 3484 2483 οὔτε
3501 2432 3862 2497 ὑπόστασιν,
3891 2434 4034 2487 ἀλλ’

2467 2517 2768 2584 ἐνεργείας
2826 2517 2926 2568 καί
2979 2520 3278 2583 προόδους
3333 2519 3523 2583 τινὰς,
3577 2523 3758 2588 φύσει
3816 2524 3913 2574 καὶ
3961 2524 4029 2585 ἐξ

2465 2605 2662 2658 ἀϊδίου
2682 2609 3036 2672 προσούσας
3065 2608 3145 2670 τῷ
3176 2607 3318 2674 Θεῷ,
3345 2609 3424 2672 τῷ
3446 2609 3556 2675 τῆς
3583 2613 3861 2676 Θεότητος
3902 2614 4035 2664 ὀνό-

785 2715 873 2752 seu
893 2694 1269 2759 emanationes,
1294 2706 1484 2747 natura
1503 2705 1551 2746 et
1576 2696 1639 2746 ab
1662 2703 1856 2747 wterno
1878 2694 1980 2747 Deo
1999 2706 2361 2763 comitetentes,
2462 2713 2546 2763 μα

2265 2709 2361 2763 tes,
2462 2713 2604 2763 ματι
2636 2699 3124 2764 προσηγόρευσα.
3147 2700 3314 2751 Πάλιν
3345 2702 3401 2750 ὲν
3434 2699 3510 2768 τῷ
3534 2701 3680 2769 αὺτῷ
3705 2703 3747 2753 Τ
3751 2703 3868 2770 όμῳ
3896 2705 4031 2771 μετὰ

786 2789 1012 2842 Deitatis
1073 2789 1278 2840 nomine
1337 2786 1615 2852 appellavi.
1680 2785 2021 2853 Rursumque
2075 2787 2126 2838 in
2173 2791 2360 2840 eodem
2464 2789 2532 2840 τὰ

2265 2791 2360 2840 lem
2464 2789 2532 2840 τὰ
2562 2789 2939 2855 προειρημένα
2969 2789 3258 2856 ζητήματα
3285 2792 3412 2856 περὶ
3447 2789 3541 2842 τοῦ
3575 2792 3631 2840 ἐν
3653 2792 3730 2859 τῷ
3764 2792 4031 2860 Θαϐωρίῳ

785 2881 976 2943 Temo,
1005 2879 1268 2948 postiam
1301 2879 1446 2932 dicta
1487 2878 1738 2946 quaesita,
1785 2878 1854 2930 de
1902 2879 2020 2932 luce
2076 2879 2129 2932 ln
2180 2893 2363 2932 monte
2465 2895 2550 2944 φω

2274 2893 2363 2932 nte
2465 2879 2644 2944 φωτὸς
2678 2879 2978 2943 (καὶτοῦτο
3010 2878 3118 2946 γὰρ
3153 2880 3284 2946 μίαν
3316 2879 3423 2932 τῶν
3455 2881 3665 2932 πολλῶν
3692 2881 3784 2933 καὶ
3811 2883 4034 2948 ἀναριθ-

785 2972 1059 3026 Thaborio
1105 2969 1326 3038 (etenim
1390 2970 1528 3022 hanc
1580 2983 1799 3037 quoque
1853 2984 2016 3021 unum
2071 2969 2358 3022 multarum
2467 2974 2551 3034 μή·

2272 2987 2358 3021 ιιιιι
2467 2974 2653 3034 μήτων
2692 2969 2984 3036 ἐνεργειῶν
3016 2969 3279 3031 τιθέασιν,
3304 2970 3636 3037 ἐνεργοῦσαν
3668 2972 3793 3022 καθ’
3829 2973 4031 3040 ἑαυτὴν

785 3077 1121 3128 uulneraque
1182 3061 1522 3129 superiorum
1605 3059 1981 3127 operationum
2062 3069 2356 3123 statuunt,
2389 3079 2430 3136 (ς
2466 3078 2551 3125 περ

2270 3070 2304 3112 ιι
2341 3101 2356 3123 ,
2389 3079 2430 3136 C
2466 3062 2594 3125 περὶ
2624 3059 2690 3111 τὰ
2735 3060 3121 3128 ἐλλαμπόμενα
3165 3060 3256 3111 καὶ
3302 3062 3691 3127 φωτιζόμενα),
3728 3067 4031 3130 συμπεραί-

783 3155 940 3223 cujus
968 3169 1061 3221 per
1086 3168 1142 3206 se
1173 3152 1253 3206 vis
1280 3152 1423 3204 circa
1459 3165 1520 3204 ea
1574 3164 1696 3218 quae
1748 3149 2085 3204 collucebant
2109 3164 2176 3205 ac
2242 3150 2366 3202 illu-
2469 3168 2549 3202 νον.

2266 3150 2366 3202 llu-
2469 3167 2649 3202 νουσιν
2700 3151 2905 3212 οὕτως⁸
2939 3150 3069 3202 Ὀτι
3129 3149 3419 3202 ἇκτιστόν
3473 3152 3602 3202 ἐστι
3638 3151 3704 3202 τὸ
3749 3151 3873 3216 φῶς
3924 3152 4032 3216 τῆς

785 3245 1127 3312 strabantur)
1173 3244 1228 3296 in
1276 3244 1391 3296 limc
1435 3242 1597 3295 verba
1649 3241 2030 3296 concludunt:
2068 3240 2362 3296 lncreatum
2469 3243 2551 3295 τοι

2266 3256 2362 3293 'um
2469 3242 2575 3295 τοῦ
2607 3243 2827 3309 Κυρίου
2868 3243 3427 3310 Μετομορφώσεως·
3460 3243 3555 3294 καὶ
3608 3244 3694 3294 ὅτι
3729 3246 3839 3295 οὐκ
3901 3245 4032 3295 ἐστι

782 3353 892 3390 esse
912 3337 1089 3389 lumen
1115 3334 1404 3388 Dominicte
1439 3332 1958 3401 Transﬁgurationis,
1997 3348 2087 3384 nec
2111 3333 2244 3384 illud
2269 3332 2367 3386 Dei
2468 3352 2548 3387 τοι

2269 3332 2367 3386 Dei
2468 3351 2643 3387 τουτο
2673 3335 2710 3400 ἠ
2736 3336 2916 3386 οὐσιά
2960 3335 3067 3387 τοῦ
3097 3335 3265 3387 Θεοῦ.
3297 3335 3463 3386 Πάλιν
3495 3337 3552 3386 ἐν
3580 3337 3692 3396 ταῖς
3738 3319 4031 3400 Ἀναθέμα-

783 3428 1064 3482 essentiam
1101 3441 1233 3479 esse.
1293 3426 1538 3492 Itemque
1564 3425 1616 3477 in
1681 3424 1793 3477 suis
1850 3423 2360 3488 Anathematismis,

781 3519 873 3586 qni
912 3518 1095 3572 dicant
1129 3531 1191 3568 ac
1220 3515 1621 3569 cenliteantur:
1654 3511 1852 3566 Lumen
1878 3513 2016 3582 quod
2065 3514 2120 3566 in
2175 3512 2359 3566 Domi-

780 3607 916 3660 nica’
940 3605 1449 3672 Transforntalionis
1479 3614 1649 3656 monte
1678 3603 1864 3670 eluxit,
1897 3604 2186 3657 increaturn
2211 3620 2362 3668 esse;

783 3706 981 3767 negent
1069 3708 1247 3749 tamen
1312 3696 1446 3748 illud
1519 3712 1629 3748 esse
1699 3696 2182 3763 superessentialem
2267 3695 2362 3748 Dei

777 3788 1078 3850 essentiam,
1114 3786 1250 3854 quod
1297 3787 1406 3837 hare
1462 3784 1675 3836 omnino
1749 3784 2044 3847 invisibilis,
2114 3795 2362 3850 extraque

779 3894 931 3931 omne
963 3876 1333 3930 commercium
1383 3884 1616 3940 maneat,
1679 3877 1767 3926 sed
1834 3875 2008 3940 potius
2062 3874 2360 3924 claritatem

775 3971 1078 4026 naturalem
1102 3988 1191 4024 seu
1225 3970 1449 4038 gloriam
1514 3985 1623 4021 esse
1676 3967 1857 4019 dicant
1910 3967 2358 4034 superessentialis

773 4064 1033 4126 essentia',
1059 4077 1123 4114 ea:
1155 4063 1249 4113 illa
1277 4062 1498 4114 indivise
1552 4071 1874 4120 manantem,
1910 4057 2106 4126 Deique
2134 4058 2359 4109 clemen-

774 4165 851 4206 ιτα
906 4169 967 4205 ac
1050 4154 1367 4220 benignitate
1426 4149 1533 4201 illis
1599 4148 1794 4213 factam
1850 4147 2207 4211 conspicuam,
2270 4145 2360 4210 qui

775 4256 944 4298 mente
969 4244 1177 4312 purgati
1203 4253 1408 4304 essent;
1442 4255 1556 4292 cum
1603 4255 1707 4306 qua
1767 4238 1937 4306 gloria
1978 4252 2040 4289 ac
2092 4235 2355 4300 clar.tate,

777 4335 1031 4386 Dominus
1058 4342 1231 4385 noster
1257 4348 1317 4383 ac
1345 4329 1485 4382 Deus
1520 4340 1765 4383 venturus
1799 4339 1874 4380 est
1909 4328 1963 4378 in
1994 4327 2221 4379 secundo
2251 4335 2351 4377 tre-

2464 3428 2679 3494 τισμοῖς
2710 3425 2912 3488 αὐτῶν,
2965 3414 3073 3476 τῶν
3120 3425 3549 3492 ὁμολογούντων.
3614 3429 3679 3477 Τὸ
3711 3426 4033 3492 ἐκλάμψαν-

2465 3519 2590 3586 ςρῶς
2629 3518 2727 3570 ἐπὶ
2761 3517 2870 3569 τοῦ
2900 3517 3078 3583 ὅρους
3105 3516 3221 3581 ’τῆς
3261 3517 3365 3568 τοῦ
3391 3517 3611 3581 Κιφίου
3647 3517 4036 3583 Μεταμορφώρ

2465 3628 2616 3674 σεως
2646 3611 2935 3662 ἇκτιστον
2959 3625 2972 3637 ’
3009 3608 3095 3674 μὴ
3119 3607 3325 3674 μέντοι
3365 3624 3430 3674 γε
3458 3608 3607 3660 αὐτὸ
3637 3604 3788 3660 εἶναι
3819 3610 4028 3675 λεγόν-

2465 3715 2581 3750 των
2603 3700 2716 3764 τὴν
2735 3697 3103 3763 ὑπερούσιον
3124 3693 3228 3747 τοῦ
3256 3695 3404 3746 Θεοῦ
3423 3697 3661 3757 οὐσίαν,
3689 3697 3768 3759 ὼς
3791 3697 4031 3760 ἐκείνης

2462 3789 2721 3857 ἀοράτου
2773 3785 3125 3840 παντάπασι
3174 3787 3271 3838 καί
3325 3786 3654 3847 ἀμεθέκτου
3698 3787 4026 3851 μενούσης,

2460 3881 2650 3943 δόξαν
2677 3879 2744 3931 δὲ
2800 3877 3043 3946 μᾶλλον
3088 3877 3391 3944 λεγόντων
3432 3877 3577 3928 αὐτὸ
3615 3877 3884 3945 φυσικὴν
3921 3877 4032 3941 τῆς

2461 3971 2829 4038 ὑπερπαίω
2875 3970 3114 4033 οὐσίας,
3143 3969 3211 4030 ἐξ
3250 3967 3486 4043 ἐκείνης
3518 3968 3852 4034 προιοῦσαν
3906 3969 4031 4021 ἀδι-

2461 4063 2726 4130 αιρέτως,
2773 4065 2870 4113 καί
2926 4060 3399 4128 ἐπιφαινομένην
3440 4059 3538 4112 διὰ
3583 4060 4032 4127 φιλανθρωπίαν

2462 4155 2610 4208 Θεοῦ
2644 4154 2770 4219 τοῖς
2808 4152 3271 4220 κεκαθαρμένοις
3297 4152 3403 4204 τὸν
3449 4151 3631 4204 νοῦν·
3662 4153 3793 4218 μεθ’
3838 4148 3910 4219 ἧς
3935 4151 4032 4201 δό-

2462 4244 2572 4310 ξης
2604 4247 2637 4296 δ
2672 4245 2880 4309 Κύιιιος
2915 4242 3083 4310 ἡμῶν
3113 4241 3210 4294 καὶ
3239 4241 3385 4305 Θεὸς
3419 4241 3549 4306 ἥξει
3585 4248 3735 4294 κατὰ
3767 4241 3879 4306 τὴν
3901 4243 4026 4292 δευ-

2459 4336 2642 4402 τέραν
2688 4335 2785 4387 καί
2839 4333 3097 4402 φρικτὴν
3150 4331 3340 4384 αὐτοῦ
3398 4332 3758 4398 παρουσίαν,
3812 4334 4031 4398 κρίνων

776 4425 1060 4490 mendoque
1099 4437 1191 4473 suo
1223 4422 1468 4482 adventu,
1519 4420 1788 4485 utjudicet
1831 4419 1966 4469 riuos
1996 4429 2043 4469 et
2097 4426 2352 4471 mortuos.
2388 4411 2434 4467 υ
2461 4425 2542 4486 ζώτ

2264 4433 2352 4471 ιοε·
2388 4411 2434 4467 ί)
2461 4425 2677 4491 ζῶντας
2710 4426 2806 4476 καί
2864 4425 3142 4490 νεκρούς.
3180 4423 3349 4474 Πάλιν
3379 4424 3436 4474 ἐν
3484 4425 3597 4483 τοῖς
3636 4423 3837 4483 αὐτοῖς.
3887 4423 4030 4487 ,Τοῖς

779 4517 1204 4581 linisuutqnein
1268 4513 1492 4565 iisdem:
1549 4510 1646 4562 llis
1697 4512 1786 4578 qui
1842 4525 1944 4561 non
2012 4509 2350 4575 conﬁtentur,

769 4610 928 4669 juxta
957 4605 1160 4653 divinas
1188 4613 1488 4652 sanetorum
1527 4613 1671 4649 voces
1702 4613 1764 4647 ac
1809 4596 2115 4655 sententias,
2184 4593 2356 4658 pium-

770 4712 871 4763 que
901 4692 1156 4746 Ecclesia:
1184 4707 1416 4748 sensum.
1449 4704 1537 4740 nec
1566 4703 1864 4740 creaturam
1917 4702 2029 4738 esse
2086 4685 2356 4736 divinissi-

772 4802 911 4838 mum
943 4769 1297 4846 illud'lumen,
1326 4797 1416 4834 nec
1441 4780 1535 4832 Dei
1568 4780 1872 4841 essentiam,
1922 4779 2010 4828 sed
2066 4779 2355 4826 increatam

771 4894 832 4928 ac
866 4875 1162 4926 naturalem
1198 4874 1427 4942 gratiam
1505 4872 2012 4935 illustrutmnemque
2080 4879 2126 4919 et
2173 4883 2357 4932 opera-

770 4971 985 5033 tionem,
1072 4981 1138 5020 επ
1207 4969 1322 5034 ipsa
1411 4965 1587 5016 divina
1643 4964 1870 5014 essentia
1935 4959 2357 5024 inseparabiliter

768 5073 970 5124 semper
1029 5067 1353 5120 manantem,
1420 5053 1701 5106 anathema
1760 5055 1848 5104 sit.
1907 5053 2248 5119 llursntnque
2302 5051 2354 5103 in

770 5154 961 5203 eodem
999 5148 1171 5200 Tomo
1200 5147 1344 5200 circa
1377 5147 1536 5197 linem
1575 5146 1966 5211 qttwstimtum:
2027 5138 2193 5193 Nobis
2237 5156 2356 5192 vero

767 5243 982 5293 omnino
1049 5255 1222 5291 sermo
1266 5247 1365 5301 est,
1433 5253 1535 5289 non
1584 5238 1648 5288 de
1694 5236 1792 5287 hac
1841 5236 2138 5302 operatione
2202 5244 2356 5299 atque

770 5331 962 5381 rit-tute
997 5327 1083 5397 (de
1117 5326 1270 5384 .Filio
1303 5326 1499 5379 scilicet
1531 5335 1579 5378 et
1607 5323 1835 5394 Spiritu)
1871 5325 1959 5376 sed
1998 5323 2061 5376 de
2093 5323 2355 5375 communi

767 5424 899 5475 trine
932 5421 1264 5475 subsistentis
1325 5419 1572 5483 Deitatis,
1624 5434 1741 5486 qui:
1778 5433 1879 5470 non
1929 5426 2006 5468 est
2060 5418 2355 5484 ltypostnsis

765 5531 826 5567 ac
855 5529 1100 5581 persona,
1151 5514 1242 5566 sed
1321 5522 1537 5575 natura,
1586 5511 1870 5578 altiorique
1906 5524 2065 5576 supra
2109 5517 2354 5560 natm'am

768 5609 988 5669 ratione,
1021 5605 1300 5673 unicuique
1329 5604 1625 5657 divinarum
1667 5603 2012 5670 hypostaseon
2054 5615 2142 5652 seu
2176 5615 2356 5666 perso-

768 5711 955 5747 narum
991 5695 1143 5749 inest.
1180 5694 1303 5750 Hinc
1326 5695 1542 5764 quidem
1570 5692 1940 5748 couununiter
2007 5688 2251 5744 sentiunt
2281 5704 2345 5745 ac

2456 4516 2540 4584 μὴ
2573 4513 2944 4583 ὁμολογοῦσι
2977 4512 3125 4564 κατὰ
3175 4509 3283 4572 τὰς
3331 4508 3448 4560 τῶν
3481 4509 3666 4575 ἁγίων
3717 4509 4029 4574 θεολογίας

2461 4604 2556 4654 καί
2589 4604 2651 4654 τὸ
2701 4601 2831 4667 τῆς·
2857 4599 3222 4664 Ἐκκλησίας
3249 4597 3497 4660 εὐσεϐὲς
3537 4597 3815 4663 φρόνημα
3879 4595 4031 4662 μήτε

2459 4696 2680 4761 κτίσμα
2710 4688 2863 4744 εἶναι
2917 4693 2983 4743 τό
3015 4691 3318 4744 θειότατον
3348 4687 3539 4740 ἐκεῖνο
3565 4685 3708 4754 ςρῶς,
3746 4687 3898 4752 μήτε
3927 4688 4030 4737 οὐ-

2458 4785 2602 4836 σίαν
2633 4782 2804 4846 Θεοῦ,
2833 4782 2972 4834 ἀλλ’
2995 4780 3281 4832 ᾶκτιστον
3309 4778 3404 4830 καί
3434 4775 3709 4844 φυσικὴν
3733 4777 3909 4842 χάριν
3931 4777 4027 4827 καί

2457 4876 2764 4943 suam”
2795 4873 2891 4924 καὶ
2917 4873 3243 4940 ἐνέργειαν,
3273 4870 3342 4931 ἐξ
3375 4867 3566 4934 αὐτῆς
3595 4867 3704 4933 τῆς
3731 4868 3892 4928 θείας
3925 4868 4027 4917 οὺ-

2457 4968 2596 5029 σίας
2624 4965 2975 5031 ἀχωρίστως
3001 4961 3090 5016 ἀεὶ
3125 4961 3484 5027 προιοῦσαν,
3529 4959 3818 5025 ἀνάθεμα.
3855 4957 4023 5008 [litin

2459 5059 2517 5109 ὲν
2540 5057 2686 5125 αὑτῷ
2716 5057 2792 5125 τῷ
2844 5056 3006 5124 Τὸιιῳ
3047 5056 3174 5122 περὶ
3200 5054 3260 5104 τὸ
3313 5051 3464 5115 τέλος
3510 5049 3618 5104 τῶν
3671 5049 4024 5119 ζητημάτων,

2473 5147 2638 5216 Ἡμῖν
2669 5146 2738 5199 δὲ
2789 5147 3065 5213 ἀρτίωςό
3112 5146 3296 5213 ,λόγος
3341 5145 3415 5196 οὺ
3466 5143 3599 5209 περὶ
3648 5143 3867 5206 ταύτης
3919 5141 4028 5206 τῆς

2457 5238 2760 5304 ἐνεργείας
2792 5235 2888 5287 καί
2917 5234 3241 5302 δυνάμεως,
3278 5232 3470 5299 ἤγουν
3490 5232 3598 5284 τοῦ
3638 5231 3771 5284 Ποῦ
3803 5229 4028 5283 καὶτοῦ

2459 5329 2826 5396 Πνεύματος,
2857 5326 3020 5379 ἀλλὰ
3050 5325 3181 5392 περὶ
3223 5322 3333 5390 τῆς
3363 5321 3574 5387 κοινῆς
3605 5320 3711 5386 τῆς
3743 5336 4031 5388 τρισυπο-

2457 5423 2685 5474 στιίτου
2730 5421 3042 5482 Θεότητος,
3094 5417 3222 5482 ἣτις
3274 5418 3387 5484 οὐχ
3440 5414 3784 5478 ὑπόστασις
3833 5412 4029 5474 ἐστιν,

2458 5512 2617 5565 ἀλλὰ
2673 5512 2853 5578 φύσει
2910 5508 3008 5560 καὶ
3046 5505 3362 5574 ὑπερφυῶς
3416 5506 3748 5572 πρόσεστιν
3801 5500 4030 5566 ἑκάστῃ

2458 5604 2577 5656 τῶν
2628 5600 2957 5670 θεαρχιχών
3004 5597 3423 5653 ὑποστάσεων.
3478 5594 3663 5650 Ταῦτα
3714 5594 3812 5664 μὲν
3873 5595 4027 5661 κοινῇ

2475 5691 2818 5760 Θεολογοῦσιν
2843 5705 2856 5720 ·
2893 5690 3040 5750 ἰδίως
3070 5689 3126 5741 δὲ
3153 5690 3180 5741 ὁ
3210 5686 3317 5740 τῶν
3341 5686 3630 5756 δογμάτων
3663 5683 3870 5738 τούτων
3924 5698 4031 5734 πα-
