4472 6434
749 385 848 447 319

2000 360 2735 455 ιιιινυειλεὶιηεηιε

3862 382 3979 457 390

743 513 1069 562 monentque
1120 509 1425 551 sanctorum
1473 501 1795 557 doctrinam.
1856 504 1974 555 Non
2028 508 2170 557 enim
2221 506 2298 558 sic
2329 512 2369 561 Α
2400 507 2503 557 axi

2221 506 2298 558 sic
2329 512 2369 561 Α
2400 507 2611 558 σκάλων
2639 525 2650 537 ·
2688 508 2747 559 οὑ
2768 508 2870 572 γὰρ
2894 505 2954 556 ἂν
2978 506 3143 565 οὕτως
3174 504 3508 570 ἀναίσθητον
3533 504 3590 555 τὸ
3614 504 3674 553 ἐκ
3697 504 3963 570 ὅιαφὸρων

742 590 888 639 timui
918 603 1079 639 sensu
1110 604 1171 640 ac
1200 590 1406 656 judicio
1444 591 1688 643 destituti
1720 590 1928 653 Patres,
1964 602 2019 643 ut
2059 595 2202 659 quod
2239 609 2303 644 cs

745 677 1013 728 distinctis
1042 690 1104 729 ac
1141 676 1368 730 diversis
1402 687 1637 741 constat,
1667 694 1898 746 quorum
1928 679 2184 732 distincta
2238 682 2309 733 sit

746 767 1066 831 diversaque
1101 766 1243 818 ratio
1277 775 1386 818 tum
1431 782 1489 819 re
1543 778 1650 819 tum
1684 771 1910 831 ratione,
1946 769 2169 835 simplex
2192 784 2310 822 esse

744 856 1086 917 aliirmarint,
1123 856 1197 907 uti
1244 856 1344 922 ipsi
1388 870 1481 921 per
1511 858 1837 909 calumniam
1886 859 1996 913 illis
2044 860 2306 922 tribuunt,

743 946 1049 999 intimorum
1083 960 1230 996 more
1260 947 1326 995 ad
1360 945 1594 997 litteram
1641 947 1879 998 crassius
1912 946 2168 1013 legentes,
2192 960 2310 1012 qua:

744 1039 812 1088 ab
857 1038 935 1086 eis
981 1036 1286 1102 conscripta
1325 1045 1485 1096 sunt,
1536 1038 1711 1102 deque
1757 1036 1877 1088 aliis
1907 1036 2070 1095 dicta.
2105 1037 2169 1087 ad
2206 1037 2309 1088 alia

748 1140 1026 1191 perperam
1057 1124 1377 1187 referentes,
1404 1124 1546 1190 quod
1574 1125 1770 1191 ubique
1789 1126 1992 1178 erroris
2021 1126 2125 1177 illis
2147 1140 2311 1179 causa

747 1217 839 1266 t'uit
866 1233 881 1279 ;
905 1232 1006 1267 non
1038 1230 1159 1267 raro
1191 1216 1354 1268 etiam
1388 1214 1453 1267 ad
1482 1214 1715 1268 litteram
1743 1215 1895 1283 longe
1926 1216 2311 1270 alienissimam

746 1324 771 1355 τι
808 1308 1080 1375 mztgislris
1109 1309 1248 1360 viam
1277 1308 1550 1371 ineuntes,
1596 1308 1740 1375 quod
1770 1316 1825 1360 et
1864 1307 2038 1374 ipsum
2081 1320 2315 1374 sequen-

744 1401 886 1450 tibus
918 1397 1162 1465 liquebit.

821 1532 1055 1597 Denique
1091 1534 1229 1598 quod
1281 1547 1387 1584 non
1443 1532 1533 1585 ﬁat
1578 1533 1921 1601 compositio,
1965 1533 2039 1586 ait
2071 1532 2316 1586 Palamas

745 1622 796 1670 in
846 1621 984 1673 libro
1047 1622 1202 1687 cujus
1260 1622 1515 1673 initium:
1582 1622 1821 1690 Afﬂante
1859 1622 2061 1690 Spiritu
2114 1624 2316 1674 dictata

749 1711 1020 1764 Patrum:
1070 1712 1366 1764 lncreatum
1420 1713 1691 1779 adjacens,
1752 1728 1912 1764 unam
1951 1721 2000 1764 et
2056 1713 2314 1780 a'qualem

2414 597 2709 657 συνεστὼς,
2767 591 2841 648 ὧν
2871 598 2898 646 ὁ
2929 595 3082 660 λόγος
3114 594 3367 659 διάφορος
3390 594 3495 643 ,καὶ
3545 594 3828 660 πράγματι
3874 596 3966 642 καὶ

2409 686 2572 754 λόγῳ,
2615 686 2818 738 ἁπλοῦν
2867 681 3005 736 εἶναι
3040 684 3418 750 ἀπεφαίνοντο,
3461 682 3536 743 ὡς
3564 685 3715 734 αὐτοὶ
3745 683 3967 742 τούτους

2410 776 2781 835 διαϐάλλοντές
2810 791 2995 842 φασιν,
3038 773 3319 833 ιουδαῖκώς
3353 773 3492 823 κατὰ
3522 771 3580 821 τὸ
3615 773 3846 837 γράμμα
3871 776 3966 823 τά-

2412 867 2606 917 κείνων
2635 864 3121 930 ἁναγινώσκοντες,
3159 864 3251 913 καὶ
3286 862 3353 912 τὰ
3386 860 3470 911 ἐπ’
3500 862 3672 911 ἄλλων
3704 861 3967 927 εἰρημένα

2410 954 2499 1005 ἐπ’
2525 956 2654 1005 ἄλλα
2686 955 3107 1023 παραφέροντες,
3144 952 3171 1003 ὃ
3198 950 3473 1017 πανταχοῦ
3505 952 3602 1015 τῆς
3635 951 3839 1017 πλάνης
3872 952 3972 1000 αὖ·

2412 1048 2521 1105 τοῖς
2580 1046 2748 1097 αἴτιον
2810 1045 3062 1110 ὲγένετο’
3138 1043 3399 1101 πολλάκις
3444 1042 3499 1092 δὲ
3549 1044 3641 1091 καὶ
3702 1042 3840 1091 κατὰ
3911 1041 3970 1089 τὸ

2418 1136 2654 1202 γράμμα
2700 1134 2797 1202 τὴν
2840 1132 3239 1199 ἐναντιωτάτην
3291 1135 3404 1193 τοῖς
3442 1130 3783 1191 διδασκάλοις
3817 1128 3975 1197 φερό-

2418 1242 2588 1292 μενοι,
2619 1224 2691 1286 ὡς
2711 1224 2804 1276 καὶ
2828 1223 2985 1275 τοῦτο
3008 1222 3255 1291 προῖοῦσι
3296 1222 3617 1290 φανήσεται.

2487 1535 2595 1587 Καὶ
2620 1533 2750 1599 γοῦν
2778 1534 2871 1586 καὶ
2896 1531 3135 1603 περὶτοῦ
3164 1533 3237 1601 μὴ
3266 1532 3503 1599 γίνεσθαι
3538 1533 3784 1585 σύνθεσίν
3807 1549 3972 1601 φησιν

2415 1620 2459 1675 ὀν
2485 1625 2743 1691 "uitaui;
2783 1625 2841 1674 ὲν
2868 1623 3013 1692 λόγῳ
3036 1617 3097 1675 οὗ
3134 1624 3166 1691 ἡ
3202 1624 3367 1691 ἀρχὴ.
3418 1622 3547 1686 Τοῖς
3584 1638 3980 1689 πνευματοκι-

2416 1712 2621 1777 νήτοις
2648 1711 2764 1764 τῶν
2795 1711 3093 1778 Πατέρων,
3129 1712 3259 1763 Ὅτι
3289 1712 3355 1762 τὸ
3377 1711 3662 1763 ἅκτιστον
3701 1711 3984 1777 προσκεί-

746 1804 1149 1869 ιίηιριίεειιιιμιε,
1178 1805 1229 1854 in
1260 1820 1320 1855 ea
1350 1814 1678 1865 conspectam
1706 1804 2042 1868 discretione,
2069 1803 2314 1855 deitatem
2348 1832 2388 1890 Β
2414 1821 2512 1872 με)

2214 1812 2314 1855 tem
2348 1832 2388 1890 Β
2414 1821 2600 1872 μενον
2621 1806 2768 1872 μίαν
2796 1803 3191 1858 ἀποδείκνυσι
3216 1805 3315 1855 καὶ
3353 1803 3499 1867 ἴσην
3524 1802 3618 1855 καὶ
3644 1801 3980 1868 ἀπλῆντὴν

746 1889 893 1954 facit.
938 1889 1140 1941 Etenim
1180 1892 1435 1958 quidquid
1495 1893 1785 1943 increatum
1841 1901 1939 1954 est,
1981 1894 2098 1959 pari
2150 1895 2255 1945 etia

745 1982 935 2048 gaudet
991 1981 1182 2034 honore
1228 1999 1288 2033 ac
1336 1984 1540 2033 unitum
1585 1993 1695 2045 est;
1733 1998 1822 2034 nec
1859 1984 1911 2034 in
1945 1983 2011 2036 iis
2040 2000 2154 2053 qua:
2190 1994 2311 2036 sunt

747 2074 1001 2133 iucrcata,
1042 2073 1095 2124 in
1151 2088 1309 2124 unum
1353 2074 1680 2137 coeuntibus,
1726 2090 1837 2127 esse
1888 2078 2312 2144 compositionem

678 2192 692 2208 ι
746 2178 978 2228 unquam
1023 2163 1318 2229 contigerit.
1358 2162 1415 2214 lu
1450 2164 1555 2215 alio
1590 2179 1835 2230 quoque,
1870 2165 2024 2233 cujus
2056 2168 2263 2219 initium
2296 2185 2309 2219 :

749 2254 1053 2303 Susurrans.
1075 2253 1287 2319 itaque:
1326 2252 1506 2321 Neque
1532 2271 1649 2307 vero
1676 2256 1772 2307 hoc
1802 2257 2090 2325 intelligere
2121 2260 2311 2321 potuit,

745 2346 835 2408 qui
868 2344 917 2394 in
953 2346 1030 2395 his
1066 2347 1467 2407 compositiones
1497 2347 1802 2411 insipienter
1837 2350 2012 2400 auiam
2041 2352 2313 2419 cogitavit,

750 2436 827 2485 Ea
859 2451 972 2499 quu'
1001 2437 1235 2486 increata
1258 2452 1475 2504 vereque
1505 2438 1764 2503 simplicia
1807 2448 1951 2502 sunt,
1990 2440 2035 2491 si
2062 2441 2114 2490 in
2156 2456 2314 2491 unum

741 2514 1075 2588 'couveuiunt,
1138 2527 1337 2577 nullam
1380 2528 1555 2593 facere
1610 2530 2054 2595 compositionem.
2098 2529 2311 2596 Quique

750 2615 1056 2682 patriarcha
1115 2616 1214 2670 fuit
1261 2618 1574 2673 Philotlieus
1607 2621 1657 2671 in
1693 2634 1836 2672 nono
1865 2636 2084 2673 suorum
2146 2622 2315 2687 ipsius

749 2708 984 2771 capitum
1016 2724 1030 2759 :
1066 2707 1183 2761 Nos
1224 2724 1345 2761 vero
1372 2711 1462 2777 qui
1493 2726 1555 2762 ea:
1603 2720 1905 2762 sanctorum
1938 2712 2090 2762 dictis
2118 2711 2319 2762 noveri-

748 2814 884 2860 mus,
905 2814 965 2850 ne
992 2799 1249 2852 hominem
1283 2803 1489 2868 quidem
1517 2842 1529 2864 ,
1570 2803 1838 2855 naturales
1886 2803 2049 2867 ipsius
2078 2801 2316 2868 proprie-

749 2897 881 2941 tates
933 2889 1110 2956 facere
1157 2907 1387 2959 unquam
1430 2895 1890 2959 compmitum;at
1922 2909 2083 2961 neque
2122 2894 2315 2945 artium

750 2980 983 3030 rationes
1009 2996 1069 3030 ac
1095 2982 1361 3033 scientias.
1408 2979 1575 3033 Nemo
1630 2984 1765 3033 enim
1800 2998 2026 3047 unquam
2064 2984 2319 3035 hominem

748 3073 1092 3137 compositum
1125 3072 1342 3136 dixerit,
1376 3073 1514 3139 quod
1558 3083 1801 3123 naturam
1844 3072 2035 3125 habeat
2076 3083 2123 3125 et
2160 3084 2320 3124 natu-

2415 1897 2483 1949 ὲν
2515 1894 2588 1961 τῇ
2614 1895 2915 1961 διακρίσει
2961 1895 3148 1959 ταύτῃ
3205 1894 3513 1961 ὁρωμένην
3567 1894 3840 1957 Θεότητα.
3875 1892 3980 1943 Καὶ

2417 1987 2525 2053 τὰρ
2543 1984 2666 2039 πᾶν
2696 1984 2985 2037 ἄκτιστον
3012 1985 3109 2037 καὶ
3134 1984 3421 2052 όμότιμόν
3459 1984 3590 2037 ἐστι
3628 1984 3722 2035 καὶ
3751 1981 3982 2050 ήνωμέο

2414 2094 2556 2130 νον·
2590 2078 2686 2129 καὶ
2718 2077 3009 2139 σύνθεσις
3040 2077 3108 2126 ἐν
3151 2074 3272 2138 τοῖς
3298 2075 3605 2139 ἀκτίστοις
3643 2075 3980 2142 συναγομέ-

2415 2184 2545 2230 νοις
2571 2171 2657 2231 εὶς
2690 2167 2759 2218 ἐν
2785 2168 2857 2218 οὐ
2893 2166 2977 2232 μή
3032 2166 3161 2217 ποτ’
3194 2168 3270 2218 ἂν
3300 2166 3551 2233 γένοιτο,
3587 2167 3697 2218 Καὶ
3729 2168 3783 2217 ὲν
3812 2167 3980 2233 ἑτέρῳ

2415 2252 2534 2325 oili)
2598 2258 2764 2325 ἁρχὴ.
2836 2240 3315 2324 ’.Υποψιθυρίσας
3373 2258 3606 2319 τοίνυν,
3678 2255 3785 2308 Καὶ
3839 2254 3981 2308 οὐδὲ

2415 2348 2592 2400 τοῦτο
2622 2347 2896 2400 συνιδεῖν
2922 2348 3181 2414 ἴσχυσεν
3211 2350 3242 2398 ό
3265 2348 3332 2397 ἐν
3366 2348 3596 2409 τούτοις
3628 2347 3730 2410 τὰς
3764 2345 3980 2397 συνθέ-

2417 2454 2547 2503 σεις
2574 2438 2848 2504 ἀφρόνως
2868 2435 3327 2505 φανταζόμενος,
3352 2437 3429 2500 ὼς
3458 2436 3495 2501 ἠ
3548 2434 3663 2487 τῶν
3686 2436 3982 2489 ἀκτίστων

2418 2528 2513 2580 καὶ
2571 2528 2755 2594 ὄντως
2814 2528 3025 2581 ἁπλῶν
3071 2530 3438 2592 συνέλευσις
3483 2531 3567 2592 εἰς
3596 2526 3665 2579 ἐν
3690 2527 3982 2579 σύνθεσιν

2418 2619 2705 2688 οὐδεμίαν
2742 2620 2995 2688 ἐμποιεῖ.
3035 2621 3145 2671 Καὶ
3193 2622 3219 2671 ὁ
3253 2620 3330 2680 εις
3365 2620 3709 2688 πατριάρχην
3758 2618 3982 2676 τελέσας

2417 2712 2669 2771 Φιλόθεος
2725 2712 2779 2760 ὲν
2805 2707 2849 2761 θ’
2876 2709 2986 2761 τῶν
3019 2709 3164 2760 ἰδίων
3217 2707 3529 2775 κεφαλαίων
3555 2707 3741 2771 αὐτοῦ,
3783 2704 3982 2772 Ἡμεῖς

2415 2803 2711 2871 μαθόντες
2744 2800 2861 2853 ἀπὸ
2900 2799 3017 2851 τῶν
3039 2799 3224 2867 ἁγίων
3258 2799 3346 2850 ὅτι
3370 2799 3514 2851 οὐδὲ
3544 2800 3651 2850 τὸν
3674 2797 3983 2863 ἄνθρωπον

2421 2892 2666 2946 ποιοῦσί
2724 2904 2869 2943 ποτε
2918 2890 3214 2943 σύνθετον
3265 2890 3338 2941 τὰ
3391 2891 3623 2956 φυσικὰ
3677 2887 3981 2955 ἰδιώματα,

2420 2984 2561 3038 ἀλλ’
2599 2982 2743 3035 οὐδὲ
2772 2985 2825 3033 ol
2853 2982 3116 3050 τεχνικο)
3148 2982 3315 3049 λόγοι
3350 2982 3446 3032 καὶ
3491 2978 3817 3047 ἐπιστῆμαι
3838 2995 3852 3009 ν
3886 2980 3979 3030 οὐ·

2422 3076 2547 3139 δεῖς
2574 3075 2685 3142 γὰρ
2717 3073 2796 3128 ἂν
2828 3074 2984 3126 εἴποι
3014 3073 3158 3125 ποτὲ
3185 3073 3289 3124 τὸν
3320 3072 3636 3140 ἆνθρωπον
3664 3072 3982 3127 σύνθετον.

749 3160 910 3212 ralem
940 3163 1313 3226 operationem,
1346 3164 1423 3215 vel
1450 3162 1590 3229 quod
1624 3174 1873 3217 naturam
1898 3175 1944 3217 et
1975 3175 2164 3225 artem,
2189 3176 2317 3232 puta
2345 3179 2386 3236 ο
2420 3164 2514 3218 διό

2218 3176 2317 3217 tuta
2345 3179 2386 3236 ο
2420 3164 2569 3218 διότι
2598 3166 2720 3231 ἔχει
2750 3164 2940 3230 φύσιν
2976 3163 3073 3215 καὶ
3103 3162 3407 3229 ἐνέργειαν
3438 3160 3732 3229 φυσικὴν,
3761 3157 3798 3226 ἢ
3837 3157 3984 3211 διότι

747 3256 1176 3322 grammaticam,
1238 3255 1314 3308 vel
1388 3255 1675 3321 fabrilem.
1750 3267 1842 3310 aut
1909 3258 2317 3324 agriculturam.

750 3349 983 3415 (Imuque
1017 3364 1071 3400 se
1096 3352 1170 3400 ita
1198 3349 1251 3400 in
1282 3350 1579 3401 hominibus
1603 3366 1682 3401 res
1711 3350 1924 3412 habeat,
1957 3352 2082 3418 quid
2114 3351 2178 3402 de
2213 3350 2320 3403 Deo

750 3443 1051 3501 lliCt‘ndlllil,
1085 3441 1173 3509 qui
1196 3441 1391 3493 eximia
1414 3444 1645 3507 quadam
1666 3444 1871 3493 ratione
1894 3459 1953 3494 ac
1982 3460 2141 3505 supra
2165 3460 2322 3511 quam

751 3537 885 3595 [erat
924 3544 1140 3595 natura,
1173 3534 1351 3585 omnia
1383 3535 1615 3586 habent?
1648 3533 1747 3587 Sed
1779 3544 1901 3587 tunc
1930 3536 2135 3587 exsistit
2168 3547 2322 3604 atque

751 3625 948 3676 dicitur
978 3626 1312 3690 compositio,
1349 3641 1465 3676 cum
1499 3626 1619 3677 duce
1671 3642 1774 3688 res,
1809 3642 1923 3692 qua!
1951 3626 2171 3693 singula'
2202 3642 2323 3693 pro-

750 3718 921 3780 priam
974 3717 1360 3768 subsistentiam
1394 3717 1643 3781 habeant,
1693 3727 1740 3768 et
1789 3734 2012 3784 quantm
2054 3716 2319 3786 quwlibet,

751 3810 863 3873 ipsa
890 3825 979 3872 per
1012 3825 1065 3861 se
1106 3809 1301 3877 absque
1328 3810 1435 3861 alia
1473 3826 1581 3861 esse
1603 3818 1769 3875 potest
1794 3826 1855 3861 ac
1888 3808 2144 3878 intelligi;
2178 3826 2319 3872 cum,

751 3904 963 3968 inquam
992 3940 1006 3961 ,
1045 3900 1174 3951 talia
1210 3902 1637 3964 compositionem
1687 3916 1747 3953 ac
1780 3902 2022 3954 unionem
2071 3903 2206 3953 inter
2246 3916 2320 3963 se,

748 3992 796 4043 si
835 4007 990 4043 unam
1033 3993 1357 4060 hypostasim
1412 4009 1676 4060 unumque
1714 3992 2039 4056 subsistens,
2085 3993 2319 4056 inierint,

750 4081 887 4133 velut
921 4084 972 4134 in
1004 4084 1213 4136 homine
1252 4100 1439 4149 corpus
1481 4098 1530 4135 et
1582 4084 1798 4147 anima;
1833 4083 1909 4136 vel
1945 4085 1995 4135 in
2041 4083 2196 4136 donto
2242 4085 2324 4136 la-

748 4173 892 4236 pides
950 4183 998 4225 et
1053 4176 1199 4242 ligna
1254 4184 1302 4226 et
1341 4178 1562 4239 terram.
1623 4172 1749 4227 lla'c
1797 4176 1935 4227 enim
1973 4176 2185 4244 singula
2227 4191 2323 4241 per

750 4266 923 4332 seipsa
976 4282 1093 4317 cum
1136 4267 1240 4317 sint
1295 4265 1564 4334 singulare
1596 4266 1884 4333 quoddam,
1921 4268 1976 4317 id
2002 4277 2114 4329 est,
2152 4268 2322 4335 hypo-

756 4358 936 4419 stusis,
972 4374 1087 4409 cum
1120 4359 1258 4409 inter
1307 4374 1359 4410 se
1393 4358 1815 4424 compositionem
1859 4357 2201 4425 unionemque
2243 4358 2324 4409 iu-

750 4448 927 4512 ierint,
952 4459 1074 4500 tunc
1103 4450 1298 4501 dicitur
1330 4450 1639 4516 compositio
1674 4449 1779 4502 sive
1805 4451 1949 4513 unio,
1986 4459 2211 4501 duarum
2248 4459 2325 4501 t’e-

2423 3256 2547 3324 ἕχει
2580 3255 2771 3324 φύσιν
2812 3254 2906 3305 καὶ
2935 3251 3160 3321 τέχνην
3186 3249 3623 3319 γραμματικὴν,
3665 3251 3701 3317 ἣ
3728 3265 3984 3301 textori-

2423 3348 2559 3412 κήν,
2592 3346 2629 3411 ἢ
2661 3343 2990 3412 γεωργικὴν
3054 3346 3274 3411 τυχόνο
3310 3344 3437 3395 ἐπεὶ
3473 3341 3540 3393 δὲ
3584 3342 3679 3393 ἐπὶ
3722 3340 3841 3393 τῶν
3883 3340 3988 3393 ἀνα

2423 3437 2671 3503 θρώπων
2708 3435 2913 3498 οὕτως,
2939 3433 3040 3487 ἐπὶ
3081 3433 3187 3485 τοῦ
3218 3432 3365 3486 Θεοῦ
3402 3433 3458 3484 τί
3486 3431 3599 3499 χρὴ
3631 3432 3857 3498 λέγειν,
3881 3429 4001 3482 τοῦ.

2423 3528 2621 3581 πάντα
2656 3523 2979 3593 ὑπερφυῶς
3011 3524 3298 3592 exortae;
3342 3524 3527 3576 Ἀλλὰ
3583 3524 3877 3586 σύνθεσις
3906 3521 3991 3589 τί-

2422 3636 2607 3681 νεται,
2650 3619 2746 3671 καὶ
2779 3617 3014 3684 λέγεται
3050 3617 3200 3672 τότε,
3234 3615 3381 3667 ὅταν
3414 3614 3523 3667 δύο
3577 3613 3888 3682 πράγματα
3919 3613 3993 3667 τὰ

2423 3711 2641 3779 ἔχοντα
2683 3709 2843 3761 ἰδίαν
2871 3708 3220 3762 ὑπόστασιν
3249 3705 3318 3757 ἓν
3345 3705 3631 3769 ἕκαστον,
3687 3704 3789 3759 καῖ
3813 3705 3990 3757 δυνά-

2417 3818 2607 3871 μενον
2654 3800 2917 3853 ἕκαστον
2947 3794 3099 3851 εἶναι
3130 3797 3229 3849 καὶ
3261 3789 3606 3863 θεωρεῖσθαι
3653 3795 3784 3849 καθ’
3815 3795 3993 3848 ἑαυτὸ

2422 3894 2561 3961 δίχα
2596 3892 2703 3945 τοῦ
2743 3892 2977 3959 ἐτέρου·
3043 3889 3189 3942 ὅταν
3222 3889 3293 3941 τὰ
3344 3886 3592 3941 τοιαῦτα
3655 3885 3994 3940 συντεθῶσι

2423 3989 2523 4041 καὶ
2555 3986 2861 4041 ἐνωθῶσιν
2919 3984 3217 4050 ἀλλήλοις
3278 3984 3368 4048 εις
3412 3984 3561 4050 μίαν
3626 3982 3993 4043 ὑπόστασιν,

2422 4078 2551 4135 οἷον
2595 4080 2798 4147 ὥσπερ
2826 4082 2895 4132 ἐν
2922 4077 3001 4143 τῷ
3028 4076 3315 4145 ἀνθρώπῳ
3337 4075 3508 4143 ψυχὴ
3549 4073 3650 4126 καὶ
3691 4071 3867 4141 σῶμα
3893 4089 3904 4101 ·
3953 4072 3990 4138 ἢ

2424 4173 2493 4225 ἐν
2530 4171 2602 4239 τῇ
2629 4172 2782 4236 οἰκίᾳ
2827 4171 2985 4224 λίθοι
3032 4168 3129 4221 καὶ
3164 4168 3323 4231 ξύλα
3360 4166 3461 4219 καὶ
3494 4165 3764 4232 σίδηρος.
3806 4165 3996 4216 Ταῦτα

2424 4264 2535 4334 γὰρ
2568 4262 2697 4316 καθ’
2728 4262 2909 4313 ἑαυτὰ
2957 4259 3184 4312 ἕκαστα
3236 4258 3584 4322 ὑπόστασις
3637 4257 3803 4319 ὄντα,
3854 4254 3998 4307 ὅταν

2423 4354 2759 4411 συντεθῶσι
2793 4353 2889 4405 καὶ
2918 4351 3223 4405 ἐνωθῶσιν
3244 4350 3565 4416 ἀλλήλοις,
3598 4351 3734 4402 τότε
3760 4348 3997 4417 λέγεται

2425 4449 2737 4510 σύνθεσις,
2774 4445 2906 4512 ἤτοι
2935 4443 3153 4508 ἓνωσις
3188 4440 3626 4495 ἐνυποστάτων
3673 4440 3782 4493 δύο
3811 4456 3999 4510 πραγ-

752 4555 865 4591 rum
894 4582 907 4603 ,
942 4542 1050 4593 sive
1098 4542 1254 4592 etiam
1290 4540 1543 4607 plurium,
1575 4557 1667 4607 per
1694 4558 1747 4595 se
1786 4543 2171 4596 exsistentium.
2206 4545 2329 4599 Haec
2362 4532 2405 4585 Ῑ)
2430 4539 2512 4607 μά

2234 4545 2329 4599 lare
2362 4532 2405 4585 Ι)
2430 4539 2655 4607 μάτων,
2676 4538 2713 4603 ἢ
2747 4537 2842 4587 καὶ
2876 4533 3193 4587 πλειόνων.
3213 4531 3399 4584 Ταῦτα
3420 4530 3474 4584 δὲ
3493 4532 3574 4583 ὅτι
3598 4530 3796 4597 πολλὴν
3813 4528 4000 4583 ἄνοιαν

750 4644 927 4686 autem
960 4644 1221 4699 quantam
1248 4634 1347 4687 viri
1384 4634 1706 4688 dementiam
1745 4644 1997 4704 arguant.
2036 4651 2102 4689 ne
2134 4636 2328 4690 dicen-

749 4726 877 4776 dunt
912 4726 1151 4792 quidem.
1895 4718 1912 4736 ³

823 4865 1087 4920 Similiter
1120 4880 1341 4934 quoque
1380 4867 1432 4918 in
1471 4863 1644 4920 Tomo
1670 4867 2041 4921 simulomnes
2076 4884 2324 4936 pronun-

750 4960 887 5012 tiant
914 4977 924 5010 :
958 4957 1086 5011 Post
1119 4959 1228 5009 hac
1251 4960 1590 5026 quiesivimus
1628 4973 1693 5011 ex
1724 4958 1947 5023 sanctis,
1986 4975 2113 5010 num
2166 4959 2323 5012 liceat

750 5051 984 5116 aliquam
1011 5051 1063 5102 in
1097 5048 1205 5102 Deo
1234 5048 1526 5117 intelligere
1554 5050 2008 5114 compositionem,
2041 5050 2101 5102 ob
2139 5051 2330 5104 divina:

747 5143 990 5196 essentia:
1027 5152 1076 5195 et
1108 5143 1431 5211 operationis
1460 5142 1853 5195 distinctionem
1886 5142 1910 5195 .9
1948 5140 2330 5211 Ostensumque

748 5242 823 5285 cst
851 5233 1081 5285 omnium
1100 5245 1406 5285 sanctorum
1427 5231 1695 5284 communi
1715 5231 2027 5284 celebratum
2047 5233 2329 5297 prarconio,

750 5327 955 5379 nullam
997 5325 1117 5378 inde
1155 5325 1208 5376 in
1242 5324 1351 5377 Deo
1378 5323 1793 5377 existimandam
1838 5339 1951 5376 esse
1991 5324 2329 5390 compositio-

749 5434 890 5469 nent.
923 5416 1028 5470 Sed
1065 5425 1119 5469 et
1149 5416 1202 5469 in
1237 5414 1723 5469 Anatltetuatismis
1759 5413 1876 5468 suis
1910 5415 1961 5467 in
1998 5415 2111 5468 lucc
2165 5415 2329 5469 verba

750 5510 1035 5563 enuntiarit
1067 5527 1079 5562 :
1112 5508 1183 5561 lis
1234 5508 1323 5577 qui
1352 5509 1585 5561 sentiunt
1628 5523 1690 5560 ac
1751 5508 1931 5559 dicunt
1971 5508 2185 5560 omnino
2211 5524 2333 5575 pro-

750 5612 931 5671 pterea
976 5600 1210 5669 aliquam
1279 5600 1331 5653 in
1393 5598 1497 5652 Deo
1554 5600 1674 5665 ﬁeri
1729 5600 2180 5665 compositionem,
2241 5616 2331 5652 nec

752 5696 907 5761 [idem
949 5702 1254 5744 sanctorum
1306 5690 1562 5742 doctrina:
1623 5690 1830 5753 habent,
1892 5691 2212 5753 docentium,
2269 5706 2333 5743 ca:

753 5786 1083 5839 naturalibus
1104 5784 1301 5837 nullam
1332 5785 1380 5837 in
1413 5794 1604 5837 natura
1634 5794 1845 5839 exstare
1876 5786 2327 5849 contpositioncm,

2435 4631 2705 4700 μαρτυρεῖ
2740 4628 2816 4696 τῷ
2852 4628 3027 4697 ἀνδρὶ,
3060 4624 3180 4677 οὐδὲ
3209 4624 3312 4695 χρὴ
3334 4623 3533 4690 λέγειν.

2514 4854 2791 4912 Ὡσαύτως
2826 4850 2917 4901 καὶ
2948 4850 3004 4898 ἐν
3056 4847 3131 4915 τῷ
3164 4848 3325 4916 Τόμῳ
3357 4849 3511 4915 κοινῇ
3537 4844 3739 4906 πάντες
3760 4846 3999 4912 ἀποφαί-

2433 4965 2635 5007 νονται,
2660 4942 2819 4997 Μετὰ
2847 4940 3021 4994 τοῦτο
3056 4937 3439 5007 ἐζητήσαμεν
3480 4938 3639 5005 παρὰ
3664 4936 3781 4991 τῶν
3819 4936 4002 5007 ἁγίων

2431 5043 2485 5094 ει
2511 5038 2815 5109 μηδεμίαν
2848 5035 2978 5101 ἔχοι
3019 5051 3109 5098 τις
3130 5033 3206 5086 ἂν
3258 5031 3524 5086 ἐπινοεῖν
3573 5032 3872 5087 σύνθεσιν
3900 5032 4000 5085 ἐπὶ

2435 5132 2584 5187 Θεοῦ
2641 5130 2741 5183 διὰ
2795 5128 2909 5194 τὴν
2947 5124 3055 5193 τῆς
3086 5125 3250 5190 θείας
3296 5125 3514 5189 οὐσίας
3574 5124 3674 5178 καὶ
3703 5124 4004 5193 ἐνεργείας

2432 5219 2744 5290 διαφοράν.
2786 5216 3139 5285 Ἀπεδείχθη
3171 5211 3285 5269 οὖν
3318 5215 3479 5283 παρὰ
3502 5213 3619 5267 τῶν
3642 5217 3826 5284 ἁγίων
3856 5214 4003 5269 πάν.

2432 5330 2551 5369 των
2585 5311 3027 5379 κηρυττόμενον
3058 5308 3139 5374 ὡς
3187 5309 3299 5361 οὐκ
3344 5308 3477 5362 ἔστι
3525 5309 3825 5363 σύνθεσίν
3870 5324 4004 5364 τινα

2434 5409 2592 5474 παρὰ
2620 5405 2848 5457 τούτων
2878 5399 3136 5469 νομίζειν
3159 5399 3257 5452 ἐπὶ
3281 5400 3383 5453 τοῦ
3421 5399 3591 5454 Θεοῦ.
3625 5400 3785 5454 Ἀλλὰ
3809 5404 3902 5453 καὶ
3943 5403 4000 5453 ὲν

2432 5503 2543 5562 τοῖς
2601 5496 3094 5564 Ἀναοεματισμοῐς
3120 5493 3301 5547 αὐτῶν
3331 5492 3505 5555 οὕτως
3530 5493 3852 5561 ἑκφωνοῦσι,
3872 5491 4001 5557 Τοῖς

2434 5591 2729 5664 φρονοῦσι
2770 5588 2866 5641 καὶ
2902 5586 3155 5654 λέγουσι
3206 5586 3503 5640 σύνθεσίν
3542 5601 3676 5638 τινα
3704 5587 3857 5650 ὅλως
3906 5585 4003 5638 διὰ

2437 5685 2621 5739 ταῦτα
2652 5683 2923 5751 γίνεσθαι
2956 5678 3055 5731 ἐπὶ
3081 5678 3250 5740 Θεοῦ,
3298 5677 3383 5747 μὴ
3436 5680 3809 5746 πειθομένοις
3835 5677 3901 5729 δὲ
3931 5677 4003 5742 τῇ

2439 5777 2556 5834 τῶν
2581 5776 2763 5845 ἁγίων
2793 5773 3177 5839 διδασκαλίᾳ,
3229 5770 3526 5838 μηδεμίαν
3554 5771 3846 5825 σύνθεσιν
3887 5770 4004 5823 ditt)
