4442 6440
819 420 928 481 355

2065 413 2456 473 MANUELIS
2499 412 2799 470 CALECJE

3926 404 4031 472 356

818 514 944 585 lem,
970 521 1148 578 omnis
1177 529 1447 588 expertem
1477 520 1902 587 compositionis.
1934 518 2252 586 perfectum,
2289 520 2364 570 in-
2399 523 2441 576 Α
2471 516 2572 568 τέλη

2289 520 2364 570 iu-
2399 523 2441 576 Α
2471 516 2672 576 τέλειος
2719 518 2808 568 καὶ
2856 516 3104 585 ἄπειρος,
3157 517 3250 567 καὶ
3309 514 3718 586 ἀπερίγραπτος
3749 515 3898 584 παρὰ
3931 519 4029 586 τῆς

817 615 1050 676 ﬁnitum,
1089 609 1615 676 incircumscriptuui
1654 609 1997 661 conﬁtemur.

893 703 1139 769 Denique
1176 700 1220 753 si
1256 701 1414 762 Deus,
1444 714 1628 753 eorum
1658 714 1775 764 qua:
1805 699 2053 750 dlstiucta
2082 712 2372 752 conCurre-

819 803 942 846 runt
997 791 1225 844 conﬂato
1275 807 1436 841 uuuui
1471 800 1552 841 est
1581 827 1594 850 ,
1619 790 1819 855 'primo
1883 790 2225 855 quaerendum
2253 787 2372 856 quis

818 888 931 938 hmc
961 884 1214 936 distincta
1245 881 1604 948 copulaverit.
1631 880 1853 940 Deinde,
1896 879 2034 932 Deus
2065 881 2197 946 ipse,
2231 881 2370 946 quod

819 975 888 1025 sit
930 975 1088 1023 unius
1125 972 1412 1038 particeps,
1455 985 1615 1020 unum
1649 971 1773 1022 erit.
1821 969 1910 1022 Sic
1937 982 2096 1031 vero,
2124 983 2224 1021 nec
2255 984 2376 1034 pro-

821 1063 955 1128 prie,
994 1077 1089 1111 nec
1123 1060 1296 1124 primo
1327 1073 1489 1108 unum
1529 1055 1719 1118 fuerit;
1749 1056 1840 1106 sed
1874 1055 1951 1107 sic
1999 1069 2196 1116 unum,
2228 1054 2376 1107 velut

817 1167 880 1205 ea
913 1166 1031 1216 qua!
1061 1166 1121 1201 ex
1152 1148 1375 1200 diversis
1409 1147 1568 1198 rebus
1603 1148 2026 1197 constituuntur.

888 1241 1176 1297 Pra'terea,
1201 1237 1306 1287 erit
1336 1236 1538 1302 aliquid
1573 1235 1677 1287 Deo
1711 1234 1904 1288 melius
1923 1243 1975 1286 et
1996 1234 2375 1301 praestantius;

819 1331 1013 1382 merito
1045 1328 1213 1386 enim,
1255 1324 1397 1391 quod
1451 1325 1826 1391 participatur,
1862 1337 1926 1376 eo
1970 1323 2110 1390 quod
2158 1323 2380 1389 partici-

818 1428 929 1485 pat,
961 1432 1022 1467 ac
1057 1417 1199 1482 quod
1231 1416 1337 1465 viui
1363 1414 1519 1465 habet
1552 1423 1606 1465 ut
1637 1413 1783 1479 plura
1815 1414 2177 1480 distinctaque
2205 1415 2374 1475 uuiat,

819 1508 870 1558 id
905 1506 1158 1570 primum,
1198 1503 1493 1569 meliusque
1539 1516 1601 1554 ac
1652 1505 1997 1570 praastaotius
2022 1503 2224 1556 audiat.
2245 1501 2377 1556 Nam

817 1606 870 1649 et
906 1597 997 1648 Dei
1041 1596 1146 1647 vita
1173 1603 1227 1648 et
1266 1593 1500 1656 bonitas,
1522 1603 1573 1645 et
1600 1609 1931 1661 quaecunque
1959 1595 2061 1647 alia
2097 1595 2281 1647 dicunt
2313 1595 2379 1647 ab

816 1687 1078 1750 essentia,
1113 1687 1182 1738 ita
1227 1694 1284 1738 ut
1315 1693 1500 1737 contra
1531 1685 1674 1737 illam
1699 1687 2024 1744 dividantur.
2059 1700 2157 1738 nec
2195 1699 2381 1738 essen-

816 1777 887 1828 tia
922 1781 1021 1830 hoc
1053 1775 1225 1841 ipsum
1249 1775 1319 1826 sit
1343 1775 1486 1840 quod
1522 1773 1754 1837 b0nitas,
1799 1789 1860 1826 ac
1886 1773 2132 1826 similiter
2165 1775 2214 1826 in
2236 1773 2377 1839 aliis,

819 1867 976 1934 plane
1029 1867 1404 1932 praestantiora
1459 1865 1771 1918 exstiterint
1825 1879 1985 1932 quam
2019 1865 2272 1918 essentia.
2323 1862 2378 1916 ld

813 1959 955 2007 enim
998 1965 1219 2023 propter
1242 1955 1383 2022 quod
1436 1955 1639 2022 aliquid
1680 1955 1894 2018 sapiens
1924 1965 2016 2007 aut
2053 1956 2251 2008 bonum
2289 1963 2380 2008 aut

809 2047 1009 2115 justum
1042 2057 1143 2109 est,
1177 2047 1392 2114 utquod
1431 2045 1598 2099 forma
1629 2046 1697 2099 sit
1734 2047 1852 2116 ejus
1877 2045 2017 2114 quod
2051 2046 2377 2112 impartitur,

814 2151 1078 2205 actusque
1115 2138 1421 2205 perlieieus,
1459 2153 1524 2192 eo
1565 2141 1914 2207 praestantius
1965 2154 2027 2192 ac
2055 2139 2245 2192 melius
2274 2149 2375 2192 est.

815 2227 1124 2281 Uuiversim
1166 2231 1308 2283 enim
1349 2243 1456 2297 quo
1499 2229 1626 2297 quid
1677 2229 2024 2295 iuipartitur,
2067 2229 2184 2299 ipso
2236 2230 2377 2298 quod

813 2319 1151 2387 impartitur,
1187 2320 1378 2372 melius
1415 2327 1517 2373 est.
1556 2318 1654 2373 llic
1685 2334 1815 2373 vero
1838 2358 1852 2381 ,
1882 2321 2110 2374 virtutes
2148 2321 2285 2383 istae,
2319 2329 2378 2373 ut

814 2410 1028 2476 quidem
1060 2418 1214 2461 actus
1247 2411 1532 2475 per-ﬁciens
1563 2410 1876 2473 essentiam,
1907 2410 2108 2478 aliquid
2146 2411 2379 2464 nobilius

795 2509 944 2561 ,sunt
979 2515 1040 2553 ac
1074 2501 1420 2569 priccclleus;
1461 2511 1516 2554 ut
1564 2517 1688 2555 vero
1731 2503 1858 2569 ipsa
1889 2516 1984 2569 per
2018 2505 2223 2571 seipsas
2270 2518 2376 2556 non

814 2600 1045 2659 possunt
1078 2591 1397 2652 subsistere,
1425 2592 1518 2644 sed
1543 2594 1609 2645 ab
1634 2594 1868 2646 essentia
1900 2603 2211 2648 mutuantur
2225 2609 2378 2660 esse;

813 2693 1049 2749 suntque
1092 2683 1172 2736 hac
1210 2683 1426 2752 quidem
1475 2684 1728 2737 essentia:
1775 2696 2060 2752 expertes,
2096 2687 2184 2740 illa
2253 2702 2380 2741 vero

814 2775 1048 2828 essentia
1096 2784 1221 2836 est;
1269 2788 1332 2827 ac
1390 2790 1730 2843 quaecunque
1770 2776 1984 2830 demum
2042 2777 2143 2830 alia
2192 2790 2379 2833 contra

815 2864 1104 2918 dividendo
1130 2865 1360 2919 alierum
1394 2873 1513 2917 novi
1533 2865 1790 2934 theologi,
1813 2866 1992 2921 minus
2021 2867 2226 2936 aliquid
2252 2877 2380 2923 sunt

812 2967 878 3006 ac
925 2954 1201 3017 deﬁciens,
1249 2954 1578 3024 omninoque
1627 2956 1856 3010 alterum
1897 2955 2069 3012 altero
2109 2958 2377 3028 indigens,

815 3046 890 3097 uti
922 3045 1122 3096 dictum
1159 3053 1264 3098 est.

882 3135 962 3186 Ad
1001 3135 1135 3199 lucc,
1171 3136 1215 3189 si
1255 3137 1306 3190 in
1351 3137 1462 3192 Deo
1497 3147 1620 3193 sunt
1656 3141 1762 3195 vita
1801 3150 1857 3196 et
1885 3144 2150 3214 sapientia
2200 3154 2253 3201 et
2281 3147 2375 3200 bo-
2401 3161 2445 3221 α

816 3226 957 3280 nitas
995 3241 1058 3279 ac
1093 3229 1355 3290 essentia,
1389 3230 1584 3296 potiori
1618 3231 1773 3301 longe
1802 3235 2010 3289 ratione
2036 3245 2195 3291 erunt
2228 3238 2281 3290 in
2309 3251 2374 3291 eo

814 3317 1045 3370 discrete
1076 3318 1371 3382 contraria,
1424 3323 1824 3374 contrariorum
1870 3323 2076 3376 scilicet
2115 3325 2372 3377 rationes.

814 3407 1063 3460 Omnium
1090 3409 1231 3461 enim
1266 3410 1506 3462 rationes
1529 3411 1581 3462 iu
1617 3411 1725 3465 Deo
1747 3422 1864 3466 sum
1891 3428 1905 3477 ;
1942 3414 2082 3468 inter
2109 3431 2228 3483 quas
2262 3431 2377 3469 oni-

814 3501 900 3550 uia
956 3507 1080 3550 sunt
1107 3509 1160 3552 et
1185 3504 1478 3554 contraria.
1513 3502 1703 3556 Omnia
1739 3514 1915 3558 tamen
1937 3545 1951 3569 ,
1991 3507 2213 3576 ipsaque
2240 3507 2375 3562 adeo

813 3590 1082 3641 contraria
1108 3631 1123 3654 ,
1161 3591 1504 3645 uniformiter
1527 3631 1541 3656 ,
1590 3595 1773 3658 unite,
1810 3596 2055 3650 absolute
2079 3637 2092 3661 ,
2129 3613 2374 3665 compre-

817 3678 1023 3731 hensim
1051 3720 1066 3744 ,
1114 3681 1462 3750 singulariter
1497 3685 1549 3736 in
1587 3688 1830 3739 omnium
1873 3703 2071 3752 causa,
2106 3690 2178 3740 uti
2217 3691 2375 3743 docet

815 3767 1122 3840 Di0nysius,
1152 3773 1244 3827 lib.
1301 3789 1350 3826 Iv
1391 3775 1462 3827 De
1492 3776 1656 3828 dii-in.
1695 3793 1856 3840 uom.,
1901 3781 2042 3832 velut
2073 3781 2279 3833 scilicet
2319 3781 2371 3834 in

815 3865 1040 3914 uiuunde
1069 3863 1408 3917 uniiormiter
1455 3867 1701 3919 subsistit
1731 3870 1906 3922 omnis
1932 3886 2184 3924 numerus
2208 3913 2222 3936 ,
2255 3887 2373 3938 qua:

811 3951 1064 4005 nimirum
1103 3953 1211 4020 ipsa
1249 3955 1304 4007 in
1351 3971 1408 4009 se
1455 3958 1803 4026 singulariter
1845 3967 2004 4027 atque
2035 3963 2184 4015 unite
2210 3963 2372 4030 quid-

805 4043 934 4109 quid
977 4060 1324 4100 uuuierorum
1371 4059 1489 4111 est,
1521 4049 1713 4102 habeat
1749 4067 1760 4101 :
1800 4066 1860 4104 ac
1894 4052 2038 4104 Velut
2093 4053 2142 4104 in
2183 4061 2372 4106 centro

804 4147 995 4184 omnes
1038 4135 1223 4187 circuli
1268 4136 1420 4188 linea!
1469 4153 1572 4189 una
1629 4139 1967 4192 coexsistunt
2008 4141 2370 4208 copulatione,

808 4231 1087 4290 rectusque
1117 4238 1303 4278 omnes
1350 4226 1692 4279 uniformiter
1726 4228 1903 4281 unitas
1951 4228 2002 4280 iu
2049 4244 2106 4282 se
2155 4229 2369 4297 signum

812 4311 1006 4378 habet;
1039 4316 1116 4367 sic
1167 4326 1222 4369 et
1264 4319 1636 4371 universorum
1670 4328 1860 4372 natura
1897 4335 2086 4374 omnes
2112 4321 2392 4403 cujusque.

812 4414 1015 4456 natura-
1064 4408 1330 4472 rationes,
1365 4425 1466 4462 una
1503 4411 1784 4466 inconfusa
1839 4413 2172 4466 adunatioue
2211 4415 2262 4465 in
2312 4427 2370 4466 se

2471 607 2653 670 κοινῆς
2677 607 2884 667 ἑννοὶας
2918 608 3279 673 ὁμολογεῖται.

2540 699 2644 749 Καὶ
2675 697 2781 764 μὴν
2810 699 2856 749 εί
2898 698 2928 749 ὁ
2958 697 3091 758 Θεὸς
3124 700 3191 765 τῇ
3221 695 3326 748 τῶν
3373 697 3732 766 διαφερόντων
3763 698 4032 765 συνδρομῇ

2472 786 2616 835 ἐστιν
2643 784 2722 846 ἒν,
2763 784 2974 851 πρῶτον
2999 786 3098 850 μὲν
3127 785 3405 852 ζητητέον,
3430 785 3509 846 τίς
3531 786 3698 836 ταῦτα
3724 786 3792 837 τὰ
3809 786 4035 854 διάφορα

2475 874 2712 940 συνῆψεν
2732 891 2743 903 ο
2778 875 2950 926 ἔπειθ’
2984 878 3062 927 ὃτι
3096 879 3192 925 καὶ
3226 876 3384 937 αὐτὸς
3405 877 3433 926 ὸ
3457 876 3587 937 Θεὸς
3614 879 3676 943 τῇ
3710 880 3909 945 μετοχῇ
3942 876 4034 929 τοῦ

2473 961 2590 1020 ἑνός
2616 964 2760 1012 ἐστιν
2789 961 2866 1012 ἓν.
2900 960 3056 1013 Οὕτω
3092 961 3172 1023 δὲ,
3211 962 3270 1012 οὐ
3304 962 3504 1028 κυρίως
3545 964 3642 1013 καὶ
3678 963 3907 1030 πρώτως
3936 963 3992 1014 ἓν
4013 978 4028 992 ⁸

2475 1048 2588 1100 ἀλλ’
2630 1049 2802 1112 οὕτως
2839 1050 2919 1112 ἓν,
2946 1049 3021 1111 ὡς
3047 1051 3114 1101 τά
3143 1049 3207 1101 ἐκ
3237 1051 3511 1118 διασύρων
3537 1051 3875 1120 πραγμάτων
3909 1067 4033 1102 συν-

2475 1140 2706 1192 εστῶτα.

2551 1232 2672 1284 Ἔτι
2701 1233 2756 1284 δὲ
2773 1233 2923 1285 ἔσται
2946 1233 3073 1286 ἄλλο
3103 1251 3153 1285 τι
3179 1236 3424 1303 κρεῖττον
3449 1234 3542 1286 τοῦ
3567 1233 3700 1285 Θεοῦ
3728 1234 3821 1285 καὶ
3849 1233 4039 1302 τιμιώ-

2477 1339 2656 1390 τερον.
2693 1324 2768 1375 Τὸ
2801 1324 2909 1391 γὰρ
2952 1325 3308 1392 μετεχόμενον
3357 1324 3449 1374 τοῦ
3489 1325 3828 1390 μετέχοντος,
3861 1323 3954 1373 καὶ
3981 1322 4039 1373 τὸ

2478 1411 2587 1463 τῶν
2623 1412 2833 1463 πολλῶν
2873 1413 2965 1464 καὶ
2990 1412 3351 1480 διαφερόντων
3403 1414 3670 1477 ἑνοποιὸν,
3693 1413 3906 1480 πρῶτον
3946 1413 4039 1462 καὶ

2479 1506 2727 1571 κρεῖττον
2759 1505 2854 1556 καὶ
2886 1503 3214 1572 τιμιώτερον
3251 1503 3310 1556 εὐ
3341 1504 3540 1567 λέγειν.
3583 1505 3704 1554 Ὀτι
3739 1506 3832 1554 καὶ
3864 1505 3895 1570 ὴ
3926 1500 4038 1571 ζωὴ

2481 1593 2575 1643 καὶ
2604 1593 2637 1660 ἡ
2679 1592 2952 1660 ἁγαθότης
2975 1591 3071 1644 τοῦ
3094 1592 3252 1656 Θεοῦ,
3275 1592 3369 1645 καὶ
3396 1592 3539 1644 τᾶλλ’
3565 1593 3663 1644 ὅσα
3694 1593 3856 1658 φασὶν
3879 1591 4040 1658 ἕτερα

2481 1685 2580 1751 τῆς
2618 1683 2804 1745 οὐσίας
2842 1682 2916 1745 ὡς
2971 1684 3105 1752 πρὸς
3132 1685 3301 1752 αὐτὴν
3344 1684 3806 1752 ἁντιδιαιρεῖσθαι,
3838 1687 3927 1735 καὶ
3966 1684 4038 1752 μὴ

2483 1770 2622 1825 εἶναι
2643 1774 2740 1843 τὴν
2769 1775 2959 1826 οὐσίαν
2983 1775 3119 1844 ὅπερ
3150 1775 3247 1844 τὴν
3294 1775 3626 1844 ἀγαθότητα,
3661 1774 3756 1827 καὶ
3781 1775 3873 1826 ἐπὶ
3931 1775 4040 1824 τῶν

2483 1864 2656 1918 ἄλλων
2700 1863 2980 1929 ὡσαύτως,
3032 1867 3337 1936 τιμιώτερα
3386 1869 3484 1935 τῆς
3518 1867 3705 1928 οὐσίας
3738 1866 3824 1933 εἴη
3859 1865 3908 1931 γ’
3936 1866 4000 1918 ἄν
4025 1881 4040 1896 ·

2481 1953 2712 2020 ἐπείπερ
2735 1955 2908 2006 έκεῖνο
2933 1955 3002 2006 δι’
3025 1955 3052 2005 ὃ
3079 1957 3194 2006 ἐστι
3217 1956 3336 2006 τόδε
3371 1955 3532 2023 σοφὸν
3569 1956 3601 2025 ἢ
3636 1956 3838 2022 ἀγαθὸν
3882 1955 3913 2022 ἢ
3966 1954 4042 2005 δί-

2479 2061 2657 2108 καιον,
2691 2045 2766 2106 ὡς
2790 2040 2926 2106 εἶδος
2967 2043 3026 2096 ὃν
3072 2044 3164 2097 τοῦ
3213 2046 3548 2114 μετέχοντος,
3594 2045 3688 2097 καὶ
3722 2045 4040 2112 τελειωτιχὴ

2479 2135 2753 2205 ἐνέργεια,
2794 2137 3124 2207 τιμιώτερον
3150 2138 3243 2190 καὶ
3294 2138 3647 2208 βελτιώτερον
3701 2139 3864 2189 αὐτοῦ
3906 2140 4037 2188 ἐστι.

2482 2229 2727 2282 Καθόλου
2768 2231 2876 2298 γὰρ
2915 2231 2970 2282 αἱ
3018 2229 3240 2299 μετοχαὶ
3272 2231 3381 2282 τῶν
3425 2230 3761 2299 μετεχόντων
3811 2230 4038 2298 βέλτιον.

2492 2320 2756 2374 Ἐνταῦθα
2774 2320 2849 2385 δὲ,
2879 2323 2954 2382 ὡς
2987 2321 3085 2390 μὲν
3103 2323 3416 2390 τελειωτικὴ
3437 2322 3688 2389 ινέργεια
3715 2323 3813 2389 τῆς
3833 2322 4039 2386 οὐσίας,

2477 2412 2535 2464 αί
2565 2413 2821 2480 δυνάμεις
2851 2406 3012 2466 αὗται
3053 2413 3378 2484 τιμιώτερον
3421 2415 3516 2467 καὶ
3548 2411 4040 2482 ὐπεροχικὼτερον,

2478 2504 2552 2566 ὠς
2575 2505 2629 2556 δὲ
2653 2505 2776 2557 καθ’
2809 2505 2983 2568 αὐτὰς
3013 2507 3312 2577 ὑφεστάναι
3339 2506 3414 2576 μὴ
3443 2506 3760 2573 δυνάμεναι,
3813 2503 3931 2555 ἀλλ’
3977 2506 4040 2556 ἐκ

2477 2599 2574 2664 τῆς
2616 2597 2804 2658 οὐσίας
2836 2598 3054 2666 ἔχουσαι
3087 2598 3145 2650 τὸ
3179 2594 3316 2650 εἶναι
3349 2615 3363 2630 ο
3425 2599 3517 2650 καὶ
3560 2591 3715 2649 αὗται
3758 2596 3856 2663 μὲν
3887 2594 4042 2646 ἀνούο

2480 2704 2606 2752 σιοι,
2636 2689 2666 2755 ἡ
2697 2688 2752 2739 δὲ
2793 2688 2971 2753 οὐσία,
3020 2692 3113 2742 καὶ
3146 2690 3245 2742 ὅσα
3297 2689 3432 2742 ἄλλα
3490 2685 3950 2754 ἀντιδιαιροῡντες
3994 2685 4040 2734 οἱ

2478 2778 2586 2831 νέοι
2612 2779 2851 2845 θεολόγοι
2882 2780 3036 2848 φασὶ,
3062 2781 3159 2848 τῆς
3189 2779 3377 2842 οὐσίας
3423 2777 3645 2830 ἔλαττον
3686 2778 3778 2829 καὶ
3811 2774 4040 2836 tutost;-

2478 2869 2611 2932 ὅλως
2658 2871 2711 2924 δὲ
2750 2871 3009 2942 ἑκάτερον
3058 2872 3317 2943 ἑκατέρου
3364 2870 3638 2940 δεόμενον,
3677 2868 3751 2931 ὡς
3805 2869 4039 2937 ετρηται.

2553 3140 2696 3202 Ἔτι,
2730 3139 2777 3191 εί
2809 3139 2947 3191 είσὶν
2976 3139 3032 3190 ὲν
3059 3137 3134 3206 τῷ
3158 3136 3277 3204 Θεῷ
3311 3139 3343 3207 ἠ
3377 3135 3489 3204 ζωὴ
3529 3136 3626 3189 καὶ
3657 3135 3689 3205 ἡ
3752 3134 3911 3204 σοφία
3951 3135 4043 3187 καὶ

2477 3230 2770 3298 ἀγαθότης,
2793 3229 2886 3282 καὶ
2914 3228 3085 3280 πάντα
3111 3231 3179 3280 τὰ
3201 3227 3423 3280 τοιαῦτα
3453 3229 3509 3279 tv
3530 3226 3602 3295 τῷ
3622 3227 3739 3293 Θεῷ
3767 3225 3927 3292 ἕτερα
3949 3227 4043 3290 τῆς

2475 3323 2659 3383 οὐσίας
2696 3320 2886 3384 αὐτοῦ,
2910 3321 3089 3388 πο).λῴ
3124 3319 3324 3384 μᾶλλον
3346 3321 3499 3370 ἔσται
3525 3321 3581 3368 tv
3617 3317 3764 3384 αὐτῷ
3787 3319 4044 3367 τάναντα⁵

2474 3414 2943 3481 διακεκριμένως·
2995 3412 3276 3464 τουτέστιν
3312 3411 3359 3462 οί
3395 3410 3502 3462 τῶν
3557 3409 3812 3460 ἐναντίων
3867 3407 4038 3472 λόγοι.

2487 3505 2876 3558 Ἐπεὶπάντων
2920 3504 3014 3571 μὲν
3045 3505 3100 3555 έν
3136 3502 3212 3568 τῷ
3241 3501 3358 3570 Θεῷ
3402 3502 3451 3551 ςιί
3483 3500 3664 3564 λόγον
3716 3501 3775 3550 ὲν
3820 3499 3875 3550 δὲ
3935 3502 4044 3558 τοῖς

2477 3599 2608 3648 πᾶσι
2641 3595 2822 3647 καὶτὰ
2849 3594 3085 3646 ἐναντία.
3129 3593 3289 3646 ’Λλλά
3336 3593 3442 3661 μὴν
3496 3594 3668 3645 πάντα
3725 3594 3779 3643 tv
3811 3591 3885 3658 τῷ
3912 3590 4039 3641 πάν-

2473 3702 2580 3736 των
2610 3686 2791 3752 αἰτίῳ,
2813 3686 2907 3737 καὶ
2938 3685 3006 3736 τὰ
3041 3684 3292 3752 ἀλλήλοις
3342 3682 3579 3744 ἐναντία,
3622 3681 3901 3748 μονοειίῶς
3951 3682 4043 3732 καὶ

2475 3775 2770 3844 ήνωμένως
2844 3775 2937 3826 καὶ
2996 3774 3240 3841 ἀσχέτως
3298 3774 3390 3825 καὶ
3448 3772 3894 3840 συνειλημμὲνως
3951 3773 4044 3823 καὶ

2474 3865 2710 3927 ένιαίως,
2765 3867 2900 3918 κατὰ
2943 3868 3032 3918 τὸν
3089 3866 3230 3916 θεῖον
3279 3866 3554 3916 Διονύσιον
3595 3868 3650 3916 tv
3690 3863 3766 3932 τῷ
3817 3865 3863 3915 δ’
3915 3865 4045 3930 περὶ

2475 3956 2634 4007 θείων
2672 3957 2977 4023 ὀνομάτων,
3041 3955 3230 4025 ῶσπερ
3292 3957 3348 4007 έν
3403 3957 3592 4023 μονάδι
3648 3957 3754 4015 πᾶς
3809 3957 4044 4023 ἀριθμὸς

2475 4048 2716 4110 ένοειδῶς
2747 4048 3044 4115 ὑφέστηκε,
3073 4048 3167 4100 καὶ
3201 4047 3312 4113 ἔχει
3341 4046 3517 4098 πάντα
3541 4045 3774 4113 ἀριθμὸν
3803 4047 3858 4095 ἐν
3880 4047 4041 4114 ἑαυτῇ

2475 4138 2721 4207 μοναχῶς
2745 4149 2762 4165 ⁸
2797 4137 2888 4188 καὶ
2925 4137 3114 4204 ὥσπερ
3152 4140 3208 4189 ὲν
3246 4138 3454 4206 κέντρῳ
3503 4140 3675 4189 πᾶσαι
3716 4140 3770 4189 al
3818 4137 3911 4190 τοῦ
3953 4139 4046 4190 κὺ-

2472 4228 2601 4278 κλου
2631 4227 2883 4296 γραμμαὶ
2911 4227 3049 4278 κατά
3081 4227 3206 4294 μίαν
3236 4227 3429 4280 ἕνωσιν
3463 4231 3919 4293 συνυςεστήχασι,
3951 4230 4044 4278 καὶ

2472 4318 2650 4380 πάσας
2689 4319 2800 4387 ἔχει
2833 4320 2890 4371 τὸ
2923 4321 3148 4387 σημεῖον
3190 4321 3247 4371 ὲν
3287 4319 3463 4387 ἑαυτῷ
3509 4321 3606 4380 τας
3642 4319 3853 4381 εὐθείας
3878 4321 4042 4371 ένοει-

2471 4409 2574 4472 δῶς
2599 4410 2900 4478 ὴνωμένας·
2926 4411 3062 4462 ἀλλὰ
3091 4411 3181 4462 καὶ
3219 4413 3273 4462 έν
3299 4413 3364 4480 τῇ
3409 4411 3516 4463 τῶν
3552 4411 3687 4462 ὅλων
3718 4413 3876 4476 φύσει
3913 4413 4043 4462 πάν-

811 4493 1214 4562 complectitur;
1249 4514 1346 4553 nec
1398 4501 1620 4567 proinde
1651 4502 1755 4554 vita
1779 4511 1833 4556 et
1874 4505 2134 4571 sapientia
2187 4514 2239 4558 et
2270 4505 2364 4557 bo-
2403 4506 2444 4560 ο
2475 4517 2563 4561 τες

2287 4521 2364 4557 ιο·
2403 4506 2444 4560 D
2475 4517 2563 4561 τες
2589 4501 2637 4552 οί
2660 4504 2754 4567 τῆς
2793 4501 2915 4553 καθ’
2939 4501 3172 4554 ἕκαστον
3230 4502 3392 4569 φύσιν
3424 4503 3570 4568 λόγοι
3621 4503 4041 4571 σλνειλημρέεοοι

811 4582 968 4641 nitas.
1009 4599 1092 4637 res
1125 4596 1250 4639 sunt
1287 4589 1338 4641 in
1363 4589 1452 4642 Dei
1488 4592 1746 4656 essentia,
1778 4605 1971 4660 praeter
2004 4612 2118 4650 eam
2154 4599 2368 4651 realiter

810 4671 924 4722 elige
970 4688 1029 4726 ac
1082 4678 1363 4734 distincte.
1429 4681 1504 4732 Ex
1562 4686 1723 4739 dictis
1773 4687 1915 4738 enim
1964 4689 2267 4752 inauifeSIe,
2316 4699 2368 4742 et

813 4765 1101 4831 b‘ciiptnris
1157 4779 1211 4821 et
1259 4783 1567 4826 sanitatum
1616 4779 1776 4830 dictis
1821 4787 1872 4830 ct
1933 4781 2364 4845 auctoritatibus,

810 4853 990 4919 liquet,
1027 4858 1164 4910 illaut
1190 4871 1240 4913 et
1265 4865 1557 4916 essentiam
1592 4868 1787 4919 nullius
1814 4868 2034 4921 alterius
2072 4870 2143 4921 rei
2171 4882 2366 4937 praeter

809 4944 974 5009 ipsum
1027 4962 1143 5001 esse
1181 4967 1471 5017 capacem;
1519 4957 1770 5024 nulloque
1811 4960 1917 5010 alio
1971 4959 2211 5026 indigere
2242 5001 2256 5024 ,
2297 4972 2366 5014 ου

807 5051 1064 5089 Stttmuam
1104 5041 1483 5103 perfectionem
1539 5058 1585 5099 et
1637 5047 2036 5114 simplicitazcm
2074 5061 2127 5102 et
2161 5053 2362 5103 condu-

810 5125 1095 5181 natinnem.
1143 5133 1313 5186 Aliter
1345 5137 1487 5187 enim
1520 5137 1748 5204 npinans
1777 5177 1790 5200 ,
1824 5139 1964 5192 dicta
2005 5155 2035 5194 a
2086 5142 2238 5194 nobis
2268 5142 2364 5195 ab-

805 5217 962 5266 surda
995 5233 1092 5271 u0u
1130 5221 1364 5291 effugiet,
1413 5227 1680 5297 simulque
1725 5229 2024 5300 Scriptutis
2061 5248 2120 5286 ac
2145 5245 2364 5288 sancto-

807 5319 922 5357 rum
950 5311 1196 5367 doctrina:
1226 5320 1446 5373 adversa
1480 5323 1640 5374 dicet.

873 5569 945 5624 Ex
984 5573 1047 5627 iis
1074 5592 1199 5632 vero
1228 5599 1345 5651 quae
1380 5588 1517 5641 dicta
1550 5602 1674 5645 sunt
1709 5595 2114 5662 pariterliquet,
2150 5597 2282 5650 nihil
2305 5597 2359 5651 in

805 5659 911 5715 Deo
935 5672 1218 5725 essentiam
1241 5691 1302 5730 ac
1320 5683 1682 5748 operationem
1705 5686 1942 5740 dill‘erre.
1973 5690 2107 5753 Quia
2135 5691 2275 5743 enim
2304 5693 2358 5753 ii,

802 5757 888 5824 ‘ll‘l
926 5773 983 5814 re
1017 5760 1127 5830 ipsa
1157 5767 1406 5826 distincta
1437 5784 1595 5843 atque
1619 5777 1828 5834 diversa
1863 5781 1929 5835 ab
1958 5782 2071 5846 ejus
2100 5784 2356 5844 C55Cillld,

2471 4593 2574 4642 εἰσὶ
2611 4591 2748 4643 κατὰ
2779 4591 2909 4659 μίαν
2932 4590 3236 4660 ἁσύγχυτον
3267 4594 3483 4648 ἕνωσιν.
3520 4591 3640 4643 Οὐδ’
3686 4592 3794 4660 ἄρα
3829 4595 3859 4660 ἡ
3903 4592 4036 4658 ζωὴ,

2470 4687 2564 4736 καὶ
2593 4684 2625 4752 ἡ
2654 4683 2834 4748 σοφίας
2863 4683 2956 4736 καὶ
2986 4686 3018 4752 ἡ
3051 4686 3343 4750 ἀγαθὸτης,
3377 4688 3434 4736 ἐν
3464 4687 3528 4754 τῇ
3577 4684 3736 4754 οὐαία
3777 4683 3870 4735 τοῦ
3902 4684 4036 4736 Θεοῦ

2470 4774 2773 4841 πράγματα
2822 4775 2970 4843 παρὰ
3001 4775 3204 4842 ταύτην
3240 4777 3640 4844 πραγματικῶς
3674 4776 3835 4845 ἕτερά
3867 4780 4036 4828 ἐστιν.

2481 4862 2654 4922 Ίίπεὶ,
2681 4863 2754 4924 ὡς
2800 4867 2863 4914 ἐκ
2897 4865 3002 4915 τῶν
3035 4866 3339 4932 εἰρημένων
3388 4867 3545 4934 δὴ).ον
3598 4867 3787 4933 γέγονε
3831 4868 3922 4920 καὶ
3953 4866 4038 4917 λόο

2467 4969 2583 5018 γοις
2613 4954 2704 5003 καὶ
2731 4955 2994 5021 χρήδεσιν
3023 4956 3218 5020 ἁγίων,
3254 4956 3520 5025 μηδαμῶς
3556 4959 3652 5026 τὴν
3679 4957 3867 5008 οὐσίαν
3897 4957 4039 5008 ἐκ;ί-

2467 5061 2564 5110 νην
2610 5045 2863 5114 δεκτικὴν
2892 5043 3030 5098 εἶναι
3063 5049 3385 5116 πράγματος
3418 5049 3604 5116 ἐτέρου
3650 5050 3775 5116 παρ’
3822 5049 3990 5116 αὐτήν
4021 5063 4033 5074 ·

2467 5138 2584 5189 οὑδέ
2613 5156 2753 5200 τινος
2789 5140 2980 5209 ἑτέρου
3033 5141 3240 5192 δεῖοδέαι
3271 5141 3337 5191 δι’
3386 5141 3565 5209 ἄκραν
3590 5141 3907 5208 τελειότητα
3940 5138 4036 5191 καὶ

3205 5233 3260 5283 Ὀ
3294 5233 3399 5302 γὰρ
3435 5233 3607 5294 ἄλλως
3655 5233 3934 5300 τιθέμενος
3968 5231 4036 5283 τὰ

2466 5321 2732 5388 εἰρημένα
2766 5321 2942 5373 ἄτοπα
2965 5323 3024 5373 οὐ
3059 5323 3425 5388 διαφεύξεται,
3461 5326 3553 5375 καὶ
3596 5324 3712 5390 ἅμα
3744 5327 3861 5386 ταῖς
3889 5324 4032 5393 Γραο

2467 5231 2499 5281 ἀ
2513 5230 2746 5298 metrica.
2793 5235 2884 5283 καὶ
2917 5233 3129 5285 ἕνωσιν.

2467 5415 2627 5479 opai;
2680 5415 2772 5464 καὶ
2825 5417 2943 5477 ταῖς
2997 5415 3103 5467 τῶν
3160 5417 3332 5482 ἁγίων
3383 5417 3724 5485 ἀποφάσεσιν
3774 5418 4032 5479 ἐναντίως

2465 5505 2594 5571 ἐρεῖ.

2550 5597 2641 5648 Ἐκ
2688 5597 2743 5648 δὲ
2789 5597 2896 5649 τῶν
2947 5600 3258 5668 εἰρημένων
3309 5603 3770 5668 συναναξαῐνςται
3810 5604 3900 5654 καὶ
3949 5604 4029 5654 ὅτι

2465 5689 2758 5757 ἀδιάφορον
2789 5692 2880 5740 ἐπὶ
2912 5689 3045 5740 Θεοῦ
3084 5692 3116 5758 ἡ
3150 5690 3308 5741 οὐσία
3354 5693 3446 5742 καὶ
3481 5695 3508 5757 ἡ
3546 5692 3818 5760 ἐνέργεια.
3875 5691 4028 5742 Ἐπεὶ

2466 5789 2571 5838 γὰο
2605 5789 2650 5838 οἱ
2682 5788 2910 5854 διατςιρα
2939 5789 3030 5840 ἐπὶ
3061 5787 3196 5840 Θεοῦ
3233 5787 3502 5854 τιθέμενοι
3534 5792 3673 5840 κατὰ
3708 5789 3766 5840 τὸ
3806 5791 4030 5856 πρᾶγμα
