4442 6440
756 430 860 490 379

2006 424 2404 486 MANUELIS
2450 426 2752 485 CALEC/E

3884 379 3996 471 3e0-

757 554 1017 607 vcautur;
1054 541 1166 608 ipse
1187 553 1341 602 vero,
1373 537 1664 591 immobilis
1695 545 1797 589 est.
1824 533 1973 591 Unde
2000 538 2162 591 etiam
2193 551 2315 603 cap.
2349 543 2391 594 Α
2422 534 2466 586 Θ¹
2494 553 2511 586 ·ι

2231 551 2315 603 ap.
2349 543 2391 594 Α
2422 534 2466 586 θ’
2494 534 2586 586 τοῦ
2610 535 2746 602 Περὶ
2776 533 2950 587 θείων
2970 528 3277 598 ὀνομάτων
3299 525 3462 595 φησιν
3487 525 3513 576 ὀ
3533 522 3672 585 θεῖος
3693 523 3983 584 Διονύσιος.-

758 635 790 685 9
821 633 939 686 libri
977 632 1046 684 De
1069 632 1254 683 divinis
1275 628 1692 689 nominibus,ait
1716 627 1776 679 D.
1814 626 2104 695 Dionysius
2136 645 2148 679 :
2182 626 2321 690 Ouid

759 740 875 775 vero
912 722 1067 774 etiam
1098 737 1212 772 cum
1250 735 1433 771 rursus
1465 719 1612 770 aiunt
1642 717 1868 783 theologi
1907 719 2188 783 procedere
2240 723 2324 766 at-

761 827 858 876 que
887 811 1078 861 moveri
1136 824 1277 868 eum,
1307 808 1396 872 qui
1429 806 1714 857 immobilis
1748 813 1822 857 est
1851 804 1953 858 ρει
1986 805 2129 856 enim
2161 803 2323 857 est-in

761 900 854 952 illo
878 898 1208 964 Operationis
1244 905 1442 959 motus,
1482 897 1586 949 erit
1619 897 1926 948 communis
1956 894 2127 947 forma
2181 893 2320 960 pati-

759 990 881 1041 bilis
916 990 1128 1041 virtutis
1165 1003 1368 1050 rerum,
1406 996 1458 1038 et
1484 985 1723 1038 l'aetricis
1775 985 1892 1052 ejus
1919 983 2161 1036 virtutis.
2215 981 2328 1035 Mo-

763 1092 847 1133 tus
877 1080 1018 1131 enim
1069 1088 1221 1131 actus
1260 1087 1341 1130 est
1370 1087 1424 1129 et
1444 1076 1702 1144 perfectio
1738 1090 1800 1127 ac
1853 1075 2026 1128 forma
2045 1075 2325 1141 utriusque

762 1170 978 1221 virtutis
1015 1183 1108 1221 seu
1135 1168 1405 1234 potentiae,
1436 1175 1704 1233 quatenus
1735 1166 1975 1232 potentia
2005 1176 2121 1229 est;
2184 1164 2326 1216 velut

762 1257 1047 1311 aediﬁcatio
1092 1258 1208 1325 ejus
1239 1257 1379 1325 quod
1411 1255 1664 1307 aediﬁcari
1711 1256 1894 1318 habet,
1918 1264 1970 1308 et
2005 1255 2148 1323 quod
2218 1255 2324 1306 vim

764 1348 1280 1402 habetzediticandi.
1349 1346 1500 1398 Nulla
1532 1354 1707 1399 autem
1761 1345 1852 1400 Dei
1899 1360 1963 1400 ac
2011 1359 2189 1398 rerum
2245 1353 2326 1398 est

762 1437 1064 1488 communis
1102 1434 1295 1488 forma.

834 1524 1097 1588 Septimo,
1136 1524 1276 1589 quod
1307 1524 1371 1576 de
1407 1524 1521 1590 ipsa
1547 1524 1766 1591 quidem
1829 1526 2162 1590 operatione,
2218 1537 2326 1592 qua

768 1613 913 1667 Deus
943 1615 1130 1680 agendi
1168 1614 1214 1664 vi
1242 1614 1506 1680 praeditus
1570 1624 1674 1675 est,
1743 1614 2067 1682 quandoque
2125 1615 2328 1668 sanctis

768 1705 946 1766 dicta;
977 1704 1041 1755 ad
1073 1705 1294 1770 haecque
1321 1705 1386 1756 de
1419 1704 1526 1755 vita
1577 1713 1631 1756 et
1674 1703 1942 1770 sapientia
1987 1710 2041 1756 et
2092 1702 2328 1769 potentia

768 1810 863 1848 seu
893 1794 1088 1847 virtute
1124 1801 1176 1845 et
1206 1794 1467 1858 bonitate,
1496 1809 1710 1863 nempe,
1740 1787 1980 1862 potentia
2026 1809 2119 1849 seu
2155 1796 2328 1847 virtus

2427 627 2487 677 Τι
2533 624 2600 676 δέ
2651 624 2746 676 καί
2776 621 2922 674 ὅταν
2971 616 3143 679 αὖθις
3169 619 3222 669 οι
3253 617 3521 680 θεολόγοι
3572 612 3858 676 προϊόντα
3891 608 3985 660 καί

2433 713 2791 781 κινούμενον
2820 711 2968 779 φασὶ
3004 709 3111 762 τὸν
3140 707 3465 771 ἀκίνητον;
3488 703 3548 753 Ei
3585 702 3701 768 γὰρ.
3723 700 3870 751 ἐστιν
3903 698 3990 748 ἐπ’

2424 804 2635 855 ἐκείνου
2662 805 2693 870 ὴ
2730 801 3006 871 ἐνεργείας
3038 799 3274 866 κίνησις,
3327 794 3482 846 ἔσται
3523 792 3698 843 κοινὸν
3727 787 3865 849 εἶδος
3894 787 3994 853 τῆς

2425 893 2735 964 παθητικῆς
2760 891 3043 958 δυνάμεως
3071 888 3178 940 τῶν
3221 887 3410 945 ὄντων,
3453 881 3548 933 καὶ
3570 882 3667 947 τῆς
3701 873 3991 941 ποιητικῆς

2426 987 2712 1054 δυνάμεως
2738 982 2923 1038 αὑτοῦ.
2964 982 3028 1033 Ἦ
3063 980 3171 1048 γὰρ
3201 975 3416 1043 κίνησίς
3446 976 3592 1024 ἐστιν
3620 971 3650 1035 ἡ
3689 965 3995 1031 ἐντελέχεια
4051 1011 4054 1015 .

2429 1079 2524 1130 καὶ
2563 1077 2626 1128 τὸ
2679 1072 2820 1134 εἶδος
2877 1073 3144 1140 ἑκατέρας
3195 1067 3498 1134 δυνάμεως,
3527 1061 3648 1114 καθ’
3677 1060 3704 1110 ὃ
3733 1058 3992 1122 δύναμιςο

2425 1166 2669 1235 ὥσπερὴ
2696 1163 3044 1229 οἰκοδόμησις
3077 1158 3172 1211 τοῦ
3213 1174 3272 1209 τε
3312 1149 3668 1219 οἰκοδομητοῦ
3720 1148 3814 1200 καὶ
3847 1146 3990 1197 olito-

2424 1254 2743 1326 δομητικοῦ.
2781 1253 2950 1306 Οέιδέν
2983 1252 3039 1303 δὲ
3076 1244 3214 1310 εἶδος
3247 1247 3341 1300 τοῦ
3376 1244 3512 1298 Θεοῦ
3542 1243 3634 1295 καὶ
3665 1240 3771 1292 τῶν
3801 1238 3993 1290 ὸντων.

2500 1509 2566 1574 ζ’.
2607 1512 2729 1563 Ὀτι
2768 1510 2839 1562 τὰ
2872 1510 3002 1577 περὶ
3057 1508 3228 1575 αὐτῆς
3286 1506 3385 1574 μέν
3412 1502 3512 1571 τῆς
3544 1500 3845 1569 ἐνεργείας,
3877 1496 3978 1549 καθ

2426 1603 2548 1671 ἢνὸ
2598 1602 2728 1662 Θεὸς
2785 1599 3135 1667 ἐνεργητικὸς
3188 1598 3358 1659 ἐστιν,
3419 1591 3637 1659 ἐνιαχοῦ
3685 1592 3794 1651 τοῖς
3827 1589 3999 1651 ἁγίοις

2431 1693 2695 1762 εἰρημένα
2716 1708 2731 1723 ο
2757 1691 2840 1743 ἐτι
2883 1691 2940 1742 δέ
2967 1689 3096 1757 περὶ
3124 1689 3220 1755 τῆς
3248 1685 3394 1752 ζωῆς
3424 1684 3517 1735 καὶ
3552 1680 3742 1746 σοφίας
3792 1679 3886 1731 καὶ
3910 1678 4000 1728 δυ-

2431 1784 2646 1852 νάμεως
2669 1782 2762 1834 καὶ
2792 1779 3148 1847 ἁγαθότητος,
3185 1777 3219 1844 ἡ
3249 1773 3478 1840 δύναμις
3516 1773 3611 1824 καὶ
3643 1769 3756 1838 ζωὴ
3780 1769 3874 1822 καὶ
3905 1784 3998 1818 σο-

766 1895 821 1938 et
850 1886 961 1937 vita
987 1893 1042 1938 et
1071 1885 1336 1952 sapientia
1377 1895 1430 1939 et
1465 1859 1677 1938 bonitas
1702 1902 1717 1949 ;
1741 1859 1872 1950 quin
1908 1885 2038 1947 imo,
2086 1886 2198 1951 ipsa
2237 1899 2330 1952 per
2365 1865 2407 1919 Β
2438 1876 2520 1943 φῑο

2246 1899 2330 1952 per
2365 1865 2407 1919 Β
2438 1876 2534 1943 cpia
2556 1874 2650 1926 καὶ
2678 1871 2976 1937 ἁγαθότης,
3009 1866 3281 1936 μᾶλλονδὲ
3311 1863 3608 1928 αὑτοσοφία
3633 1863 3726 1914 καὶ
3753 1859 4000 1925 αὑτοζωὴ

769 1992 827 2028 se
859 1976 1145 2042 sapientia.
1173 1977 1284 2044 ipsa
1312 1976 1441 2039 vita,
1465 1977 1691 2044 ipsaque
1727 1977 1965 2044 potentia
1995 1989 2091 2030 seu
2121 1977 2329 2040 virtus;

767 2079 889 2132 qua!
910 2065 1157 2118 videlicet
1198 2079 1294 2133 pro
1323 2065 1568 2118 humana:
1601 2065 1886 2118 locutionis
1923 2064 2103 2126 modo,
2136 2065 2332 2116 huma-

771 2158 893 2210 nius
914 2157 993 2225 (ut
1019 2158 1088 2210 ita
1114 2156 1311 2223 dicam)
1333 2157 1677 2225 crassinsque
1701 2156 1893 2210 tradita
1916 2166 2197 2218 sunt,cum
2231 2170 2332 2207 non

771 2251 1042 2314 ccutingat
1074 2247 1228 2300 aliter
1258 2261 1398 2309 eam,
1433 2261 1593 2314 quam
1639 2261 1734 2312 pro
1769 2259 1833 2298 eo
1854 2260 1916 2298 ac
1951 2246 2021 2297 illi
2056 2260 2335 2312 cOmpara-

773 2349 884 2390 tum
910 2347 1012 2403 est,
1047 2327 1342 2405 Conceptus
1374 2346 1533 2404 atque
1558 2337 1772 2388 nomina
1813 2334 2055 2402 proferre
2081 2376 2095 2399 ,
2147 2337 2224 2389 sic
2281 2343 2339 2389 nt

774 2430 915 2482 dicta
942 2437 1090 2493 sunt,
1128 2431 1292 2482 etiam
1325 2431 1376 2482 in
1414 2431 1520 2483 Deo
1551 2443 1608 2482 se
1634 2429 1847 2497 proprie
1902 2427 2101 2482 habere
2160 2429 2339 2482 credi-

771 2523 992 2575 derunt.
1026 2521 1116 2586 Ut,
1151 2523 1297 2575 verbi
1335 2522 1530 2590 gratia,
1566 2521 1686 2589 quia
1725 2520 1925 2573 dicitur
1974 2520 2137 2572 Deum
2176 2521 2341 2572 habe-

777 2630 837 2667 re
867 2616 1052 2678 vitam,
1086 2623 1179 2668 aut
1212 2616 1467 2668 virtutem
1506 2624 1596 2667 aut
1646 2613 1969 2681 sapientiam
2004 2623 2097 2665 aut
2152 2626 2344 2681 opera-

774 2709 1010 2773 tionem;
1048 2717 1100 2760 et
1133 2726 1147 2759 :
1186 2706 1332 2760 Sicut
1385 2706 1546 2758 Pater
1577 2707 1726 2758 habet
1771 2707 1926 2758 vitam
1964 2707 2337 2771 iusemetipso,

773 2803 848 2854 sic
871 2801 1015 2852 dedit
1043 2808 1090 2851 et
1119 2798 1260 2852 Filio
1280 2801 1437 2852 vitam
1469 2797 1657 2850 habere
1679 2799 1731 2849 in
1757 2799 2029 2864 semetipso
2058 2796 2125 2859 ³⁸,
2151 2805 2203 2848 et
2226 2809 2346 2863 qua:

772 2901 898 2948 aunt
929 2892 1222 2959 ejusmodi;
1251 2906 1314 2943 ex
1343 2891 1425 2942 his
1457 2889 1556 2954 illi,
1578 2888 1720 2941 aliud
1743 2887 1961 2956 quidem
1993 2885 2134 2955 quod
2162 2884 2345 2946 habet,

773 2990 918 3041 aliud
972 2989 1022 3041 id
1071 2987 1210 3057 quod
1263 2985 1508 3048 habetur,
1542 2999 1661 3039 esse
1685 2990 2009 3048 Statuerunt,
2035 2990 2346 3035 sanCtorum

775 3081 841 3134 de
882 3081 966 3134 his
999 3077 1420 3148 expositionibus
1455 3076 1692 3130 animum
1736 3076 1955 3129 minime
1990 3073 2345 3137 attendentes,

780 3183 877 3263 aut
909 3188 1039 3226 vero
1066 3174 1344 3263 attendere
1376 3171 1656 3235 nolentes;
1687 3169 1738 3223 id
1758 3168 1971 3263 quidem
1995 3166 2135 3236 quod
2163 3165 2344 3229 habet,
2375 3207 2418 3263 ο

776 3258 993 3313 Patrem
1029 3260 1175 3313 verbi
1202 3261 1398 3326 gratia,
1433 3269 1524 3311 aut
1559 3259 1746 3319 Deum,
1799 3256 1883 3310 vel
1923 3256 2214 3311 essentiam
2259 3269 2345 3308 es-

777 3367 837 3405 se
864 3352 1255 3415 decernentes;
1289 3350 1434 3420 quod
1474 3364 1603 3404 vero
1627 3349 1875 3410 habetur,
1928 3347 2093 3400 vitam
2125 3354 2216 3399 aut
2251 3359 2340 3399 sa-

778 3444 1058 3510 pit'nliam,
1087 3453 1178 3496 aut
1208 3443 1499 3511 potentiam
1529 3456 1626 3493 seu
1648 3439 1926 3501 virtutem,
1960 3447 2053 3490 aut
2078 3435 2351 3505 operatio-

781 3549 928 3598 nem,
956 3549 1061 3600 qua
1088 3533 1228 3585 Deus
1251 3532 1533 3600 (quidquid
1556 3531 1770 3583 tandem
1798 3539 1920 3582 actu
1943 3526 2047 3597 est)
2073 3527 2126 3579 in
2151 3536 2350 3580 aeterna

781 3624 1211 3692 iuunutabilique
1266 3624 1548 3677 identitate
1575 3622 1933 3676 consimiliter
1971 3619 2243 3674 subsistit.
2275 3617 2348 3669 Ita

778 3716 1033 3769 nimirum
1058 3715 1160 3769 illis
1186 3715 1299 3769 fere
1326 3713 1604 3773 evenit.ac
1643 3712 1853 3782 si,quia
1885 3711 2046 3765 etiam
2073 3711 2351 3776 Scriptura

779 3807 944 3862 dicit:
973 3805 1166 3860 Manus
1194 3819 1296 3859 tua:
1327 3805 1559 3871 fecerunt
1590 3821 1668 3858 me
1689 3815 1735 3856 et
1763 3803 2151 3872 plasmaverunt
2177 3817 2255 3853 me
2278 3800 2350 3863 ³¹;

780 3901 889 3966 vel,
916 3902 1101 3954 Audivi
1129 3917 1298 3954 vocem
1323 3909 1469 3951 tuam
1502 3897 1885 3952 deambulantis
1915 3898 1970 3948 in
1995 3893 2245 3959 paradiso
2284 3893 2352 3945 ad

781 4010 1065 4060 vesperam,
1106 4001 1154 4046 et
1196 3991 1450 4046 abscondi
1490 4007 1568 4042 me
1612 3988 1694 4052 ³²;
1732 3988 1849 4043 sive
1889 4004 1901 4040 :
1949 3985 2221 4041 Odoratus
2279 3992 2356 4037 est

784 4085 1037 4138 Dominus
1069 4084 1279 4137 odorem
1312 4080 1683 4145 suavitatis";
1711 4089 1824 4144 aut,
1860 4079 2080 4147 Pergam
2101 4076 2169 4129 ad
2195 4092 2278 4129 ros
2303 4077 2358 4127 in

783 4178 961 4244 furore
992 4177 1220 4242 obliquo,
1263 4175 1390 4226 dicit
1427 4173 1678 4224 Dominus
1704 4171 1749 4201 “
1782 4187 1794 4223 :
1829 4186 1890 4221 ex
1928 4170 2011 4223 his
2065 4168 2253 4233 utique
2305 4173 2360 4218 et.

784 4269 1076 4329 similibus,
1099 4268 1263 4320 Deum
1289 4266 1580 4321 statuerint
1613 4280 1726 4318 rem
1755 4263 2045 4331 quamdam
2098 4274 2219 4313 esse
2253 4261 2358 4309 hu-

787 4374 942 4413 mana
979 4358 1258 4428 praeditam
1291 4356 1484 4420 forma,
1519 4366 1573 4412 et
1595 4356 1921 4410 sentientem
1949 4367 2011 4405 ac
2034 4352 2355 4404 irascentem

787 4467 848 4505 ac
871 4465 1205 4520 quaecunque.
1256 4450 1360 4501 alia
1418 4449 1595 4502 divina
1655 4445 1934 4512 Scriptura
1997 4440 2241 4509 loquitur
2292 4437 2362 4492 ob

788 4544 1092 4594 auditorum
1126 4539 1576 4602 imbecillitatem,
1611 4554 1675 4591 ex
1719 4536 1802 4589 his
1839 4536 1907 4587 ad
1958 4533 2062 4586 alia
2092 4533 2250 4585 nobis
2283 4530 2360 4584 al-

787 4634 923 4686 tiora
956 4633 1056 4684 iter
1095 4630 1358 4701 pandens.
1382 4627 1619 4682 Tametsi
1652 4627 1810 4687 Deus,
1843 4624 2039 4678 nedum
2073 4622 2232 4674 vitam
2269 4620 2363 4672 ha-

791 4723 917 4773 bere
941 4720 1150 4773 dicatur
1173 4728 1265 4771 aut
1304 4716 1704 4785 Operationem,
1740 4728 1925 4768 verum
1975 4711 2138 4765 etiam
2167 4726 2360 4764 essen-

791 4813 943 4875 tiam,
986 4825 1078 4863 seu
1112 4809 1495 4871 substantiam,
1537 4817 1596 4860 ut
1651 4816 1844 4860 auctor
1892 4814 1974 4858 est
2005 4803 2256 4856 Justinus
2312 4801 2364 4853 in

790 4904 930 4957 libro
959 4886 1221 4957 Adversus
1261 4901 1510 4962 ercos;
1563 4909 1847 4966 totumque
1905 4895 2364 4962 comprehensum

793 4998 847 5050 in
881 4997 1060 5064 seipso
1094 5010 1216 5049 esse
1247 4994 1473 5056 habere,
1506 5002 1560 5046 ut
1589 4989 2070 5055 sentitGregorius
2132 4984 2368 5038 Theolo-

2440 1965 2534 2017 καὶ
2559 1962 2957 2026 αὒτοδύναμιςο
2989 1957 3129 2010 κατὰ
3175 1955 3240 2024 δὴ
3278 1954 3368 2006 τὸν
3421 1953 3622 2022 τρόπον
3659 1953 3759 2018 τῆς
3795 1950 4005 2019 ἀνθρω·

2441 2055 2600 2123 πίνης
2648 2049 2955 2117 διαλέξεως,
3022 2046 3507 2115 ἀνθρωπινώτερον
3572 2040 4004 2110 παραδεδομένα,

2442 2148 2539 2199 οὑκ
2573 2143 2746 2205 ἄλλως
2773 2140 3144 2210 ἐγχωρούσης,
3175 2138 3209 2208 ἢ
3236 2138 3310 2198 ὡς
3342 2135 3572 2203 πέφυκε,
3599 2133 3893 2203 προφέρειν
3941 2132 4009 2184 τὰ

2445 2237 2688 2305 νοήματα
2721 2233 2814 2286 καὶ
2848 2233 2916 2284 τὰ
2941 2230 3198 2296 ὀνόματα,
3227 2227 3401 2288 οὓτως
3425 2226 3498 2286 ὠς
3525 2225 3764 2292 εἴρηται,
3795 2222 3888 2274 καὶ
3918 2221 4010 2272 ἐπὶ

2447 2327 2536 2381 τοῦ
2598 2324 2730 2378 Θεοῦ
2784 2321 2986 2390 κυρίως
3022 2319 3168 2388 ἔχειν
3228 2318 3578 2371 ἐπίστευσαν.
3618 2309 3764 2378 Οίον,
3792 2310 4010 2364 ἐπειδὰν

2445 2420 2662 2486 λέγεται
2705 2413 2798 2467 τὸν
2831 2413 2964 2465 Θεὸν
2995 2412 3140 2479 ἐχειν
3169 2408 3335 2478 ζωὴν,
3371 2407 3403 2476 ἢ
3429 2405 3654 2474 δύναμιν
3686 2404 3718 2472 ἢ
3745 2403 3936 2470 σοφίαν
3977 2401 4008 2468 ἦ

2449 2513 2764 2579 ἐνέργειαν·
2826 2506 2943 2566 καὶ,
3005 2503 3233 2568 Ὠσπερ
3295 2502 3326 2553 ό
3360 2497 3558 2564 Πατὴρ
3610 2497 3734 2563 ἔχει
3765 2493 3917 2558 ζωὴν
3946 2492 4015 2543 ἐν

2449 2600 2658 2665 ἐαυτῷ,
2693 2599 2880 2662 οὕτως
2928 2595 3112 2650 ἔδωκε
3171 2593 3267 2646 καὶ
3305 2591 3382 2655 τῷ
3412 2588 3520 2653 Υίῷ
3549 2587 3701 2653 ζωὴν
3761 2587 3925 2651 ἔχειν
3945 2584 4015 2635 ἐν

2451 2693 2662 2757 ἑαυτῷ,
2696 2691 2787 2742 καὶ
2819 2692 2919 2742 ὅσα
2951 2686 3174 2739 τοιαῦτα
3197 2699 3213 2715 ο
3269 2685 3328 2745 ἐξ
3358 2675 3431 2735 ὧν
3458 2681 3584 2734 ἄλλο
3635 2680 3734 2747 μέν
3763 2677 3822 2729 τὸ
3873 2676 4016 2744 ἔχον,

2453 2786 2508 2840 ἄ)
2521 2786 2580 2836 λο
2611 2783 2668 2834 δὲ
2695 2783 2754 2834 τὸ
2789 2781 3045 2848 ἐχόμενον
3081 2776 3264 2828 ἔθεντο
3292 2768 3454 2834 εἶναι,
3493 2771 3567 2840 μὴ
3597 2771 3713 2829 ταῖς
3739 2769 3867 2835 περὶ
3892 2765 4018 2818 τού-

2453 2893 2560 2930 τωΛ
2593 2873 2881 2941 ἐξηγήσεσι
2911 2870 3016 2921 τῶν
3045 2870 3214 2935 ἁγίων
3255 2864 3641 2934 προσσχόντες,
3668 2861 3700 2928 ἢ
3724 2858 4018 2928 προσσχεῖν

2460 2969 2532 3038 μὴ
2561 2963 2936 3036 βουληθέντες,
2961 2962 3020 3012 τὸ
3055 2960 3152 3028 μὲν
3183 2959 3302 3026 ἕχον
3319 2957 3409 3008 τὸν
3433 2953 3648 3019 Πατέρα
3673 2951 3799 3020 φέρε
3820 2949 4017 3008 εἰπεῖν,

2457 3059 2491 3129 ἢ
2529 3059 2618 3110 τὸν
2656 3057 2806 3118 Θεὸν,
2838 3055 2869 3123 ἢ
2911 3054 3007 3120 τὴν
3040 3051 3228 3103 οὐσίαν
3257 3044 3394 3100 εἶναι
3455 3044 3774 3115 ὁρισάμενοι
3798 3057 3813 3073 ο
3850 3040 3908 3092 τὸ
3963 3040 4019 3090 δὲ

2458 3151 2715 3219 ἐχόμενον
2745 3148 2840 3217 τὴν
2869 3145 3014 3213 ζωὴν
3043 3144 3074 3212 ἢ
3100 3143 3198 3212 τὴν
3250 3141 3466 3209 σοφίαν,
3501 3137 3534 3205 ἦ
3575 3137 3673 3200 τὴν
3703 3134 3933 3202 δύναμιν
3985 3131 4018 3198 ἢ

2450 3242 2546 3312 τὴν
2585 3240 2886 3310 ἐνέργειαν,
2941 3236 3062 3289 καθ’
3087 3236 3152 3304 ἣν
3181 3233 3508 3300 ὑφέστηκεν,
3545 3229 3574 3281 ὃ
3616 3229 3666 3280 τί
3698 3226 3817 3278 ποτ’
3870 3224 4022 3276 ἐστιν

2453 3333 2723 3402 ἐνεργείᾳ,
2763 3334 2791 3385 ὁ
2829 3331 2988 3394 Θεὸς,
3021 3330 3075 3380 ἐν
3105 3325 3303 3394 αἰωνίᾳ.
3330 3323 3420 3376 καὶ
3449 3319 3815 3390 ἀμεταϐλήτῳ
3834 3315 4024 3368 ταυτό-

2450 3440 2574 3491 τητι
2605 3420 2994 3488 παραπλήσιον
3027 3415 3379 3474 πεπονθότες,
3406 3411 3595 3478 ὥσπερ
3627 3408 3692 3460 ἂν
3723 3409 3772 3459 εἰ
3806 3407 3902 3458 καὶ
3924 3402 4023 3473 τῆς

2453 3515 2677 3583 Γραφῆς
2705 3512 2994 3579 λεγούσης,
3027 3511 3094 3562 Αἱ
3136 3506 3329 3572 χεῖρές
3353 3519 3466 3557 σου
3502 3499 3802 3565 ἐποίησάν
3827 3515 3902 3566 με
3927 3497 4025 3550 καὶ

2455 3607 2734 3660 ἕπλασάν
2758 3620 2863 3672 με·
2902 3601 2958 3669 ἢ,
3030 3599 3146 3666 Τῆς
3177 3596 3384 3666 φωνῆς
3422 3611 3538 3647 σου
3587 3592 3826 3660 ἥκουσα
3862 3605 4027 3655 περι-

2456 3696 2790 3759 πατοῦντος
2848 3693 2916 3744 ἐν
2955 3689 3036 3753 τῷ
3075 3687 3417 3756 παραδείσῳ
3467 3685 3534 3736 τὸ
3584 3680 3870 3744 δειλινὸν,
3927 3679 4030 3732 καὶ

2456 3789 2719 3856 ἐκρύϐην
2741 3803 2755 3818 ο
2788 3786 2844 3855 ἢ,
2871 3785 3001 3836 Ὀτι
3025 3779 3348 3849 ὼσερρὰνθη
3387 3777 3598 3843 Κύριος
3637 3773 3839 3841 ὀσμὴν
3890 3770 4034 3824 εὐω-

2457 3881 2591 3944 δίας
2614 3894 2629 3909 ο
2666 3878 2782 3940 καὶ,
2808 3877 2939 3929 Ὀτι
2984 3873 3357 3940 πορεύσομαι
3385 3868 3534 3934 πρὸς
3583 3865 3738 3933 ὑμᾶς
3767 3864 3836 3916 ὲν
3869 3857 4032 3930 θυμῷ

2459 3969 2714 4038 πλαγίῳ,
2751 3967 2912 4035 λέγει
2939 3966 3172 4032 Κύριοςσ
3204 3964 3268 4015 ἐκ
3289 3960 3353 4028 δὴ
3377 3958 3583 4010 τούτων
3607 3955 3702 4008 καὶ
3726 3953 3834 4006 τῶν
3857 3952 4034 4005 τοιού-

2458 4079 2567 4116 των
2595 4056 3062 4129 ἀνθρωπὸμορφόν
3095 4072 3147 4106 τι
3183 4048 3323 4106 εἶναι
3357 4050 3447 4102 τὸν
3474 4048 3605 4100 Θεὸν
3631 4044 3889 4108 ἐτίθεντο,
3939 4042 4035 4096 καὶ

2461 4141 2854 4218 αἰσθανόμενον
2891 4147 2985 4199 καὶ
3018 4145 3384 4212 θυμούμενον,
3415 4139 3510 4193 καὶ
3533 4139 3632 4191 ὅσα
3655 4135 3789 4188 ἄλλα
3819 4132 3905 4185 διὰ
3938 4131 4037 4201 τὴν

2461 4243 2570 4297 τῶν
2594 4242 2901 4294 ἀκουόντων
2929 4236 3218 4289 ἀσθένειαν
3242 4235 3275 4301 ἠ
3309 4231 3429 4284 θεία
3462 4230 3655 4300 Γραφὴ
3703 4223 4036 4291 διαλέγεται,

2462 4335 2550 4388 διὰ
2607 4334 2814 4387 τούτων
2865 4328 2951 4398 ἐφ’
2981 4330 3144 4397 ἕτερα
3201 4326 3352 4395 ἡμᾶς
3403 4323 3702 4387 ἀνάγουσι.
3741 4319 3935 4371 Καίτοι
3973 4316 4034 4367 οὐ

2467 4428 2627 4497 μόνον
2678 4428 2705 4478 ὁ
2737 4423 2867 4486 Θεὸς
2920 4421 3141 4488 λέγεται
3182 4419 3266 4471 ὅτι
3319 4415 3432 4484 ἔχει
3489 4412 3696 4482 ζωὴνῆ
3737 4411 4039 4480 ἐνέργειαν,

2391 4536 2439 4595 D
2466 4519 2580 4573 ἀλλ’
2604 4518 2683 4568 ὅτι
2725 4515 2838 4583 ἔχει
2893 4513 2990 4565 καὶ
3023 4509 3234 4573 οὐσίαν,
3270 4507 3410 4559 κατὰ
3432 4505 3522 4558 τὸν
3565 4505 3719 4571 ᾰγιον
3754 4502 4042 4552 Ίουστῖνον

2469 4613 2527 4663 ἐν
2549 4610 2626 4679 τῷ
2662 4609 2801 4660 κατὰ
2861 4604 3129 4672 Ἐλλήνων
3160 4599 3324 4654 αὑτοῦ
3358 4598 3502 4664 λόγῳ
3531 4611 3545 4625 ·
3595 4594 3688 4646 καὶ
3733 4594 3814 4645 ὅτι
3835 4590 3956 4645 ὅλον
3985 4591 4043 4642 ἐν

2471 4701 2647 4769 ἐαυτῷ
2673 4682 2952 4751 συλλαόὼν
2983 4694 3096 4761 ἔχει
3142 4691 3201 4742 τὸ
3263 4684 3425 4747 εἶναι,
3461 4683 3602 4738 κατά
3653 4684 3746 4735 τὸν
3782 4683 4043 4750 Θεολόγον

2473 4794 2792 4864 Γρηγόριον.
2822 4787 2975 4840 Ἐπεὶ
2996 4783 3090 4838 οὖν
3115 4798 3282 4851 φασιν
3318 4781 3447 4833 ἄλλο
3476 4780 3574 4849 μὲν
3599 4774 3739 4832 εἶναι
3764 4779 3825 4828 τὸ
3855 4776 4048 4844 ἐχόμε-

2474 4903 2586 4948 νον,
2619 4883 2748 4938 ἄλλο
2798 4880 2854 4932 δέ
2899 4878 2960 4931 τὸ
3010 4876 3133 4945 ἔχον
3167 4875 3428 4942 πρᾶγμα,
3477 4871 3668 4939 ἕψεται
3695 4869 3818 4920 κατ’
3853 4866 4046 4927 αὐτοὺς

2476 4978 2604 5034 ἄλλο
2628 4975 2724 5045 μὲν
2747 4969 2885 5025 εἶναι
2915 4970 3004 5022 τὸν
3034 4968 3190 5029 Θεὸν,
3217 4965 3407 5032 ἕτερον
3439 4961 3616 5030 δὲτὴν
3647 4959 3836 5012 οὐσίαν
3858 4954 4048 5020 αὐτοῦ,

797 5047 1419 5156 ξιιεξδιιλιιιιοιιιιίἀοιιι
1458 5047 1648 5153 ’ἱςίιιιι-
1698 5081 1842 5134 aliud
1887 5047 2018 5133 esse
2084 5077 2267 5128 dicunt
2319 5075 2370 5127 id
2479 5088 2551 5123 κα

2218 5083 2267 5128 ιιι
2319 5075 2370 5127 id
2479 5060 2573 5123 xa‘t
2612 5063 2678 5120 αὖ
2702 5065 2831 5119 ἄλλο
2873 5063 2970 5132 μὲν
3001 5059 3187 5120 αὑτὸν,
3212 5058 3398 5125 ’ἕτερον
3422 5055 3478 5106 δέ
3511 5053 3571 5105 τὸ
3608 5047 3748 5106 εἶναι
3786 5049 3972 5102 αὐτοῦ.

795 5184 937 5251 quod
973 5183 1221 5246 habetur,
1253 5197 1475 5250 remque
1501 5181 1658 5234 aliam
1691 5179 1741 5232 id
1797 5175 1940 5246 quod
1976 5173 2176 5235 habet,
2247 5181 2585 5236 consequens
2639 5164 2700 5218 lit
2773 5158 2825 5214 in
2875 5160 3091 5213 illorum
3153 5155 3445 5213 sententia.
3491 5148 3634 5203 aliud
3687 5161 3812 5203 esse
3858 5144 4049 5208 Deum,

798 5286 960 5341 atque
994 5272 1136 5328 aliud
1161 5274 1279 5342 ejus
1303 5274 1597 5328 essentiam
1629 5285 1692 5325 ac
1735 5245 2121 5328 substantiam,
2144 5279 2208 5319 ac
2234 5275 2420 5314 rursus
2455 5260 2632 5329 ipsum
2671 5253 2817 5309 aliud
2848 5267 2995 5318 esse,
3027 5249 3285 5314 aliudque
3311 5260 3430 5300 esse
3461 5245 3628 5296 illius.

873 5367 1319 5438 Praetereajuxta
1345 5381 1532 5422 eorum
1583 5365 1862 5431 theologia:
1919 5361 2160 5428 regulas,
2229 5358 2373 5412 Deus

801 5475 994 5526 expers
1022 5462 1275 5515 essentia:
1297 5461 1401 5515 erit
1421 5477 1435 5526 ;
1455 5473 1556 5513 nec
1579 5457 1813 5512 essentia
1845 5454 1938 5508 Dei
1999 5469 2092 5507 seu
2123 5451 2382 5506 substan-

806 5555 877 5604 tia
913 5551 1050 5607 Deus
1080 5551 1262 5606 futura
1291 5561 1393 5607 est.
1418 5549 1580 5605 Juxta
1612 5547 1758 5602 enim
1813 5546 2155 5608 divisionem,
2214 5555 2376 5609 quam

805 5643 1156 5710 induxerunt,
1180 5645 1455 5710 habentis,
1492 5651 1546 5697 et
1571 5642 1687 5712 ejus
1739 5639 1883 5710 quod
1928 5636 2159 5693 habetur
2235 5646 2376 5685 nun-

2563 5355 2685 5407 Ἔτι
2710 5351 2853 5405 κατὰ
2883 5349 3010 5409 τοὺς
3034 5346 3195 5412 ὅρους
3225 5343 3326 5410 τῆς
3360 5340 3639 5406 θεολογίας
3662 5336 3859 5398 αὐτῶν,
3877 5337 3904 5386 ὁ
3923 5334 4058 5396 Θεὸς
4082 5368 4097 5380 .

2485 5444 2734 5505 ἀνούσιος
2759 5441 2912 5493 ἔσται
2934 5453 2952 5470 ο
2975 5435 3069 5490 καὶ
3094 5437 3128 5506 η
3150 5433 3306 5487 οὐσία
3336 5431 3428 5484 τοῦ
3452 5429 3586 5482 Θεοῦ
3608 5429 3709 5480 οὐκ
3731 5427 3882 5479 ἐσται
3902 5425 4052 5486 Θεᾶς·

2487 5533 2630 5586 κατὰ
2660 5531 2770 5600 γὰρ
2802 5528 2904 5597 τὴν
2933 5524 3028 5579 τοῦ
3053 5524 3270 5592 ἔχοντος
3297 5520 3391 5573 καὶ
3423 5517 3706 5588 ἐχομένου,
3747 5513 3813 5583 ἢν
3835 5512 4061 5579 εἰσήγα-

2487 5643 2608 5694 γον,
2640 5625 2928 5693 διαίρεσιν,
2968 5617 3070 5670 οὑκ
3098 5616 3164 5670 ἂν
3201 5616 3289 5684 εἴη
3324 5613 3383 5665 τὸ
3425 5611 3613 5680 ἕτερον
3644 5606 3757 5661 οἷον
3779 5605 3838 5658 τὸ
3867 5604 4060 5672 ἓτερον

885 5824 930 5854 ⁸⁸
960 5825 1116 5879 Jdan.
1150 5842 1197 5886 vl
1225 5823 1313 5877 26.
1394 5821 1436 5854 “
1466 5818 1608 5874 Psal.
1668 5830 1860 5880 cxvttl,
1905 5813 1993 5868 75.
2073 5811 2115 5843 ³²
2148 5810 2282 5864 Gen.
2315 5821 2375 5874 ιι,
2420 5803 2505 5860 10.
2587 5802 2630 5834 ³⁸

2159 5810 2282 5864 Gen.
2315 5821 2375 5874 ιι,
2420 5803 2505 5860 10.
2587 5802 2630 5834 ³⁸
2675 5799 2808 5856 Gen.
2877 5811 2995 5862 vnt,
3043 5793 3134 5847 21.
3211 5790 3255 5823 ³⁵
3299 5789 3473 5845 Levit.
3519 5801 3667 5850 λιιι,
3699 5782 3793 5846 2t,
3823 5780 3913 5834 28.
