4442 6440
373 4395 402 4431 τ

375 4433 405 4465 ἴ

450 355 551 420 381

447 473 586 523 κατὰ
615 474 675 524 τὸ
705 474 844 530 εἶναι
870 519 884 543 ,
927 481 1046 534 ἐπεὶ
1073 486 1164 536 καὶ
1194 487 1292 554 τὴν
1321 491 1600 559 ἐνέργειαν
1628 498 1688 546 οὐ
1719 498 1907 564 poem

441 562 631 616 οὐσίαν
659 560 822 635 εἶναι,
853 570 976 624 οὐδέ
1005 590 1066 640 γε
1093 576 1190 628 τίαν
1219 578 1429 645 οὐσίαν,
1457 582 1597 652 ὅπερ
1628 560 1830 656 ἐκείνη.

521 830 660 896 Ἔτι,
694 836 817 888 ἐπεὶ
865 839 964 909 τὴν
1019 841 1300 910 ἐνέργειαν
1345 848 1463 899 καθ’
1494 851 1561 918 ἦν
1601 852 1749 905 ἐστιν
1792 857 1820 908 ὀ
1872 860 2002 922 Θεὸς

445 919 813 990 ἐνεργητικὸς,
847 928 878 996 ἢ
909 929 1007 998 τὴν
1039 932 1183 1000 ζωὴν
1225 938 1348 988 καθ’
1380 941 1444 1007 ἢν
1479 941 1607 1005 ζῶν,
1643 945 1717 1007 ὡς
1749 919 2003 1015 ἐχόμενον

445 1010 816 1067 ἀνυπόστατον
846 1017 1062 1082 ἔθεσαν,
1113 1025 1301 1091 ἕψεται
1355 1030 1536 1093 αὐτοῖς
1569 1036 1661 1085 καὶ
1689 1035 1786 1104 τὴν
1817 1040 2002 1090 οὐσίαν

444 1098 817 1157 ἀνυπόστατον
843 1109 1072 1173 τιθέναι,
1100 1114 1318 1168 ἐπειδὰν
1343 1119 1480 1186 αὕτη
1503 1121 1575 1183 ὡς
1595 1098 1850 1192 ἐχόμενον
1875 1146 2004 1196 προ-

445 1192 692 1260 φέρεται,
723 1199 862 1251 κατὰ
887 1205 943 1252 τὸ
967 1202 1279 1274 λεγόμενον,
1312 1210 1405 1275 Ὡς
1426 1212 1539 1279 ἄρα
1565 1216 1595 1267 d
1622 1217 1763 1281 Θεὸς
1784 1192 2004 1272 οὐσίαν

443 1282 590 1349 ἔχει.

519 1461 576 1511 El
600 1460 654 1511 δὲ
687 1461 746 1513 τὸ
769 1464 1140 1520 ἀνυπόστατον
1172 1470 1440 1536 ἁνούσιον,
1467 1476 1657 1530 ἕπεται
1696 1483 1877 1543 αὐτοῖς
1910 1486 2002 1536 καὶ

443 1548 600 1600 τοῦτο
659 1550 1024 1620 βλασφημεῖν,
1081 1559 1141 1610 τὸ
1189 1560 1283 1623 τὴν
1315 1563 1502 1616 οὐσίαν
1539 1563 1678 1620 εἶναι
1715 1569 1807 1622 τοῦ
1866 1572 2000 1625 Θεοῦ

445 1638 726 1693 ἀνούσιον·
753 1643 811 1695 τὸ
836 1644 891 1696 δέ
926 1646 1174 1699 ἀνούσιον
1229 1653 1302 1719 μὴ
1332 1652 1390 1703 δν
1410 1670 1424 1684 ο
1483 1656 1575 1707 καὶ
1603 1658 1744 1710 οὕτω
1770 1661 1836 1710 τὰ
1876 1662 2000 1714 ὄντα

445 1729 510 1780 ἐκ
561 1731 635 1798 μὴ
667 1732 852 1796 ὄντοςο
905 1738 996 1789 καὶ
1030 1737 1144 1805 ἅμα
1191 1743 1474 1809 συμϐαίνει
1511 1747 1694 1808 αὐτοῖς
1727 1755 2001 1806 πιστεύειν

444 1820 525 1879 εἰς
552 1821 609 1870 τὲ
635 1821 708 1891 μὴ
735 1824 812 1878 ὅν.
853 1826 959 1879 Καὶ
981 1829 1043 1896 δὴ
1086 1832 1199 1894 καὶ,
1247 1835 1382 1887 κατᾶ
1429 1836 1517 1889 τὸν
1553 1839 1705 1904 ἅγιον
1731 1841 2002 1911 Μάξιμον,
2039 1829 2077 1881 Β

443 1908 505 1959 τὸ
528 1911 775 1964 ἁνούσιον
804 1915 862 1966 οὐ
888 1916 1040 1980 θεός.

523 2175 665 2238 Ἔτι,
697 2179 818 2230 ἐπεὶ
842 2180 900 2232 τὸ
925 2183 1055 2244 Θεός
1085 2185 1252 2253 ὄνομα
1273 2189 1369 2257 τῆς
1394 2191 1536 2246 οὕτω
1561 2195 1850 2268 τιθεμένης
1875 2203 2005 2269 παρ’

444 2265 624 2324 αὐτοῖς
678 2269 957 2336 ἐνεργείας
1008 2275 1177 2342 ὄνομα
1221 2273 1358 2331 εἷναί
1413 2300 1569 2349 φασι,
1619 2287 1710 2338 καὶ
1741 2265 2005 2344 ἔστικατ’

442 2353 640 2416 αὐτοὺς
695 2357 964 2424 ἐνέργεια,
1023 2361 1239 2429 λέγεται
1272 2367 1327 2418 δέ
1365 2349 1446 2420 δτι
1478 2371 1608 2433 Θεὸς
1639 2373 1751 2442 ἔχει
1775 2377 1963 2431 οὐσίαν
1986 2398 2000 2411 ·

440 2445 526 2496 διὰ
566 2447 720 2499 τοῦτο
751 2450 809 2500 τὸ
841 2452 939 2519 μὲν
962 2451 1109 2504 ἐστιν
1137 2455 1260 2526 ἔχον
1304 2461 1336 2527 ἡ
1387 2462 1660 2531 ἐνέργεια,
1697 2467 1727 2534 ἡ
1763 2468 1818 2518 δὲ
1844 2470 2002 2523 οὐσία

441 2535 502 2584 τὸ
529 2537 784 2604 ἐχόμενον
805 2555 820 2570 ⁶
871 2544 963 2594 καὶ
997 2544 1195 2612 ψεῦδος
1227 2548 1413 2601 λοιπὸν
1438 2553 1465 2604 ὃ
1499 2572 1685 2620 φασιν,
1724 2559 1797 2619 ὡς
1829 2561 1936 2627 ἄρα

439 2629 595 2680 οὐσία
618 2631 729 2700 ἔχει
753 2634 1052 2703 ἐνέργειαν,
1084 2640 1175 2692 καὶ
1201 2642 1232 2708 ἡ
1255 2642 1502 2712 ἐνέργεια
1528 2647 1729 2716 ἔχεται.
1768 2629 2002 2708 Τοὺνανξ

439 2720 553 2772 τίον
579 2722 633 2774 δὲ
666 2724 901 2792 μάλιστα
929 2727 1145 2795 ἀληθὲς,
1175 2729 1237 2782 τὸ
1267 2731 1365 2800 τὴν
1397 2734 1497 2801 μὲν
1521 2735 1805 2805 ἐνέργειαν
1835 2742 2000 2811 ἔχειν,

438 2814 540 2883 τὴν
560 2816 614 2868 δέ
635 2818 823 2872 οὐσίαν
862 2820 1079 2890 ἔχεσθαι
1099 2839 1113 2852 ·
1141 2827 1232 2878 καὶ
1265 2827 1387 2878 ἐπεὶ
1417 2830 1476 2880 τὸ
1503 2832 1762 2899 ἐχόμενον
1791 2837 1853 2888 ἐκ
1903 2839 1997 2891 τοῦ

439 2905 650 2974 ἔχοντός
674 2911 822 2973 ἐστι,
856 2913 947 2964 καὶ
993 2914 1238 2982 πρόεισιν
1269 2919 1340 2980 ὠς
1396 2924 1658 2987 αἱτιατον,
1722 2929 1814 2980 καὶ
1846 2930 2004 2984 τοῦτο

436 3000 545 3068 γὰρ
576 3002 631 3053 ἐν
665 3004 728 3070 τῇ
758 3003 965 3056 ἑαυτῶν
997 3007 1177 3062 πίστει
1205 3013 1356 3076 φασὶ,
1389 3016 1910 3087 συνομολογήσουσιν
1940 3025 2002 3078 ἐκ

436 3091 535 3159 τῆς
564 3094 844 3160 ἐνεργείας
892 3092 1034 3150 εἶναι
1064 3102 1161 3170 τὴν
1204 3103 1423 3157 οὐσίαν·
1462 3108 1553 3160 καὶ
1590 3113 1706 3175 πῶς
1741 3132 1874 3181 φασι
1904 3117 2003 3188 τὴν

442 3180 542 3247 μέν
571 3182 757 3235 οὐσίαν
782 3185 982 3253 αἰτίαν,
1011 3190 1108 3258 τὴν
1138 3191 1193 3243 δέ
1218 3193 1498 3262 ἐνέργειαν
1524 3180 1792 3270 αἰτιατὴν,
1819 3205 1881 3257 ἐκ
1906 3180 2004 3275 της

437 3269 644 3336 οὐσίας
677 3271 848 3327 Τοῦτο
879 3278 987 3345 γὰρ
1011 3281 1104 3333 καὶ
1138 3285 1251 3346 ταῖς
1284 3285 1466 3341 αὐτῶν
1498 3289 1713 3347 Θέσεσιν
1739 3299 1998 3354 ἐναντίον.

509 3544 641 3611 Περὶ
659 3546 713 3596 δὲ
730 3547 838 3598 τῶν
869 3550 1127 3604 τοιούτων
1153 3556 1408 3610 ἁπάντων
1430 3563 1630 3629 ῥητῶν,
1668 3569 1765 3621 ὅσα
1790 3573 2004 3641 ἀνθρω-

437 3635 733 3705 πινώτερον
769 3640 1004 3709 εἴρηται,
1039 3646 1120 3697 ὅτι
1179 3647 1268 3701 διὰ
1323 3652 1381 3702 τὸ
1418 3655 1516 3722 τῆς
1543 3657 1827 3727 διαλέξεως
1885 3635 2003 3731 έοος

436 3727 530 3777 καὶ
577 3727 676 3796 τὴν
721 3731 1070 3803 ἀνθρωπίνην
1126 3740 1415 3796 ἀσθένειαν
1467 3750 1609 3803 οὕτω
1655 3755 1723 3807 τὰ
1776 3760 2000 3815 τοιαῦτα

435 3819 670 3886 εἴρηται,
727 3822 953 3889 ἀρκέσει
1005 3829 1135 3896 ἡμῖν
1186 3833 1212 3882 ὸ
1265 3837 1534 3905 μακάριος
1592 3844 1998 3914 Χρυσὸστομος,

433 3911 794 3980 ἐξηγούμενος
837 3918 918 3980 τὸ,
976 3920 1072 3971 Ἐν
1103 3924 1259 3987 αὐτῷ
1299 3927 1408 3993 ζωὴ
1442 3929 1536 3997 ἦν,
1567 3935 1622 3985 ἐν
1647 3939 1830 4008 ὁμιλίᾳ
1871 3911 1999 4014 ’έκτη

432 4002 528 4052 τοῦ
558 4006 697 4056 κατὰ
742 4007 1015 4078 Ἰωάννην.
1079 4012 1230 4066 Ἐπεὶ
1277 4020 1384 4088 γὰρ
1425 4024 1489 4075 ἐκ
1536 4025 1631 4076 τοῦ
1663 4030 1858 4090 εἰπεῖν,
1902 4036 2002 4087 Ἐν

431 4094 593 4158 αὐτῷ
645 4095 756 4162 ζωὴ
801 4096 899 4168 ἦν,
952 4104 1139 4156 εἵπετο
1172 4109 1422 4163 σύνθεσιν
1471 4115 1715 4170 ὑπονοεῖν
1755 4125 1881 4190 περὶ
1911 4129 2000 4178 τὴν

431 4183 586 4248 θεὸν,
619 4187 694 4248 ὡς
741 4191 796 4256 ἐξ
834 4193 1026 4256 οὐσίας
1056 4197 1149 4248 καὶ
1199 4197 1344 4267 ζωῆς
1384 4208 1763 4277 συγκείμενον,
1813 4214 1998 4270 δίδωσι

431 4275 530 4341 τὴν
568 4276 768 4342 αἰτίαν,
803 4285 856 4334 τί
915 4284 1113 4352 δήποτε
1145 4290 1242 4358 τὴν
1274 4293 1636 4351 ὲνυπὸστατον
1672 4302 1817 4371 ζωὴν
1856 4307 1998 4375 ἔχειν

431 4367 576 4434 ζωὴν
608 4366 764 4421 εἷπε·
795 4377 930 4442 φησὶ
963 4379 1119 4442 γοῦν·
1163 4385 1350 4437 Ταῦτα
1379 4385 1446 4437 δὲ
1467 4389 1663 4444 πάντα
1701 4391 1997 4469 εἷπενοὺχ

431 4457 532 4510 ἵνα
564 4462 858 4517 σύνθεσιν
891 4471 1306 4541 ὑπολάϐωμεν,
1327 4479 1460 4534 ἀλλ’
1495 4482 1594 4535 ἵνα
1615 4488 1762 4539 κατὰ
1781 4457 1997 4558 μικρί
2030 4484 2071 4538 Ι)

432 4552 785 4622 ἀναχθῶμεν
809 4560 956 4624 πρὸς
982 4563 1046 4613 τὸ
1076 4563 1193 4617 τῶν
1216 4567 1525 4636 δογμάτων
1551 4576 1728 4644 ὕψος.
1755 4552 2001 4653 ’ἐπειδὴ

429 4647 540 4708 τὰρ
575 4647 685 4698 οὐκ
735 4646 811 4699 ἂν
846 4651 1069 4717 ἐνόησέ
1126 4673 1218 4721 τις
1274 4663 1541 4731 εὐκόλως
1590 4670 1707 4720 τῶν
1732 4646 1999 4742 πολλῶν,

429 4734 553 4798 πῶς
574 4735 745 4788 ἐστιν
773 4739 1191 4811 ἐνυπόστατος
1245 4752 1435 4806 αὐτοῦ
1467 4757 1503 4822 ἡ
1537 4758 1670 4827 ζωὴ,
1711 4767 2003 4831 πρότερον

425 4823 540 4891 μὲν
569 4825 766 4880 ἐκεῖνο
797 4827 929 4884 εἷπε
965 4835 1025 4886 τὸ
1047 4843 1492 4910 ταπεινότερον·
1517 4849 1722 4905 ἔπειτα
1755 4857 2000 4911 παιδευ-

428 4918 623 4978 θέντα,
655 4920 805 4986 πρὸς
833 4923 899 4974 τὸ
935 4927 1321 4997 ὑψηλότερον
1345 4936 1494 5005 ἄγει.
1543 4941 1607 4994 '0
1644 4945 1750 5011 γὰρ
1789 4948 1999 5015 εἰπὼν,

433 5023 451 5056 ι
492 5008 620 5062 Ὀτι
647 5010 872 5067 ἔδωκεν
927 5018 1085 5082 αὐτῷ
1137 5020 1291 5092 ζωὴν
1321 5026 1506 5095 ἔχειν,
1548 5051 1566 5084 ι
1605 5008 1784 5102 antae
1812 5008 1990 5095 milia

425 5103 596 5165 φησι,
639 5119 658 5153 ι
711 5103 858 5174 Ἐγώ
911 5111 1091 5179 enim
1146 5113 1278 5183 ζὶυή·
1321 5137 1338 5167 ι
1403 5123 1500 5174 καὶ
1529 5125 1737 5192 πάλιν,
1785 5147 1802 5180 ι
1852 5132 1998 5199 Ἑγὼ

425 5193 538 5258 ειμι
569 5194 635 5245 τὸ
663 5195 809 5263 φῶς.
842 5218 860 5249 ι
900 5201 1081 5257 Ὥστε
1113 5207 1180 5260 τὸ
1207 5209 1333 5275 φῶς
1358 5214 1455 5266 καὶ
1488 5215 1603 5283 τὴν
1628 5217 1784 5287 ζωὴν
1812 5227 1904 5277 καὶ
1925 5193 1998 5280 ’τὸ

426 5283 655 5350 κάλλος
691 5290 788 5341 καὶ
826 5291 941 5357 τὴν
968 5293 1303 5367 ἀγιαθότητα
1340 5306 1411 5357 οὐ
1439 5307 1494 5358 τί
1513 5308 1583 5360 ἒν
1613 5283 1736 5365 τινι.
1763 5317 1995 5386 ὑπολη-

426 5375 632 5442 πτέον,
667 5382 723 5432 εἰ
753 5385 848 5434 καὶ
875 5385 1032 5438 οὕτω
1060 5389 1298 5457 λέγεται
1338 5395 1433 5450 διὰ
1466 5401 1609 5466 τοὺς
1631 5403 1715 5472 μὴ
1745 5375 1998 5478 δυναμέ-

426 5480 573 5530 νους
601 5471 869 5540 εὐκόλως
889 5477 1071 5553 νοεῖν,
1097 5481 1224 5548 πῶς
1248 5488 1472 5542 τούτων
1498 5491 1760 5550 ἕκαστον
1780 5500 1994 5556 ἐνυπό-

427 5563 652 5615 στατόν
679 5565 836 5622 ἐστι.
894 5570 967 5623 Τὸ
993 5570 1048 5625 δὲ
1092 5577 1267 5647 παρὸν
1293 5583 1460 5651 ῥητὸν
1493 5586 1673 5641 ἱκανόν
1707 5590 1820 5645 ἐστι
1858 5598 1992 5665 πρὸς

500 5735 724 5796 “Joan.
748 5755 800 5808 ν,
836 5741 923 5797 ‘26.
1005 5745 1226 5807 "Joan.
1257 5767 1336 5821 xi,
1392 5756 1480 5812 25.

1455 376 1552 433 DE
1588 378 1953 444 ESSENTIA
1998 390 2091 449 ET
2127 361 2634 467 Ol’ERATlONiZ.

1563 5761 1601 5792 "
1641 5761 1798 5820 Jean.
1831 5782 1947 5835 vm,
1997 5771 2080 5829 1'2.

3566 429 3671 494 382

1913 519 2000 552 ται
2030 506 2078 565 Δ
2106 525 2262 576 qnam
2295 516 2386 568 liat
2424 531 2476 570 ιιι
2507 522 2730 576 alterum
2766 529 3028 593 ejusmodi
3065 536 3287 589 exsistat
3346 541 3500 604 quale
3531 545 3664 598 alte-

2108 615 2252 666 rum,
2279 608 2419 666 quod
2447 614 2638 666 attinet
2667 618 2732 669 ad
2758 633 2879 671 esse
2909 637 2923 681 ;
2956 625 3152 675 etenim
3183 628 3368 680 uolunt
3397 635 3666 696 operatio-

2106 707 2224 744 nem
2250 709 2366 749 esse
2425 705 2738 770 essentiam,
2772 723 2942 777 neque
2973 727 3100 765 vero
3151 720 3441 772 essentiam
3497 723 3546 774 id
3584 738 3670 776 es-

2104 794 2162 833 se
2185 783 2475 842 admittunt
2499 797 2638 857 quod
2662 799 2904 863 operatio
2932 809 3036 853 est.

2173 871 2251 924 Ad
2285 873 2422 940 hate,
2455 883 2887 952 quandoquidem
2944 893 3308 954 operationem
3361 912 3461 965 qua
3530 899 3669 954 Deus

2102 964 2407 1025 Operativns
2432 970 2612 1033 (utsic
2645 974 2843 1041 dicam)
2869 991 2972 1044 est,
3005 983 3116 1037 sive
3142 985 3302 1037 etiam
3340 989 3531 1048 vitam.
3560 1005 3665 1057 qua

2104 1050 2256 1116 vivit,
2285 1065 2339 1105 ut
2374 1071 2490 1123 quae
2515 1062 2795 1126 habeatur,
2833 1083 2937 1120 non
2973 1085 3096 1124 vere
3118 1088 3233 1126 esse
3265 1086 3354 1127 aut
3376 1079 3670 1133 subsistere

2105 1155 2416 1209 posuerunt,
2471 1163 2729 1218 sequetur
2777 1157 2882 1212 illis
2941 1170 2996 1212 ut
3050 1179 3147 1215 nec
3207 1168 3493 1219 essentiam
3545 1185 3670 1224 vere

2102 1243 2222 1284 esse
2253 1239 2658 1295 antsnbsistere
2691 1259 2911 1312 ponant,
2965 1252 3230 1320 siquidem
3287 1257 3396 1323 ipsa
3452 1275 3665 1326 quoque

2103 1322 2180 1372 sie
2213 1327 2501 1394 profertur,
2524 1344 2581 1386 ut
2619 1350 2737 1403 quae
2768 1339 3045 1407 habeatur,
3072 1344 3222 1411 juxta
3258 1322 3399 1414 quod
3426 1349 3624 1403 dicitur
3654 1370 3666 1404 :

2108 1411 2304 1479 Utique
2322 1418 2455 1471 Deus
2472 1427 2746 1479 essentiam
2773 1430 2946 1484 liabet.

2176 1501 2267 1554 Sin
2295 1517 2470 1561 autem
2513 1515 2652 1578 quod
2675 1531 2777 1568 non
2805 1534 2930 1572 vere
2983 1536 3047 1574 ac
3080 1536 3174 1589 per
3235 1539 3292 1576 se
3326 1535 3428 1590 est,
3473 1544 3669 1597 expers

2102 1595 2350 1648 essenta:
2381 1609 2485 1661 est,
2515 1616 2848 1672 consequens
2881 1609 2983 1660 erit
3017 1621 3072 1661 ut
3105 1613 3155 1664 id
3175 1628 3383 1682 quoque
3416 1595 3667 1685 blasphe-

2104 1693 2282 1747 ment,
2322 1702 2510 1758 nempe
2545 1702 2601 1743 ut
2632 1695 2719 1747 Dei
2747 1701 3039 1752 essentiam
3060 1703 3243 1757 dicant
3304 1708 3550 1761 essentia:
3573 1727 3667 1762 es-

2106 1784 2308 1838 pertem
2351 1793 2487 1834 esse.
2516 1784 2664 1848 Quod
2700 1802 2825 1840 vero
2858 1805 3050 1856 expers
3082 1797 3328 1850 essentia:
3383 1812 3488 1861 est,
3535 1802 3667 1878 nihil

2107 1874 2185 1914 est
2211 1882 2225 1927 ;
2251 1867 2434 1934 sicque
2469 1886 2530 1924 ea
2559 1889 2675 1940 qua:
2702 1888 2846 1939 sunt,
2871 1895 2933 1931 ex
2969 1896 3073 1934 non
3108 1894 3229 1937 ente
3285 1898 3441 1955 atque
3496 1892 3665 1946 nihilo

2106 1966 2282 2009 erunt.
2315 1958 2590 2031 Simulque
2627 1968 2707 2020 eis
2740 1971 2934 2024 accidit
2959 1982 3014 2024 ut
3039 1977 3263 2030 credant
3299 1981 3348 2029 in
3381 1999 3482 2033 non
3546 1998 3662 2036 ens.

2107 2047 2182 2098 Ac
2205 2064 2354 2113 sane,
2390 2055 2532 2119 quod
2561 2070 2754 2122 expers
2779 2064 3026 2118 essentia:
3048 2077 3149 2132 est,
3194 2082 3411 2124 auctore
3482 2089 3671 2130 sam-to

2110 2135 2358 2206 Maximo,
2395 2141 2530 2196 Dens
2564 2163 2665 2202 non
2695 2163 2797 2204 est.

2177 2227 2329 2293 Item,
2367 2237 2796 2305 quandoquidem
2832 2261 3022 2300 nomen
3058 2248 3194 2304 Deus
3253 2254 3369 2319 ejus
3414 2274 3574 2325 quam
3594 2263 3674 2314 sie

2107 2332 2309 2386 ponunt
2342 2328 2664 2390 operationis
2696 2350 2886 2389 nomen
2919 2350 3018 2400 est,
3058 2352 3219 2410 atque
3241 2355 3294 2398 ut
3323 2347 3394 2400 illi
3433 2351 3670 2414 tradunt,

2106 2417 2344 2477 Operatio
2372 2429 2485 2483 est,
2517 2423 2814 2494 dieiturque
2849 2430 3010 2484 Deum
3080 2435 3279 2491 habere
3337 2443 3666 2508 essentiam;

2107 2501 2308 2558 ithll‘l'O
2328 2507 2376 2561 id
2409 2513 2550 2578 quod
2585 2515 2762 2582 habet,
2813 2509 3056 2584 operatio
3089 2541 3204 2592 est;
3251 2535 3482 2585 essentia
3544 2551 3673 2589 vero

2108 2606 2189 2646 est
2212 2596 2261 2648 id
2285 2602 2422 2665 quod
2455 2602 2698 2671 habetur,
2729 2609 3149 2683 falsituiquejain
3175 2631 3253 2671 est
3285 2624 3427 2687 quod
3458 2623 3669 2681 dicunt.

2108 2684 2247 2750 quod
2280 2688 2530 2762 niinirum
2558 2697 2790 2749 essentia
2807 2704 3178 2765 operationem
3207 2684 3418 2773 habeat,
3452 2723 3504 2764 et
3530 2715 3670 2781 quod

2104 2778 2345 2842 operatio
2377 2780 2652 2835 habeatur.
2681 2785 2850 2841 Secus
2880 2807 3005 2844 Vero
3042 2799 3276 2850 maxime
3324 2816 3509 2854 verum
3565 2817 3669 2867 est,

2107 2863 2301 2918 habere
2328 2868 2539 2935 quidem
2565 2877 2955 2944 operationem,
2984 2887 3273 2939 essentiam
3319 2906 3442 2944 vero
3460 2895 3668 2948 haberi.

2105 2952 2346 3024 Cumque
2379 2962 2511 3016 adeo
2538 2964 2586 3016 id
2625 2969 2764 3032 quod
2797 2971 3045 3037 habetur,
3085 2979 3237 3031 abeo
3269 2990 3338 3032 snt
3388 2984 3529 3050 quod
3569 2987 3666 3036 ha-

2106 3045 2213 3105 bet,
2247 3049 2608 3120 proeedatque
2639 3066 2891 3124 tanquam
2920 3061 2968 3112 id
3007 3066 3193 3131 quoda
3227 3083 3389 3125 causa
3407 3045 3490 3124 est
3524 3073 3671 3140 (nam

2030 3158 2072 3215 ρ
2109 3134 2208 3189 hoc
2241 3154 2453 3208 quoque
2487 3144 2537 3197 in
2604 3161 2706 3222 sua
2733 3149 2836 3201 ﬁde
2894 3153 3100 3217 dicunt)
3142 3157 3301 3210 simul
3365 3134 3675 3217 fatebuntur

2106 3231 2394 3283 essentiam
2427 3248 2489 3285 ex
2525 3238 2838 3312 operatione
2867 3255 3006 3294 esse.
3097 3245 3160 3298 Et
3189 3251 3462 3313 quomodo
3519 3253 3674 3307 aiunt

2106 3323 2396 3377 essentiam
2421 3327 2635 3392 quidem
2657 3328 2870 3383 causam
2898 3347 3058 3399 esse;
3111 3342 3477 3404 Operatioui-in
3526 3360 3672 3410 vero,

2107 3413 2245 3477 quod
2280 3427 2360 3468 est
2389 3431 2455 3468 ex
2483 3433 2666 3480 causa,
2687 3426 2875 3489 nempe
2899 3428 3136 3480 essentia
3157 3429 3178 3480 ’ἒ
3197 3427 3306 3482 lloc
3323 3433 3464 3485 enim
3497 3435 3657 3488 etiam

2110 3503 2318 3556 illorum
2353 3508 2708 3572 positionibus
2738 3519 3070 3570 contrarium
3098 3529 3198 3573 est.

2179 3596 2257 3647 Ad
2285 3611 2472 3653 omnes
2501 3616 2624 3654 vero
2646 3607 3018 3669 auctoritates,
3061 3609 3111 3661 in
3147 3612 3340 3678 quibus
3363 3631 3540 3670 sermo
3599 3635 3661 3673 ex

2109 3685 2338 3741 humana
2394 3693 2595 3746 ratione
2650 3695 2910 3751 humilior
2940 3713 3043 3764 est,
3094 3704 3234 3769 quod
3291 3721 3354 3758 ex
3416 3721 3676 3765 consueto

2107 3781 2361 3848 loquendi
2396 3788 2758 3855 inore,olique
2791 3793 3078 3846 humanam
3116 3795 3671 3864 imbecillitatem,”-

2108 3869 2173 3921 lia
2209 3886 2302 3939 per
2327 3889 2446 3925 eum
2481 3879 2696 3929 modum
2724 3879 2864 3931 dicta
2887 3883 2991 3935 sint
3012 3886 3387 3954 antdicantur,
3416 3897 3548 3947 satis
3573 3909 3670 3948 no-.

2105 3963 2188 4017 bis
2219 3964 2321 4017 erit
2351 3982 2486 4018 unus
2514 3969 2703 4021 beatus
2745 3971 3188 4041 Clu'ysostomus,
3247 3996 3523 4048 exponens
3582 3987 3671 4040 illa

2105 4055 2264 4108 verba
2305 4074 2316 4108 :
2357 4055 2420 4108 lu
2452 4060 2561 4123 ipso
2594 4063 2696 4114 vita
2751 4075 2884 4127 erat,
2925 4067 3145 4122 lioinilia
3178 4083 3327 4124 sexta
3381 4079 3676 4142 expositio-

2104 4147 2185 4199 nis
2206 4162 2313 4199 sua:
2343 4150 2390 4199 iii
2421 4148 2702 4206 Joannem.
2732 4156 2885 4221 Quod
2918 4160 3058 4210 enim
3097 4176 3162 4214 ex
3197 4178 3261 4216 eo
3287 4169 3428 4231 quod
3518 4170 3673 4224 dixe-

2105 4247 2227 4291 rat:
2264 4236 2327 4292 In
2363 4242 2472 4310 ipso
2508 4245 2616 4298 vita
2658 4260 2796 4311 erat,
2828 4253 3161 4319 sequebatur
3225 4260 3671 4324 compositionem

2104 4328 2154 4380 in
2187 4328 2294 4384 Deo
2330 4335 2566 4400 opinari,
2633 4347 2886 4408 tanquam
2920 4360 2983 4398 ex
3037 4351 3268 4402 essentia
3322 4362 3375 4402 et
3417 4354 3524 4404 vita
3589 4355 3674 4407 ille

2103 4422 2455 4489 eonllaretur;
2489 4443 2707 4483 causam
2733 4435 2999 4501 assignat,
3051 4455 3148 4492 cur
3215 4443 3382 4509 ipsam
3437 4461 3558 4496 vere
3609 4463 3669 4500 ae

2105 4533 2196 4584 per
2230 4532 2286 4569 se
2327 4521 2680 4575 essistentem
2727 4527 2916 4593 vitam,
2973 4531 3176 4586 dixerit
3233 4536 3398 4588 vitam
3459 4540 3674 4593 habere.

2101 4608 2188 4658 Ait
2221 4608 2432 4676 itaque:
2469 4611 2590 4665 Haec
2621 4632 2737 4668 vero
2767 4621 2945 4672 omnia
2977 4624 3135 4687 dixit,
3165 4643 3265 4678 non
3293 4637 3345 4677 ut
3410 4634 3674 4694 composi-

2103 4699 2290 4752 tionem
2317 4703 2609 4766 cpinemur.
2643 4707 2731 4760 sed
2753 4700 2808 4760 ut
2835 4713 3092 4776 paulatim
3129 4719 3196 4766 ad
3249 4720 3390 4769 celsa
3448 4723 3670 4788 dogma-

2108 4798 2215 4840 tum
2239 4793 2604 4858 prove/tamur.
2642 4799 2775 4861 Quia
2799 4805 2934 4854 enim
2962 4821 3064 4856 non
3092 4808 3250 4873 facile
3281 4810 3398 4876 quis
3432 4827 3459 4863 e
3521 4813 3670 4881 vulgo

2101 4884 2436 4952 intellexerit,
2459 4893 2720 4956 quomodo
2744 4894 2857 4954 eius
2885 4900 2990 4951 vita
3041 4901 3154 4965 ipsa
3197 4919 3311 4956 vere
3353 4921 3413 4956 ac
3475 4922 3565 4972 per
3623 4925 3676 4959 se

2105 4976 2343 5039 exsistat,
2374 4981 2521 5045 prius
2578 4984 2787 5050 quidem
2818 4989 2949 5040 illud
3000 4994 3161 5058 dixit,
3218 4997 3356 5064 quod
3423 4998 3675 5052 humilius

2104 5077 2178 5116 est
2202 5083 2219 5131 ;
2247 5066 2433 5122 deinde
2450 5087 2564 5123 eum
2587 5075 2675 5139 qui
2692 5079 2926 5131 eruditus
2949 5083 3034 5143 sit,
3058 5085 3124 5134 ad
3151 5085 3202 5135 id
3227 5088 3366 5137 ducit
3389 5091 3526 5154 quod
3548 5092 3674 5140 sub-

2105 5156 2282 5210 limius
2301 5169 2395 5211 est.
2421 5159 2561 5215 Nam
2579 5169 2666 5233 qui
2687 5169 2914 5235 dixerat,
2937 5189 2952 5220 t
2972 5172 3118 5225 Dedit
3137 5177 3181 5228 ei
3201 5177 3359 5228 vitam
3379 5179 3635 5241 habere“,
3653 5198 3668 5228 ι

2106 5246 2186 5299 hic
2215 5264 2391 5302 rursus
2432 5253 2564 5305 dixit
2595 5271 2613 5307 :
2650 5257 2792 5326 «Ego
2843 5277 2957 5312 sum
3009 5265 3110 5316 rita
3143 5265 3216 5329 ³⁶;
3253 5286 3271 5317 ι
3312 5283 3371 5318 ac
3424 5285 3669 5321 rnrsum:

2113 5335 2261 5406 ‘Ego
2296 5354 2410 5392 3m"
2447 5343 2646 5398 lux".t
2689 5349 2949 5413 Quocirca
2985 5355 3116 5406 illud
3143 5357 3235 5409 lux
3266 5371 3311 5410 et
3347 5359 3449 5409 vita
3476 5370 3519 5410 et
3551 5360 3671 5424 pul-

2103 5427 2344 5484 chritudo
2386 5444 2434 5486 et
2467 5437 2691 5504 bonitas,
2728 5460 2826 5496 non
2848 5446 2926 5498 sic
2971 5448 3311 5516 intelligenda
3341 5462 3482 5513 sunt,
3527 5453 3675 5518 quasi

2101 5515 2301 5587 aliquid
2333 5520 2603 5594 inaliquo,
2631 5535 2837 5586 tametsi
2870 5537 2946 5588 ita
2995 5515 3265 5604 dicantur,
3334 5557 3428 5606 pro
3492 5558 3673 5593 eorum

2102 5618 2258 5676 captu
2287 5619 2332 5664 et
2359 5612 2736 5686 imbecillitate,
2766 5627 2854 5693 qui
2892 5644 2993 5682 non
3024 5629 3184 5697 facile
3220 5631 3516 5701 intelligere
3547 5648 3671 5700 pos-
