4442 6440
810 412 916 473 383

2072 418 2471 479 MANUELIS
2512 420 2819 481 CALECAZ
2908 488 2912 493 ,

3938 396 4048 495 3st

806 533 950 585 sunt,
975 522 1235 590 quomodo
1261 522 1446 574 Iterum
1474 522 1757 591 quodlibet,
1789 524 1957 587 ipsum
1994 540 2111 580 vera
2139 535 2191 581 et
2214 543 2306 595 per
2327 543 2381 581 se
2407 526 2452 584 Α
2481 531 2560 584 λύε

2290 543 2306 575 ν·
2327 543 2381 581 se
2407 526 2452 584 Α
2481 531 2636 585 λύσιν
2658 536 2893 598 πάντων,
2922 550 2956 586 α
2980 550 3145 602 φασιν
3171 535 3315 603 ἔχειν
3340 535 3428 589 τὸν
3453 536 3585 591 Θεὸν
3616 539 3920 610 ἐνέργειαν,
3950 553 4044 597 καὶ

800 614 1107 665 exsistentia
1133 613 1382 681 gaudeat.
1418 611 1512 665 llic
1545 628 1707 681 porro
1736 614 1886 669 locus
1914 630 2054 671 unus
2102 615 2371 669 sufﬁciens

798 713 887 755 est
923 701 986 753 all
1029 700 1285 754 solvcnla
1352 702 1553 764 omnia,
1586 716 1705 770 qua:
1732 703 1940 769 dicunt,
1972 704 2139 758 Deum
2173 706 2372 758 habere

802 793 1203 857 Operationem,
1230 801 1282 845 et
1322 806 1446 846 esse
1487 792 1687 860 aliquid
1738 794 1789 846 in
1819 808 1924 858 eo;
1977 808 2207 863 esseque
2246 808 2375 863 ope-

801 886 1066 935 rationem
1090 899 1151 936 ex
1187 887 1443 950 essentia,
1464 901 1524 939 ac
1546 887 1588 939 si
1621 902 1723 955 qna
1741 888 1841 939 alia
1860 895 1983 942 sunt
2002 891 2123 957 ejus
2140 888 2371 957 generis.

800 971 992 1041 Liquet
1022 984 1197 1027 autem
1221 976 1387 1029 etiam
1410 991 1503 1030 eos
1528 978 1620 1045 qui
1673 977 1900 1032 necdum
1924 978 2221 1048 intelligere
2245 993 2371 1045 pos-

798 1075 951 1123 sunt,
979 1064 1143 1115 vitam
1175 1078 1237 1117 ac
1274 1064 1446 1118 lucem
1473 1066 1644 1133 ipsam
1668 1081 1797 1121 vere
1825 1082 1890 1120 ac
1917 1081 2017 1135 per
2047 1082 2106 1122 se
2134 1067 2373 1122 existen-

800 1163 929 1214 tem,
962 1167 1148 1206 eorum
1180 1154 1378 1208 classis
1405 1171 1525 1209 esse
1556 1166 1719 1226 atque
1757 1159 1994 1225 generis,
2047 1159 2367 1226 quibuscum

810 1244 863 1295 in
895 1242 1174 1313 Scriptura
1200 1247 1584 1314 indulgentius.
1623 1262 1720 1315 pro
1742 1262 1930 1302 eorum
1961 1259 2146 1315 captu,
2172 1249 2368 1317 agitur,

794 1348 1028 1399 quorum
1056 1336 1220 1388 etiam
1248 1350 1433 1398 causa,
1468 1336 1558 1389 tali
1586 1338 1853 1391 sermonis
1891 1337 2219 1392 demissione
2283 1336 2370 1389 illa

796 1426 968 1478 utitur
999 1444 1012 1479 :
1048 1426 1261 1495 alioque
1292 1430 1450 1481 modo
1484 1429 1806 1498 theologiam
1842 1429 1949 1483 illis
1982 1430 2126 1497 loqui
2159 1429 2251 1497 qui
2284 1444 2374 1480 rn-

798 1517 1106 1569 dimentsrii
1139 1527 1266 1571 sunt
1302 1534 1365 1571 ac
1400 1519 1754 1582 inducuntur,
1788 1520 2000 1589 alioque
2029 1520 2093 1574 iis
2127 1521 2217 1588 qui
2243 1530 2371 1575 sunt

796 1603 1021 1669 perfecti
1052 1623 1067 1671 ;
1100 1622 1196 1661 nec
1216 1622 1431 1675 semper
1460 1610 1779 1664 discendum
1810 1624 1952 1673 esse,
1996 1624 2059 1665 ac
2084 1625 2366 1679 nunquam

795 1694 1284 1763 intelligendum";
1356 1714 1753 1767 puerorumque
1799 1700 2163 1757 immanentes
2199 1703 2367 1757 disci-

791 1788 978 1859 plinis,
1011 1788 1249 1856 perfecta
1278 1789 1433 1843 delici
1469 1798 1565 1857 ps‘r
1592 1800 1674 1845 est
1696 1771 1964 1855 doctrina,
1987 1794 2075 1860 qui
2101 1807 2166 1847 ex
2202 1792 2371 1846 Paulo

2480 617 2619 673 εἶναι
2658 624 2716 673 ὲν
2742 623 2896 691 αύτῷ
2920 640 2971 674 τι
2995 640 3008 654 ο
3044 623 3137 676 καὶ
3166 618 3301 677 εἶναι
3336 626 3402 677 ὲκ
3433 627 3531 694 τῆς
3559 627 3745 691 οὐσίας
3773 630 3874 699 τὴν
3895 633 4045 701 ἐνέρο

2477 730 2655 779 γειαν,
2675 715 2766 765 καὶ
2788 715 2890 767 ὅσα
2920 715 3054 767 ἄλλα
3086 716 3312 769 τοιαῦτα
3334 733 3351 751 ’
3393 720 3629 787 φανερὸν
3662 721 3717 774 δὲ
3762 726 3856 775 καὶ
3886 724 3969 776 δτι
3994 726 4045 776 οι

2480 803 2614 872 μηδὲ
2646 804 2743 856 νῦν
2771 822 2853 857 πω
2882 805 3171 874 δυνάμενοι
3211 810 3353 860 νοεῖν
3403 808 3502 878 τὴν
3528 810 3695 879 ζωὴν,
3728 813 3903 865 καὶτὸ
3929 814 4045 880 φῶς

2480 892 2603 945 καθ’
2632 893 2795 945 ἑαυτὸ
2814 894 3083 960 ὑφεστὼς,
3117 894 3212 948 καὶ
3240 896 3304 947 τὸ
3335 896 3491 958 ἄλλα,
3536 898 3634 965 τῆς
3660 899 3908 967 ἑταιρίας
3938 902 4044 953 εἰσὶ

2474 982 2583 1033 τῶν
2606 982 3074 1050 οἰκονομουμένων
3105 984 3161 1035 ὲν
3184 986 3249 1052 τῇ
3278 984 3396 1053 θείᾳ
3421 984 3632 1053 Γραφῇ.
3660 986 3727 1037 δι’
3749 986 3841 1049 οὓς
3864 989 3895 1050 ἡ
3918 1004 4046 1055 συγ-

2475 1071 2777 1129 κατάϐασις
2802 1072 2993 1139 γέγονε
3024 1074 3122 1140 τῆς
3143 1074 3401 1143 τοιαύτης
3430 1076 3775 1141 ἀπαγγελίας
3794 1090 3809 1106 '
3842 1078 3940 1129 καὶ
3964 1079 4044 1129 ὃτι

2476 1162 2677 1231 ἑτέρως
2703 1162 2734 1229 ὴ
2764 1161 3013 1228 θεολογία
3038 1165 3151 1223 τοῖς
3183 1164 3571 1231 είσαγωγικοίς
3596 1166 3928 1234 διαλέγεται,
3949 1171 4043 1221 καὶ

2477 1253 2677 1315 ἑτέρως
2706 1257 2819 1313 τοῖς
2860 1252 3085 1309 τελείοις
3105 1270 3118 1282 ·
3147 1254 3241 1305 καὶ
3272 1254 3332 1305 ού
3359 1253 3439 1305 δεῖ
3470 1254 3699 1307 πάντοτε
3740 1257 4043 1325 μανθάνον-

2474 1357 2570 1402 τας
2626 1342 2883 1392 οὐδέποτε
2946 1342 3227 1403 συνιέναι,
3293 1345 3386 1396 καὶ
3448 1348 3870 1414 παραμένοντας
3929 1351 4044 1410 τοῖς

2471 1432 2581 1485 τῶν
2644 1432 2945 1501 παιδαρίων
3003 1432 3359 1501 μαθήμασιν,
3410 1435 3889 1505 ἀπολιμπάνεσθαι
3946 1441 4041 1506 τῆς

2472 1520 2679 1582 τελείας
2730 1521 3108 1587 διδασκαλίας,
3160 1523 3456 1585 ἀκούοντας
3506 1526 3600 1578 τοῦ
3652 1526 3901 1590 Παύλου,
3960 1529 4035 1579 λέ.

2472 1626 2679 1675 γοιιτος.
2706 1609 2829 1661 Ὀτι
2868 1610 2935 1661 τὸ
2966 1610 3198 1677 γράμμα
3222 1613 3598 1677 ἀποκτείνει,
3636 1615 3699 1666 τὸ
3719 1614 3788 1666 δὲ
3806 1616 4040 1685 πνεῦμα

2472 1698 2776 1766 (moranti-
2813 1698 2926 1762 καὶ,
2962 1698 3135 1752 Ὅσοι
3167 1700 3237 1753 ἐν
3260 1703 3422 1770 νόμῳ
3454 1702 3917 1771 καυχᾶσθεμ5).
3936 1705 4039 1771 τῆς

2471 1789 2711 1858 χάριτος
2742 1790 3072 1854 ἐξεπέσατε
3098 1808 3112 1824 ο
3137 1792 3316 1845 καίτοι
3356 1792 3629 1847 τοσούτων
3653 1794 3848 1861 φωνῶν
3872 1795 4046 1863 εμπε-

792 1878 1101 1943 audiamus,
1125 1877 1326 1931 Littera
1355 1880 1568 1943 occidit,
1592 1880 1809 1945 spiritus
1835 1890 2008 1933 autem
2038 1881 2263 1948 viviﬁcat
2286 1883 2367 1947 ”;
2405 1866 2441 1917 Β
2472 1897 2546 1949 ριε

2294 1883 2367 1947 ης
2405 1866 2441 1917 Β
2472 1879 2879 1949 ριειλημμένων
2900 1882 2968 1951 τῇ
3009 1879 3131 1950 θείᾳ
3179 1880 3393 1951 Γραφῇ,
3437 1883 3547 1935 ἀπὸ
3577 1881 3689 1934 τῶν
3732 1883 4048 1935 ταπεινοτέ-

789 1979 844 2021 et
882 1984 897 2021 :
942 1968 1134 2023 Omnes
1180 1971 1268 2038 qui
1318 1970 1372 2021 in
1419 1968 1528 2038 lege
1577 1970 1902 2037 gloriamini,
1930 1988 1962 2023 a
2006 1971 2177 2039 gratia
2225 1972 2370 2024 exci-

785 2056 940 2110 distis
968 2058 1049 2122 “;
1095 2057 1308 2112 tametsi
1337 2066 1418 2111 tot
1449 2058 1501 2111 in
1534 2059 1719 2113 divina
1751 2058 2029 2128 Scriptura
2087 2060 2373 2113 continen-

793 2161 883 2203 tur
912 2165 1094 2213 voces,
1142 2149 1340 2218 quibus
1374 2149 1442 2203 ab
1490 2150 1871 2205 humilioribus
1930 2149 1998 2202 ad
2056 2149 2369 2204 sublimiora

791 2257 972 2300 mente
1004 2246 1297 2317 erigamnr.
1316 2245 1533 2311 Quare,
1567 2248 1711 2313 quod
1744 2247 1861 2302 ﬁeri
1896 2257 2133 2317 nequeat
2161 2255 2221 2301 ut
2255 2249 2369 2301 huic

790 2337 973 2389 omnia
1003 2353 1095 2406 per
1128 2353 1187 2391 se
1213 2337 1479 2391 exsistant
1502 2347 1559 2390 ut
1585 2352 1670 2392 res
1717 2337 1970 2407 propriae,
2029 2352 2195 2392 unum
2234 2338 2363 2406 quid

2471 1983 2582 2040 ρων
2617 1970 2713 2023 ἐπὶ
2756 1971 2825 2021 τι
2866 1969 3175 2039 ὑψηλότερα
3230 1973 3378 2041 ἡμᾶς
3434 1973 3784 2041 ἀναγουσῶν·
3834 1975 3917 2028 διδ
3951 1977 4048 2029 καὶ

2468 2062 2590 2113 ἐπεὶ
2620 2060 2681 2113 οὐ
2708 2060 2933 2113 δύναται
2964 2062 3141 2115 ταῦτα
3174 2062 3355 2117 πὰντα
3387 2064 3732 2118 ινυπόστατα
3764 2059 3932 2129 εἶναι,
3969 2065 4045 2128 ὡς

2468 2149 2575 2202 ῐδια
2635 2148 2958 2219 πράγματα.
3002 2149 3063 2202 ἓν
3122 2166 3178 2201 τι
3220 2150 3398 2204 πάντα
3450 2151 3627 2204 ταῦτα
3677 2152 4047 2207 ἑνυπόστατον

2466 2242 2702 2309 πρᾶγμα
2727 2239 3068 2309 ὑποληπτέον
3090 2255 3106 2271 ·
3132 2242 3231 2295 ὅσα
3257 2243 3324 2293 τὰ
3351 2243 3409 2294 ιν
3434 2243 3563 2311 ἡμῖν
3591 2243 3926 2312 ὑποκείμενα
3950 2247 4048 2297 καὶ

2464 2330 3045 2402 κατηγορούμενα,καὶ
3067 2331 3361 2399 ἀπειράκις
3389 2332 3556 2385 πλείω
3573 2332 3632 2386 δν
3653 2336 3794 2386 κατὰ
3812 2335 3873 2388 τὸ
3893 2334 4043 2387 αὐτό.

791 2445 888 2496 per
920 2448 976 2483 se
1007 2432 1279 2486 essistens
1314 2445 1536 2485 necesse
1560 2440 1644 2484 est
1701 2440 1843 2485 utea
1864 2432 2044 2484 omnia
2079 2431 2452 2485 existimemus
2476 2466 2490 2488 .
2526 2440 2862 2495 quaecunque
2891 2424 3103 2479 scilicet
3160 2423 3212 2479 in
3266 2425 3423 2479 nobis
3492 2436 3547 2480 et
3610 2425 3852 2497 subjecta
3915 2437 4043 2484 sunt

791 2538 851 2571 ac
883 2522 1192 2586 pm'dicata,
1243 2522 1609 2590 inllnitiesque
1638 2522 1790 2591 plura
1849 2521 2147 2577 secundum
2200 2537 2362 2573 unmn
2405 2534 2468 2572 ac
2507 2518 2644 2572 idem
2669 2518 2962 2571 exsistens.

860 2616 1058 2667 Ox'lil‘a
1116 2616 1276 2684 hujus
1330 2616 1688 2685 corruptionis
1733 2630 1916 2682 causa,
1953 2618 2093 2685 quod
2128 2631 2209 2680 ea,
2252 2632 2371 2685 qn.e

789 2706 1110 2774 tpzihnsdam
1150 2707 1283 2761 locis
1315 2721 1345 2761 a
1374 2708 1578 2760 sanctis
1608 2708 1750 2761 dicta
1783 2716 1909 2762 sunt
1943 2708 2009 2761 de
2041 2707 2133 2761 Dei
2185 2723 2361 2761 esseu-

791 2799 863 2851 tia
905 2810 1159 2867 tanquam
1194 2799 1258 2853 ile
1289 2799 1620 2865 operatione,
1660 2814 1763 2867 qua
1813 2799 1903 2853 ille
1931 2801 1978 2851 vi
2014 2800 2204 2868 agi-n-Ii
2238 2814 2346 2865 prce

787 2889 820 2941 d
850 2900 933 2941 t-us
962 2902 1025 2940 ac
1079 2888 1261 2939 ellicax
1316 2898 1395 2940 est
1448 2889 1520 2955 (Η
1562 2890 1705 2941 enim
1754 2891 1959 2943 sanctis
2008 2890 2371 2957 promiscuum

789 2982 1037 3043 habetur,
1071 2982 1147 3033 uti
1190 2981 1472 3048 probatum
1516 2984 1644 3049 est),
1671 2981 1768 3049 ipsi
1816 2996 1911 3049 pro
1959 2981 2109 3035 libito
2142 2984 2205 3034 de
2243 2995 2375 3047 0pc-

790 3074 1020 3136 ratione,
1045 3088 1164 3139 qua:
1197 3088 1223 3125 a
1251 3071 1342 3125 Dei
1368 3073 1600 3126 essentia
1630 3073 1908 3135 dividitur,
1940 3073 2098 3126 modo
2124 3087 2370 3142 superius

787 3163 979 3228 l't'latn,
1023 3173 1369 3230 accepernnl.
1388 3164 1475 3217 Ait
1497 3164 1637 3217 enim
1664 3179 1890 3232 magnus
1910 3165 2365 3234 Dionysius,qnml

787 3265 840 3307 et
869 3264 1052 3321 postea
1088 3254 1161 3307 illi
1198 3254 1467 3307 secundus
1501 3252 1739 3308 Joannes
1775 3255 2140 3309 Damascenns
2176 3255 2365 3307 iisdem

785 3345 969 3400 verbis
1027 3346 1313 3413 exposuit,
1370 3358 1613 3413 nempe:
1664 3344 1906 3399 Divinam
1969 3346 2372 3399 illustrationem

786 3446 941 3503 atque
973 3435 1241 3499 uirtutem,
1266 3451 1371 3487 una
1410 3450 1527 3487 cum
1552 3434 1619 3486 sit
1642 3444 1690 3487 et
1714 3436 1939 3501 simplex
1972 3446 2019 3489 et
2050 3436 2277 3489 indivisa
2324 3447 2375 3491 et

785 3526 1134 3595 boniformis,
1187 3527 1242 3581 in
1284 3525 1518 3579 dividuis
1586 3528 1881 3581 uariantcm
1926 3529 2226 3597 cunctisque
2271 3530 2372 3582 tri-

789 3620 1029 3669 buentem
1062 3616 1251 3686 quibus
1282 3617 1496 3685 propria
1532 3628 1725 3670 natura
1760 3626 2043 3684 pra'statur
2072 3621 2372 3685 incolumis,

782 3708 1076 3774 simplicem
1118 3724 1330 3761 manere
1354 3723 1511 3777 :quaa
1550 3709 1927 3776 multiplicetur
1946 3711 2154 3780 quidem
2202 3713 2257 3765 in
2295 3712 2374 3763 1i-

783 3802 953 3855 ridnis
1004 3801 1247 3865 indivise,
1272 3800 1591 3869 diuiduaque
1634 3800 1863 3853 insuam
1900 3801 2015 3868 ipsa
2056 3802 2372 3866 simplicita-

783 3903 885 3945 tem
924 3891 1134 3960 colligat
1161 3900 1322 3960 atque
1375 3900 1659 3944 convertat.
1687 3890 1889 3944 Cuncta
1949 3880 2085 3945 enim
2112 3894 2258 3948 illius
2286 3894 2376 3947 de-

784 3983 987 4038 siderio
1053 3992 1316 4047 tenentur,
1371 3994 1417 4037 et
1469 3985 1521 4037 in
1566 3984 1679 4051 ipsa
1732 3986 2093 4038 exsistentiam
2160 3984 2372 4056 habent,

784 4075 1092 4142 cunctisque
1114 4090 1249 4139 esse,
1273 4090 1367 4141 pro
1398 4090 1458 4128 eo
1508 4091 1570 4127 ac
1611 4071 1719 4128 illis
1772 4084 1964 4127 natura
2010 4088 2374 4145 comparatum

782 4176 881 4229 est,
940 4166 1226 4233 impartit;
1271 4175 1453 4233 estque
1483 4181 1566 4228 ea,
1629 4182 1814 4218 eorum
1870 4182 1987 4235 qua:
2033 4178 2191 4230 sunt,
2239 4186 2375 4233 esse,

783 4273 965 4310 carum
1002 4273 1118 4325 quae
1143 4257 1344 4317 vivunt,
1377 4257 1508 4319 vita,
1536 4273 1715 4310 eorum
1743 4274 1860 4326 qute
1892 4260 2093 4310 ratione
2118 4262 2376 4313 utentium

785 4367 926 4403 more
957 4359 1100 4414 sunt,
1134 4350 1296 4416 ratio,
1318 4366 1603 4420 eorumque
1631 4366 1747 4419 quae
1770 4350 2176 4419 intelligentiam
2214 4368 2376 4414 more,

782 4442 1153 4511 intelligentia,
1189 4458 1307 4493 cum
1353 4442 1466 4508 ipsa
1488 4458 1647 4509 supra
1701 4450 1945 4505 mentem,
1974 4459 2238 4511 supraque
2282 4460 2375 4497 ra-

2554 2613 2778 2679 Ὄγδοον
2828 2615 2928 2679 τῆς
2958 2611 3255 2680 διαφθορᾶς
3305 2611 3507 2682 ταύτης
3555 2613 3613 2663 τὸ
3642 2611 3835 2676 αἴτιον,
3868 2613 3950 2665 ὅτι
3978 2613 4049 2664 τὲ

2477 2703 2690 2773 ἐνιαχοῦ
2710 2707 2819 2765 τοῖς
2844 2704 3019 2770 ἁγίοις
3037 2704 3303 2773 εἰρημένα
3325 2706 3417 2756 ἐπὶ
3446 2705 3542 2773 τῆς
3564 2704 3751 2767 οὐσίας
3771 2704 3862 2757 τοῦ
3886 2705 4045 2769 Θεοῦ,

2476 2796 2549 2854 ὡς
2572 2797 2663 2844 ἐπὶ
2696 2794 2974 2862 ἐνεργείας
3008 2796 3129 2847 καθ’
3162 2796 3229 2864 ἢν
3260 2797 3613 2864 ἐνεργητικός
3646 2798 3795 2847 ἐστιν
3825 2813 3841 2829 ο
3885 2796 4049 2849 τοῦτο

2478 2890 2586 2955 γὰρ
2611 2890 2756 2951 παρα
2779 2888 2893 2948 τοῖς
2918 2887 3094 2954 ἁγίοις
3112 2888 3427 2955 ἀδιάφορον,
3452 2887 3525 2948 ὡς
3547 2886 3839 2951 δέδεικται,
3861 2887 3935 2948 ὡς
3958 2887 4051 2938 ἐπὶ

2477 2980 2756 3045 ἐνεργείας
2812 2979 2969 3031 αὐτοὶ
3035 2977 3305 3042 ἐδέξαντο,
3362 2978 3746 3047 διαιρουμῖνης
3796 2979 3903 3031 ἀπὸ
3953 2977 4050 3044 τῆς

2475 3069 2664 3128 οὐσίας
2685 3069 2779 3121 τοῦ
2802 3069 2958 3134 Θεοῦ,
2974 3071 3066 3121 τὸν
3102 3069 3588 3137 προηριθμημένον
3610 3070 3832 3140 τρόπον,
3862 3069 4050 3137 ὥσπερ

2475 3160 2870 3230 ἐδουλήθησαν·
2893 3160 3029 3229 φησὶ¹
3050 3159 3156 3229 γὰρ
3175 3163 3201 3213 ὁ
3223 3161 3395 3229 μέγας
3416 3161 3714 3225 Διονύσιος,
3745 3162 3773 3213 ὃ
3798 3161 3884 3213 καὶ
3908 3160 3935 3211 ὀ
3953 3167 4053 3213 Δα-

2477 3252 2752 3321 μασκόθεν
2794 3252 3047 3320 Ἰωάννης
3076 3250 3301 3319 ὕστερον
3324 3249 3704 3318 ἐκδεξάμενος,
3732 3253 3912 3313 αὐτοῖς
3936 3252 4050 3304 ὀνό-

2477 3361 2642 3414 μασιν
2672 3343 2949 3409 ἐξέθηκεν,
2991 3345 3122 3397 Ὀτι
3176 3347 3214 3413 ἠ
3248 3347 3375 3401 θεία
3404 3346 3710 3412 ἐλλαμψις
3751 3345 3848 3397 καί
3890 3344 4051 3411 ἐνέρ-

2474 3453 2623 3505 rem,
2650 3436 2755 3502 μία
2784 3431 2943 3489 οὖσα
2972 3437 3071 3489 καὶ
3105 3437 3272 3505 ἀπ.ιῆ
3302 3438 3402 3489 καί
3429 3437 3655 3505 ἀμερὴς
3690 3437 3788 3489 καὶ
3833 3435 4049 3503 ἀγαθο-

2472 3527 2643 3592 ειδὴς
2669 3569 2681 3587 ,
2717 3527 2786 3579 ἐν
2813 3526 2938 3592 τοῖς
2959 3527 3268 3596 μεριστοῖς
3290 3542 3450 3582 ποικι
3467 3528 3748 3596 λλομένη,
3775 3527 3871 3579 καί
3900 3525 4052 3581 πᾶσι

2474 3618 2547 3671 τὰ
2576 3616 2684 3683 τῆς
2725 3618 2947 3682 οἰκείας
3009 3620 3253 3687 φύσεως
3301 3621 3569 3672 σωστικὰ
3595 3617 3862 3685 νέμουσα
3885 3616 4055 3685 μένει

2475 3709 2641 3778 ἁπλῆ
2670 3726 2683 3739 ·
2719 3711 3159 3778 πληθυνομένη
3183 3710 3300 3779 μὲν
3330 3712 3401 3764 ἐν
3426 3711 3552 3776 τοῖς
3578 3709 3887 3779 μεριστοῖς
3914 3710 4057 3777 ἀμε-

2466 3804 2715 3871 ρίστως,
2748 3800 2945 3855 καὶτὰ
2973 3803 3227 3871 μεριστὰ
3271 3803 3423 3870 πρὸς
3471 3802 3588 3869 τὴν
3620 3800 3844 3869 ἑαυτῆς
3870 3802 4059 3854 ἀπλόα

2474 3909 2621 3959 tnta
2663 3891 3022 3959 συνάγουσα
3071 3890 3169 3944 καί
3198 3890 3668 3960 ἐπιστρέφουσα.
3712 3889 3914 3942 Πάντα
3947 3890 4058 3956 γὰρ

2476 3982 2667 4050 αὐτῆς
2694 3982 2945 4050 ἐφίεται,
2965 3982 3063 4036 καί
3091 3982 3159 4035 ἐν
3184 3981 3342 4050 αὐτῇ
3366 3983 3489 4049 ἔχει
3516 3981 3632 4047 τὴν
3656 3979 3932 4047 ὕπαρξιν,
3958 3979 4058 4031 καί

2476 4072 2631 4141 αὑτὴ
2655 4072 2782 4139 τοῖς
2814 4072 2967 4128 πᾶσι
2997 4074 3065 4127 τὸ
3097 4070 3274 4140 εἶναι,
3310 4074 3505 4138 καθὼς
3535 4073 3659 4140 ἔχει
3678 4073 3939 4141 φύσεως,
3954 4086 4059 4139 με·

2476 4166 2763 4221 ταδίόωσι
2785 4182 2799 4197 ·
2828 4166 2927 4218 καί
2949 4166 3104 4233 αὐτή
3132 4166 3264 4219 ἐστι
3295 4166 3412 4218 τῶν
3436 4166 3628 4218 ὄντων
3655 4166 3721 4216 τὸ
3745 4160 3899 4217 εἷναι
3919 4201 3935 4229 ,
3961 4161 4059 4214 καί

2475 4257 2598 4312 τῶν
2627 4255 2858 4318 ζώντων
2882 4258 2919 4324 ή
2948 4254 3083 4323 (rei),
3124 4258 3220 4310 καί
3254 4256 3373 4309 τῶν
3396 4252 3653 4323 λογικῶς
3678 4254 3868 4307 ὄντων
3898 4255 3930 4307 ό
3959 4253 4060 4306 λό-

2479 4367 2585 4419 γος
2604 4392 2618 4412 ,
2650 4350 2745 4401 καί
2780 4347 2899 4400 τῶν
2928 4346 3141 4415 νοερῶς
3171 4348 3363 4400 ὄντων
3381 4348 3418 4413 ὴ
3443 4348 3657 4413 νόησις
3683 4387 3698 4411 ,
3724 4346 3878 4411 αὐτὴ
3907 4343 4060 4409 ὑπὲρ

2479 4443 2632 4497 νοῦν
2681 4436 2854 4507 οὖσα,
2879 4440 2975 4494 καί
3020 4439 3172 4507 ὑπὲρ
3201 4439 3530 4508 λόγον,καί
3566 4439 3717 4505 ὑπὲρ
3748 4437 3920 4502 ζωὴν,
3963 4435 4063 4488 καί

784 4536 1001 4597 tionem,
1032 4544 1259 4601 etsupra
1289 4534 1472 4591 vitam.
1508 4551 1570 4586 ac
1600 4550 1763 4602 supra
1790 4534 2068 4587 essentiam
2096 4536 2343 4592 exsistat.
2409 4560 2452 4615 ι)
2482 4537 2538 4591 ὐ;

1164 4550 1259 4601 pra
1289 4534 1472 4591 vitam.
1508 4551 1570 4586 ac
1600 4550 1763 4602 supra
1790 4534 2068 4587 essentiam
2096 4536 2343 4592 exsistat.
2409 4560 2452 4615 ι)
2482 4535 2635 4603 ὑπὲρ
2674 4536 2918 4588 οὐσίαν.

860 4621 953 4677 llis
1008 4624 1193 4693 itaque
1239 4634 1298 4677 ut
1343 4624 1693 4680 validissimis
1742 4635 1988 4688 utuntur,
2024 4627 2089 4679 ad
2144 4628 2377 4693 proban-

782 4711 935 4775 dum,
973 4712 1215 4765 divinam
1248 4713 1562 4776 essentiam,
1595 4714 1797 4768 nullius
1835 4729 2025 4768 eorum
2064 4731 2187 4785 quae
2222 4726 2373 4769 extra

783 4814 914 4857 sunt
934 4818 1055 4859 esse
1078 4804 1427 4870 ellectricem,
1458 4805 1551 4859 sed
1576 4820 1946 4876 cperattonem
1974 4824 2068 4863 seu
2097 4810 2375 4871 virtutem,

782 4912 946 4965 quam
994 4907 1274 4967 tanmpvre
1313 4900 1379 4952 ah
1420 4900 1655 4952 essentia
1708 4898 1965 4968 distingui
2013 4901 2282 4963 dixerunt,
2314 4899 2376 4952 il-

785 4990 945 5058 laque
978 4991 1237 5044 inlinities
1262 4991 1470 5045 inﬁnite
1498 4990 1815 5046 inferiorem
1844 5007 1991 5056 esse;
2016 4992 2154 5044 hanc
2189 5007 2380 5059 netnpe

781 5084 987 5137 creatis
1055 5085 1445 5153 propinquare,
1506 5099 1680 5152 eaque
1737 5085 2025 5137 incolumia
2094 5096 2374 5151 pnestare,

784 5186 947 5242 atque
974 5174 1040 5227 ad
1072 5186 1383 5229 creaturam
1442 5177 1668 5230 inferius
1729 5177 2021 5238 ventitare,
2057 5174 2283 5242 ejusque
2318 5179 2379 5227 il-

784 5264 890 5317 lam
946 5266 1269 5335 participcm
1302 5280 1443 5333 esse,
1474 5276 1529 5321 et
1556 5269 1920 5326 sanetilicarc,
1954 5274 2008 5318 et
2052 5266 2379 5331 illuminaie,

784 5369 837 5410 et
875 5359 1130 5421 insidere,
1162 5373 1215 5414 et
1246 5377 1341 5415 eos
1371 5362 1461 5425 qui
1509 5361 1656 5428 digni
1691 5361 1797 5413 sint
1830 5358 2105 5420 deiﬁcare,
2143 5361 2385 5427 proprie-

866 5539 979 5595 ”il
1036 5539 1181 5596 Tim.
1222 5556 1304 5605 ιιι,
1336 5541 1386 5595 7.
1466 5541 1509 5573 ³³
1535 5538 1578 5595 ιι
1602 5540 1730 5595 Cor.
1757 5556 1842 5607 ιιι,
1872 5539 1929 5592 6.

860 5751 975 5819 (l5)
1022 5750 1125 5805 Ἐν
1156 5751 1317 5819 νόμῳ
1340 5750 1672 5819 καυχᾶσθε.
1712 5750 1922 5819 Lapsus
1979 5749 2239 5803 memoria
2266 5747 2373 5801 Ca-

789 5824 891 5879 Icc.
928 5822 1104 5877 Locus
1140 5824 1285 5877 i‘anli
1320 5824 1377 5875 ὲν
1402 5825 1551 5894 νόμῳ
1577 5823 1909 5876 δικαιοῦσθε.
1949 5821 2011 5875 In
2048 5821 2175 5890 Lege
2207 5820 2372 5889 justi-

2006 5538 2054 5569 ”
2077 5536 2256 5593 Calat.
2298 5554 2351 5601 ν,
2381 5538 2434 5592 4.

2556 4626 2781 4688 Τούτοις
2813 4625 2927 4690 ,οὖν
2952 4627 3028 4687 ὡς
3061 4624 3439 4694 ίσχυροτάτοις
3485 4620 3727 4692 χρῶνται
3756 4620 3894 4690 πρὸς
3926 4620 4063 4672 ἁπό-

2484 4719 2651 4785 δειξιν
2681 4717 2775 4770 τοῦ
2804 4718 2886 4770 ὅτι
2909 4719 2942 4787 ἡ
2978 4716 3096 4769 θεία
3120 4715 3277 4766 οὐσία
3301 4714 3515 4775 ούδεν’;ς
3548 4710 3933 4781 ἀπεργαστικὴ
3957 4711 4064 4762 τῶν

2488 4810 2639 4869 ἐντός
2675 4810 2845 4871 ἐστιν,
2888 4805 3004 4859 ἀλλ’
3055 4808 3087 4875 ἡ
3120 4805 3395 4873 ἐνέργεια,
3430 4805 3496 4871 ἣν
3554 4802 3650 4853 ἐπὶ
3681 4801 3935 4853 τοσοῦτον
3965 4800 4064 4866 τῆς

2487 4900 2675 4962 οὐσίας
2702 4898 2983 4967 διαφέρειν
3017 4896 3247 4965 ἔφασαν,
3281 4904 3377 4949 καὶ
3416 4894 3584 4962 αὐτῆς
3628 4892 3879 4962 ὑφεῖσθαι
3912 4894 4066 4943 ἀπει-

2490 4995 2649 5063 ράκις
2677 4994 2943 5063 ἀπείρως,
2978 4990 3353 5058 προσπελάζει
3376 4989 3489 5050 τοῖς
3521 4986 3809 5054 κτίσμασι,
3835 4985 3931 5035 καὶ
3960 4981 4066 5033 σώ-

2490 5085 2573 5149 ζει
2612 5085 2805 5149 ταῦτα,
2842 5086 2935 5137 καὶ
2989 5085 3151 5152 φοιτᾷ
3188 5083 3337 5135 κάτω
3391 5082 3529 5150 πρδς
3574 5079 3675 5148 τὴν
3736 5076 3935 5140 κτίσιν,
3975 5076 4068 5127 καὶ

2493 5178 2786 5246 μετέχεται
2822 5177 2913 5228 ὑπ’
2942 5176 3111 5243 αὐτῆς
3165 5176 3257 5226 καὶ
3292 5172 3512 5239 ἁγιάζει
3545 5172 3641 5224 καὶ
3700 5168 3926 5237 φωτίζει
3973 5166 4069 5218 καὶ

2490 5268 2724 5335 ἐνιδρύει
2762 5267 2856 5319 καὶ
2886 5267 3001 5317 θεοῖ
3036 5266 3163 5325 τοὺς
3195 5264 3399 5328 ἀξίους,
3434 5264 3529 5316 καὶ
3555 5262 3760 5331 κυρίως
3792 5259 3912 5311 ἐστὶ
3950 5257 4073 5308 θεό-

2492 5378 2589 5428 της
2615 5360 2707 5411 καὶ
2737 5357 2852 5429 ζωὴ
2882 5359 2976 5410 καὶ
3000 5356 3163 5425 σοφία
3195 5356 3287 5408 καὶ
3315 5356 3546 5424 δύναμις
3569 5369 3582 5382 ·
3611 5353 3705 5406 καὶ
3734 5347 4066 5419 κληρονομία

2484 5747 2740 5812 ,νὴ-ιιιιιίιιὶ.
2776 5743 2888 5869 Ἱῖδ,
2954 5746 3010 5798 ἐν
3089 5744 3237 5814 νόμῳ
3307 5740 3616 5817 καυχᾶσθαι
3675 5741 3783 5797 alio
3834 5748 4069 5806 Speclat.

2487 5818 2641 5869 lium.
2675 5834 2733 5869 ιι.
2765 5825 2797 5868 τ.
2840 5852 2855 5868 .

2487 5818 2641 5871 lium.
2675 5834 2733 5883 ιι,
2765 5818 2855 5869 εἶθ.
