4442 6440
412 387 516 450 389

1401 392 1498 451 DE
1541 390 1911 452 ESSEN'I'IA
1956 389 2047 447 ET
2083 389 2591 455 nI‘EllATIONE.

3517 397 3624 455 390

410 495 551 559 τοὺς
576 533 593 557 ,
629 494 712 560 ὥς
739 512 931 566 φησιν
973 498 1256 565 Ἰωάννης
1286 503 1318 553 ό
1346 500 1500 565 θεῖος
1526 500 1761 566 Πατήρ;
1791 502 1873 551 Οὐ
1906 504 1970 551 τὸ
2000 498 2044 554 Α
2074 514 2164 548 mo:

1872 522 1873 531 ι
1906 504 1970 551 τὸ
2000 498 2044 554 Α
2074 514 2278 559 manas,
2300 514 2481 565 eosque
2497 501 2663 566 fugat,
2688 500 3118 567 quemadmodum
3138 504 3212 553 ait
3236 503 3437 554 divinus
3469 503 3626 556 Pater

408 587 514 638 τοῦ
544 588 769 652 Κυρίου
808 588 1036 653 Ἰησοῦ.
1063 590 1131 642 τὸ
1162 590 1231 641 ἐν
1256 589 1329 654 τῇ
1361 589 1570 656 μνήμῃ
1619 589 1804 641 αὐτοῦ
1831 587 1971 651 ἐξά·

406 692 560 729 error
586 676 806 740 Erdor;
847 678 1031 746 Ὀσμὴ
1061 679 1133 731 δὲ
1167 679 1489 747 Ὑψίστου,
1518 679 1661 732 ποία
1690 679 1880 745 ἑτέρα.
1919 678 1970 731 εί

398 767 488 835 μὴ
525 770 707 835 θέρμη
730 768 837 823 τοῦ
868 770 1043 837 ἁγίου
1091 772 1458 838 Πνεύματος,
1503 772 1637 837 ἣτις
1692 771 1840 823 ποτὲ
1874 771 1970 822 καί

401 858 471 908 ἐκ
502 858 611 923 τῆς
651 860 825 924 ῥινὸς
871 860 1140 929 ἀρρήτως
1188 861 1526 929 ἐξέρχεται;
1586 864 1650 913 Ἀ
1682 862 1745 930 δὴ
1776 863 1833 912 ἐν
1860 865 1971 923 τοῖς

408 950 537 1015 περὶ
566 950 741 1013 φωτὸς
770 950 941 1004 αὑτοῦ
972 953 1173 1017 λόγοις,
1199 951 1291 1013 οὓς
1316 953 1611 1021 ἐπιγράφει
1644 952 1973 1019 Προτέρους

409 1038 506 1088 καὶ
559 1040 905 1105 Δευτέρους,
943 1042 1106 1107 φησιν
1138 1040 1360 1104 ὀὕτως’
1425 1044 1485 1091 '0
1529 1041 1731 1108 μέντοι
1758 1039 1881 1106 φῶς
1905 1041 1973 1091 ἐν

408 1129 745 1183 ὑποστάσει
774 1132 924 1199 φασί
956 1133 1374 1200 πνευματικῶς
1405 1131 1575 1199 ὀρᾷν,
1618 1133 1690 1184 ὃν
1704 1134 1836 1199 μὲν.
1876 1131 1971 1182 καὶ

405 1220 491 1284 μὴ
526 1222 900 1287 συμϐολικόν
923 1235 938 1251 ⁸
972 1222 1061 1275 ἀεί
1094 1223 1201 1291 γὰρ
1232 1224 1323 1290 ὒν,
1352 1224 1445 1275 καὶ
1474 1223 1541 1275 τὰ
1591 1222 1735 1289 ἑξῆς.
1776 1223 1856 1273 Τὰ
1910 1220 1973 1289 δὴ

406 1309 630 1362 τοιαῦτα
688 1313 744 1362 ἐν
803 1312 880 1379 τῷ
911 1311 1111 1381 πρώτῳ
1146 1312 1286 1381 λόγῳ
1335 1314 1675 1383 προείρηται,
1723 1314 1854 1365 ὅπου
1876 1313 1975 1381 τὴν

407 1402 521 1453 τῶν
553 1402 760 1473 ἀνδρῶν
779 1405 985 1457 τούτων
1008 1405 1190 1458 πίστιν
1220 1404 1551 1472 ἐδείκνυμεν.

493 1663 613 1717 Ἐπὶ
646 1666 702 1719 δὲ
746 1666 955 1730 τούτοις
998 1668 1357 1736 ἐλεγχόμενος
1411 1667 1516 1721 ὑπό
1549 1685 1733 1729 τινων,
1793 1668 1976 1734 σαφῶς

406 1754 508 1822 τὴν
546 1755 736 1808 οὐσίαν
774 1757 867 1809 τοῦ
925 1758 1058 1810 Θεοῦ
1118 1760 1322 1828 ὁρατὴν
1345 1759 1438 1811 καὶ
1472 1760 1745 1827 πνευστὴν
1799 1775 1975 1811 κατα-

2069 584 2298 640 Joannes
2327 588 2353 640 .’
2381 587 2564 640 Nonne
2591 574 2797 642 Domini
2827 592 2954 643 Jesu
3000 593 3089 659 qui
3119 592 3263 645 intus
3296 594 3347 644 in
3383 594 3492 660 ejus
3526 612 3629 646 me-

2071 678 2241 729 moria
2273 679 2576 731 accenditur
2601 680 2626 732 ι
2659 678 2830 732 Porro
2882 682 3138 731 Altissimi
3186 683 3332 741 odor,
3386 684 3629 749 quisnam

2070 766 2234 820 alius.
2284 768 2382 818 nisi
2433 771 2603 834 [error
2634 767 2861 834 Spiritus
2904 772 3072 823 sancti
3130 772 3218 838 qui
3267 782 3311 823 et
3355 787 3442 839 per
3476 788 3627 823 nares

2069 858 2375 925 quandoque
2413 875 2610 911 arcana
2648 862 2849 912 ratione
2899 862 3173 926 procedit?
3204 860 3331 926 Qua:
3364 863 3545 927 utique
3574 862 3625 912 iu

2071 948 2401 999 orationibus
2436 950 2548 1000 suis
2595 949 2659 1001 de
2692 949 2916 1012 lumine,
2942 964 3074 1015 quas
3132 950 3341 1001 Priores
3369 959 3421 1001 et
3452 961 3621 1013 poste-

2072 1039 2235 1089 riores
2301 1048 2585 1104 praenotat,
2672 1040 2833 1107 inque
2895 1040 3033 1091 bunc
3093 1041 3628 1106 modum-exponit:

2078 1125 2229 1178 llunc
2274 1128 2518 1179 nimirum
2572 1132 2732 1197 ignem
2794 1132 2956 1193 ipsum
2994 1130 3045 1179 in
3096 1130 3362 1196 [typostasi
3397 1146 3457 1181 ac
3510 1131 3634 1181 sub-

2073 1219 2337 1269 sistentem
2387 1220 2692 1281 spiritaliter
2730 1236 2784 1271 se
2835 1222 3005 1272 videre
3053 1221 3223 1283 aiunt,
3262 1220 3399 1288 quod
3425 1220 3632 1286 quidem

2073 1310 2426 1360 e.rsistentiam
2464 1310 2636 1376 habet,
2665 1318 2713 1361 et
2770 1326 2867 1360 non
2924 1310 3262 1377 symbolieunt
3294 1321 3367 1361 est
3392 1326 3409 1372 ,'
3433 1326 3633 1375 semper

2075 1400 2207 1451 enim
2232 1400 2480 1451 exsistens
2515 1410 2611 1460 est,
2644 1411 2695 1451 et
2727 1416 2845 1467 qua!
2897 1411 3213 1468 sequuntur.
3259 1402 3387 1465 Qure
3446 1402 3629 1466 utique

2068 1487 2179 1552 jam
2210 1498 2333 1541 ante
2362 1489 2502 1540 dicta
2535 1500 2653 1541 sunt
2680 1490 2816 1541 libro
2861 1490 3051 1557 primo,
3093 1491 3181 1543 ubi
3236 1492 3422 1544 horum
3458 1490 3631 1543 homi-

2076 1596 2203 1634 num
2234 1581 2387 1632 ﬁdem
2418 1580 2766 1633 ostendimus.

2150 1672 2283 1726 ll'nc
2313 1682 2488 1726 autem
2546 1671 2891 1739 arguentibus
2927 1670 3264 1738 quibusdam,
3289 1671 3426 1738 quod
3460 1671 3633 1738 palam

2080 1765 2170 1818 Dei
2199 1766 2488 1819 essentiam
2535 1763 2703 1816 oculis
2734 1762 3111 1829 aspectabilem
3145 1776 3381 1829 nareque
3431 1762 3638 1837 περίτα-

409 1843 710 1907 σκευάζων.
738 1846 1022 1914 ἐκφεύγων
1050 1848 1209 1917 δῆθεν
1239 1848 1299 1900 τὸ
1338 1849 1556 1910 ἄτοπον,
1591 1850 1795 1917 χείρονι
1821 1848 1975 1916 κακῷ
2010 1864 2047 1917 Β
2078 1854 2163 1907 bilt

1873 1848 1975 1916 ικῷ
2010 1864 2047 1917 Β
2078 1854 2239 1907 bilem
2289 1852 2601 1916 afﬁrmaret,
2664 1852 3028 1904 nimirum.ut
3075 1851 3360 1902 absurdum
3408 1852 3627 1910 vitaret,

410 1931 735 2000 θεραπεύειν
760 1935 819 1986 τὸ
850 1934 1172 2004 βλάσφημον
1222 1939 1545 2007 ἐπεχείρησε
1573 1953 1588 1969 ο
1654 1939 1749 1991 καὶ
1801 1939 1975 2008 τολμᾷ

408 2024 509 2091 τὴν
530 2024 853 2094 ὑπερούσιον
879 2024 1118 2096 ὓπαρξιν
1140 2028 1234 2082 τοῦ
1262 2030 1398 2082 Θεοῦ
1419 2031 1517 2097 τὴν
1542 2031 1977 2099 ὑπερηνωμένην

410 2111 572 2164 ἐνάδα
594 2114 850 2183 ἀθέσμοις
879 2121 1240 2187 πραγματικῇ
1267 2118 1535 2188 διακρίσει
1564 2121 1642 2182 εἰς
1671 2120 1856 2173 οὐσίαν
1886 2122 1979 2173 καὶ

413 2202 711 2271 ἐνέργειαν,
749 2204 949 2273 μᾶλλον
974 2207 1029 2259 δὲ
1060 2208 1341 2274 ἐνεργείας
1369 2210 1645 2264 διελέσθαι
1663 2227 1677 2241 ’
1700 2211 1792 2263 καί
1816 2228 1980 2280 φησιν

412 2292 471 2343 ἐν
506 2303 609 2347 τινι
659 2296 770 2347 τῶν
818 2299 1124 2368 εἰρημένων
1162 2300 1359 2366 λόγων,
1404 2302 1487 2355 ὅτι
1523 2302 1702 2355 Τοῦτο
1735 2305 1799 2357 τὸ
1857 2303 1982 2371 φῶς

411 2388 591 2441 οὐσία
644 2388 763 2457 μὲν
812 2390 959 2445 Θεοῦ
994 2392 1106 2447 οὐκ
1155 2393 1319 2447 ἐστι’
1368 2393 1467 2448 καί
1522 2394 1633 2463 γὰρ
1674 2394 1982 2465 ἀνέπαφος

412 2478 637 2546 ἐκείνη.
674 2483 966 2552 Ἀγγελος
1022 2485 1131 2538 οὐκ
1193 2486 1366 2539 ἔστι·
1412 2489 1816 2555 Δεσποτικοὺς
1873 2490 1982 2558 τὰρ

414 2572 580 2642 φέρει
613 2574 1018 2645 χαρακτῆρας.
1039 2578 1149 2631 Καὶ
1180 2580 1361 2644 πάλιν,
1390 2582 1457 2634 Td
1482 2581 1609 2650 φῶς
1641 2584 1818 2637 τοῦτο
1850 2588 2005 2639 θεωο·

409 2666 516 2731 pla
542 2662 621 2736 ἦν
652 2669 726 2721 οὐ
760 2666 873 2734 τῆς
923 2670 1089 2735 θείας
1151 2672 1410 2738 φύσεως,
1444 2674 1605 2727 ἀλλὰ
1640 2672 1747 2740 τῆς
1800 2675 1985 2742 δόξης

416 2756 525 2822 τῆς
554 2760 793 2826 φύσεως
825 2760 1034 2822 αὐτοῦ,
1072 2761 1152 2828 ἢν
1184 2764 1278 2816 καί
1312 2763 1495 2818 ἔδωκε
1542 2766 1666 2831 τοῖς
1692 2768 1985 2835 μαθηταῖς

420 2851 455 2902 ὁ
482 2852 713 2917 Κύριος,
748 2852 842 2905 καί
872 2852 947 2905 δι’
979 2854 1179 2908 αὐτῶν
1232 2854 1384 2909 πᾶσι
1436 2855 1560 2921 τοῖς
1585 2858 1985 2911 πιστεύουσιν

420 2944 605 3009 αὐτῷ.
646 2946 756 3000 Καὶ
794 2948 910 3015 μετ’
957 2948 1134 3015 ὀλίγα,
1170 2949 1354 3001 Ὥστε
1400 2950 1496 3003 καὶ
1530 2951 1603 3019 τῇ
1638 2953 1983 3020 ἀνθρωπίνῃ

423 3038 602 3103 φύσει
629 3036 744 3102 τὴν
771 3037 963 3101 δόξαν
986 3037 1171 3091 ἔδωκε
1188 3039 1298 3105 τῆς
1329 3042 1638 3107 Θεότητος.
1668 3043 1986 3111 τὴνφύσιν

425 3128 476 3178 δ’
501 3128 572 3181 οῦ
593 3142 607 3157 ⁸
636 3128 791 3182 ἄλλο
814 3129 928 3194 ἆρα
958 3131 1144 3198 φύσις
1169 3130 1338 3191 Θεοῦ.
1372 3133 1467 3185 καί
1500 3132 1538 3199 ἠ
1566 3132 1714 3196 δόξα
1764 3136 1985 3200 ταύτης

2079 1946 2257 2015 peiore
2289 1946 2431 1997 malo
2489 1945 2871 2012 blasphemiam
2915 1942 3083 1996 lenire
3129 1950 3351 1995 conatus
3372 1952 3483 2005 est;
3541 1957 3637 1994 au-

2079 2040 2274 2105 detque
2303 2036 2535 2091 essentia
2569 2036 2714 2089 omni
2747 2036 3077 2104 superiorem
3130 2032 3225 2087 Dei
3267 2033 3637 2086 exsistentiatn

2079 2143 2140 2181 ac
2186 2140 2509 2195 supraqnam
2538 2127 2739 2178 ttnitam
2766 2126 3049 2190 unitatem,
3074 2128 3302 2181 sceleste
3354 2126 3480 2179 reali
3534 2127 3642 2177 dis-

2081 2220 2336 2272 tinctione
2377 2218 2426 2269 in
2451 2216 2739 2271 essentiam
2762 2226 2811 2271 et
2862 2218 3254 2283 operationem.
3314 2232 3407 2270 seu
3464 2217 3641 2281 potius

2079 2307 2439 2376 Operationes,
2483 2306 2745 2368 dividere,
2816 2307 2998 2374 aitque
3032 2307 3083 2358 in
3115 2306 3341 2373 quatiant
3375 2306 3640 2358 dit-tarum

2082 2401 2396 2453 Orationum
2424 2440 2440 2463 ,
2499 2398 2672 2451 lumen
2709 2399 2805 2451 hoc
2841 2414 2941 2450 non
2980 2396 3073 2449 Dei
3128 2400 3334 2465 quidem
3366 2398 3644 2450 essentiam

2080 2508 2230 2555 esse;
2293 2507 2412 2544 nam
2444 2491 2537 2543 illa
2561 2508 2658 2543 non
2699 2477 2862 2555 potest
2893 2490 3038 2557 tangi
3064 2507 3083 2553 ;
3110 2490 3348 2558 angelum
3381 2507 3480 2542 non
3514 2506 3648 2561 esse,

2082 2584 2269 2651 quippe
2293 2599 2408 2635 cum
2445 2582 2741 2635 Dominicas
2774 2584 2910 2648 [erat
2934 2583 3282 2634 characteres.
3307 2581 3382 2634 Ae
3416 2596 3600 2633 rursus
3629 2602 3643 2634 ;

2084 2673 2279 2726 Lumen
2304 2673 2405 2734 ltoc
2434 2672 2563 2724 visio
2588 2681 2722 2732 erat,
2764 2688 2863 2723 non
2913 2672 3107 2723 divintv
3162 2682 3383 2730 natura,
3412 2674 3498 2723 sed
3539 2671 3649 2721 cla-

2084 2766 2259 2817 ritatis
2287 2780 2375 2817 seu
2410 2764 2693 2821 maiestatis
2728 2774 2931 2816 naturae
2958 2764 3070 2831 ejus
3121 2780 3277 2828 quam
3307 2770 3356 2815 et
3382 2763 3650 2825 discipulis

2091 2856 2341 2908 Dominus
2392 2855 2631 2915 tradidit.
2664 2868 2709 2908 et
2737 2872 2829 2921 per
2873 2858 3184 2918 eos,cuncti
3226 2858 3337 2923 ejus
3378 2856 3642 2923 ﬁdelibus.

2085 2947 2384 3013 Paucisque
2440 2946 2771 3011 interiectis:
2809 2945 3156 3009 Quamobrem
3206 2948 3364 2999 etiam
3414 2947 3655 2997 Immuutc

2086 3046 2292 3091 natura:
2314 3039 2607 3089 claritatem
2649 3037 2795 3089 dedit
2846 3036 3086 3095 Deitatis.
3115 3053 3215 3089 non
3268 3046 3440 3089 tamen
3494 3047 3651 3087 natu-

2089 3144 2224 3180 ram.
2265 3126 2425 3179 Aliud
2459 3142 2580 3197 ergo
2605 3136 2689 3193 est
2713 3126 2805 3178 Dei
2858 3136 3072 3186 natura,
3099 3126 3342 3192 aliudque
3383 3126 3494 3193 ejus
3541 3125 3653 3175 clu-

424 3220 647 3287 ἕτερον.
691 3190 863 3274 ’Λλλί
890 3190 977 3273 εί-
998 3221 1095 3274 καί
1122 3190 1252 3288 ⁷τῆς
1291 3223 1453 3287 θείας
1509 3190 1750 3292 ῥύσεως
1786 3190 1992 3293 ἕτερον
2016 3190 2059 3246 c
2094 3221 2178 3272 ritt

2016 3190 2059 3246 ε
2094 3221 2249 3273 ritas.
2291 3190 2545 3272 Caeterum
2603 3190 2837 3285 quamvis
2893 3218 3041 3268 aliud
3070 3217 3134 3269 sit
3168 3233 3198 3268 a
3231 3190 3417 3268 divina-
3440 3226 3649 3276 natura,

426 3312 576 3369 ἐστι.
611 3310 733 3376 τοῖς
759 3309 940 3365 οὖσιν
989 3314 1102 3366 οὐκ
1156 3313 1233 3367 ἂν
1266 3314 1362 3379 ειη
1391 3314 1749 3383 ἑνιιρΙθμιος.
1782 3319 1889 3371 Καὶ
1914 3320 1993 3381 είς

430 3404 773 3470 παράστασιν
809 3402 918 3453 τῶν
945 3403 1204 3455 τοιούτων
1237 3405 1403 3456 αὐτοῦ
1433 3405 1628 3471 λόγων,
1659 3405 1735 3475 τῷ
1761 3408 1854 3458 ἐπὶ
1893 3408 1993 3474 τῆς

429 3491 523 3544 τοῦ
558 3493 763 3562 Κυρίου
796 3494 1275 3564 μεταμορφώσεως
1300 3496 1503 3565 χρῆται
1549 3498 1707 3563 φωτὶ,
1742 3497 1834 3549 καὶ
1865 3500 1995 3564 περὶ

427 3584 591 3637 αὑτοῦ
621 3583 715 3636 τοῦ
767 3585 944 3651 φωτὸς
990 3587 1057 3638 τὰ
1104 3587 1268 3655 ὅμοια
1322 3587 1576 3653 διέξεισιν
1603 3589 1661 3639 ἐν
1716 3589 1996 3660 διαφόροις

428 3674 607 3741 λόγοις
638 3674 805 3728 αὑτοῦ
829 3691 844 3705 ·
876 3668 920 3741 ᾧ
952 3678 984 3745 ή
1014 3674 1233 3739 σύνοδος
1274 3677 1712 3746 ἀκολουθήσασα,
1745 3683 1841 3749 τὴν
1864 3698 1997 3750 προ-

426 3766 743 3819 εκτεθείσαν
788 3766 1085 3820 ἐϐεϐαίωσε
1137 3768 1346 3821 πίστιν.
1398 3768 1496 3822 Διὰ
1552 3768 1725 3822 ταῦτα
1781 3772 1995 3833 πολλοῖς

426 3856 795 3924 προσέκοψαν.
826 3856 1286 3925 συμποδισθέντες
1304 3860 1416 3922 τοῖς
1444 3860 1757 3929 είρημένοις
1778 3862 1993 3924 αίτίοις,

427 3946 518 3997 καὶ
561 3946 796 4014 μάλιστα.
816 3948 882 4016 τῇ
916 3946 1068 4018 παρὰ
1118 3946 1216 4018 τὴν
1239 3948 1563 4018 ὁμωνυμίαν
1591 3949 1807 4021 ἀπάτῃο
1841 3952 1908 4005 δι’
1932 3954 1999 4021 ἢν

425 4036 486 4088 οὗ
526 4036 686 4105 μόνον
714 4036 774 4088 τὸ
799 4037 897 4107 τῆς
924 4036 1206 4107 ἐνεργείας
1253 4038 1427 4108 ὄνομα
1479 4041 1771 4110 ὁμώνυμον
1811 4040 1890 4105 ὃν,
1922 4042 1998 4106 ὡς

424 4128 709 4193 δέδεικται,
743 4131 1107 4200 παρενόησαν,
1142 4130 1363 4193 ἑκόντες
1404 4131 1631 4196 ἐαυτοὺς
1672 4135 1997 4204 ἀποτυφλώ-

428 4238 619 4283 σαντες
682 4220 819 4290 πρὸς
873 4220 1117 4288 φανερὰν
1176 4219 1459 4290 ἀλήθειαν,
1514 4222 1649 4275 ἀλλὰ
1683 4226 1777 4277 καὶ
1805 4226 1863 4278 τὸ
1900 4226 1999 4295 τῆς

426 4311 709 4379 δυνάμεως
736 4310 830 4363 καὶ
854 4310 1195 4381 ἁγαθότητος
1222 4310 1317 4365 καὶ
1347 4310 1493 4382 ζωῆς
1519 4314 1615 4367 καὶ
1650 4316 1868 4383 σοφίας,
1904 4319 2000 4371 καὶ

426 4401 708 4465 αὑτοζωῆς
734 4400 829 4455 καὶ
865 4401 1220 4470 αὑτοσοφίας,
1247 4401 1343 4455 καὶ
1393 4404 1648 4473 προνοίας
1685 4405 1781 4458 καὶ
1804 4407 2001 4477 βουλή-

430 4508 563 4552 σεως
584 4503 601 4519 ⁸
636 4491 694 4554 ἐξ
723 4484 782 4543 οὗ
804 4489 1054 4558 καθάπερ
1077 4492 1135 4542 ἐν
1162 4492 1337 4560 σκότῳ
1372 4492 1468 4543 καὶ
1522 4493 1781 4563 συγχύσει
1831 4496 2001 4565 μηδὲν

424 4584 819 4653 διακρίναντες,
872 4581 1014 4635 κατὰ
1062 4582 1162 4651 τῆς
1218 4582 1405 4651 κοινῆς
1465 4583 1701 4648 πίστεως
1752 4589 1845 4639 καὶ
1876 4587 1997 4640 καθ’

428 4672 637 4725 ἐαυτῶν
676 4672 987 4741 ἐχώρησαν,
1016 4670 1303 4740 βαράθρων
1332 4671 1457 4737 ἄξια
1489 4674 1959 4741 συμπεράναντες.

2094 3311 2235 3363 haud
2277 3321 2448 3363 tamen
2506 3298 2669 3370 rebus.
2700 3309 3067 3360 connumerori
3097 3308 3354 3359 debuerit.
3389 3310 3561 3373 Atque
3598 3318 3654 3357 ut

2093 3403 2354 3469 ejusmodi
2416 3394 2757 3456 sermonibus
2815 3402 2925 3451 suis
2985 3398 3141 3450 ﬁdem
3202 3408 3433 3461 astruat,
3490 3398 3656 3448 utitur

2096 3493 2297 3548 lumine
2349 3491 2490 3560 quod
2550 3491 2603 3544 in
2655 3473 2866 3543 Domini
2916 3489 3389 3542 transformatiouc
3436 3488 3659 3548 effulsit,

2093 3592 2389 3655 eademque
2415 3586 2480 3638 de
2514 3584 2605 3638 illo
2637 3584 2837 3636 lumine
2872 3581 3090 3633 disserit
3149 3583 3197 3633 in
3255 3582 3484 3633 diversis
3533 3597 3660 3632 sua-

2098 3696 2213 3734 rum
2246 3678 2544 3731 orationum
2570 3676 2734 3737 loeis;
2764 3674 2913 3741 cujus
2948 3673 3186 3741 vestigiis
3227 3673 3497 3725 iuba-rens
3530 3689 3660 3742 syn-

2097 3771 2252 3835 odus,
2316 3784 2472 3837 quam
2507 3768 2752 3836 superius
2774 3766 3147 3833 exposuimus.
3188 3765 3345 3817 ﬁdem
3372 3767 3660 3817 continua-

2098 3871 2245 3916 runt.
2297 3860 2501 3913 ltlcirco
2557 3857 2735 3911 multis
2804 3855 3168 3920 oll‘emleruut,
3224 3872 3316 3924 per
3359 3873 3471 3914 eae,
3532 3870 3665 3923 quas
3753 3883 3756 3887 η

2099 3954 2231 4018 dixi,
2259 3964 2457 4006 causas
2480 3950 2531 4002 in
2571 3960 2811 4002 errorem
2878 3945 3135 4013 impulsi;
3189 3948 3484 4013 praesertim
3542 3962 3668 3998 vero

2098 4058 2194 4113 per
2216 4058 2404 4097 vocum
2436 4037 2857 4108 homonymiam,
2884 4035 3152 4105 aliamque
3187 4050 3249 4090 ac
3283 4036 3440 4089 aliam
3473 4051 3659 4087 earum

2098 4131 2490 4199 aceeptionem,
2518 4143 2582 4181 ex
2610 4141 2713 4196 qua
2747 4126 2948 4179 factum
2996 4136 3078 4179 est
3111 4134 3168 4178 ιιι
3225 4126 3423 4178 nedum
3477 4140 3669 4192 apera-

2101 4223 2262 4277 tionis
2291 4236 2508 4286 nomen;
2544 4219 2686 4289 quod
2724 4218 2841 4283 ejus
2876 4216 3093 4286 generis
3124 4226 3209 4271 est
3246 4231 3308 4270 ac
3362 4216 3674 4285 ὁμώνυμον,

2100 4323 2160 4368 ιιι
2220 4322 2499 4367 ostensum
2556 4320 2660 4370 est,
2694 4308 2833 4362 male
2887 4306 3273 4369 intellexerint,
3320 4307 3417 4372 ipsi
3469 4307 3675 4373 Sl'lllStN

2101 4412 2310 4471 Sponte,
2356 4401 2422 4454 ad
2491 4401 2693 4453 claram
2740 4398 3021 4451 veritatem
3074 4407 3427 4458 excaecantes,
3479 4397 3569 4448 sed
3624 4406 3677 4447 ιιι

2103 4494 2317 4547 virtutis
2352 4507 2442 4545 seu
2493 4490 2765 4560 potentia,
2803 4498 2859 4542 et
2889 4489 3146 4542 bonitatis
3179 4496 3232 4541 et
3278 4489 3401 4542 vitm
3439 4498 3492 4540 et
3538 4489 3680 4554 sapi-

2104 4586 2283 4643 eutiae,
2314 4592 2366 4636 et
2392 4596 2487 4651 per
2540 4596 2598 4634 se
2648 4581 2770 4632 vita!
2808 4589 2860 4631 et
2916 4579 3215 4647 sapientiae,
3249 4588 3296 4631 et
3332 4579 3682 4647 provitlcn'irlr

2104 4686 2159 4731 et
2195 4674 2487 4729 voluntatis
2524 4690 2536 4726 :
2581 4688 2643 4726 ac
2687 4669 2809 4724 inde
2836 4671 2979 4723 Velut
3014 4671 3065 4723 iu
3126 4669 3361 4722 tenebris
3388 4685 3449 4719 ac
3498 4668 3684 4720 reuiu-

427 4767 577 4817 sione.
655 4763 786 4818 nihil
868 4762 1262 4827 discernentes,
1317 4763 1578 4820 adversus
1643 4781 1983 4823 communem
2026 4769 2220 4835 ﬁdem,
2272 4768 2481 4840 ipsique
2534 4768 2797 4820 adversus
2868 4764 3077 4831 seipsos
3112 4760 3498 4832 processetiut,
3566 4775 3688 4827 qua:

428 4859 583 4926 digna
615 4856 871 4910 barathro
904 4856 1033 4921 sint,
1063 4855 1473 4911 concludentes.

502 4954 670 5021 Δῆλον
699 4951 756 5005 δέ
782 4951 1012 5021 (ῥητέον
1039 4952 1149 5021 γὰρ
1178 4952 1333 5022 ὀλίγα
1364 4956 1896 5026 προχειρισαμένοις,
1922 4959 2002 5021 είς

431 5048 770 5114 παράστασιν
806 5044 904 5111 τῆς
937 5043 1045 5096 τῶν
1101 5043 1397 5113 Ἀρειανῶν
1440 5047 1648 5100 τούτων
1679 5054 2004 5119 παραφορᾶς

432 5140 524 5191 καὶ
549 5134 980 5204 παρεξηγήσεως
1000 5134 1019 5198 )
1041 5148 1056 5165 ο
1089 5133 1259 5201 φησιν
1282 5136 1309 5186 ὁ
1362 5133 1518 5201 ἅγιος
1552 5135 1803 5203 Μάξιμος
1834 5140 1893 5189 ἐν
1926 5136 2002 5190 κε’

429 5232 525 5301 τῆς
546 5229 731 5300 τρίτης
756 5226 866 5279 τῶν
893 5226 1021 5295 περὶ
1038 5226 1283 5294 ’Λγάπιις
1300 5225 1844 5290 Ἐκατοντάδος,⁶’οτι
1870 5229 2005 5281 τέσ-

429 5337 586 5389 σαρα
610 5318 726 5372 τῶν
744 5318 915 5373 θείων
933 5315 1283 5384 ίδιωμάτων,
1299 5320 1624 5371 συνεκτικὰ
1638 5320 1731 5373 καί
1751 5337 2008 5388 φρουρη-

428 5414 561 5467 ma
588 5410 689 5465 καὶ
717 5407 1044 5464 διασωτικὰ
1089 5406 1200 5461 τῶν
1224 5408 1437 5473 ὄντων,
1470 5409 1544 5462 δι’
1577 5410 1768 5477 ἄκραν
1788 5414 2002 5479 ἀγαθό-

430 5522 576 5572 τητα
591 5502 1052 5565 ἐκοινοποίησεν
1075 5503 1107 5554 ὀ
1134 5500 1300 5567 Θεὸς,
1327 5501 1607 5570 παράγων
1632 5504 1717 5568 εἰς
1747 5504 1813 5555 τὸ
1848 5498 2000 5555 εἶναι

430 5596 542 5661 τὴν
559 5592 814 5663 λογικὴν
841 5592 940 5645 καί
962 5592 1179 5661 νοερὸν
1195 5594 1416 5646 οὐσίαν
1436 5608 1448 5623 ο
1475 5593 1538 5646 τὸ
1568 5593 1660 5659 ὃν,
1687 5593 1752 5647 τὸ
1785 5594 1872 5647 ἀεὶ
1904 5593 1996 5657 ὃν,

431 5687 544 5753 τὴν
570 5687 911 5753 ἁγαθότητα
954 5683 1052 5736 καί
1082 5682 1197 5750 τὴν
1218 5684 1469 5752 σοφίαν.
1527 5685 1761 5737 Τούτων
1787 5685 1856 5737 τὰ
1882 5683 1999 5752 μὲν

431 5782 540 5837 δύο
574 5780 645 5849 τῇ
686 5780 866 5845 οὐσίᾳ
900 5774 1199 5844 παρέσχε,
1239 5776 1301 5827 τὸ
1334 5774 1407 5827 ὃν
1433 5776 1527 5830 καὶ
1564 5776 1628 5830 τὸ
1662 5776 1749 5831 ἀεὶ
1784 5776 1855 5830 ὅν
1877 5793 1890 5807 ο
1937 5776 2010 5830 τὰ

2181 4956 2255 5007 Ac
2315 4950 2481 5018 liquet
2550 4944 2860 5014 (dicendurm
2913 4944 3058 4997 enim
3107 4957 3300 5011 pauca,
3350 4951 3405 4993 ιιι
3470 4940 3686 4994 Ariauis

2114 5048 2325 5103 afﬁnem
2378 5045 2569 5097 borum
2627 5054 2863 5094 errorem
2915 5052 3248 5106 pravamque
3302 5037 3686 5102 expositionem

2110 5134 2443 5206 probemus).
2478 5132 2563 5183 Ait
2611 5143 2832 5183 sanctus
2895 5128 3167 5182 Maximus
3208 5129 3384 5193 capite
3409 5144 3512 5180 xxv
3549 5126 3689 5179 ιριιί

2110 5225 2417 5283 Centenarii
2452 5225 2516 5276 tle
2547 5222 2820 5275 cltarilale
2858 5237 2870 5273 :
2905 5220 3153 5285 Quatuor
3212 5220 3420 5271 divinas
3456 5221 3691 5285 proprie-

2112 5330 2271 5379 tates,
2303 5332 2529 5382 quarum
2565 5314 2631 5367 sit
2666 5315 2871 5366 rirtntts
2921 5323 2974 5364 ut
3013 5329 3090 5366 res
3137 5315 3458 5374 contineant,
3489 5322 3535 5363 et
3582 5323 3701 5364 tue-

2112 5422 2272 5464 antur
2330 5417 2677 5477 prmstentque
2735 5405 3040 5463 incolumes,
3077 5406 3138 5455 ab
3193 5421 3452 5457 summam
3484 5405 3692 5458 bonita-

2112 5513 2213 5555 tem
2250 5499 2384 5553 Deus
2416 5514 2709 5551 communes
2743 5496 2886 5566 fecit,
2944 5498 3195 5559 producta
3227 5497 3278 5547 in
3316 5512 3487 5548 rerum
3532 5507 3690 5547 natu-

2112 5609 2225 5647 ram
2289 5589 2586 5645 substantia
2645 5588 2863 5640 rationis
2917 5586 3171 5652 participe
3214 5604 3274 5639 ac.
3330 5587 3693 5654 intelligente;

2112 5701 2297 5755 nempe
2334 5698 2393 5737 eo
2424 5684 2558 5753 quod
2583 5692 2676 5742 est,
2703 5691 2753 5735 et
2783 5681 2921 5748 quod
2956 5696 3155 5745 semper
3179 5692 3273 5739 est,
3325 5683 3549 5747 itumque
3600 5681 3694 5729 lm-

2117 5781 2283 5833 m'tate
2314 5788 2362 5832 et
2394 5776 2673 5845 sapientia.
2724 5774 2925 5828 Harum
2964 5774 3097 5826 ditus
3130 5774 3342 5826 subsuta
3372 5776 3435 5824 itt'
3484 5773 3698 5834 tribuit,
