4442 6440
768 406 873 470 497

2018 411 2410 471 MANUELIS
2449 389 2750 474 CALEC/B

3892 385 3997 485 tes

765 530 890 576 sunt
929 535 1090 572 unum
1131 536 1142 570 :
1187 529 1432 586 superest
1475 535 1624 588 ergo,
1656 531 1713 589 ut
1745 536 1909 573 unum
1944 534 2212 589 competat
2243 537 2329 576 ra-
2363 538 2405 584 Α
2435 528 2519 595 sip

2243 537 2329 576 ra-
2363 538 2405 584 Α
2435 528 2533 595 τὴν
2556 529 2745 580 οὐσίαν
2766 524 2923 582 εἶναι.
2948 528 3010 582 Εἰ
3037 528 3278 595 γοῦνκαὶ
3301 533 3358 584 τί.
3383 512 3685 600 κατ⁹αύτὴν
3702 535 3797 602 τὴν
3811 535 3997 586 οἱσίαν

767 612 912 662 tione
941 610 1206 662 essentia.
1237 610 1516 676 Siquidem
1578 612 1736 678 igitur
1770 611 1896 663 illud
1927 611 2098 677 ipsum
2140 627 2327 675 unum,

765 702 907 768 quod
941 715 1104 767 penes
1134 703 1425 754 essentiam
1478 711 1559 754 est
1583 740 1597 764 ,
1630 702 1681 753 in
1714 710 1822 754 tam
1865 701 2030 754 multa
2067 702 2188 770 quis
2219 701 2331 755 dis?

765 792 964 846 similia
993 791 1218 850 dividat,
1263 791 1416 858 juxta
1448 805 1542 844 eas
1569 806 1688 858 quae
1735 791 1893 843 dicta:
1918 799 2046 844 sunt
2100 792 2326 844 istorum
2376 810 2385 817 ·

763 881 1037 934 hominum
1107 881 1450 940 antitheses,
1513 895 1676 932 unum
1747 881 1800 932 in
1863 879 1974 933 Deo
2037 881 2325 933 indivisunt

762 983 1028 1036 nusquam
1053 969 1393 1032 occurrerit;
1424 970 1570 1035 quod
1601 983 1728 1022 vero
1753 968 1824 1020 sit
1847 968 2161 1027 indivisum.
2181 983 2327 1022 com-

762 1056 940 1109 munis
980 1055 1113 1110 ﬁdes
1140 1069 1565 1126 sanctorumque
1595 1058 1866 1126 proposita
1901 1059 2144 1112 doctrina
2169 1059 2325 1114 iidem

758 1147 907 1200 facit.

828 1237 964 1290 Cum
998 1238 1149 1305 plura
1181 1253 1397 1306 quoque
1449 1239 1550 1292 alia
1597 1238 1716 1306 ejus
1750 1239 1963 1308 generis
2011 1256 2079 1295 ex
2138 1249 2324 1310 aperta

759 1343 995 1395 teraqttc
1048 1339 1364 1382 sanctorum
1436 1330 1715 1382 doctorum
1797 1331 2064 1399 theologia
2129 1331 2326 1385 altene

755 1418 965 1481 liceret,
1012 1420 1208 1486 partim
1253 1420 1318 1471 ad
1348 1434 1536 1471 eorum
1573 1421 1977 1486 corruptionem
2018 1436 2325 1494 repraesen-

754 1512 994 1573 tandam,
1021 1525 1122 1576 qua
1157 1511 1234 1563 sic
1263 1511 1436 1578 palam
1481 1512 1816 1578 scripserunt
1849 1526 1912 1564 ac
1958 1510 2327 1564 lidcmedide-

753 1611 900 1663 runt,
928 1602 1120 1668 partim
1170 1602 1236 1653 ad
1283 1601 1522 1668 ipsorum
1543 1601 1876 1654 conlutanda
1907 1601 2185 1654 mendacia
2213 1638 2228 1661 ,
2262 1614 2326 1653 ac

752 1690 1169 1752 ostendendum,
1213 1690 1381 1742 multa
1416 1701 1727 1742 sanctorum
1765 1692 1903 1743 dicta
1938 1689 2115 1743 alieno
2150 1704 2176 1741 a
2231 1704 2325 1740 ra-

756 1780 902 1830 tionc
956 1793 1087 1832 ausu
1139 1779 1418 1846 animique
1463 1781 1730 1844 pravitate
1783 1778 1834 1830 in
1873 1769 2071 1831 malum
2101 1794 2320 1832 sensum

757 1871 1007 1932 traxisse,
1062 1884 1159 1922 nec
1190 1879 1247 1920 ut
1275 1885 1511 1922 consone
1543 1870 1741 1922 divinis
1783 1870 2080 1938 Seripturis
2134 1873 2320 1932 loque-

755 1970 965 2024 rentur,
1009 1962 1090 2014 vel
1125 1961 1404 2013 minimum
1430 1975 1654 2014 curasse
1687 1979 1700 2012 :
1731 1962 1782 2014 in
1816 1976 1974 2029 quam
2005 1961 2167 2013 multa
2197 1961 2322 2014 item

752 2053 983 2105 absurda
1036 2051 1338 2119 praecipites
1398 2049 1661 2110 ferantur,
1710 2064 1774 2102 ac
1826 2058 2031 2118 quanta
2084 2050 2153 2103 de
2211 2048 2323 2103 Deo

750 2143 1028 2210 explorata
1061 2156 1157 2209 per
1192 2155 1284 2194 eos
1315 2139 1524 2194 sublata
1562 2148 1712 2202 sunt,
1739 2155 2065 2208 omnemque
2096 2153 2321 2194 sancto-

751 2249 873 2288 rum
907 2232 1232 2301 theologiam
1269 2231 1459 2296 dilabi,
1497 2233 1542 2284 si
1574 2233 1735 2284 modo
1759 2231 2015 2298 synodica
2055 2233 2171 2285 hare
2201 2246 2324 2284 sen-

753 2325 919 2378 tentia
947 2323 1113 2377 robur
1139 2323 1375 2386 habeat;
1409 2322 1639 2375 ulterius
1674 2323 1928 2391 prosequi
1967 2322 2320 2390 supersedeo,

751 2417 855 2472 hoc
882 2429 1083 2469 cavens
1122 2428 1189 2467 ne
1219 2413 1530 2482 prolixitate
1579 2413 1739 2466 tedio
1783 2414 2038 2468 lectorem
2070 2412 2317 2468 alliciam.

749 2507 1034 2562 Snﬂiciunt
1084 2507 1226 2562 enim
1266 2522 1326 2561 ea
1352 2546 1366 2571 ,
1405 2521 1511 2575 qua
1555 2507 1698 2559 dicta
1748 2518 1914 2570 sunt,
1942 2508 2060 2572 his,
2088 2523 2320 2577 quorum

751 2616 856 2657 non
881 2611 1081 2656 caecata
1115 2600 1340 2654 omnino
1378 2609 1503 2654 sunt
1551 2600 1717 2653 animi
1762 2601 1964 2653 lumina
1987 2640 2003 2664 ,
2035 2605 2102 2654 ad
2134 2611 2322 2653 osten-

751 2694 1012 2758 dendum,
1049 2706 1163 2754 eos,
1192 2693 1289 2762 qui
1318 2701 1524 2746 asserta
1559 2692 1620 2743 in
1653 2690 1822 2743 Tomo
1852 2692 1917 2744 de
1943 2691 2047 2744 [ide
2082 2702 2319 2757 teneant,

751 2787 911 2838 Iidem
944 2783 1215 2846 confiteri,
1240 2796 1402 2852 quam
1446 2797 1551 2834 non
1576 2790 1850 2834 noverunt
1884 2781 2072 2835 Patres
2105 2781 2275 2834 nostri
2304 2822 2318 2846 ,

752 2878 984 2930 alienam
1002 2876 1224 2930 scilicet
1253 2877 1319 2928 ab
1351 2890 1434 2936 ea,
1470 2889 1590 2942 qua:
1620 2889 1648 2927 a
1679 2876 1882 2928 sanctis
1916 2875 2202 2940 prtedicata
2237 2883 2322 2926 est

748 2972 801 3022 in
837 2969 1105 3022 catholica
1147 2980 1201 3021 et
1238 2968 1532 3035 apostolica
1580 2967 1783 3019 Christi
1820 2966 2062 3021 Ecclesia
2097 2984 2111 3019 :
2151 2965 2322 3034 quod-

747 3077 854 3131 quc
873 3076 900 3112 a
926 3061 1194 3129 principio
1219 3059 1492 3121 dicebam,
1517 3074 1639 3111 cum
1659 3058 1854 3127 duplex
1880 3059 1932 3110 in
1954 3058 2056 3111 hac
2078 3058 2318 3111 Ecclesia

2433 618 2490 668 ἓν
2521 619 2598 679 είς
2634 619 2870 673 τοσαῦτα
2918 621 3080 673 διέλοι
3128 638 3210 684 τις
3257 625 3508 691 ἀνόμοια,
3543 623 3681 675 κατά
3710 627 3807 685 τὰς
3842 625 3993 690 είρη-

2434 715 2601 780 μένας
2621 712 2966 783 τῶνυάνὸρῶν
2996 717 3200 768 τούτων
3223 717 3543 781 ἀντιθέσεις,
3578 719 3636 768 τὸ
3658 719 3716 769 έν
3739 719 3830 768 ἐπὶ
3859 719 3991 768 Θεοῦ

2431 804 2738 872 ἀδιαίρετον
2762 805 2862 858 οὐκ
2917 805 3064 859 εστιν
3100 808 3300 875 εὑρεῖν.
3343 807 3464 860 Ὀτι
3498 809 3552 859 δὲ
3600 809 3928 873 ἀδιαίρετον,
3961 809 3993 875 ἡ

2430 894 2582 962 κοινὴ
2610 897 2791 958 πίστις
2821 895 2915 949 καὶ
2935 898 2967 966 ἡ
2987 898 3313 965 προτεθεῖσα
3343 897 3450 949 τῶν
3473 897 3646 964 ἁγίων
3675 897 3993 949 διδασκαλία

2433 1004 2507 1055 μα
2516 990 2719 1056 ρτυρεῑ.

2505 1228 2686 1296 Ἕχων
2711 1228 2814 1295 μὲν
2837 1223 2932 1280 οὖν
2961 1228 3057 1280 καὶ
3080 1227 3218 1282 ἄλλα
3251 1221 3422 1280 πολλὰ
3440 1227 3684 1290 τοιαῦτα,
3712 1227 3870 1280 τοῦτο
3893 1228 3994 1298 μὲν

2428 1321 2507 1380 είς
2540 1319 2884 1386 παράστασιν
2907 1319 3007 1386 τῆς
3053 1319 3351 1387 διαφθορᾶς
3396 1319 3504 1371 τῶν
3554 1318 3791 1386 ἀνδρῶν,
3825 1320 3896 1383 ἐξ
3917 1316 3994 1373 ὧν

2427 1411 2740 1479 ἀνέγραψαν
2793 1413 2886 1463 κα).
2916 1412 3248 1464 ἐπίστευσαν
3276 1411 3589 1479 παρρησίᾳ,
3636 1410 3796 1463 τοῦτο
3821 1411 3878 1464 δὲ
3912 1415 3991 1472 είς

2425 1502 2645 1569 ἔλεγχον
2681 1503 2776 1569 τῆς
2804 1501 3154 1572 ψευδολογίας
3177 1501 3379 1564 αὐτῶν,
3403 1503 3468 1552 ἐκ
3499 1501 3594 1568 τῆς
3627 1503 3868 1568 φανερᾶς
3896 1503 3992 1552 καὶ

2425 1595 2660 1662 ἀληθοῦς
2691 1595 2795 1655 τῶν
2831 1596 3002 1661 ἁγίων
3043 1594 3379 1647 διδασκάλων
3413 1594 3692 1660 θεολογίας
3726 1594 3990 1662 παραθεῖ-

2427 1700 2538 1746 vat,
2577 1684 2672 1736 καὶ
2704 1686 2850 1746 ὅπως
2893 1685 2992 1752 μὲν
3031 1686 3262 1746 πολλοὺς
3291 1685 3397 1736 τῶν
3425 1684 3597 1749 ἁγίων
3641 1684 3836 1750 λόγους
3885 1700 3991 1733 πα-

2429 1774 2672 1842 ραλόγως
2709 1777 2802 1826 καὶ
2864 1775 3151 1843 κακοήθως
3215 1775 3702 1842 ὲσυκοφάντησαν,
3751 1774 3902 1836 ὅπως
3934 1774 3989 1824 δὲ

2424 1866 2517 1917 τοῦ
2576 1865 2886 1933 συμφώνως
2951 1869 3071 1926 ταῖς
3131 1865 3306 1925 θείαις
3343 1866 3382 1917 Γ
3389 1868 3589 1934 βαφαῖς
3640 1864 3822 1930 λέγειν
3878 1864 3990 1915 οὐδ’

2423 1958 2601 2009 ὁτιοῦν
2632 1958 2975 2025 ἐφρόντισαν,
3011 1957 3105 2011 καὶ.
3137 1959 3215 2018 είς
3247 1957 3345 2008 ὅσα
3383 1956 3480 2023 μὲν
3511 1956 3578 2007 τὰ
3603 1957 3784 2008 ἄτοπα
3821 1969 3990 2005 κατα-

2423 2051 2701 2121 φέρονται,
2760 2050 2858 2101 ὄσα
2905 2049 2962 2101 δὲ
3008 2049 3117 2100 τῶν
3159 2048 3617 2116 ὁμολογουμένων
3666 2051 3795 2115 περὶ
3853 2047 3988 2099 Θεοῦ

2422 2140 2797 2208 ἀναιροῦνται,
2833 2141 2927 2191 καὶ
2963 2141 3111 2191 πᾶσα
3143 2140 3175 2206 ή
3229 2141 3338 2192 τῶν
3369 2141 3542 2206 ἁγίων
3573 2139 3822 2205 θεολογία
3871 2139 3987 2189 δια-

2425 2235 2636 2296 πίπτει,
2669 2234 2768 2303 τῆς
2801 2232 3087 2300 συνοδικῆς
3134 2232 3340 2302 ταύτης
3391 2232 3722 2300 ἀποφάσεως
3754 2232 3989 2301 κρατού-

2426 2345 2561 2396 σης,
2614 2327 2708 2377 καὶ
2761 2325 2911 2386 ὅπως
2981 2326 3195 2386 ἑαυτοῖς
3245 2325 3514 2394 μυριαχοῦ
3570 2325 3985 2394 περιπίπτουσι,

2425 2417 2823 2488 παραιτοῦμαι,
2882 2415 2978 2469 τοῦ
3035 2415 3195 2483 λόγου
3260 2417 3355 2469 τὸν
3397 2418 3563 2486 κόρον
3609 2416 3983 2486 ὑφορώμενος.

2435 2511 2616 2564 Ἱκανὰ
2648 2513 2757 2579 γὰρ
2803 2510 2872 2562 τὰ
2906 2508 3178 2579 εἰρημένα
3212 2511 3327 2571 τοῖς
3369 2510 3445 2576 μὴ
3497 2509 3672 2576 πάντη
3711 2507 3992 2583 τετυφλωῖ

2427 2604 2628 2670 μένοις,
2659 2601 2792 2668 πρὸς
2816 2601 2874 2651 τὸ
2897 2600 3068 2665 δεῖξαι
3091 2600 3215 2662 τοὺς
3244 2601 3340 2668 τὴν
3364 2599 3456 2652 τοῦ
3487 2600 3668 2668 Τάμου
3691 2598 3843 2650 θέσιν
3862 2599 3989 2665 περὶ

2423 2699 2521 2761 τῆς
2571 2696 2809 2756 πίστεως
2842 2693 3175 2762 κατέχοντας
3224 2693 3411 2745 πίστιν
3455 2692 3757 2759 ὁμολογεῖν,
3795 2693 3989 2768 ῆνίοῦκ

2422 2788 2645 2857 ᾔδεισαν
2668 2788 2715 2838 οῑ
2754 2787 2994 2855 Πατέρες
3026 2786 3184 2855 ἡμῶν
3213 2802 3226 2816 ·
3256 2785 3317 2837 τὸ
3344 2785 3388 2837 δ’
3415 2785 3562 2838 ἐστιν
3599 2785 3890 2853 ἀλλοτρίαν
3915 2781 3991 2835 εἷ-

2378 2879 2380 2882 ’
2424 2894 2512 2929 ναι
2538 2880 2633 2943 τῆς
2662 2878 2722 2928 ὲν
2756 2879 2819 2945 τῇ
2854 2875 3118 2944 καθολικῇ
3149 2874 3246 2926 καὶ
3267 2876 3600 2945 ἁποστολικῇ
3624 2873 3717 2926 τοῦ
3747 2873 3986 2941 Χριστοῦ

2436 2968 2734 3036 Ἐκκλησία
2763 2968 2912 3036 παρὰ
2933 2967 3040 3020 τῶν
3072 2968 3242 3034 ἁγίων
3276 2969 3690 3036 κηρυττομένης
3714 2969 3981 3025 πίστεως·

2421 3060 2537 3127 καὶ,
2569 3059 2596 3111 ὁ
2628 3059 2890 3128 πρότερον
2931 3058 3234 3128 ἀρχόμενος
3267 3057 3474 3123 ελεγον,
3506 3060 3588 3112 ὅτι
3620 3058 3802 3127 διττῆς
3833 3075 3986 3124 γενο-

745 3148 1019 3203 exstiterit
1058 3147 1322 3215 synodus,
1361 3146 1672 3215 duplexque
1709 3162 1773 3201 ac
1806 3147 2081 3200 contraria
2103 3148 2316 3216 prolata
2335 3172 2387 3229 -ο
2426 3153 2499 3218 μέ¹

2233 3157 2316 3201 sta
2335 3172 2387 3229 -ο
2426 3153 2591 3219 μένης
2627 3152 2845 3205 συνόδου
2875 3153 3027 3220 παρὰ
3056 3152 3152 3222 τῆς
3184 3151 3512 3220 Ἑκκλησίσς
3537 3153 3760 3220 ταύτης,
3794 3154 3886 3204 καὶ
3913 3152 3987 3202 δι-

746 3237 1137 3302 sententia'sit,
1168 3239 1314 3306 quod
1339 3239 1537 3292 att'met
1567 3239 1631 3291 ad
1667 3241 2019 3307 qumstionem
2039 3244 2104 3292 de
2133 3239 2318 3293 divina

743 3332 984 3386 essentia
1004 3338 1074 3384 ~et
1097 3331 1410 3397 operatione
1431 3370 1445 3394 ,
1498 3331 1906 3398 obscurumque
1935 3331 2101 3384 videri
2145 3333 2317 3400 possit

747 3430 867 3470 utra
917 3418 1106 3471 harum
1168 3419 1562 3471 sententiarum
1593 3420 1882 3472 veritatem
1931 3422 2182 3475 comitem
2216 3422 2316 3475 ha-

744 3510 870 3563 heat
889 3510 1038 3580 (sunt
1061 3512 1209 3564 enim
1235 3511 1378 3563 inter
1405 3524 1464 3564 se
1485 3512 1820 3577 contrariae),
1845 3523 2051 3566 certmn
2073 3515 2314 3579 omnino,

742 3619 805 3655 ex
843 3605 907 3655 iis
937 3618 1055 3672 qua:
1085 3603 1226 3656 dicta
1253 3613 1396 3667 sunt,
1440 3604 1894 3673 exploratumque
1921 3614 2027 3671 est,
2057 3622 2175 3661 eam
2198 3624 2316 3678 qua:

747 3711 888 3749 nunc
938 3699 1114 3764 viget,
1159 3698 1440 3751 mendacio
1476 3695 1660 3751 fulciri
1695 3712 1757 3751 ac
1801 3699 2189 3766 blaSphemiam
2223 3705 2317 3756 ha-

741 3788 892 3842 bere.
950 3787 1185 3842 Proinde
1233 3804 1355 3857 qua:
1401 3789 1520 3843 haec
1544 3792 1741 3844 astruit
1789 3791 2159 3862 praedicatque
2209 3794 2314 3847 Ec—

742 3880 933 3943 clesia,
964 3883 1066 3934 hoc
1098 3883 1319 3945 amisit,
1372 3891 1430 3937 ut
1470 3893 1658 3938 sancta
1707 3874 1987 3940 catholica
2015 3898 2068 3942 et
2101 3899 2317 3957 aposto-

740 3971 842 4024 lica
872 3983 1055 4037 esset,
1111 3974 1179 4027 de
1223 3989 1331 4042 qua
1377 3975 1621 4044 qu0tidie
1661 3975 2030 4042 conﬁtemur;
2068 3994 2317 4048 quaren-

736 4064 977 4133 dumque
1007 4065 1233 4118 ubinam
1291 4076 1560 4120 terrarum
1616 4067 1703 4120 illa
1751 4069 1842 4134 sit,
1877 4072 2313 4142 quandoquidem

738 4161 852 4214 ﬁeri
905 4175 1008 4214 non
1057 4171 1235 4229 potest
1272 4171 1331 4215 ut
1381 4161 1624 4216 Ecclesia
1672 4161 1874 4219 Christi
1925 4164 2158 4220 deﬁciat.
2203 4169 2314 4220 Ad-

737 4269 927 4309 versus
961 4257 1105 4308 enim
1144 4270 1288 4320 eam,
1315 4270 1436 4324 qua:
1474 4254 1611 4310 falsa
1645 4273 1792 4312 nunc
1820 4258 1965 4312 circa
1994 4259 2151 4314 [idem
2190 4275 2315 4330 pro-

737 4346 940 4411 litetur,
973 4347 1052 4400 uti
1078 4347 1227 4416 prius
1269 4361 1378 4398 non
1417 4360 1565 4412 raro,
1597 4361 1744 4400 nunc
1785 4360 2003 4416 quoque
2028 4357 2200 4416 porta
2227 4348 2312 4401 in-

736 4440 835 4498 feri
873 4441 1108 4510 turpiter
1137 4441 1562 4510 prevaluerunt.

2421 3240 2563 3315 πλῆς
2596 3245 2690 3296 καὶ
2749 3243 3000 3304 ἐναντίας
3050 3243 3426 3314 ἐξενεχθείσης
3467 3245 3795 3312 ἀποφάσεως
3857 3248 3986 3309 περὶ

2417 3339 2517 3389 τοῦ
2556 3336 2873 3406 ζητήματος
2893 3336 2987 3405 τῆς
3019 3335 3166 3398 θείας
3184 3337 3371 3398 οὐσίας
3401 3337 3495 3388 καὶ⁴
3528 3337 3831 3406 ἐνεργείας,
3858 3337 3986 3402 ἀδη-

2423 3431 2513 3482 λον
2551 3429 2790 3498 ὁποτέρα
2840 3428 2948 3480 τῶν
3000 3428 3334 3496 ἀποφάσεων
3363 3427 3598 3494 τάληθὶς
3633 3428 3749 3496 μεθ’
3787 3428 3983 3495 ἑαυτῆς

2420 3521 2531 3591 ἔχει
2563 3519 2828 3592 (ἐναντίαι
2857 3520 2966 3590 γὰρ
2991 3518 3295 3588 ἀλλήλαις),
3319 3519 3495 3588 πάντη
3525 3518 3892 3587 ἀημφίὸολον
3922 3521 3984 3567 ἐκ

2417 3617 2526 3667 τῶν
2558 3615 2660 3683 ἤδη
2691 3613 2997 3682 εἰρημένων
3039 3611 3231 3679 γέγονε
3283 3613 3382 3680 τὴν
3428 3610 3524 3662 νῦν
3577 3608 3890 3678 κρατοῦσαν
3925 3611 3986 3661 τὸ

2417 3708 2614 3777 ψεῦδος
2649 3705 2766 3776 μεθ’
2797 3704 2997 3774 ἑαυτῆς
3042 3702 3137 3756 καὶ
3171 3704 3233 3756 τὸ
3280 3703 3602 3773 βλάσφημον
3629 3705 3806 3774 ἔχειν·
3842 3704 3983 3756 ὥστε

2419 3803 2452 3870 ἡ
2486 3799 2664 3852 ταῦτα
2716 3796 3012 3866 βεϐαιοῦσα
3062 3797 3156 3847 καὶ
3209 3796 3558 3866 κηρύττουσα
3597 3796 3894 3870 Ἐκκλησία
3925 3799 3986 3847 τὸ

2420 3889 2559 3944 εἶναι
2591 3892 2720 3960 μίαν
2753 3889 2914 3958 ῦγίαν
2967 3889 3261 3959 καθολικὴν
3299 3888 3394 3941 καὶ
3449 3889 3817 3960 ἀποστολικὴν
3854 3889 3982 3942 Ἐκ-

2419 3986 2670 4054 κλησίαν,
2708 3984 2839 4051 περὶ
2868 4000 2936 4055 ης
2985 3982 3108 4036 καθ’
3156 3983 3367 4052 ἡμέραν
3404 3969 3798 4053 ὁμολοιοῦμεν,
3831 3965 3984 4036 ἀπιών·

2417 4075 2542 4127 λεσε
2567 4090 2581 4105 ·
2630 4074 2723 4127 καὶ
2750 4074 3020 4144 ζητητέον
3051 4073 3188 4126 ὅπου
3223 4073 3327 4142 γῆς
3375 4074 3526 4126 ἐστιν
3558 4073 3718 4142 αῦτη,
3755 4073 3984 4141 ἐπείπερ

2414 4169 2676 4222 ἀδύνατον
2700 4170 2798 4238 τὴν
2833 4167 3165 4237 Ἐκκλησίαν
3188 4166 3284 4219 τοῦ
3309 4165 3545 4243 Χριστοῦ
3573 4166 3845 4218 ἑκλιπεῐν.·
3868 4165 3981 4230 Τῆς

2418 4263 2528 4332 γὰρ
2558 4264 2628 4316 τὰ
2677 4262 2847 4332 ψευδῆ
2901 4263 3030 4332 περὶ
3064 4263 3162 4331 τὴν
3214 4262 3399 4314 πίστιν
3448 4260 3545 4314 νῦν
3589 4260 3983 4329 ὁμολογούσης,

2413 4353 2604 4423 ὥσπερ
2640 4354 2910 4425 πρότερον
2957 4355 3013 4406 αί
3063 4354 3228 4406 πύλαι
3268 4352 3362 4406 τοῦ
3405 4352 3537 4421 ᾇδου
3570 4351 3852 4421 πολλάκις,
3891 4351 3987 4428 καὶ

2414 4444 2510 4498 νῦν
2544 4446 2787 4516 αἰσχρῶς
2816 4445 3214 4517 ὑπερίσχυσαν.
