4442 6440
786 377 882 442 831

2035 365 2426 427 MANUELIS
2458 361 2758 424 CALECE

3897 354 4003 416 432

789 496 849 543 lis
880 490 1110 552 exsistit,
1155 499 1206 542 et
1262 493 1395 548 Iuste
1443 502 1502 539 ea
1550 484 1907 553 appellatione
1961 481 2229 549 gaudebit,
2267 478 2339 528 uti
2370 478 2414 532 A
2448 476 2543 542 pip

2267 478 2339 528 uti
2370 478 2414 532 A
2448 476 2555 542 μὴν
2587 478 2967 544 ἐπιστάμενος,
3005 474 3097 527 τοῦ
3131 475 3229 542 μὲν
3268 471 3483 538 ἀληθῶς
3525 470 3813 535 ἄνθρωπος
3868 464 4008 522 εἶναι

792 582 1023 634 vicissim
1061 582 1151 646 qui
1185 593 1370 630 earum
1409 592 1581 629 rerum
1619 589 1735 641 anc
1772 577 2182 631 honestasuut,
2238 567 2352 618 nul--

792 674 893 720 tam
935 679 1022 720 aut
1052 668 1244 735 qnarit
1293 676 1382 718 aut
1424 667 1645 726 invi-nit,
1694 677 1866 728 neque
1913 674 2039 713 vero
2092 659 2231 719 scit,
2285 656 2350 718 is,

791 759 991 809 amisso
1022 756 1161 822 quod
1197 771 1320 806 vere
1370 759 1528 806 Iiouiu
1567 765 1668 811 est,
1697 752 1948 818 jumentis
1989 745 2352 814 insipientibus

791 855 1132 911 tomparalur
1166 847 1204 894 '.
1238 845 1442 896 ldeirco
1474 843 1634 893 etiam
1663 840 1929 901 Christus,
1972 839 2083 904 ipsa
2129 837 2351 894 veritas,

795 937 907 1002 ipsa
951 934 1239 1000 sapirniia,
1274 948 1458 983 earnm
1503 946 1599 982 nos
1633 945 1811 982 reruni
1845 927 2102 980 sollicitos
2144 923 2350 983 volens,

788 1040 908 1090 quae
943 1025 1175 1074 honesue
1215 1032 1378 1081 sunt,
1433 1021 1587 1071 modo
1629 1019 1842 1086 quidem
1881 1017 2132 1068 dicebat:
2186 1010 2355 1063 Petita

785 1126 833 1167 et
867 1115 1079 1165 dabitur
1106 1113 1287 1175 vobis;
1323 1112 1488 1162 omnis
1538 1110 1674 1160 enim
1728 1108 1819 1175 qui
1867 1106 2015 1170 petit,
2047 1101 2272 1168 arcipit;
2306 1106 2352 1150 ct

789 1206 880 1271 qui
935 1204 1142 1270 quan-ii,
1192 1203 1419 1263 invenit;
1458 1211 1502 1252 et
1539 1198 1771 1264 pulsanti
1818 1193 2155 1257 aperietur';
2198 1188 2355 1242 modo

791 1307 965 1346 autem
999 1312 1009 1345 :
1047 1288 1369 1346 Sci-utamini
1404 1289 1704 1355 Scriptura;
1729 1289 1766 1340 ³.
1803 1287 1955 1349 Nam,
1981 1291 2039 1336 ut
2068 1282 2139 1334 ait
2167 1281 2356 1333 beatus

797 1385 1013 1446 Paulm,
1073 1385 1202 1447 Qua:
1253 1383 1376 1434 olim
1434 1382 1627 1446 scripta
1673 1387 1814 1441 sunt,
1844 1379 1913 1429 ad
1964 1383 2200 1427 nostram
2241 1369 2356 1436 jam

798 1490 902 1526 tum
949 1479 1240 1526 doctrinam
1280 1476 1469 1538 scripta
1501 1480 1621 1523 sunt
1643 1470 1686 1521 ⁵.

868 1569 946 1616 'iii
988 1567 1170 1631 i3:iur,
1203 1565 1443 1614 reiilalis
1492 1574 1541 1613 le
1585 1575 1770 1612 amore
1809 1557 2002 1620 teneri,
2055 1555 2356 1608 lttitltis-os-

799 1657 1020 1705 lii-udis:
1078 1654 1235 1704 modo
1289 1654 1524 1720 quidem,
1581 1665 1703 1700 cuin
1761 1647 2190 1714 indisciplinatos
2240 1643 2356 1694 illus

793 1745 1094 1803 arbitraris,
1129 1743 1220 1810 qui
1269 1741 1626 1799 eruditionem
1684 1738 1994 1804 litterasque
2047 1749 2108 1787 ac
2141 1732 2355 1799 sapien-

793 1839 916 1888 iiaiu
961 1836 1123 1886 animi
1161 1838 1354 1885 damno
1387 1833 1587 1882 ducunt
1625 1844 1638 1881 :
1679 1829 1837 1880 modo
1873 1835 2074 1887 autem,
2110 1839 2230 1876 cum
2263 1821 2352 1874 tibi

793 1932 903 1996 ipse
936 1931 1130 1979 dan-no
1167 1927 1398 1977 maximo
1447 1924 1619 1982 ducis,
1663 1920 1802 1989 quod
1837 1930 1886 1973 te
1932 1932 2029 1986 pro
2075 1915 2353 1974 facultate,

793 2037 853 2071 ae
883 2028 1143 2085 quantum
1178 2017 1390 2083 assequi
1426 2014 1641 2074 licebat,
1675 2011 1935 2064 doctrinis
1981 2007 2356 2075 sapientiaque

794 2111 960 2163 imbui
1017 2109 1431 2172 haudquaquam
1483 2103 1790 2170 contigerit.
1827 2098 2040 2153 Versari
2092 2107 2141 2149 te
2181 2108 2354 2148 autem

795 2205 846 2255 iu
883 2204 947 2253 iis
998 2215 1116 2264 quie
1152 2199 1381 2250 maxima
1420 2206 1544 2248 sunt
1577 2195 1847 2259 animique
1889 2192 2113 2243 salutem
2143 2189 2353 2256 juvant,

794 2292 875 2345 vel
924 2283 1295 2357 istudpiodit,
1343 2286 1487 2354 quod
1524 2283 2006 2350 impraesentiarum
2040 2295 2068 2332 a
2108 2278 2263 2332 nouis
2296 2280 2359 2330 de

795 2387 878 2439 his
910 2382 1244 2452 percontaris
1278 2396 1338 2432 ae
1371 2379 1550 2430 doceri
1602 2379 1819 2442 tlUil‘l‘iS,
1853 2389 1970 2442 qua:
2016 2373 2079 2426 ad
2119 2380 2355 2425 nostrain

779 2480 1229 2534 (ibristianoruiu
1291 2475 1448 2526 [idem
1509 2479 1772 2538 spectant.
1834 2468 1975 2521 Sane
2034 2480 2180 2524 vero,
2236 2476 2358 2515 cum

797 2584 944 2621 tuiiui
1007 2569 1151 2620 illum
1207 2565 1446 2617 discendi
1510 2564 1756 2615 ardoreui
1816 2559 2046 2618 laudem,
2094 2557 2196 2609 lioc
2253 2568 2357 2605 non

797 2662 980 2722 laudo,
1019 2660 1165 2726 quod
1224 2672 1321 2708 nos
1359 2656 1490 2708 tales
1539 2657 1833 2705 arbitratus
1882 2650 1980 2712 sis,
2022 2648 2113 2716 qui
2166 2657 2256 2697 tuo
2288 2644 2359 2696 illi

796 2751 1067 2805 desiderio
1088 2747 1352 2816 explendo
1385 2760 1648 2798 essemus.
1682 2742 1869 2809 Opera:
1900 2737 2131 2807 pretium
2166 2735 2360 2796 fuerat,

799 2859 912 2898 rem
967 2841 1233 2910 ejusmodi
1269 2854 1331 2892 ex
1388 2838 1509 2890 aliis
1561 2848 1820 2903 quaerere,
1868 2833 1998 2885 viris
2033 2829 2239 2884 scilicet
2272 2825 2362 2893 qui

800 2938 904 2988 iita
943 2934 1232 3003 purissima
1278 2945 1340 2982 ac
1371 2929 1680 2997 quotidiana
1717 2925 1850 2995 legis
1896 2921 2106 2977 Domini
2141 2919 2363 2973 inedita-

800 3030 946 3081 tiooe
985 3027 1124 3081 fulti,
1161 3035 1420 3090 quantum
1456 3019 1669 3082 sumeit,
1707 3020 1829 3070 talia
1867 3014 2231 3085 querentibus
2265 3013 2360 3080 ipsi

2454 566 2731 630 ἐκπίπτει,
2768 567 2879 624 τοῖς
2930 565 2976 615 δ’
3009 564 3259 631 ἀνοήτοις
3299 563 3519 628 κτήνεσι
3579 559 4007 625 παραϐάλλεται.

2454 656 2551 708 Διά
2606 673 2686 706 τοι
2731 655 2888 706 τοῦτο
2919 654 3012 705 καὶ
3049 656 3076 705 ὁ
3122 651 3376 720 Χριστὸς,
3430 653 3460 718 η
3516 647 3875 716 αὑτοαλήθεια
3917 651 4009 703 καὶ

2454 745 2774 811 αὐτοσοφία,
2805 743 3132 812 ζητητικοὺς
3167 743 3314 809 ἡμᾶς
3361 741 3487 805 περὶ
3526 738 3594 789 τὰ
3630 737 3769 789 καλὰ
3825 737 4009 803 βουλό-

2459 851 2617 901 μενος
2650 831 2812 895 εῖναι,
2845 835 2940 886 νῦν
2975 834 3072 901 μὲν
3100 833 3397 892 ἐδίδασκεν,
3427 828 3666 891 Αἰτεῖτε,
3698 828 3796 879 καί
3841 827 4015 889 δοθή-

2454 941 2625 980 σεται
2665 925 2825 992 ὑμῖν·
2864 922 2981 987 πᾶς
3009 923 3116 991 γὰρ
3171 926 3202 976 ό
3248 921 3427 974 αἰτῶν
3456 919 3782 987 λαμϐάνει·
3834 921 3927 969 κα)
3981 919 4014 966 ὸ

2455 1017 2640 1082 ζητῶν
2669 1017 2953 1084 εὑρίσκει·
2999 1017 3097 1068 καί
3154 1014 3234 1078 τῷ
3283 1016 3558 1080 κρούοντι
3583 1011 3968 1077 ἀνοιγήσεται
3994 1023 4009 1036 ·

2456 1109 2546 1159 νῦν
2578 1107 2658 1170 δὲ,
2700 1108 3013 1173 Ἐρευνᾶτε
3046 1106 3150 1169 τὰς
3176 1104 3440 1170 Γραφάς.
3466 1102 3574 1155 Καὶ
3607 1100 3733 1169 γὰρ,
3754 1099 3826 1160 ὥς
3849 1115 4012 1165 φησιν

2455 1202 2483 1252 ὁ
2525 1201 2794 1267 μακάριος
2843 1198 3075 1258 Παῦλος,
3113 1198 3270 1248 Ὅσα
3315 1193 3684 1261 προεγράφη,
3741 1193 3828 1256 είς
3873 1191 4014 1256 ἠμε-

2458 1290 2635 1356 τέραν
2663 1288 3069 1341 διδασκαλίαν
3102 1286 3466 1354 προεγράφη.

2528 1566 2599 1616 Σὺ
2626 1564 2829 1624 τοίνυν,
2879 1561 2958 1612 ὃτι
2995 1559 3094 1625 μὲν
3131 1557 3397 1624 ὑπάρχεις
3441 1553 3768 1621 φιλομαθὴς,
3823 1553 4018 1604 πολλα-

2458 1657 2617 1726 χόθεν
2672 1653 2936 1710 δεικνύεις
2965 1666 2978 1678 ·
3025 1649 3157 1699 ποτέ
3209 1649 3317 1714 μὲν
3365 1643 3726 1702 ἀπαιδεύτους
3774 1643 4018 1702 ἐκείνους

2389 1793 2430 1846 Β
2459 1747 2780 1817 ἡγούμενος,
2812 1742 2860 1795 οἳ
2898 1741 3103 1811 βλάϐην
3155 1739 3336 1806 ψυχῆς
3379 1736 3505 1797 τοὺς
3549 1735 3740 1802 λόγους
3787 1735 3879 1786 καὶ
3923 1734 4021 1800 τὴν

2571 1835 2582 1846 ι
2695 1835 2708 1846 -
2794 1832 2812 1846 ς
2912 1830 2970 1846 ρ.
3156 1843 3168 1846 -
3247 1827 3348 1846 κίκι
3395 1825 3443 1846 ,ι
3500 1823 3702 1846 ,___._,_
3763 1822 4021 1846 ____,,____,

2462 1835 2651 1900 σοφίαν
2687 1830 3168 1897 ὐπολαμσὰνουσι·
3225 1827 3353 1878 ποτέ
3391 1825 3447 1877 δέ
3496 1823 3702 1894 ζημίαν
3762 1822 4023 1891 μεγίστην

2460 1925 2644 1994 σαυτῷ
2676 1924 2982 1990 τιθέμενος,
3015 1923 3095 1973 ὅτι
3132 1936 3213 1970 σοι
3252 1917 3327 1987 μὴ
3359 1917 3534 1982 λόγων
3561 1916 3654 1967 καὶ
3681 1914 3872 1980 σοφίας
3911 1912 4024 1976 ἐξε-

2459 2020 2648 2085 γένετο
2674 2016 2813 2066 κατὰ
2846 2015 2905 2064 το
2927 2013 3154 2064 δυνατὸν
3184 2009 3500 2079 μετασχεῖν.
3543 2007 3663 2057 Ὀτι
3707 2005 3762 2056 δὲ
3798 2006 3928 2072 περὶ
3958 2003 4024 2054 τὰ

2463 2112 2698 2177 μέγιστα
2746 2108 2835 2156 καὶ
2867 2103 3166 2173 ψυχωφελῆ
3215 2101 3517 2171 μαθήματα
3570 2098 3888 2166 διατρίϐεις,
3935 2097 4026 2146 καὶ

2460 2203 2616 2254 τοῦτο
2660 2200 2948 2259 δεικνύεις,
3002 2197 3096 2263 ἀφ’
3133 2187 3207 2248 ὧν
3236 2195 3506 2262 ἐζήτησας
3547 2190 3642 2242 νῦν
3677 2188 3866 2259 μαθεῖν
3896 2187 4029 2254 παρ’

2459 2294 2621 2365 ἡμῶν
2649 2293 2777 2358 περὶ
2808 2291 2916 2342 τῶν
2945 2289 3258 2357 ἀνηκόντων
3310 2288 3375 2354 τῇ
3425 2282 3550 2338 καθ’
3579 2283 3726 2351 ἡμᾶς
3758 2281 3865 2334 τῶν
3898 2281 4031 2346 Χρι-

2463 2384 2694 2437 στιανῶν
2749 2381 2950 2432 πίστει.
3013 2375 3154 2443 Ἐγὼ
3197 2377 3296 2444 μὲν
3324 2373 3439 2438 οῦν,
3475 2373 3568 2426 σοῦ
3617 2373 3678 2425 τὸ
3731 2369 4029 2438 φιλομαθὲς

2410 2487 2432 2509 δ
2462 2475 2722 2537 ἐπαινῶν,
2758 2473 2917 2524 τοῦτο
2947 2471 3045 2523 οὐκ
3093 2468 3321 2530 ἐπαινῶ,
3359 2468 3440 2518 δτι
3475 2483 3566 2516 σου
3600 2464 3696 2532 τὴν
3729 2461 4028 2529 ἐπιθυμίαν

2467 2567 2685 2627 ἱκανοὺς
2713 2565 2858 2632 ἡμᾶς
2888 2565 3149 2629 ἐνόμισας
3181 2557 3585 2627 ἐκπληρώσειν.
3623 2555 3771 2606 Ἔδει
3826 2554 3933 2620 γάρ
3969 2568 4026 2601 σε

2463 2657 2594 2724 παρ’
2635 2655 2809 2706 ἄλλων
2831 2653 3055 2703 τοιαῦτα
3091 2649 3396 2716 ἐπιζητεῖν,
3435 2646 3483 2697 οἳ
3516 2644 3611 2697 καὶ
3643 2643 3742 2712 βίῳ
3777 2643 4030 2708 καθαρω·

2465 2751 2609 2817 τάτῳ
2661 2747 2754 2799 καὶ
2802 2743 2879 2813 τῷ
2928 2742 3047 2795 καθ’
3082 2741 3295 2809 ἡμέραν
3325 2739 3414 2790 τὸν
3467 2737 3629 2806 νόμον
3679 2734 3907 2804 μελετᾷν
3935 2731 4026 2783 τοῦ

2465 2839 2674 2909 Κυρίου
2700 2838 3022 2907 δυνήσονται
3061 2836 3173 2893 τοῖς
3201 2831 3375 2886 ταῦτα
3411 2830 3668 2900 ζητοῦσιν
3714 2829 4030 2898 ἀρκούντως

2466 2933 2799 2987 ἀποδιδόναι.
2846 2929 3038 2997 Ἡμεῖς
3067 2926 3122 2978 δέ
3149 2925 3358 2976 τούτων
3389 2920 3722 2990 ἀποροῦντες
3749 2919 4031 2978 ἁπάντων,

2469 3027 2580 3080 πῶς
2618 3026 2726 3094 ἄρα
2760 3021 3105 3091 δυνησόμεθα
3137 3018 3263 3080 τοὺς
3308 3015 3506 3076 ἄλλους
3558 3012 3627 3064 τὰ
3681 3010 3910 3062 τοιαῦτα
3959 3007 4036 3057 δι-

805 3123 1025 3174 irddere
1079 3119 1309 3185 possint.
1359 3113 1466 3165 Nos
1502 3127 1648 3168 vero,
1686 3125 1805 3163 cuin
1858 3111 1971 3161 lia-c
2005 3107 2186 3161 omnia
2234 3108 2362 3158 deti-
2394 3111 2436 3171 ς
2469 3119 2559 3170 δάε

2283 3108 2362 3157 ⁵1⁵⁸
2394 3111 2436 3171 C
2469 3119 2710 3178 δάσκειν,
2752 3116 2877 3183 περὶ
2914 3108 2989 3168 ὧν
3020 3115 3115 3164 καὶ
3149 3109 3305 3162 αὐτοὶ
3339 3105 3491 3175 παρὰ
3535 3104 3642 3157 τῶν
3683 3102 3902 3154 εἰδότων
3936 3117 4037 3167 μη-

801 3215 966 3274 ciant,
999 3211 1092 3277 qui
1134 3209 1223 3260 ﬂat
1258 3217 1314 3259 ut
1347 3221 1430 3258 ri-s
1461 3204 1723 3270 ejusmodi
1766 3202 1898 3254 alios
1934 3203 2243 3258 doceamus,
2277 3200 2366 3265 qui

801 3319 851 3358 et
889 3307 985 3372 ipsi
1018 3304 1084 3355 ab
1126 3317 1312 3354 earum
1357 3301 1542 3367 peritis
1581 3298 1801 3364 perinde
1833 3296 2010 3348 doceri
2043 3292 2369 3347 debeamus?

805 3401 1110 3458 Enimvero,
1164 3395 1358 3463 qiiibUs
1393 3393 1528 3443 haud
1564 3391 1696 3442 satis
1736 3405 1799 3441 ex
1837 3387 1996 3440 oﬂieii
2041 3388 2247 3440 ratione
2289 3387 2370 3436 vi-

805 3495 1014 3547 deatur,
1052 3501 1106 3540 ut
1138 3487 1336 3554 quibus
1388 3497 1572 3550 magna
1611 3497 1713 3532 non
1762 3489 2073 3547 suppetunt,
2119 3493 2216 3531 nec
2253 3492 2373 3540 quae

809 3587 987 3635 tenuia
1023 3597 1117 3646 pro
1154 3579 1404 3629 l'ai-nliate
1437 3578 1722 3634 exsistant,
1753 3572 1974 3624 minimc
2007 3573 2368 3636 praebeant-is;

809 3695 868 3728 ae
926 3691 1049 3726 (:lllll
1105 3673 1238 3721 aliae
1292 3668 1545 3720 amicitia:
1592 3666 1714 3731 jure
1775 3662 1995 3728 obsequi
2058 3661 2371 3728 gestiainus,

809 3767 1067 3832 quidquid
1104 3766 1168 3815 iis
1197 3764 1263 3813 de
1288 3766 1467 3824 rebus,
1500 3762 1564 3810 de
1595 3760 1792 3824 quibus
1822 3754 2106 3824 quazsiisti,
2140 3768 2205 3805 cx—
2233 3752 2376 3804 Siri-

811 3873 966 3926 ptuia
1021 3873 1080 3907 ac
1120 3855 1372 3907 Ecclesia:
1414 3853 1704 3917 magistris,
1743 3848 1834 3901 Dei
1876 3846 2378 3900 subniinistratione

808 3953 1018 4016 assequi
1075 3947 1245 4009 licuit,
1303 3945 1352 3995 id
1404 3958 1529 3996 \‘tl‘o
1577 3958 1698 3994 cuiu
1755 3941 1948 3993 timore
2001 3939 2095 3992 tibi
2155 3938 2380 3992 reddere

809 4049 1188 4102 iciiniteiuur;
1245 4031 1322 4090 sic
1381 4036 1634 4089 nimirum
1691 4045 1748 4085 ut
1803 4048 1866 4085 ex
1917 4031 2182 4085 iiuineiiso
2239 4030 2381 4082 velut

810 4150 1057 4202 aequore.
1097 4132 1350 4200 pauculas
1383 4137 1559 4198 guttas
1596 4125 1923 4186 haurientes,
1957 4123 2094 4175 haud
2128 4135 2379 4190 magnam

811 4237 1016 4279 ornata:
1046 4223 1303 4275 dictionis
1349 4237 1409 4272 ae
1447 4234 1635 4270 vocum
1665 4216 1947 4282 elegantiae
1981 4213 2243 4265 rationein
2283 4212 2381 4264 lia-

815 4321 1059 4375 beamus,
1112 4318 1219 4366 iiiio
1263 4314 1447 4376 etiam,
1479 4312 1654 4377 quoad
1702 4309 1852 4372 licet,
1880 4306 2145 4359 claritatis
2185 4306 2379 4373 gratia,

814 4410 1178 4476 negligamus,
1235 4421 1395 4456 unum
1453 4404 1551 4454 hoe
1599 4411 1926 4469 spectantes,
1977 4407 2033 4450 ut
2085 4413 2203 4466 quae
2259 4411 2380 4449 vera

813 4506 1078 4556 :cnlcutin
1127 4501 1530 4566 rectissiuiaque
1568 4511 1897 4566 promemus,
1937 4505 2246 4550 sanctorum
2281 4509 2385 4546 uii-

813 4598 975 4663 dique
1014 4593 1354 4646 sermonibus
1401 4591 1732 4641 muniantur.
1793 4586 1992 4656 Sicque
2044 4585 2163 4655 ejus
2212 4587 2287 4638 rei
2330 4585 2380 4638 in

813 4687 1062 4740 omnibus
1094 4694 1279 4736 sancte
1326 4683 1482 4736 nobis
1531 4684 1789 4733 servanda
1832 4680 2016 4746 religio
2050 4691 2153 4739 est,
2193 4678 2384 4746 utjain

815 4795 931 4848 ipso
967 4779 1189 4833 exordio
1236 4776 1364 4828 nihil
1401 4791 1495 4825 nos
1534 4791 1560 4823 a
1595 4773 1748 4824 nobis
1781 4787 1942 4842 atque
1987 4774 2257 4841 proprium
2306 4770 2388 4824 di-

815 4888 997 4926 i-turos
1035 4873 1410 4940 pi'oliteauiur,
1471 4884 1743 4934 iiiiuuique
1787 4869 1884 4921 hoc
1917 4871 2183 4918 duntaxat
2215 4866 2384 4918 colla-

817 4982 986 5026 iiiius,
1023 4975 1077 5016 ut
1114 4977 1228 5029 qum
1263 4964 1437 5015 Sancti
1477 4961 1684 5020 Patres.
1721 4960 1888 5013 divini
1917 4959 2098 5012 alllatu
2130 4956 2385 5024 Spiritus,

817 5061 975 5113 lat-iiii
1024 5067 1168 5121 sunt,
1225 5059 1335 5109 lia-e
1386 5072 1512 5108 vero
1549 5070 1920 5123 exponamus;
1978 5055 2053 5106 uti
2105 5050 2390 5105 manifeste

816 5153 1062 5221 liquebit,
1092 5165 1155 5203 ex
1205 5150 1270 5202 iis
1320 5165 1438 5217 qua:
1469 5149 1711 5211 edemus,
1745 5147 1997 5200 niniiruui
2036 5146 2087 5198 in
2143 5144 2388 5210 singulis,

817 5263 936 5314 qua:
977 5262 1002 5296 τι
1039 5246 1195 5297 nobis
1227 5245 1448 5295 dicenda
1482 5251 1625 5306 Sunt,
1658 5241 1965 5308 aperiendo,
1999 5240 2122 5306 quid
2152 5255 2212 5292 ea
2249 5237 2300 5290 in
2337 5250 2392 5289 re

817 5343 891 5395 illi
924 5339 1220 5402 senserint;
1251 5352 1313 5390 ac
1351 5337 1610 5404 quidquid
1641 5335 1937 5386 dixerimus
1979 5348 2040 5384 ex
2074 5342 2385 5386 sanctorum

889 5569 898 5598 '
948 5569 1083 5620 l’siil.
1118 5581 1297 5626 mnu,
1341 5565 1418 5617 l5.
1499 5568 1515 5594 ⁷
1551 5564 1734 5616 Matth.
1769 5580 1863 5626 νιι,
1901 5566 1951 5616 7.
2032 5563 2050 5591 ³
2109 5560 2271 5614 .Ioaii.

2341 5576 2395 5626 ν,
2425 5560 2516 5614 59.

2469 3209 2554 3259 δέν
2585 3207 2801 3257 ἔλαττον
2834 3201 3186 3256 διδάσκεσθαι
3213 3198 3523 3267 χρῄζομενς
3548 3196 3738 3262 Ὅμως
3767 3192 3826 3244 οὐ
3852 3190 4032 3249 καλῶς

2473 3299 2614 3365 ἔχειν
2642 3295 3138 3360 ὑπολαμϐάνοντες,
3191 3293 3241 3344 εί
3285 3307 3368 3350 τις
3415 3288 3491 3356 μὴ
3541 3286 3749 3338 πολλῶν
3789 3282 4041 3350 εὐπορῶν

2474 3394 2565 3441 καὶ
2603 3388 2875 3457 μεγάλων,
2922 3386 3043 3437 οὐδὲ
3086 3387 3153 3436 τὰ
3200 3383 3401 3436 δυνατὰ
3448 3380 3534 3431 διὰ
3582 3378 3741 3429 τοῦτο
3774 3376 4036 3443 παρέχειο

2475 3483 2568 3532 καὶ
2604 3479 2717 3546 ἅμα
2774 3494 2857 3528 σοι
2909 3476 2994 3527 διὰ
3045 3474 3143 3543 τὴν
3188 3471 3369 3540 φιλίαν
3402 3470 3681 3534 ἀξιοῦντες
3713 3464 4036 3525 ὑπακούειν,

2476 3576 2572 3623 ὅσα
2599 3571 2726 3638 περὶ
2754 3565 2828 3621 ὦν
2865 3567 3049 3635 ζητεῖς
3109 3566 3258 3632 παρὰ
3310 3566 3409 3629 τῆς
3467 3559 3629 3626 ἁγίας
3676 3554 3900 3626 Γραφῆς
3948 3552 4045 3604 καὶ

2477 3665 2583 3714 τῶν
2615 3661 2947 3714 διδασκάλων
3001 3658 3097 3725 τῆς
3137 3653 3486 3722 Ἐκκλησίας,
3534 3650 3629 3704 τοῦ
3682 3648 3820 3702 Θεοῦ
3877 3663 4045 3714 χορη-

2481 3757 2727 3823 γοῦντος,
2785 3752 3113 3805 καταλαϐεῖν
3167 3745 3526 3814 ἐδυνήθημεν,
3589 3741 3705 3810 μετ’
3756 3739 4046 3800 εὐλαϐείας

2481 3867 2564 3902 σοι
2603 3844 2979 3917 πειρασόμεθα
3025 3837 3358 3893 ἀποδοῦναι’
3414 3835 3603 3902 ὥσπερ
3653 3833 3716 3884 ἐκ
3777 3829 4047 3896 πελάγους

2480 3945 2709 4012 ἀπείρου
2763 3943 3029 4008 σταγόνας
3058 3937 3260 4005 μικρὰς
3296 3934 3658 4003 ἀρυσάμενοι,
3689 3928 3788 3996 τῆς
3833 3926 3931 3995 μὲν
3959 3925 4049 3976 λέ-

2484 4039 2618 4104 ξεως
2656 4039 2749 4091 καὶ
2801 4035 2895 4088 τοῦ
2951 4033 3178 4092 κάλλους
3212 4031 3319 4080 τῶν
3350 4029 3635 4095 ὀνομάτων
3669 4022 3849 4089 ὀλίγον
3885 4037 4044 4090 φρον-

2482 4130 2744 4193 τίζοντες,
2785 4125 2986 4196 μᾶλλον
3012 4124 3090 4186 δὲ,
3127 4122 3218 4173 καί
3241 4123 3363 4172 ὅσον
3395 4119 3652 4186 ἐγχωρεῖ,
3681 4115 3768 4168 διὰ
3789 4113 3851 4166 τὸ
3881 4113 4052 4180 σαφὲς

2486 4221 2841 4293 ἀμελοῦντες
2879 4218 3027 4276 ὅπως
3060 4215 3116 4265 δὲ
3165 4213 3230 4264 τὰ
3282 4211 3533 4280 νοήματα
3561 4207 3736 4277 ἀληθῆ
3773 4209 3868 4260 καὶ
3897 4206 4051 4274 ὀρθό-

2485 4331 2620 4367 τατα
2668 4313 2750 4381 εἴη
2811 4310 2989 4376 λόγοις
3049 4307 3219 4372 ἁγίων
3271 4301 3536 4357 πάντοθεν
3585 4299 4053 4368 κατωχυρωμένα,

2491 4406 2650 4459 τοῦτο
2675 4401 3006 4474 σκοποῦντες
3036 4399 3215 4465 μόνον·
3249 4398 3384 4462 ὅπερ
3414 4395 3576 4461 ἡμεῖς
3605 4390 3836 4442 ἐνταῦθα
3868 4387 4056 4440 τοσοῦ-

2492 4517 2582 4553 τον
2622 4498 2710 4552 διὰ
2746 4467 2963 4549 πάντων
2991 4490 3295 4560 φυλάξομεν
3323 4489 3422 4557 (‘2),
3451 4486 3589 4538 ὥστε
3623 4485 3715 4537 καὶ
3766 4467 4059 4554 ἀρχόμενοι

2495 4589 2661 4660 μηδὲν
2695 4589 2789 4650 ἀφ’
2818 4585 2974 4654 ὴμῶν
3010 4582 3190 4634 αὐτῶν
3241 4584 3385 4649 ἐρεῖν
3429 4580 3628 4631 οἰκεῖον
3661 4577 4061 4644 καθυπισχνού-

2496 4682 2655 4752 μεθα.
2698 4678 2869 4731 Τοῦτο
2925 4677 2981 4728 δέ
3041 4675 3205 4743 μόνον
3237 4673 3566 4738 εἰσοίσομεν,
3616 4671 3686 4721 τά
3736 4670 3847 4729 τοῖς
3885 4669 4062 4732 ἁγίοις

2495 4775 2655 4843 ἡμῶν
2693 4765 2970 4838 Πατράῖσιν
3001 4767 3106 4818 ὑπὸ
3145 4764 3238 4816 τοῦ
3268 4763 3422 4828 ἁγίου
3450 4761 3773 4827 Πνεύματος
3828 4761 4065 4826 ἐμπνευ-

2498 4864 2694 4916 σθέντα
2732 4855 3304 4927 καταστρωννύοντες,
3343 4852 3418 4914 ὡς
3460 4852 3568 4904 ἀπὸ
3595 4851 3703 4902 τῶν
3734 4849 4064 4902 ἐκτεθέντων

2497 4955 2654 5010 τοῦτο
2684 4954 3005 5021 φανήσεται·
3045 4945 3352 5006 δεικνύντες
3397 4944 3481 5012 ἐφ’
3514 4943 3747 4995 ἑκάστου
3779 4941 3887 4994 τῶν
3915 4943 4066 5007 λεγο-

2501 5051 2701 5118 μένων,
2734 5045 2855 5096 τίνα
2903 5042 3127 5110 γνώμην
3164 5039 3320 5108 ἔσχον
3354 5036 3480 5106 περὶ
3522 5035 3616 5088 τοῦ
3656 5037 4022 5104 προκειμένου
4049 5049 4062 5062 ·

2501 5143 2595 5193 καὶ
2630 5141 2767 5207 ὅπερ
2808 5139 2873 5188 ἂν
2909 5137 3195 5202 εἴποιμεν,
3234 5131 3426 5181 τούτου
3468 5126 3566 5197 τὴν
3617 5125 3926 5194 μαρτυρίαν
3975 5124 4069 5174 καὶ

2502 5233 2561 5284 τὸ
2596 5196 2786 5283 πιστδν
2831 5229 2895 5279 ὲκ
2941 5196 3268 5291 τώνδόγων
3314 5223 3420 5274 τῶν
3445 5196 3619 5287 ἁγίων
3655 5217 4029 5284 ἐπαγαγόντες
4053 5196 4086 5243 ·’

2500 5328 2585 5378 ἵνα
2636 5324 2710 5393 μὴ
2758 5320 3007 5391 δοκῶμεν
3053 5318 3371 5388 γεννήματα
3423 5316 3521 5385 τῆς
3575 5312 3846 5383 ἡμετέρας
3902 5309 4073 5378 φθέγ-

2597 5560 2616 5587 ⁸
2650 5558 2806 5612 lloui.
2847 5569 2950 5607 xv.
2991 5551 3042 5604 4.

901 5797 977 5864 (Ξ)
1007 5794 1096 5850 δέ
1124 5793 1485 5849 Damasi-enus
1522 5792 1730 5862 pra‘lat.
1758 5791 1821 5844 ad
1862 5790 2112 5844 Cosmum
2141 5786 2386 5856 Majuinae
2426 5790 2766 5858 episcopum.
