4442 6440
380 391 487 453 449

1327 393 1424 451 DE
1468 392 1894 451 PRINCIPIIS
1928 392 2135 450 FIDE!
2174 391 2643 452 CATIIOLICJE.

3518 396 3621 457 650

382 504 550 568 ὑμῶν
607 505 638 554 o'
684 501 1003 568 οἰφάνιοςυ
1049 502 1166 565 καὶ,
1217 503 1475 556 Γίνεσθε
1514 504 1779 571 μιμηταὶ
1800 503 1949 556 Θεοῦ
1982 511 2022 562 Λ
2053 502 2135 553 vel

1866 503 1949 556 ιοῦ
1982 511 2022 562 Α
2053 502 2198 553 velut
2252 501 2473 554 stimulo
2524 501 2588 551 ad
2652 497 2744 552 Dei
2800 499 3158 553 imitationem
3195 495 3473 571 urgentur.
3532 504 3620 553 Ait

382 594 462 654 ὡς
502 591 685 643 τέκνα
732 591 1029 658 ἀγαπητά.
1062 592 1171 643 Καὶ
1204 593 1233 643 6
1266 592 1409 653 θεῖος
1443 591 1717 652 Διονύσιος
1752 592 1864 659 (l7)
1893 593 1950 643 ὲν

384 681 462 747 τῷ
503 681 640 746 Περὶ
670 682 846 733 θείων
876 681 1208 748 ὀνομάτων,
1245 682 1354 735 Τὸν
1372 679 1525 746 ὑπὲρ
1549 681 1765 739 πάντα,
1796 680 1950 747 φησ“ι,

387 774 537 825 Θεὸν
570 774 715 825 καθὸ
762 772 937 833 αὑτός
975 772 1166 833 ἐστιν,
1220 771 1424 825 οὐδενί
1482 787 1675 839 φασιν
1716 770 1950 838 ὅμοιον·

385 865 571 916 αὐτὸν
623 863 691 915 δὲ
732 865 1050 930 ὁμοιότητα
1101 865 1265 916 θείαν
1311 863 1624 931 δωρεῖσθαι
1679 862 1802 927 τοῖς
1862 861 1955 914 ἐπ’

389 955 578 1005 αὑτὸν
615 953 1168 1020 ἐπιστρεφομένοις.
1208 956 1317 1007 Καὶ
1357 955 1540 1016 πάλιν,
1582 952 1770 1008 Ταῦτα
1810 953 1959 1020 γοῦν

382 1042 608 1107 ῥητέον
650 1042 822 1109 ὅμοια
871 1042 1042 1103 Θεοῦ,
1084 1043 1157 1095 τὰ
1197 1042 1347 1096 κατὰ
1400 1045 1567 1097 θείαν
1608 1043 1813 1096 εἰκόνα
1862 1045 1957 1093 καὶ

390 1135 677 1199 (uolumu-
700 1146 714 1159 '
748 1131 889 1184 οὐδὲ
916 1132 1027 1199 γὰρ
1052 1133 1256 1196 αὐτοῖς
1281 1133 1387 1183 τὸν
1418 1132 1567 1185 Θεὸν
1610 1132 1839 1199 ὅμοιον,
1872 1131 1960 1181 ῖτι

386 1224 546 1290 μηδὲ
584 1222 895 1288 ἄνθρωπος
942 1220 1017 1287 τῇ
1067 1220 1183 1285 ἰδίᾳ
1232 1224 1414 1275 εικόνι
1473 1223 1708 1289 ὄμοιος’
1747 1222 1883 1274 ἀλλ’
1923 1221 1960 1285 ἠ

392 1313 674 1381 ὁμοίωσις
692 1313 760 1363 τὸ
787 1311 1029 1377 πρώτως
1047 1312 1177 1364 ἐστὶ
1208 1311 1326 1364 τῶν
1354 1312 1424 1364 ἐν
1448 1312 1592 1380 ἡμῖν
1622 1312 1779 1378 παρὰ
1815 1310 1963 1365 Θεοῦ

391 1400 655 1470 ἀγαθῶν.
682 1402 805 1453 Ehe
854 1404 962 1470 γὰρ
1020 1403 1191 1469 ἅγιοι,
1227 1404 1358 1454 εῖτ-ε-
1372 1402 1504 1464 θεοὶ,
1538 1403 1645 1454 εἴτε
1677 1401 1852 1453 δοῦλοι
1878 1399 1991 1452 δνοι

394 1509 507 1554 τες,
540 1491 648 1541 εἴτε
700 1490 900 1557 κύριοι,
934 1491 1057 1543 καθ’
1107 1492 1371 1559 ὁμοίωσιν
1419 1490 1961 1559 ἐδημιουργήθημεν·

398 1581 540 1633 κατὰ
567 1577 726 1631 τοῦτο
755 1581 863 1647 γάρ
902 1596 1067 1647 φησιν
1116 1581 1145 1631 6
1184 1580 1526 1644 Ἀπόστολος,
1571 1580 1965 1648 Ἀναμοιδφοῦ-

394 1673 506 1722 σθε
544 1668 615 1719 ἐν
663 1668 966 1733 καινότητι
1000 1668 1101 1721 τοῦ
1124 1668 1258 1732 νοὸς
1305 1668 1494 1736 ὑμῶν.
1524 1669 1615 1737 Τῷ
1658 1671 1768 1739 γὰρ
1796 1666 1966 1736 καινῷ

398 1758 673 1827 ἀνθρώπῳ
700 1758 952 1823 λέγονται
977 1758 1170 1821 ταῦτα,
1197 1759 1275 1828 τῷ
1308 1762 1779 1829 ἀνακαινιζομένῳ
1811 1764 1869 1812 ἐν
1900 1764 1965 1832 τῇ

2055 592 2197 643 enim
2245 606 2258 640 :
2300 589 2477 643 Estote
2508 589 2872 641 misericordes
2894 628 2908 648 ,
2943 590 3079 640 sicut
3120 589 3292 641 Pater:
3322 600 3487 641 vester
3518 607 3626 642 ca:-

2058 682 2197 733 lestis
2220 682 2260 710 "
2286 698 2300 744 ;
2325 692 2378 733 et
2412 698 2426 733 :
2463 679 2640 732 Estote
2673 680 2962 731 imitatores
2994 678 3107 741 Dei,
3142 681 3275 731 sicut
3301 667 3397 745 filii
3430 682 3631 730 charis-

2058 773 2259 824 simi".
2292 771 2513 824 Divinos
2542 784 2755 838 quoque
2782 770 3093 839 Dionysius,
3128 770 3180 821 iu
3227 758 3365 821 libro
3393 771 3464 821 De
3486 771 3626 820 diri-

2060 866 2142 917 nis
2176 865 2466 915 nominibus
2502 878 2520 915 :
2553 862 2717 915 Deum
2740 902 2754 923 ,
2793 863 2987 929 inquit,
3021 864 3108 929 qui
3139 872 3213 914 est
3245 879 3401 927 super
3433 862 3630 922 omnia,

2062 953 2209 1005 aiunt
2230 953 2360 1005 nulli
2385 968 2495 1005 esse
2525 952 2744 1005 similem
2772 968 2789 1013 ;
2821 951 3008 1019 largiri
3029 962 3201 1003 tamen
3231 953 3461 1003 divinam
3486 952 3633 1001 sinti-

2062 1043 2358 1102 litudinem,
2390 1043 2468 1092 his
2504 1043 2594 1108 qui
2628 1043 2694 1092 ad
2741 1043 2909 1107 ipsum
2961 1049 3355 1093 convertantur.
3389 1043 3462 1092 Ac
3512 1056 3634 1091 rur-

2063 1145 2157 1182 sus
2199 1144 2212 1180 :
2253 1134 2378 1183 Haec
2416 1132 2595 1197 itaque
2631 1131 2852 1182 dicenda
2889 1128 2992 1183 Deo
3021 1130 3245 1191 similia,
3276 1146 3392 1197 quae
3421 1138 3539 1181 sunt
3566 1131 3634 1180 ad

2067 1219 2157 1270 Dei
2210 1222 2486 1287 imaginem
2528 1231 2575 1273 et
2607 1221 3032 1273 similitudinem.
3066 1220 3246 1287 Neque
3282 1222 3418 1271 enim
3470 1220 3632 1271 Deum

2063 1310 2137 1361 eis
2175 1311 2398 1361 similem
2459 1311 2771 1368 dixerimus.
2810 1327 2929 1362 nam
2983 1327 3074 1362 nec
3109 1314 3261 1363 homo
3310 1326 3420 1363 sua,
3450 1310 3638 1362 similis

2066 1400 2283 1466 imagini
2312 1410 2412 1452 est.
2454 1398 2557 1452 Sed
2581 1394 2874 1453 similitudo
2908 1402 3135 1468 primum
3160 1411 3232 1453 est
3264 1418 3441 1453 eorum
3479 1402 3641 1452 bono-

2068 1506 2206 1551 rum,
2258 1507 2374 1558 qua:
2408 1490 2555 1542 nobis
2594 1507 2625 1542 a
2669 1489 2773 1542 Deo
2820 1493 3021 1543 insunt.
3078 1490 3205 1543 Sive
3243 1492 3384 1544 enim
3439 1492 3638 1550 sancti,

2069 1584 2183 1635 sive
2212 1583 2308 1646 dii,
2344 1583 2457 1634 sive
2488 1583 2627 1636 servi
2665 1598 2879 1642 sumus.
2932 1586 3044 1638 sive
3091 1582 3318 1647 domini,
3344 1583 3408 1634 ad
3444 1583 3642 1635 simili-

2071 1674 2313 1726 tudinem
2357 1690 2543 1726 sumus
2569 1675 2795 1727 conditi.
2844 1674 2955 1727 Iloc
2988 1674 3133 1727 enim
3171 1688 3331 1726 sensu
3375 1673 3448 1725 ait
3496 1674 3643 1737 Apo-

2072 1764 2266 1825 S'olus,
2309 1762 2687 1829 Reformamini
2717 1764 2770 1815 iu
2801 1764 3024 1817 novitate
3053 1780 3233 1817 sensus
3268 1762 3498 1815 uestri”.
3523 1761 3647 1832 |l_a‘.c

400 1849 692 1916 ἐπιγνώσει
736 1849 829 1900 τοῦ
873 1848 1011 1900 Θεοῦ
1051 1852 1192 1901 κατά
1242 1850 1474 1919 μίμησιν
1516 1852 1703 1914 αὐτοῦ,
1727 1852 1821 1904 τοῦ
1852 1853 1969 1905 κατ’
2001 1826 2043 1883 Β
2071 1854 2154 1906 eui

1888 1826 2213 1906 at’Beuiut
2269 1868 2408 1904 novo
2465 1853 2669 1905 homini
2729 1854 3027 1915 dicuntur,
3087 1856 3178 1923 qui
3236 1866 3530 1908 renovatur
3587 1854 3642 1908 in

403 1940 585 1991 εἰκόνα
610 1938 895 1997 κτίσαντος
927 1938 1114 1992 αὐτόν.
1146 1939 1220 1991 Οὐ
1261 1940 1443 1992 τοίνυν
1465 1943 1493 1993 ὀ
1529 1940 1660 2000 Θεὸς
1700 1942 1971 2009 μεταϐάλ-

401 2033 504 2093 λει,
542 2028 791 2098 καθάπερ
820 2028 1082 2097 ἐλέγομεν
1106 2044 1122 2059 ·
1157 2028 1273 2081 ἀλλ’
1306 2031 1468 2098 ἡμεῖς
1502 2032 1671 2098 ἐσμεν
1709 2029 1763 2078 ot
1807 2048 1974 2100 μετα-

403 2119 712 2180 σάλλοντες,
761 2114 903 2167 καθὰ
945 2115 1011 2185 δὴ
1052 2106 1147 2169 διαὶ
1194 2117 1256 2169 τὸ
1314 2116 1450 2185 φῶς.
1500 2118 1675 2187 τραχὺ
1722 2119 1821 2188 μὲν
1862 2121 1975 2182 τοῖς

403 2207 684 2260 ἀσθενέσιν
708 2203 1024 2273 ὀφθαλμοῖς,
1062 2205 1204 2258 λεῖον
1232 2206 1287 2258 δὲ
1307 2208 1417 2270 τοῖς
1449 2208 1627 2270 καλῶς
1653 2208 1834 2277 ἔχουσι
1888 2210 1977 2262 διὰ

402 2303 501 2370 τὴν
522 2296 729 2352 ἑαυτῶν
751 2295 1032 2353 ἀσθένειαν
1064 2301 1155 2352 καὶ
1183 2299 1488 2369 μεταϐολὴν
1533 2302 1593 2364 οὐ
1629 2300 1734 2378 μὴν
1762 2302 1850 2355 διὰ
1880 2301 1976 2370 τὴν

407 2393 639 2446 ἐκείνου.

480 2574 582 2626 Τδν
614 2575 799 2642 ὅμοιον
843 2572 906 2639 δὴ
958 2571 1180 2640 τρόπον,
1216 2570 1344 2623 ὅταν
1380 2570 1474 2621 καὶ
1521 2566 1854 2635 δημιουργὸς
1895 2566 1999 2636 ὖ.έοῖ

407 2682 573 2734 γηται
605 2668 695 2716 καί
723 2665 977 2734 βασιλεὺς
1027 2664 1121 2714 καὶ
1154 2661 1374 2731 Κύριος,
1431 2661 1527 2728 οὐχ
1559 2659 1789 2729 ὕστερον
1834 2657 1983 2726 αὐτῷ

410 2756 733 2825 ἐπεγένοντο
756 2771 770 2784 ·
804 2755 940 2807 ἀλλὰ
982 2757 1110 2823 περὶ
1138 2754 1207 2805 τὰ
1235 2755 1293 2805 ὲν
1326 2754 1501 2821 χρόνῳ
1533 2754 1565 2821 ἡ
1604 2751 1815 2819 κίνησις
1851 2750 1984 2803 Θεω-

414 2848 611 2914 ρεῖται,
643 2843 807 2897 αὖτοῦ
843 2843 1027 2905 ἀϊδίως
1059 2842 1210 2903 δντος
1237 2841 1342 2909 πρὸ
1382 2839 1602 2891 πάντων
1636 2839 1743 2889 τῶν
1768 2837 1983 2889 αἰώνων

413 2937 509 2987 καὶ
536 2933 871 3003 δημιουργοῦ
920 2934 1012 2985 καὶ
1056 2930 1356 3001 προνοητοῦ
1391 2929 1484 2982 καὶ
1514 2928 1716 2997 Κυρίου
1762 2927 1855 2979 καὶ
1894 2927 1986 2995 βα-

414 3028 626 3088 σιλέως.
658 3026 923 3091 Λέγονται
966 3025 1025 3077 δὲ
1061 3024 1151 3091 ὑφ’
1194 3021 1354 3092 ἡμῶν
1384 3021 1553 3089 αὐτῷ,
1587 3021 1675 3073 ὅτε
1716 3021 1772 3071 ὲν
1811 3019 1985 3088 χρόνῳ

413 3114 788 3187 ὲκτίσθημενο
834 3117 957 3168 ἐπεὶ
1004 3116 1099 3168 καὶ
1154 3112 1291 3184 πρὶς
1357 3114 1503 3182 ἡμᾶς
1528 3110 1699 3164 ταῦτα
1746 3110 1981 3176 λέγεται.

428 3213 499 3262 ’11η
520 3211 628 3279 γὰρ
658 3209 831 3272 κτίσις
863 3208 1037 3277 προῆν
1068 3208 1164 3276 μὲν
1194 3208 1250 3258 ὲν
1274 3204 1351 3274 τῷ
1381 3205 1720 3275 δημιουργῷ,
1746 3202 1860 3256 ἀλλ’
1888 3203 1986 3270 οὐχ

412 3305 487 3364 ὡς
516 3303 692 3365 κτίσις
747 3304 842 3353 καὶ
903 3301 1142 3368 ποίησις,
1188 3298 1303 3351 ἀλλ’
1347 3298 1423 3361 ὼς
1465 3297 1621 3365 λόγος
1668 3299 1761 3349 καὶ
1801 3295 1985 3364 παρά-

414 3396 636 3461 δειγμα.
669 3392 835 3444 Ὥστε
891 3390 1227 3459 δημιουργὸς
1270 3386 1339 3459 ἦν
1377 3390 1405 3441 6
1452 3388 1584 3451 Θεὸς
1632 3389 1737 3458 πρὸ
1771 3388 1989 3441 πάντων

415 3488 524 3537 τῶν
558 3486 768 3536 αἰώνων
822 3483 1067 3550 ἀσχέτως
1120 3482 1214 3534 καὶ
1264 3480 1570 3543 enatam:
1616 3482 1648 3548 ἡ
1688 3480 1744 3531 δὲ
1778 3481 1986 3546 σχέσις,

415 3580 483 3646 ἢν
514 3578 648 3647 πρὸ,
684 3579 752 3628 τὰ
781 3575 1258 3645 δημιουργηθέντα
1291 3573 1428 3643 ἔχει,
1460 3573 1597 3641 πρὸς
1644 3573 1773 3640 ὅρον
1806 3572 1991 3638 έΥΧΡ⁰⁴

419 3687 510 3721 νον
535 3668 824 3736 λεγομένη,
865 3666 931 3718 δι’
978 3667 1117 3719 αὐτὰ
1151 3666 1248 3719 καὶ
1280 3666 1393 3718 ἔστι
1428 3666 1522 3717 καὶ
1568 3664 1808 3730 λέγεται.
1844 3664 1906 3715 El
1935 3663 1991 3714 δέ

418 3777 502 3819 τις
534 3759 737 3827 ταύτην
793 3758 982 3820 ἀῖδίως
1030 3758 1088 3811 ὲν
1119 3755 1198 3824 τῷ
1245 3756 1366 3826 Θεῷ
1397 3754 1613 3825 Θεωρεί,
1641 3752 1993 3821 ἀναγκασθή-

423 3866 576 3901 σεται
615 3848 711 3901 καὶ
738 3848 806 3901 τὰ
831 3847 1298 3918 δημιουργήματα
1324 3845 1401 3915 τῷ
1435 3844 1555 3914 Θεῷ
1589 3844 1769 3911 λέγειν
1803 3843 1990 3896 συνατ-

419 3942 528 3995 δια.
569 3940 785 4002 Τέλειος
810 3935 903 3993 οὖν
954 3941 981 3991 6
1018 3939 1152 4003 Θεὸς
1199 3940 1465 4009 ὑπάρχων
1496 3937 1592 3990 καὶ
1620 3935 1805 3997 ἀϊδίως
1837 3933 1993 3987 δυνά-

425 4049 585 4102 μενος
638 4034 733 4084 καὶ
795 4029 1003 4094 κτίζειν
1060 4031 1156 4084 καὶ
1218 4027 1590 4101 προνοεῖσθαι,
1619 4026 1846 4094 ὕστερον
1901 4026 1996 4077 καὶ

421 4123 753 4193 δημιουργὸς
782 4122 915 4191 παρ’
960 4121 1116 4191 ἡμῶν
1159 4121 1258 4173 καὶ
1308 4118 1617 4198 προνοητὴς
1641 4114 1870 4185 ἐκλήθη,
1902 4115 1998 4183 δη-

427 4209 876 4280 μιουργηθέντων
906 4208 1015 4261 τῶν
1043 4207 1231 4271 ὄντων,
1262 4208 1383 4259 ἐπεὶ
1414 4207 1446 4277 ἡ
1478 4205 1661 4274 σχέσις
1691 4202 1834 4271 αὕτη
1861 4203 1998 4272 πρὸς

424 4301 568 4354 αὐτὰ
620 4298 953 4352 ἀποδίδοται.
1010 4298 1135 4351 Τῶν
1182 4298 1290 4366 γὰρ
1333 4293 1849 4366 δημιουργηθέντων
1900 4293 2000 4344 οὐκ

423 4394 617 4455 ὄντων,
646 4390 804 4457 δῆλον
850 4391 925 4453 ὡς
955 4389 1075 4442 οὐδὲ
1122 4389 1458 4457 δημιουργία
1489 4388 1554 4441 ἂν
1591 4388 1833 4453 ἐλέγετο,
1875 4384 1999 4437 οὔτε

2076 1945 2347 2007 agnitione
2383 1942 2473 1996 Dei
2513 1944 2811 1996 secundum
2849 1944 3203 1997 imitationem
3236 1944 3377 2011 ejus,
3402 1945 3491 2011 qui
3523 1960 3646 1998 eum

2075 2033 2141 2085 ad
2196 2035 2485 2101 imaginem
2518 2035 2745 2087 creavit.
2784 2033 2898 2087 Non
2952 2036 3134 2103 itaque
3187 2036 3330 2089 Deus
3383 2045 3648 2099 mutatur,

2076 2126 2524 2193 quemmlmodum
2582 2123 2932 2187 dicebamus;
2981 2128 3076 2179 sed
3129 2140 3226 2178 nos
3276 2141 3466 2179 sumus
3512 2140 3651 2192 quos

2079 2219 2305 2271 mutatio
2353 2217 2606 2285 attingit;
2674 2215 2748 2268 uti
2804 2217 2969 2270 etiam
3038 2217 3218 2269 lumen
3268 2216 3425 2285 trgris
3482 2219 3656 2270 oculis

2077 2325 2236 2379 grave
2264 2317 2346 2362 est
2382 2325 2442 2362 ac
2480 2310 2795 2370 molestum,
2839 2310 2988 2363 sanis
3020 2324 3147 2363 vero
3189 2319 3351 2378 atque
3386 2310 3649 2368 robustis,

2081 2404 2203 2456 lene
2236 2417 2300 2456 ac
2336 2416 2522 2461 suave,
2554 2414 2659 2453 neu
2696 2414 2793 2467 pro
2839 2416 2958 2466 sua,
2992 2404 3085 2456 sed
3120 2416 3218 2471 pro
3261 2416 3448 2456 eorum
3490 2401 3659 2455 imbe-

2080 2495 2300 2546 cillitate
2321 2507 2384 2545 ac
2416 2493 2737 2545 mutatione.
2800 2501 2807 2509 ‘

2152 2582 2326 2636 Simili
2361 2598 2574 2650 quoque
2622 2582 2851 2642 ratione,
2894 2597 3015 2634 cum
3065 2591 3117 2634 et
3149 2582 3377 2637 Creator
3419 2582 3640 2651 Rexqtte

2084 2688 2145 2727 ac
2182 2673 2439 2736 Dominus
2468 2673 2700 2737 dicatur,
2736 2688 2841 2726 non
2872 2673 2986 2726 lucc
3016 2674 3090 2725 illi
3122 2684 3308 2741 postea
3337 2675 3657 2738 adwniunt;

2085 2764 2179 2818 sed
2211 2773 2388 2816 metus
2428 2762 2494 2815 iis
2521 2761 2574 2815 in
2618 2763 2778 2817 rebus
2809 2762 3151 2831 intelligitur,
3173 2779 3295 2832 quae
3320 2779 3384 2818 ex
3412 2775 3660 2834 tempore

2085 2862 2231 2917 sunt,
2263 2869 2384 2906 cum
2417 2853 2532 2920 ipse
2565 2853 2632 2906 ab
2664 2863 2868 2907 asterno
2919 2864 3043 2908 ante
3093 2857 3276 2908 omnia
3330 2856 3525 2910 saecula
3554 2896 3569 2921 ,
3607 2866 3665 2909 et

2083 2943 2309 2998 Creator
2345 2956 2395 2996 et
2432 2943 2688 2997 Provisor
2716 2954 2771 2998 et
2806 2944 3067 3002 Dominus
3091 2953 3254 3013 atque
3280 2948 3387 3000 Rex
3423 2950 3510 3001 sit.
3540 2946 3666 3000 Haec

2089 3051 2213 3088 vero
2247 3037 2322 3089 illi
2359 3051 2386 3088 a
2421 3035 2575 3089 nobis
2601 3036 2939 3099 tribuuntur,
2966 3047 3318 3106 posteaquam
3349 3038 3400 3092 in
3428 3050 3669 3106 tempore

2012 3146 2055 3202 ο
2088 3126 2287 3180 conditi
2321 3140 2539 3190 smnus;
2578 3125 2722 3189 quod
2763 3136 2818 3179 et
2855 3126 2941 3178 illa
2973 3128 3040 3179 ad
3070 3141 3168 3181 nos
3210 3128 3485 3182 dicantur.
3534 3129 3665 3180 Ete-

2090 3220 2198 3269 nim
2238 3228 2471 3285 praeerat
2519 3213 2739 3283 quidem
2776 3228 3028 3271 creatura
3079 3218 3129 3271 in
3181 3234 3360 3273 rerum
3398 3228 3621 3273 auctore
3649 3260 3664 3280 .

2090 3307 2181 3361 sed
2216 3323 2315 3359 non
2351 3316 2409 3358 ut
2457 3302 2703 3359 creatura
2737 3318 2904 3375 atque
2943 3307 3109 3360 factio
3144 3322 3237 3361 seu
3281 3323 3440 3377 opus,
3475 3315 3568 3362 sed
3610 3320 3668 3361 ut

2092 3397 2227 3449 ratio
2258 3412 2319 3450 ac
2355 3392 2891 3461 exeiiiplar.‘ldc‘irco
2942 3408 3065 3450 erat
3113 3398 3264 3451 Deus‘
3304 3407 3430 3452 ante
3474 3400 3662 3450 omnia

2090 3486 2285 3540 saecula
2321 3500 2501 3539 rerum
2528 3485 2797 3552 opifexac
2828 3488 3097 3546 conditor,
3128 3488 3271 3540 nulla
3314 3498 3493 3540 tamen
3527 3490 3669 3542 rela-

2094 3578 2241 3631 tione
2270 3592 2335 3630 ac
2360 3576 2605 3630 absiilute
2634 3592 2647 3628 :
2686 3592 2843 3644 quam
2889 3591 3015 3628 ιιι-το
3048 3577 3112 3627 ad
3145 3587 3325 3629 creata
3352 3577 3673 3631 relationem

2095 3668 2296 3731 habet,
2337 3682 2457 3722 cum
2512 3669 2576 3719 ad
2618 3668 2910 3719 terminum
2970 3678 3381 3732 temporaneum
3431 3668 3672 3729 dicatur,

2095 3768 2312 3829 propter
2347 3758 2432 3811 illa
2462 3768 2546 3810 est
2578 3773 2640 3811 ac
2673 3768 3034 3822 nuncupatur.
3064 3755 3157 3809 Sin
3195 3767 3374 3810 autem
3408 3758 3529 3825 quis
3557 3773 3677 3810 eam

2096 3849 2149 3903 in
2181 3849 2288 3904 Deo
2318 3849 2386 3901 ab
2403 3858 2610 3901 aztemo
2644 3846 2938 3915 putaverit,
2965 3848 3273 3901 necessario
3300 3848 3461 3901 etiam
3496 3864 3569 3903 cr.
3592 3860 3677 3901 ain

2101 3943 2207 3995 Deo
2239 3950 2506 3994 coaeterna
2543 3939 2713 3992 dabit.
2750 3937 2891 3992 Deus
2919 3942 3101 4007 itaque
3128 3954 3250 3991 cum
3282 3938 3558 4005 perfectus
3584 3919 3677 4000 sit,

2099 4042 2154 4089 et
2189 4033 2258 4087 ab
2285 4040 2488 4087 aeterno
2516 4032 2785 4086 condendi
2833 4033 3034 4095 pariter
3079 4045 3141 4084 ac
3172 4031 3490 4100 providendi
3526 4043 3683 4100 pote-

2099 4133 2239 4179 state
2282 4121 2468 4181 l'ultus.
2510 4133 2694 4191 postea
2742 4123 2907 4175 etiam
2942 4121 3189 4176 conditor
3220 4130 3381 4189 atque
3412 4123 3685 4191 provisor,

2100 4214 2266 4269 rebus
2300 4213 2535 4268 conditis
2561 4229 2588 4265 a
2623 4213 2776 4267 nobis
2810 4212 3114 4281 appellatus
3155 4221 3260 4275 est,
3298 4211 3444 4281 quod
3492 4213 3687 4266 relatio

2104 4306 2217 4359 haec
2244 4305 2309 4357 ad
2343 4319 2437 4359 eas
2486 4306 2737 4358 attineat.
2771 4301 2908 4357 Cum
2945 4304 3087 4357 enim
3126 4310 3308 4355 creata
3343 4317 3446 4357 non
3483 4316 3687 4369 essent,

2106 4399 2271 4464 liquet
2298 4400 2435 4464 quod
2476 4410 2575 4449 nec
2607 4410 2794 4448 eorum
2826 4394 3032 4447 creatio
3069 4394 3372 4457 dicebatur,
3411 4408 3510 4448 nec
3550 4410 3684 4448 con-

428 4485 537 4555 μὴν
568 4483 898 4551 συντήρησις
930 4480 1131 4533 αὐτῶν.
1170 4480 1277 4533 Καὶ
1317 4481 1426 4550 γὰρ
1458 4494 1623 4547 φησιν
1662 4481 1689 4531 6
1718 4478 1828 4530 τῶν
1851 4477 1991 4546 Γρα-
2032 4487 2075 4541 υ
2101 4506 2182 4543 εει

1930 4494 1991 4528 α’
2032 4487 2075 4541 D
2101 4489 2356 4543 servatio.
2386 4488 2470 4540 Ait
2505 4487 2648 4541 enim
2683 4487 2768 4540 cui
2805 4501 2927 4541 cum
2957 4485 3125 4539 fratre
3147 4486 3445 4554 inscriptus
3484 4485 3684 4540 lambis

426 4573 578 4627 πτῶν
609 4571 888 4638 Θεόδωρος
924 4569 1060 4640 (18),
1095 4571 1285 4624 Τίνων
1329 4574 1440 4638 γὰρ
1479 4568 1573 4637 εἴη
1611 4570 1881 4637 πρόνοια,
1913 4568 2000 4636 μὴ

427 4666 605 4729 ὄντος
646 4662 752 4717 τοῦ
795 4660 1171 4730 σωζομένου;
1235 4661 1357 4716 Τῶν
1411 4660 1519 4730 γὰρ
1564 4662 1632 4714 ὲν
1681 4660 1917 4722 ἑκάστῳ
1964 4661 2001 4728 ἠ

428 4759 699 4826 πρόνοια.
747 4753 805 4807 'O
830 4755 887 4807 δὲ
920 4754 1064 4816 θεῖος
1103 4754 1401 4823 Γρηγόριος
1432 4754 1458 4805 ὁ
1496 4751 1738 4820 Νύσσης,
1772 4752 2003 4817 Ὠσπερ

427 4844 545 4903 οὖν
574 4847 685 4901 οὐκ
716 4843 793 4897 ἂν
824 4845 1025 4911 ἰατρὸς
1048 4839 1146 4915 ἦν,
1178 4844 1366 4913 φησὶν,
1396 4844 1447 4896 εὶ
1482 4841 1567 4912 μὴ
1610 4840 1726 4894 τῶν
1747 4843 2006 4895 νοσούνο

434 4958 550 4995 των
582 4939 758 5007 χάριν
781 4956 794 4968 ·
838 4936 966 4991 οὐδ’
994 4938 1073 4991 ἂν
1115 4935 1387 5005 ἐλεήμων
1419 4934 1519 4989 καὶ
1555 4934 1873 5002 olnt/putor
1905 4932 2004 4986 καὶ

434 5039 501 5088 τὰ
521 5034 760 5088 τοιαῦτα
793 5026 1235 5098 κατωνομάζετο
1257 5031 1307 5082 εί
1329 5026 1416 5096 μὴ
1446 5024 1544 5079 διὰ
1574 5027 1681 5079 τὸν
1705 5024 2009 5093 οἰκτιρμοῦ

430 5145 496 5180 rs
528 5127 627 5180 καί
662 5124 876 5191 ἐλέους
913 5122 1204 5191 δεόμενον
1230 5137 1245 5152 ο
1279 5119 1470 5186 οὕτως
1503 5118 1645 5173 οὐδὲ
1675 5116 2012 5184 παντοκρά-

431 5237 569 5287 τωρ,
595 5222 649 5273 εὶ
684 5217 770 5287 μὴ
816 5214 985 5273 πᾶσα
1025 5216 1063 5283 ἡ
1101 5213 1297 5279 κτίσις
1356 5212 1464 5267 τοῦ
1502 5210 2012 5296 περικρατοῦντος

432 5313 630 5379 αὐτὴν
658 5310 879 5364 ἐδέετο.
913 5307 1021 5361 Καὶ
1068 5307 1098 5358 6
1135 5304 1498 5377 Δαμασκηνός
1532 5304 1643 5376 (19)
1674 5320 1827 5374 φησι,
1857 5305 2010 5372 Πρό-

2111 4584 2309 4643 vultus,
2329 4578 2648 4634 Theodorus
2674 4597 2686 4632 :
2722 4577 2956 4642 Quorum
2982 4579 3119 4631 enim
3152 4578 3312 4646 fuerit
3338 4580 3693 4646 providentia,

2110 4690 2225 4727 cum
2256 4688 2404 4725 nemo
2437 4672 2505 4724 sit
2546 4670 2635 4739 qui
2664 4684 2898 4736 peroeam
2935 4668 3113 4722 salvus
3147 4684 3211 4722 ac
3237 4671 3522 4723 incolumis
3552 4686 3695 4738 pra:-

2112 4763 2320 4817 stetur?
2358 4757 2699 4813 Providentia
2732 4760 2870 4813 enim
2898 4774 3079 4811 eorum
3106 4767 3205 4819 est,
3238 4775 3356 4826 qua:
3390 4760 3445 4812 in
3475 4760 3699 4825 singulis

2111 4862 2382 4922 geruntur.
2405 4852 2509 4904 Sed
2537 4861 2591 4903 et
2622 4854 2841 4902 divinus
2866 4848 3163 4919 Gregorius
3188 4850 3483 4919 Nyssenus,
3508 4850 3701 4914 Quem-

2114 4945 2422 5007 admodum,
2477 4943 2671 5009 iuquit,
2729 4943 2870 4993 haud
2926 4944 3109 5009 utique
3160 4942 3262 4994 nisi
3318 4945 3695 5011 cegrotantium

2110 5049 2272 5086 causa
2302 5041 2432 5085 esset
2467 5031 2720 5096 medicus,
2790 5046 2879 5083 nec
2909 5031 3214 5084 misericors
3250 5040 3407 5100 atque
3433 5033 3700 5085 humanus

2111 5142 2173 5178 ac
2201 5124 2463 5193 ejusmodi
2498 5124 2877 5182 nominaretur,
2911 5123 3013 5175 nisi
3040 5124 3142 5175 icui
3178 5123 3274 5176 illa
3308 5139 3438 5190 opus
3473 5133 3642 5177 essent
3679 5139 3696 5178 :

2112 5220 2189 5271 ita
2224 5231 2385 5285 neque
2416 5216 2651 5269 omnium
2682 5226 3017 5267 conservator
3047 5231 3109 5267 ac
3144 5226 3334 5268 cuncta
3358 5225 3559 5277 tenens,
3588 5217 3693 5267 nisi

2116 5308 2286 5362 omnis
2327 5316 2594 5370 creatura,
2629 5305 2796 5371 ipsam
2826 5310 3124 5361 continente
3154 5322 3216 5359 ac
3248 5314 3589 5361 conservatus
3620 5308 3703 5375 in-

515 5502 558 5531 "
592 5501 725 5554 Luc.
759 5513 837 5563 vr,
900 5498 991 5555 '56.
1073 5498 1117 5529 "
1161 5495 1366 5567 pres.
1401 5513 1453 5559 ν.
1492 5497 1545 5550 1.
1621 5497 1667 5528 ⁸³
1699 5493 1861 5550 Rom.
1895 5511 1991 5559 xu,
2022 5494 2089 5558 2;
2139 5491 2467 5555 Coloss.nt,
2536 5491 2621 5547 lO.

516 5702 629 5772 (t7)
657 5699 729 5754 De
761 5698 940 5780 divine
960 5713 1103 5751 nom.
1128 5694 1356 5820 cui";
1388 5694 1480 5749 151
1515 5692 1753 5749 Lauselii
1775 5691 1908 5775 edit.

520 5776 632 5820 mn
669 5769 944 5820 Theodori
1019 5768 1206 5820 Grantt
1321 5778 1451 5820 itam
1508 5775 1908 5820 reortesentavu

520 5768 632 5842 (18)
669 5769 944 5826 Theodori
1019 5768 1206 5838 Grapti
1277 5768 1451 5822 Vitam
1508 5768 2017 5836 repraesentat/imus

2132 5694 2186 5748 in
2223 5704 2371 5745 tomo
2405 5687 2595 5745 CXVI.
2635 5687 2782 5743 Eutr.

2203 5763 2315 5833 (l9)
2345 5761 2495 5816 Libr.
2540 5776 2599 5827 ιι,
2625 5775 2673 5815 c.
2707 5761 2796 5816 50.
