4442 6440
800 389 903 448 467

2059 393 2452 454 MANUELIS
2487 396 2787 457 CALECIE

3926 373 4030 469 iss

801 505 900 553 hoc
938 500 1095 554 modo
1131 515 1480 569 exponamus.
1524 504 1662 568 Quin
1693 514 1745 558 et
1775 505 1875 558 illis
1899 507 2194 561 deteriores
2219 510 2363 560 vide-
2393 510 2434 564 Α
2469 510 2555 575 Γρι

2275 510 2363 560 de-
2393 510 2434 564 Α
2469 510 2685 575 Γραφάς
2713 470 3149 579 ὲκλαμδάνομεν.
3208 512 3424 564 Μᾶλλον
3445 511 3500 564 at
3539 513 3631 563 καὶ
3682 513 3901 582 χείρους
3931 518 4025 566 αὐ-

803 593 1001 651 bimur,
1037 607 1140 656 quo
1171 603 1225 644 et
1262 591 1430 645 Deum
1471 608 1701 660 corpore
1749 605 2060 648 enneretum
2100 598 2364 665 intellige-

803 696 957 742 mus,
1017 681 1318 748 iisdemque
1379 698 1441 735 ac
1489 698 1688 750 corpus
1743 686 2021 739 allectilius
2071 688 2363 739 obnoxium

801 770 1254 824 existimabimus.
1305 772 1499 824 Statim
1554 774 1695 824 enim
1737 775 1815 826 lex
1860 783 2011 826 vetus
2039 791 2066 825 a
2107 775 2212 827 Deo
2241 776 2363 827 data

800 858 931 912 Mosi
963 875 1083 914 esse
1115 863 1310 914 dicitur
1335 865 1417 926 ης
1472 864 1703 930 hincque
1755 876 1838 918 est
1883 881 1982 919 cur
2021 881 2049 918 a
2088 867 2195 920 Deo
2239 883 2368 921 e0n-

803 953 1002 1018 scripta
1037 967 1393 1021 tiuncupetur.
1429 957 1719 1019 Apostolus
1762 967 1935 1011 tamen
1981 961 2044 1012 de
2071 959 2156 1012 illa
2194 961 2365 1013 dicit:

797 1041 854 1096 Si
898 1046 984 1111 qui
1030 1061 1121 1106 per
1150 1048 1357 1111 angelos
1393 1047 1562 1098 dictus
1606 1057 1683 1099 est
1734 1065 1924 1112 sermo,
1964 1050 2135 1115 [actus
2167 1063 2240 1104 est
2276 1053 2368 1111 ﬁr-

800 1151 937 1195 mus,
972 1145 1021 1186 et
1058 1137 1227 1187 omnis
1275 1138 1642 1201 praevaricatio
1701 1148 1748 1189 et
1784 1141 2135 1193 inobedientia
2168 1143 2366 1206 accepit

795 1218 999 1284 justam
1035 1223 1285 1273 mercedis
1312 1225 1726 1284 retributionem,
1755 1235 1806 1278 et
1838 1242 1953 1291 quae
1981 1239 2278 1295 sequuntur
2299 1230 2364 1283 “.

801 1307 1035 1372 Rursus,
1073 1310 1348 1378 Scriptura
1403 1314 1633 1381 idipsum
1670 1317 1736 1368 de
1785 1316 1962 1384 Moyse
2011 1320 2163 1372 nobis
2207 1332 2366 1372 enar-

801 1400 960 1458 ravit,
1012 1400 1136 1452 dum
1171 1403 1244 1453 ait
1275 1420 1286 1454 :
1326 1401 1388 1453 Et
1441 1407 1637 1456 vocavit
1671 1423 1787 1457 eum
1833 1407 1895 1458 de
1930 1409 2056 1458 rubo
2088 1410 2152 1461 ".
2204 1410 2365 1475 Atqui

801 1504 906 1541 non
934 1491 1071 1543 Dens
1097 1502 1232 1552 erat,
1257 1493 1344 1560 qui
1380 1495 1502 1546 inde
1537 1499 1766 1558 vocavit,
1799 1509 1855 1550 ut
1884 1514 1947 1552 ex
1980 1500 2153 1553 sacris
2185 1503 2368 1554 docto-

804 1581 954 1632 ribus
987 1582 1077 1649 qui
1111 1581 1287 1634 locunt
1320 1596 1706 1652 exposuerunt,
1750 1588 1955 1656 liquido
2002 1591 2189 1644 audire
2221 1592 2363 1645 licet.

805 1672 1012 1724 Rursus
1061 1673 1223 1726 etiam
1282 1675 1447 1728 Deum
1509 1677 1738 1730 Abrahae
1773 1680 2004 1746 hospitio
2057 1693 2365 1748 susceptum

807 1764 884 1816 ait
910 1764 988 1828 “;
1031 1769 1172 1832 quod
1227 1776 1403 1819 tamen
1440 1783 1543 1821 non
1583 1769 1745 1834 Deus,
1796 1753 1894 1825 sed
1949 1773 2126 1840 angeli
2165 1784 2365 1837 essent,

798 1854 961 1909 docet
990 1856 1201 1936 divinus
1234 1855 1431 1913 Paulus
1464 1872 1479 1911 :
1513 1858 1930 1926 Hospitalitatis,
1981 1864 2177 1931 inquit,
2204 1866 2369 1918 nolite

802 1949 1075 2018 oblivisci;
1111 1964 1201 2016 per
1236 1949 1367 2002 hanc
1413 1951 1552 2003 enim
1596 1952 1870 2007 inscientes
1900 1955 2111 2023 quidam
2159 1957 2366 2026 angelos

799 2053 1112 2103 exceperunt
1157 2043 1382 2109 hospitio
1407 2043 1487 2105 ";
1528 2044 1668 2112 quod
1713 2045 1792 2100 sic
1836 2045 2093 2116 loquitur,
2122 2048 2364 2102 Abraha—

806 2149 947 2183 mutu
1004 2136 1382 2197 subinnuens;
1439 2138 1504 2187 de
1561 2151 1668 2202 quo
1722 2137 1880 2190 etiam
1942 2139 2019 2191 ait
2073 2139 2363 2207 Gregorius

800 2223 1102 2292 Tlieologus
1136 2243 1147 2277 :
1194 2227 1332 2290 Quid
1380 2227 1734 2278 Abrahamum
1774 2228 1866 2279 Dei
1905 2231 2167 2281 coni-ivam
2199 2231 2366 2298 fecit?

800 2314 940 2367 Alibi
983 2299 1110 2366 vero
1143 2316 1273 2368 dicit
1304 2335 1316 2370 :
1357 2315 1476 2368 Non
1513 2326 1568 2368 ut
1606 2317 1766 2370 Deum
1796 2319 1944 2385 vidit,
1994 2322 2081 2371 sed
2116 2331 2167 2371 ut
2202 2322 2364 2372 homi-

797 2424 910 2458 nem
940 2408 1093 2460 aluit.
1129 2406 1335 2463 Rursus
1363 2424 1576 2478 quoque
1615 2411 1721 2463 alio
1761 2412 1877 2463 loco
1923 2413 2110 2466 scribit
2149 2429 2163 2466 :
2197 2413 2390 2486 Deum_

774 2501 1125 2565 'crnciﬁzum,
1164 2502 1318 2570 idque
1361 2503 1626 2554 latronum
1674 2505 1940 2566 medium;
1973 2505 2114 2573 quod
2150 2505 2193 2558 si
2247 2507 2362 2560 dei-

793 2594 919 2666 tatis
949 2594 1157 2646 ratione
1181 2595 1384 2647 dictum
1417 2594 1799 2662 intelligamus,
1827 2599 1876 2649 in
1897 2609 2154 2665 quantam
2181 2612 2361 2652 sermo

793 2685 1185 2750 blasphemiam
1223 2689 1504 2739 vertetur?
1558 2685 1650 2739 Sin
1700 2700 1875 2741 autem
1926 2691 2131 2742 ratione
2177 2693 2359 2745 carnis

790 2781 1086 2844 assumpta!
1112 2778 1566 2842 existimabimus,
1603 2794 1631 2830 a
1673 2795 1796 2834 vera
1837 2782 2188 2850 intelligentia
2223 2783 2358 2836 nihil

789 2867 1172 2922 abscedemus.

857 2962 936 3013 Ad
968 2963 1081 3014 haie
1115 2962 1303 3016 Manue
1366 2965 1439 3017 ait
1473 2964 1748 3031 Scriptura
1790 2967 1993 3020 dixisse
2022 2987 2035 3022 :
2075 2967 2355 3034 Periimus,

785 3054 998 3116 mulier,
1063 3053 1229 3106 Deum
1288 3054 1509 3107 vidimus
1542 3056 1621 3119 ⁸⁸;
1669 3071 1859 3124 nempe
1923 3059 2086 3112 Deum
2139 3076 2354 3121 vocans,

2471 599 2579 649 τῶν
2609 600 2944 667 φανούμεθα,
2985 602 3224 667 παρόσον
3281 602 3373 651 καὶ
3425 602 3735 668 σωματικδν
3767 602 3856 653 τὸν
3898 604 4030 655 Θεὸν

2476 691 2827 760 ἐννοήσομεν,
2884 690 2977 743 καὶ
3027 692 3093 742 τὰ
3145 689 3238 742 τοῦ
3291 691 3541 755 σώματος
3588 691 3887 758 οἰησόμεθα
3927 693 4030 742 πά-

2478 799 2645 850 σχειν.
2681 783 2887 835 Αὐτίκα
2903 784 3011 850 γὰρ
3039 785 3066 834 ὀ
3098 783 3196 849 μὲν
3243 781 3470 841 παλαιὸς
3501 781 3662 848 νόμος
3712 783 3863 850 παρὰ
3891 783 4025 833 Θεοῦ

2472 872 2718 924 δεδόσθαι
2763 873 2977 938 λέγεται
3031 872 3107 940 τῷ
3159 873 3368 934 Μωσεῖ,
3428 871 3518 923 καὶ
3588 872 3886 938 οεόγραφος
3942 871 4030 922 διά

2471 964 2629 1015 τοῦτο
2660 966 3017 1032 προσείρηται
3038 981 3052 995 ’
3081 966 3109 1015 ὁ
3135 963 3180 1014 δ’
3227 963 3546 1023 Ἀπόστολος
3577 965 3704 1030 περὶ
3735 963 3897 1014 αὑτοῦ
3926 979 4030 1026 φη-

2474 1071 2582 1113 σιν,
2612 1057 2736 1108 ειδ
2769 1055 2843 1107 δι’
2897 1055 3166 1121 ἀγγέλων
3213 1052 3500 1116 λαληθεὶς
3549 1053 3729 1118 λόγος
3792 1051 4028 1117 ἐγένετο

2464 1147 2736 1210 βέϐαιος,
2785 1147 2881 1198 καὶ
2951 1144 3116 1200 πᾶσα
3194 1144 3529 1210 παράϐασις
3602 1144 3694 1194 καὶ
3758 1143 4027 1207 παρακοὴ

2470 1240 2686 1290 ἐλαϐεν
2724 1238 2966 1288 ἔνδικον
3007 1238 3508 1304 μισθαποδοσίαν,
3549 1252 3600 1286 ιι.
3629 1252 3681 1286 τ.
3722 1236 3768 1285 ἑ.
3795 1234 3957 1285 Πάλιν
3995 1236 4025 1301 ὴ

2471 1327 2661 1396 Γραφή
2686 1327 2828 1378 τοῦτ’
2856 1327 2986 1378 αὐτὸ
3025 1327 3152 1395 περὶ
3197 1326 3289 1376 τοῦ
3341 1325 3622 1386 Μωῦσέως
3661 1326 3790 1392 ἡμῖν
3832 1324 4031 1391 ἐξηγή-

2474 1434 2623 1475 σατο,
2655 1417 2759 1471 Καὶ
2797 1416 3094 1469 ἐκάλεσεν
3126 1417 3332 1476 αὑτὸν,
3398 1415 3651 1473 εἰποῦσα,
3713 1414 3927 1478 Κύριος
3965 1415 4031 1463 ἐκ

2470 1508 2581 1574 τῆς
2607 1508 2802 1570 ,ϐάτου
2841 1523 2854 1537 ·
2900 1508 3077 1559 καίτοι
3113 1508 3172 1558 οὑ
3197 1507 3325 1566 Θεὸς
3354 1503 3422 1574 ἦν
3448 1509 3475 1565 δ
3510 1504 3744 1563 καλέσας
3779 1503 3939 1555 αὑτὸν
3975 1502 4034 1564 ἐξ

2472 1601 2687 1666 ἐκείνης
2715 1601 2814 1661 τίς
2849 1601 3035 1668 βάτου,
3066 1599 3179 1650 ἀλλ’
3207 1598 3462 1663 ἄγγελος,
3496 1597 3571 1656 ὼς
3611 1596 3761 1646 ἐστιν
3815 1594 4034 1646 ἀκούειν

2471 1693 2578 1743 τῶν
2637 1690 3016 1758 ἐξηγουμένων
3070 1689 3242 1742 ταῦτα
3291 1688 3454 1756 ἱερῶν
3505 1686 3864 1739 διδασκάλων.
3928 1684 4033 1735 Καὶ

2474 1781 2634 1832 πάλιν
2671 1779 2749 1847 τῷ
2791 1780 3043 1848 Ἀὖραὰμ
3073 1780 3164 1831 τὸν
3198 1779 3333 1832 Θεὸν
3371 1776 3770 1841 ὲπιξενωθῆναί
3815 1791 3984 1842 φησιν
4015 1788 4030 1803 °

2473 1874 2553 1925 ὅτι
2580 1874 2634 1924 δὲ
2678 1874 2739 1924 οὐ
2770 1872 2902 1934 Θεὸς
2952 1867 3042 1940 ἦν,
3103 1871 3217 1924 ἀλλ’
3267 1871 3512 1936 ἄγγελοι,
3557 1870 3585 1920 ὁ
3635 1868 3776 1928 θεῖος
3825 1866 4032 1924 Παῦλος

2469 1966 2730 2025 διδάσκει,
2764 1966 3083 2032 Μέμνησθε
3115 1962 3249 2032 (50).
3280 1964 3478 2028 λέγων,
3512 1959 3620 2026 τῆς
3647 1958 4028 2027 φιλοξενίας·

2468 2056 2566 2108 διὰ
2594 2057 2812 2120 ταύτης
2846 2059 2953 2123 γὰρ
3013 2055 3234 2114 ἔλαθόν
3268 2071 3426 2117 τινες
3477 2053 3829 2114 ξενίσαντες
3867 2047 4036 2114 ἀγγέ-

2465 2149 2656 2207 λουςο
2726 2145 2817 2196 τὺν
2879 2143 3135 2210 Ἀϐραὰμ
3203 2142 3580 2209 αἰνιττόμενος
3638 2139 3726 2191 διὰ
3805 2136 4032 2189 τούτου·

2468 2238 2596 2304 περὶ
2653 2228 2715 2287 οὗ
2745 2236 2840 2287 καὶ
2886 2237 2912 2286 ὁ
2942 2235 3202 2300 Θεολὸγος
3250 2233 3548 2302 Γρηγὸριός
3583 2247 3741 2297 φησι,
3805 2229 3867 2280 Τί
3929 2228 4037 2279 τὸν

2478 2326 2734 2392 Ἀϐραὰμ
2777 2325 2930 2378 Θεοῦ
2955 2326 3291 2390 πεποίηκεν
3345 2322 3706 2387 ἐστιάτορα;
3773 2317 4033 2384 Ἀλλαχοῦ

2464 2418 2520 2470 δὲ
2550 2419 2717 2484 λέγει,
2747 2420 2868 2486 Οὐχ
2895 2419 2972 2482 ὡς
3005 2418 3152 2470 Θεὸν
3191 2413 3372 2480 εἶδεν,
3416 2417 3553 2469 ἀλλ’
3583 2413 3660 2475 ὡς
3716 2411 4033 2477 ἄνθρωπον

2463 2513 2745 2578 ἔθρεψεν.
2770 2511 2880 2562 Καὶ
2899 2509 3060 2562 πάλιν
3081 2508 3316 2578 ἑτέρωσε
3335 2507 3554 2574 γράφει,
3574 2504 3721 2555 Θεὸν
3748 2501 4038 2566 σταυρούο

2459 2622 2646 2673 μενον
2678 2605 2812 2672 (Si),
2841 2601 2939 2654 καὶ
2969 2601 3340 2668 τοῦτον-μετὰ
3369 2596 3640 2663 λῃστῶν·
3674 2596 3810 2662 ὅπερ
3837 2591 4037 2643 εἱκατὰ

2461 2698 2558 2765 τὴν
2572 2697 2802 2762 θεότητα
2830 2694 3172 2761 ὲννοήσομεν,
3193 2692 3270 2752 είς
3297 2689 3498 2758 πολλὴν
3514 2685 3823 2754 δυσφημίαν
3838 2687 3864 2735 ὁ
3883 2683 4037 2747 λόγος

2462 2789 2636 2839 ἔσται.
2661 2786 2760 2838 Διὰ
2775 2783 2945 2852 δὲτὴν
2961 2781 3400 2852 προσληφθεῖσαν
3420 2781 3597 2847 σάρκα
3616 2776 3772 2830 τοῦτο
3789 2771 4038 2841 εἰρῆσθαι

2461 2878 2796 2946 νομίζοντες,
2847 2877 2944 2943 τῆς
2983 2874 3217 2940 ἀληθοῦς
3268 2873 3506 2930 διανοίας
3535 2870 3635 2922 οὐκ
3668 2866 4034 2934 ἀφιστάμεθα.

2534 2971 2656 3021 "Eri.
2685 2970 2776 3020 τὸν
2828 2968 3024 3020 Μανωὲ
3054 2983 3219 3035 φησιν
3252 2965 3426 3017 εἰπεῖν
3457 2965 3488 3030 ἡ
3525 2962 3737 3030 Γραφὴ,
3782 2957 4041 3011 Ἀπολῶ-

2459 3055 2749 3128 lapsu-,6)
2805 3060 3014 3126 γύναιο
3078 3056 3228 3110 Θεὸν
3293 3056 3639 3121 ἑωράκαμεν
3672 3069 3686 3082 ·
3754 3051 3819 3102 τὸ
3873 3049 4039 3114 φανὲν

787 3147 931 3213 quOd
981 3135 1359 3213 conspexerat,
1403 3147 1588 3214 illique
1633 3160 1957 3214 apparuerat
2011 3151 2246 3219 signum.
2280 3155 2357 3208 Ae
2387 3165 2428 3220 ς
2462 3156 2541 3206 αὖε

2286 3155 2357 3208 Ac
2387 3165 2428 3220 ς
2462 3153 2610 3221 αὐτῷ
2649 3151 2920 3220 σύμϐολον
2952 3150 3084 3203 Θεὸν
3115 3148 3409 3216 ὀνομάσας.
3441 3146 3551 3198 Καὶ
3575 3143 3756 3203 πάλιν,
3808 3141 3861 3191 '0
3897 3139 4040 3204 Θεὸς

789 3254 981 3291 rursus
1016 3255 1029 3291 :
1071 3239 1211 3292 Deus
1246 3242 1388 3292 stetit
1437 3243 1490 3292 in
1528 3252 1658 3293 coetu
1692 3245 1926 3305 deorum,
1961 3246 2013 3296 in
2050 3247 2220 3299 medio
2266 3265 2366 3300 au-

785 3344 888 3382 tent
961 3331 1085 3384 deos
1139 3331 1454 3398 dijudicabit
1485 3333 1551 3386 δ’.
1608 3331 1805 3386 Paulus
1841 3335 1967 3388 item
2019 3353 2033 3388 :
2095 3335 2363 3405 Siquidem

785 3433 907 3473 sunt
939 3424 1091 3474 multi
1124 3425 1218 3486 dii,
1264 3426 1341 3475 uti
1379 3426 1534 3476 etiam
1570 3436 1689 3476 sunt
1719 3424 1786 3478 '°.
1827 3425 1980 3479 Mitto
2015 3429 2117 3480 alia
2161 3431 2363 3494 dicere,

787 3529 1126 3583 quaecunque
1175 3515 1455 3581 Scriptura
1491 3516 1659 3568 Deum
1709 3517 2026 3584 divitiasque
2067 3521 2365 3588 apparitio-

788 3624 886 3661 nes
923 3619 1098 3669 vocat,
1130 3623 1248 3676 quae
1282 3610 1455 3660 sancti
1500 3609 1845 3662 multifariam
1876 3613 2166 3679 multisque
2192 3614 2367 3667 modis

794 3700 937 3754 dicta
970 3701 1194 3768 visaque
1233 3699 1626 3764 inl'ormarunt;
1663 3717 1780 3769 quae
1807 3705 1986 3757 omnia
2033 3706 2216 3773 procul
2244 3721 2365 3762 esse

792 3809 821 3845 a
853 3792 1033 3845 divina
1061 3795 1317 3856 essentia,
1345 3803 1396 3844 et
1433 3809 1527 3861 per
1557 3799 1778 3864 angelos
1803 3795 1952 3850 velut
1984 3798 2197 3851 scenica
2231 3815 2365 3868 qua-

789 3885 912 3937 dam
931 3887 1406 3951 repraesentatione
1419 3887 2232 3950 exhibitapuonstravitsanctus
2250 3891 2368 3945 Dio-

795 3975 1358 4044 ttysius,quzt‘stionem
1379 3975 1610 4037 solvens,
1629 3977 1693 4028 de
1708 3975 1904 4029 divinis
1917 3978 2364 4045 apparitionibus,

792 4081 912 4132 qua:
945 4066 1256 4119 immediate
1289 4066 1455 4129 ﬁant;
1482 4067 2017 4134 docensquesanctos
2044 4082 2232 4122 omnes
2263 4068 2364 4122 Pa-

791 4169 924 4221 tres,
943 4169 1052 4210 tum
1072 4157 1162 4225 qui
1181 4157 1346 4226 legem
1365 4167 1778 4225 prmcesscrunt,
1800 4169 1911 4213 tum
1928 4159 2017 4227 qui
2032 4161 2201 4214 secuti
2219 4171 2362 4225 sunt,

789 4255 889 4305 hoc
919 4265 1129 4317 nactos,
1161 4265 1216 4304 ut
1246 4266 1343 4319 per
1377 4250 1596 4319 angelus
1621 4253 1684 4304 ad
1719 4252 1884 4304 Deum
1918 4253 2363 4319 proveherentur.

860 4345 1081 4396 Accedit
1113 4343 1252 4410 quod
1288 4352 1340 4394 et
1367 4341 1656 4407 baptisma,
1683 4343 1989 4410 Θεοφάνεια
2031 4345 2114 4412 (ac
2144 4343 2189 4397 si
2214 4344 2364 4398 dicas

786 4435 1024 4486 divinam
1081 4433 1279 4501 Deique
1312 4433 1732 4502 apparitionent)
1777 4449 2074 4501 vocamus;
2107 4436 2250 4503 quod
2309 4435 2360 4488 in

2469 3247 2618 3310 ἔστη
2653 3245 2721 3296 ἐν
2747 3239 3077 3310 συναγωγῇ
3123 3237 3292 3294 θεῶν·
3328 3239 3398 3290 ἐν
3422 3235 3590 3305 μέσῳ
3619 3233 3686 3286 δὲ
3711 3231 3885 3295 θεοὺς
3921 3230 4041 3280 δια-

2469 3336 2678 3402 κρινεῖ.
2713 3335 2822 3386 Καὶ
2863 3336 2890 3387 ὁ
2925 3332 3156 3396 Παῦλος,
3195 3334 3258 3384 Et
3286 3329 3396 3398 γάρ
3453 3330 3574 3382 εισι
3611 3323 3831 3379 πολλοὶ
3891 3321 4038 3383 θεοὶ,

2466 3428 2671 3492 ὥσπερ
2703 3422 2820 3477 οὖν
2851 3423 2946 3476 καὶ
2984 3424 3126 3476 εισι.
3185 3421 3289 3473 Ἐὦ
3321 3421 3500 3485 λέγειν
3540 3416 3710 3469 τᾶλλα
3756 3415 3857 3466 ὅσα
3911 3412 4042 3462 Θεὸν

2470 3520 2566 3570 καὶ
2591 3514 2916 3583 οεοφανείας
2945 3515 2975 3581 ἡ
3009 3510 3200 3581 Γραφὴ
3233 3510 3411 3572 καλεῖ,
3442 3507 3512 3560 τὰ
3560 3509 3673 3567 τοῖς
3722 3502 3899 3571 ἀγίοις
3947 3517 4044 3550 πο-

2469 3610 2722 3679 λυμερῶς
2779 3606 2899 3664 καὶ,
2939 3603 3297 3672 πολυτρόπως
3353 3598 3652 3666 λαληθέντα
3712 3596 3804 3647 καὶ
3845 3609 4046 3660 φαντα-

2472 3701 2689 3765 σθέντα,
2723 3698 2758 3751 ἃ.
2789 3697 2968 3750 πάντα
3001 3695 3192 3764 πὸρῤω
3238 3688 3377 3744 εἶναι
3407 3690 3506 3759 τῆς
3549 3688 3736 3748 οὐσίας
3769 3685 3862 3738 τοῦ
3884 3683 4042 3743 Θεοῦ,

2470 3797 2564 3846 καὶ
2607 3793 2673 3844 δι’
2707 3790 2957 3857 ἀγγέλων
3008 3782 3546 3856 δραματουργεῖσθαι
3601 3783 3629 3833 ὁ
3677 3782 3833 3844 ἆγιος
3863 3776 4045 3827 Διονύ-

2472 3900 2584 3944 σιος
2617 3881 2732 3949 (5‘2)
2792 3877 3066 3940 ἀπέδειξε,
3119 3875 3262 3928 λύων
3331 3873 3430 3941 τὴν
3476 3874 3603 3940 περὶ
3657 3870 3766 3923 τῶν
3824 3868 4045 3936 ἀμέσων

2473 3970 2805 4040 θεοφανειῶν
2836 3969 3093 4038 ἀπορίαν,
3131 3969 3226 4019 καὶ
3253 3966 3522 4019 διδάσκων
3560 3964 3682 4024 τοὺς
3723 3961 3828 4028 πρὸ
3877 3960 4042 4023 νόμου

2470 4069 2565 4119 καὶ
2593 4065 2728 4134 μετά
2774 4063 2936 4129 νόμον
2973 4062 3183 4121 πάντας
3226 4058 3403 4119 θείους
3454 4057 3611 4125 ἡμῶν
3668 4056 3915 4122 Πατέρας
3975 4049 4044 4100 δι’

2469 4158 2717 4226 ἀγγέλων
2739 4156 2817 4218 είς
2848 4154 2979 4207 Θεὸν
3005 4150 3325 4218 ἀνάγεσθαι.

2539 4341 2682 4407 Πρὸς
2707 4338 2918 4399 τούτοις
2961 4335 3056 4389 καὶ
3088 4334 3150 4386 τὸ
3177 4334 3461 4403 βάπτισμα
3521 4332 3810 4398 θεοφάνεια
3844 4331 4044 4384 καλοῦ.

2473 4451 2589 4503 μεν,
2622 4434 2704 4485 ὅτι
2732 4434 2789 4483 ὲν
2816 4430 2990 4498 τούτῳ
3022 4428 3186 4497 σαρκί
3232 4444 3289 4478 τε
3334 4429 3362 4478 ὁ
3407 4425 3642 4494 Χριστὸς
3677 4427 3909 4496 ἑωρᾶτο,
3953 4431 4047 4480 καὶ

787 4543 852 4580 eo
884 4525 1134 4580 Chrisws
1186 4542 1356 4580 carne
1402 4527 1554 4578 visus
1610 4525 1709 4587 sit;
1765 4535 1818 4579 et
1857 4526 2090 4593 Spiritus
2143 4535 2365 4582 sanctus
2398 4515 2440 4569 υ
2481 4527 2541 4578 τὸ

2290 4535 2365 4582 ius
2398 4515 2440 4569 ι)
2481 4527 2542 4578 τὸ
2578 4524 2804 4594 Πνεῦμα
2843 4523 2903 4574 τὸ
2939 4521 3093 4588 ἆγιόν
3120 4538 3304 4589 φαμεν
3331 4521 3703 4588 καταπτῆναι,
3735 4522 4044 4574 καίτοιτότε

791 4619 1140 4671 descendisse
1201 4618 1452 4680 dicatur,
1509 4631 1816 4685 quanquam
1888 4628 2014 4671 tunc
2071 4619 2122 4670 in
2179 4619 2363 4687 specie

786 4710 1070 4771 columine,
1098 4710 1162 4761 ad
1191 4710 1390 4762 Christi
1425 4710 1880 4777 dispensationem
1915 4709 2263 4777 implendam,
2298 4725 2363 4763 ex

786 4817 945 4857 aereo
979 4818 1206 4872 corpore
1257 4818 1320 4855 ex
1375 4815 1615 4868 tempore
1665 4803 1930 4865 formatae,
1971 4804 2118 4857 visus
2161 4803 2254 4867 sit,
2288 4805 2362 4857 uti

785 4894 959 4948 sancti
1007 4895 1252 4957 tradunt,
1289 4911 1350 4946 ac
1396 4894 1665 4963 pta-cipue
1697 4894 2033 4962 Augustinus
2078 4898 2128 4947 in
2164 4892 2257 4946 lib.
2291 4893 2366 4946 De

2475 4619 2641 4688 φανὲν
2680 4618 2738 4669 ἐν
2765 4616 2895 4668 εῖδει
2920 4615 3254 4683 περιστερᾶς
3280 4614 3414 4681 πρὸς
3453 4613 3554 4681 τὴν
3579 4614 3770 4683 χρείαν
3799 4614 3897 4680 τῆς
3916 4614 4048 4679 Χρι-

2478 4709 2605 4763 στοῦ
2635 4708 2970 4775 οἰκονομίας,
2996 4708 3058 4757 ὲκ
3079 4704 3174 4757 τοῦ
3206 4706 3392 4772 ἀερίου
3428 4705 3679 4772 σώματος
3713 4703 4047 4772 σχεδιασθείς

2476 4819 2596 4871 σης,
2626 4800 2700 4862 ὼς
2732 4801 2780 4850 οἱ
2814 4796 2958 4864 ἀγιοί
3004 4814 3178 4864 φασι,
3212 4797 3306 4848 καὶ
3368 4796 3605 4865 μάλιστα
3659 4799 3685 4847 ὁ
3715 4797 4045 4861 Αὑγυστῖκος

2475 4896 2533 4946 ὲν
2570 4891 2647 4960 τῷ
2670 4891 2797 4959 περὶ
2830 4889 3057 4958 Τριάδος
3088 4887 3298 4957 βιϐλίον
3324 4890 3416 4941 καί
3445 4891 3509 4957 τῇ
3540 4887 3867 4956 ἀκουσθείσῃ
3895 4889 4045 4953 φωνῇ

853 5107 898 5137 ⁸³
919 5105 1089 5158 Exod.
1165 5122 1312 5158 xm.
1354 5105 1434 5155 18,
1513 5105 1557 5134 ⁸³
1617 5104 1780 5154 llebr.
1832 5119 1884 5164 Il,
1925 5102 1978 5155 2.
2058 5103 2101 5133 ⁸⁸
2147 5102 2316 5154 Exod.
2353 5116 2430 5163 ιιι,
2461 5101 2526 5166 4;
2567 5101 2607 5152 Α

2286 5104 2316 5154 I.
2353 5116 2430 5163 tn,
2461 5101 2526 5166 4;
2567 5101 2687 5154 Act.
2715 5113 2810 5166 νιι,
2840 5099 2928 5155 55.
3005 5099 3049 5130 ⁸⁸
3097 5095 3234 5151 Gen.
3276 5110 3431 5163 ινιιι,
3480 5095 3567 5150 15.
3648 5096 3689 5127 ⁸⁷
3720 5094 3883 5149 Hebr.
3923 5111 4040 5160 xm,

784 5180 839 5231 Ξ.
919 5178 964 5207 ⁸⁸
989 5175 1321 5238 Ιιιὸιομιιιι,
1347 5175 1439 5228 ‘22.
1519 5177 1561 5206 ’δ’
1594 5173 1743 5227 Psal.
1776 5189 1962 5238 um,
2001 5174 2054 5229 ί.

855 5361 966 5426 (50)
1038 5359 1423 5428 Μέμνησθε.η
1443 5357 1646 5428 Apud“
1672 5355 1896 5428 Paulum
1918 5364 2036 5428 est,
2241 5355 2360 5405 ὲπι-

781 5425 1135 5490 λιινθάνεσθε,⁷
1160 5442 1216 5482 ιιι
1264 5438 1318 5483 et
1385 5427 1539 5495 Vulg.
1596 5425 1774 5478 Nolite
1842 5426 2097 5478 oblivisci.
2161 5425 2360 5492 Sicque

781 5504 1070 5570 seripserit
1095 5501 1322 5556 Caleeas
1350 5499 1646 5553 festinante
1697 5497 1928 5562 calamo,
1960 5506 2013 5549 et
2047 5506 2104 5550 ut
2153 5509 2363 5549 memo-

785 5575 876 5626 rize
911 5574 1257 5625 occurrebat.

855 5644 968 5709 (51)
999 5642 1149 5695 Θεὸν
1187 5641 1665 5708 σταινρούμενον.
1706 5638 1793 5692 Sic
1851 5647 1992 5691 orat.
2063 5636 2132 5690 42
2161 5635 2361 5709 εᾉΘεδς

785 5707 1211 5782 σταυρούμενος,
1236 5727 1550 5789 quanquam
1582 5712 1732 5789 locus
1766 5710 2101 5789 biecitatus.
2137 5707 2358 5789 aliunde

784 5781 1082 5854 acceptus:
1135 5783 1411 5854 pauloque
1461 5781 1716 5850 supciius
1765 5782 1954 5835 eadem
2018 5790 2155 5832 orat.
2223 5781 2360 5845 αἱμα

2129 5173 2176 5203 ⁸⁰
2204 5171 2218 5223 I
2245 5173 2372 5227 Cor.
2410 5188 2525 5237 vui,
2550 5172 2604 5225 5.

2466 5353 2600 5406 Θεοῦ
2624 5351 2715 5405 καὶ
2741 5350 2912 5412 πάθος
2939 5349 3092 5411 dicit,
3129 5348 3221 5402 Dei
3256 5352 3566 5414 sanguinem
3611 5357 3657 5398 et
3709 5348 4043 5412 passionem;

2464 5440 2625 5490 quem
2659 5437 2710 5476 et
2741 5422 3110 5490 bibendumet
3133 5436 3334 5487 corpus
3361 5419 3799 5490 manducamlum
3828 5429 4038 5478 statnzt,

2464 5488 2510 5555 si
2545 5495 2706 5545 modo
2739 5495 2861 5544 vita:
2896 5489 3170 5542 desiderio
3209 5502 3492 5543 teneamur
3517 5529 3532 5552 ,
3589 5488 3721 5538 nihil
3790 5490 4044 5539 incmlu-

2465 5567 2497 5618 li
2532 5566 2642 5625 τοῖς
2687 5562 2813 5626 περὶ
2871 5561 3070 5627 σαρκὸς
3122 5559 3337 5626 λόγοις-ο
3396 5561 3720 5611 sermonibus
3767 5558 3829 5609 de
3854 5572 4042 5618 carne;

2465 5637 2665 5700 quibus
2698 5633 2907 5686 scilicet
2939 5629 3216 5692 Christus,
3243 5634 3319 5681 sic.
3349 5631 3397 5680 in
3434 5628 3617 5681 cibum
3678 5645 3735 5682 sc
3784 5630 4040 5682 daturum

2467 5706 2762 5776 pollicitus,
2793 5700 3133 5776 liattd__dubie
3162 5701 3416 5776 et-dedit.

2537 5777 2646 5844 (Erl)
2686 5775 2754 5826 De
2785 5773 2896 5825 ια’ί.
2922 5771 3092 5837 Hiera,
3124 5787 3172 5826 c.
3207 5773 3259 5832 4,
3292 5770 3316 5840 §
3347 5773 3399 5824 ‘2.
