4442 6440
386 407 490 470 477

1371 428 1469 487 DE
1515 425 1931 490 PRINCIPIIS
1963 429 2172 490 FIDE!
2214 439 2681 502 CATHOLICE.

3496 448 3601 508 ΗΘ

385 521 500 619 {top
562 524 1009 592 ἁποπὲμποντες,
1052 528 1109 589 ὃς
1184 530 1240 580 ἓν
1324 534 1614 600 πρόσωπον
1656 537 1808 603 ἔλεγε
1864 535 1954 587 τὸν
1983 536 2061 588 At

1925 551 1954 587 ν
1983 536 2025 588 Α
2053 523 2247 607 όὸεπια
2277 545 2743 616 τρεριιθηιες,,ίιιιί
2793 563 2955 601 unam
2995 549 3158 601 Deum
3198 556 3485 619 perso'nam
3520 555 3602 603 iti-

385 610 543 662 Θεόνο
573 614 666 665 καὶ
693 615 822 666 ποτὶ
863 618 964 684 μὲν
993 617 1069 678 ὡς
1091 619 1314 690 Πατέρα
1365 624 1673 690 φαίνεσθαι,
1715 625 1848 677 ποτε
1889 624 1945 676 δὲ

387 701 462 761 ὼς
497 702 644 766 Υίδν,
676 705 806 758 ποτὲ
832 705 886 756 δὲ
913 707 984 768 ὡς
1021 708 1243 778 Πνεῦμα
1274 712 1445 778 ἆγιον.

462 790 618 842 Ἐστι
644 793 819 845 τοίνυν
847 797 874 846 6
903 796 1034 859 Θεὸς
1073 800 1172 866 μία
1211 801 1390 862 οὐσία,
1437 805 1699 871 πρόσωπα
1719 804 1774 856 δὲ
1797 804 1945 873 τρία⁶

389 877 453 928 τὸ
486 879 581 946 μὲν
606 882 815 951 Πατὴρ,
847 884 907 935 τὸ
933 886 987 936 δὲ
1045 887 1185 950 Υἱὸς,
1214 889 1274 940 τὸ
1299 890 1355 942 δὲ
1388 893 1608 960 Πνεῦμα
1638 895 1816 956 ἅγιον.
1842 895 1948 946 Καὶ

392 965 486 1030 τὸν
519 968 620 1034 μὲν
656 972 873 1039 Πατέρα
899 973 1076 1026 αίτιον
1110 976 1481 1046 ὁμολογοῦμεν
1505 982 1634 1033 Υίοῦ
1659 985 1754 1034 καὶ
1783 983 1950 1033 lived-

395 1073 561 1122 ματος
596 1060 710 1125 (65)
745 1076 759 1089 ·
795 1062 887 1113 τὸν
919 1063 974 1114 δὲ
1028 1065 1155 1116 Υίὸν
1209 1069 1304 1121 καὶ
1350 1071 1409 1121 τὸ
1451 1071 1671 1137 Πνεῦμα
1711 1073 1946 1124 αἰτιατὰ.

403 1142 493 1207 Ἐξ
528 1147 738 1198 ἐκείνου
769 1151 879 1218 γὰρ
906 1154 932 1202 6
962 1152 1063 1218 μὲν
1087 1154 1210 1216 Υἱὸς
1237 1159 1532 1225 γεννητῶξ,
1561 1163 1620 1210 τὸ
1646 1159 1702 1211 δὲ
1731 1159 1950 1227 Πνεῦμα

395 1237 764 1303 ἓκπορευτῶς.
801 1242 964 1292 Ὅθεν
997 1246 1087 1296 τοῦ
1125 1233 1380 1300 Υίοῦκαὶ
1404 1249 1497 1300 τοῦ
1529 1251 1842 1316 Πνεῦματος
1874 1254 1952 1312 είς

393 1325 452 1375 ἓν
503 1329 675 1380 αἴτιον
710 1332 803 1380 τὸν
859 1333 1080 1401 Πατέρα
1127 1337 1573 1406 ἀναφερομένων,
1603 1340 1733 1393 Θεὸν
1765 1334 1860 1392 ἕνα
1888 1343 1954 1393 τὰ

391 1417 520 1484 τρία
560 1413 864 1488 φρονοῦμεῦ
911 1425 1006 1475 σὺν
1053 1426 1301 1493 ἀλλήλοις
1351 1429 1638 1496 νοούμενα,
1693 1431 1786 1480 καὶ
1821 1430 1954 1481 Θεὸν

393 1506 624 1559 ἑκαστον
674 1511 798 1563 καθ’
848 1514 1011 1565 ἑαυτὸ
1059 1495 1621 1584 θεωρούμενονξΚαὶ
1655 1521 1758 1588 γὰρ
1802 1495 1955 1572 καὶὸ

398 1599 588 1666 Πατὴρ
619 1601 752 1661 Θεός
785 1605 902 1653 ἐστι
938 1605 1138 1664 τέλειος
1180 1609 1272 1656 κιὶ
1309 1607 1620 1676 ἀνελλιπὴς,
1649 1609 1744 1660 καὶ
1772 1612 1798 1660 6
1829 1610 1955 1670 Υἱὸς

393 1689 618 1757 ὁμοίως,
651 1693 744 1742 καὶ
775 1693 836 1744 τὸ
891 1695 1113 1762 Πνεῦμα
1165 1699 1225 1747 τὸ
1259 1699 1411 1763 ὅιγιον
1437 1699 1700 1762 ὡσαύτως
1721 1715 1734 1728 ·
1769 1704 1864 1752 καὶ
1896 1701 1954 1752 οὐ

401 1782 602 1851 μᾶλλόν
635 1785 751 1836 ἐστι
781 1785 913 1849 Θεὸς
945 1786 976 1854 ἢ
1013 1789 1040 1838 6
1073 1789 1258 1856 Πατὴρ
1288 1789 1381 1842 τοῦ
1411 1792 1541 1843 Υἱοῦ
1586 1793 1618 1857 ἢ
1659 1793 1752 1845 τοῦ
1784 1792 1957 1846 Πνεῦ-

397 1890 590 1941 ματος,
637 1874 669 1942 ﬂ
711 1875 738 1924 6
773 1875 898 1937 Υἱὸς
947 1878 1144 1944 μᾶλλον
1194 1879 1328 1940 Θεὸς
1389 1882 1481 1932 τοῦ
1538 1883 1814 1951 Πατρὸςῆ
1863 1882 1956 1933 τοῦ

399 1965 714 2034 Πνεῦματος
737 1983 751 1995 ·
785 1967 816 2036 ἢ
851 1967 909 2019 τὸ
943 1968 1165 2035 Πνεῦμα
1219 1971 1419 2038 μᾶλλον
1449 1972 1579 2033 Θεὸς
1616 1972 1710 2024 τοῦ
1749 1973 1958 2040 Πατρὸς

397 2057 431 2126 ἢ
461 2057 552 2108 τοῦ
582 2059 710 2110 Υἱοῦ
736 2075 746 2086 ·
780 2060 896 2112 ἀλλ’
919 2062 1048 2113 ὅταν
1076 2063 1206 2130 μίαν
1253 2065 1362 2115 τῶν
1395 2066 1746 2118 ὑποστάσεων
1770 2066 1964 2118 ἐννοῶ-

402 2165 525 2217 μεν,
562 2151 770 2202 τέλειον
800 2141 1112 2205 αὑτὸνΘεὸν
1133 2157 1227 2206 καὶ
1255 2155 1468 2206 τελείαν
1493 2157 1679 2208 οὐσίαν
1703 2156 1962 2224 γινώσκο-

2048 634 2235 697 cebat;
2271 648 2334 687 ac
2376 637 2536 690 modo
2565 639 2786 706 quidem
2830 649 2887 692 ut
2929 639 3163 704 Patrem,
3195 637 3354 694 modo
3385 657 3511 694 vero
3550 652 3605 693 tit

2048 720 2264 787 Filium,
2287 739 2348 778 ac
2369 731 2528 779 modo
2545 729 2874 796 utSpiritum
2900 741 3148 783 sanctum
3175 746 3299 783 sese
3320 732 3598 784 exlntiere.

2120 812 2415 884 Est‘igitur
2453 817 2606 878 Deus,
2627 835 2727 870 una
2776 820 3037 882 essentia,
3091 836 3154 873 ac
3185 830 3294 872 tres
3324 838 3603 888 persntne;

2049 918 2110 956 ex
2146 904 2249 966 Itis,
2285 921 2386 957 una
2415 905 2595 970 Pater,
2650 924 2755 960 una
2787 909 2978 971 Filius,
3032 926 3135 963 una
3179 911 3414 977 Spiritus
3482 927 3604 963 san-

2051 998 2190 1045 ctus.
2217 994 2290 1044 Ac
2320 993 2531 1048 Patrem
2552 996 2791 1063 quidem,
2820 997 2939 1050 Filii
2969 1014 3029 1051 ac
3069 999 3303 1067 Spiritus
3333 1013 3604 1052 auctorem

2052 1081 2402 1146 conﬁtemur;
2444 1085 2636 1140 Filium
2679 1104 2806 1142 vero
2835 1100 2886 1142 et
2936 1090 3220 1157 Spiritum,
3266 1095 3356 1161 qui
3393 1097 3456 1145 ειιι
3483 1111 3606 1148 auc-
3652 1111 3653 1114 ‘

2053 1179 2203 1221 ctore
2238 1171 2366 1223 sint.
2399 1174 2468 1225 Ex
2493 1174 2582 1226 illo
2607 1176 2748 1227 enim
2787 1189 2888 1240 est,
2910 1178 3080 1232 Filius
3109 1181 3347 1245 quidem,
3387 1186 3606 1255 gigni-n-

2054 1259 2105 1310 di
2146 1263 2386 1322 Νιίυηθς
2427 1261 2663 1329 Spiritus
2703 1281 2850 1326 vero,
2895 1269 3265 1334 processioue.
3319 1269 3610 1332 Quocirca,

2056 1367 2177 1402 cum
2212 1352 2377 1405 Filius
2409 1364 2459 1404 et
2481 1353 2712 1422 Spiritus
2745 1357 2808 1409 ad
2846 1374 3010 1409 unum
3043 1370 3320 1412 auctorem
3355 1362 3612 1427 (Pati-cm)

2058 1440 2378 1503 referantur,
2417 1441 2581 1496 Deum
2617 1461 2783 1498 unum
2821 1456 2928 1500 tres
2961 1462 3217 1514 personas
3239 1450 3376 1500 inter
3407 1466 3463 1500 se
3487 1467 3616 1501 enn-

2054 1530 2267 1598 junetas
2322 1535 2608 1597 sentimus,
2661 1535 2936 1605 Deumque
2984 1539 3245 1606 singulas,
3311 1541 3352 1593 si
3412 1556 3504 1606 per
3556 1556 3616 1591 se

2059 1624 2496 1679 considerentur.
2531 1626 2660 1678 Nam
2699 1638 2754 1681 et
2803 1628 2963 1681 Pater
3014 1630 3152 1682 Deus
3203 1631 3469 1695 perfectus
3510 1643 3616 1695 est,

2011 1740 2014 1742 ν
2063 1713 2209 1765 nullo
2237 1715 2444 1783 defectu
2479 1716 2750 1780 loborans,
2779 1716 3059 1786 Piliusque
3095 1719 3366 1784 similiter,
3405 1736 3467 1772 ac
3493 1736 3618 1786 per-

2063 1803 2185 1855 inde
2211 1803 2441 1869 Spiritus
2486 1817 2725 1859 sanctus.
2751 1805 2861 1858 Nec
2894 1809 3063 1875 magis
3088 1807 3225 1860 Deus
3246 1819 3345 1870 est,
3363 1811 3443 1861 vel
3463 1809 3620 1861 Pater

2059 1910 2218 1962 quam
2240 1895 2408 1950 Filius
2432 1897 2513 1948 vel
2539 1911 2696 1962 quam
2715 1898 3064 1964 Spiritus,vel
3082 1897 3247 1951 Filius
3265 1899 3435 1967 magis
3460 1889 3616 1958 Deus.

2060 2000 2221 2053 quam
2247 1985 2402 2039 Pater
2422 1997 2511 2039 aut
2542 1987 2774 2054 Spiritus
2796 2029 2809 2050 ,
2835 1989 3175 2056 autdenique
3201 1987 3434 2056 Spiritus
3454 1990 3622 2056 magis

2066 2076 2225 2136 Deus.
2263 2091 2421 2143 quam
2456 2075 2612 2130 Pater
2642 2089 2734 2131 aut
2771 2078 2964 2132 Filius.
3003 2078 3105 2133 Sed
3142 2095 3264 2132 cum
3309 2095 3467 2133 unam
3502 2096 3623 2148 per-

2064 2179 2320 2218 sonarum
2357 2166 2799 2227 intellexerimus,
2857 2167 3157 2235 perfectum
3211 2185 3329 2221 eam
3368 2169 3530 2221 Deum
3562 2185 3625 2222 ac

403 2259 523 2310 μεν*
554 2246 648 2297 καὶ
681 2247 808 2297 ὅταν
843 2245 1003 2298 πάλιν
1037 2246 1104 2298 τὰ
1129 2247 1256 2315 τρία
1284 2247 1430 2299 κατά
1450 2247 1686 2300 διάνοιαν
1718 2250 1964 2318 συνάψω-

1923 2269 1964 2300 ›-
2073 2254 2359 2307 essentiam
2396 2253 2690 2321 perfectam
2725 2256 3153 2322 cognosrimus;
3188 2269 3250 2308 ac
3279 2270 3403 2307 cum
3431 2271 3624 2307 rursus

403 2351 506 2403 μεν
528 2334 638 2384 ’καὶ
666 2334 1186 2404 συναριθμήσωμεν,
1228 2335 1326 2390 ἕνα
1377 2339 1469 2390 τὸν
1510 2339 1671 2392 αὑτὸν
1709 2340 1843 2394 Θεὸν
1872 2343 1966 2393 καὶ

1923 2343 1966 2393 ιι
2068 2355 2176 2398 tres
2213 2360 2476 2412 personas
2510 2346 2675 2397 animi
2719 2346 3047 2414 cogitatione
3087 2345 3526 2412 copulaverimus
3560 2360 3622 2397 ae

400 2428 607 2479 τέλειον
649 2429 748 2496 τὴν
784 2427 973 2511 οὐσίαν
1021 2429 1436 2499 φανταζόμεθα,
1464 2433 1558 2485 καὶ
1614 2434 1640 2482 ὁ
1685 2433 1843 2495 αὐτὸς
1877 2435 1968 2488 καὶ

1923 2435 1968 2488 ιὶ
2069 2433 2666 2493 cOnnumeraveritnus,
2738 2448 2905 2484 unum
2961 2432 3318 2500 eumdemque
3366 2446 3428 2484 ac
3455 2432 3629 2499 perle-

401 2516 483 2582 εἷς
523 2521 653 2584 Θεὸς
700 2510 975 2591 δηλοῦται,
1004 2523 1131 2574 ὅταν
1180 2527 1428 2592 λέγωμεν
1464 2528 1672 2597 Πατὴρ.
1711 2526 1830 2588 Υἱὸς
1875 2528 1970 2579 καὶ

1923 2528 1970 2579 ιὶ
2069 2533 2215 2578 ctum
2247 2515 2606 2576 essentialiter
2646 2507 2812 2574 Deum
2854 2522 3191 2589 cogitamus;
3237 2521 3486 2588 idemque
3516 2520 3630 2586 ipse

403 2612 559 2678 ἆγιον
586 2613 833 2681 Πνεῦμα,
862 2617 955 2666 καὶ
981 2616 1112 2666 ὅταν
1143 2618 1232 2668 τὸν
1270 2618 1492 2688 Πατέρα
1511 2621 1761 2692 λέγωμεν
1788 2620 1966 2686 μόνον,
1990 2626 1996 2634 “

1923 2626 1996 2683 ν,“
2072 2631 2134 2670 ac
2162 2629 2301 2668 unus
2330 2615 2469 2668 Deus
2490 2615 2843 2681 signiﬁcatur,
2863 2628 2987 2667 cum
3019 2613 3315 2664 dixerimus
3347 2610 3524 2675 Pater,
3546 2611 3630 2663 Fi-

403 2702 441 2772 ἢ
475 2703 565 2756 τὸν
597 2705 742 2770 Υἰὸν,
769 2706 801 2773 ἢ
833 2707 891 2758 τὸ
929 2708 1199 2760 πανάνιον
1235 2712 1371 2763 Πνεῦ
1386 2729 1484 2781 μα.

2074 2710 2179 2762 lius
2207 2724 2261 2762 et
2297 2706 2530 2787 Spiritus
2569 2717 2810 2767 sanctus,
2849 2716 2900 2758 et
2951 2720 3074 2758 cum
3104 2705 3278 2758 solum
3309 2703 3519 2757 Patrem
3555 2706 3637 2756 di-

1923 2847 1934 2857 .
2074 2801 2339 2863 xerimus,
2375 2809 2469 2852 ant
2509 2797 2728 2860 Filium,
2785 2808 2876 2850 aut
2905 2797 3311 2850 sanctissimum
3346 2796 3631 2864 Spiritum.

478 2889 555 2942 Οὐ
586 2889 743 2941 τοῦτο
767 2889 932 2957 λέγω,
962 2891 1042 2943 ὅτι
1094 2893 1121 2944 6
1170 2893 1360 2961 Πατήρ
1403 2894 1519 2948 ἔστι
1555 2893 1649 2946 καὶ
1688 2893 1838 2955 Υἱὸς,
1878 2892 1972 2945 καὶ

1923 2892 1972 2945 al.
2146 2889 2260 2942 Non
2294 2891 2396 2942 hoc
2424 2890 2570 2948 dico.
2607 2889 2749 2953 quod
2804 2886 2962 2939 Pater
2991 2898 3041 2938 et
3075 2885 3247 2939 Filius
3275 2886 3347 2938 sit
3378 2898 3431 2938 et
3466 2885 3636 2953 Spiri-

410 2982 567 3048 ἆγιον
604 2981 852 3048 Πνεῦμαο
888 2983 1048 3034 τοῦτο
1079 2982 1189 3051 γὰρ
1232 2984 1524 3036 Ἰουδαϊκόν
1559 2985 1674 3036 ἐστι
1710 2986 1802 3036 καὶ
1846 2984 1972 3048 δόξα

1923 2986 1972 3048 ia
2077 2994 2162 3038 tus
2203 2991 2427 3036 sanctus
2458 2982 2475 3050 (
2508 2982 2607 3034 hoc
2637 2981 2780 3032 enim
2831 2978 3122 3031 Iudaicum
3150 2987 3253 3041 est,
3304 2977 3637 3044 Sabelliiqne

407 3071 500 3123 τοῦ
548 3071 874 3122 Σαῦελλίου·
931 3071 1052 3122 ἀλλ’
1101 3073 1182 3124 ὅτι
1227 3071 1284 3122 ἓν
1326 3073 1606 3125 ὁποιονοῦν
1653 3075 1762 3126 τῶν
1811 3075 1972 3126 οείων

1923 3092 1972 3126 ›ν
2076 3075 2300 3142 opinio),
2330 3074 2423 3127 sed
2457 3072 2599 3141 quod
2639 3087 2741 3124 una
2776 3070 2982 3138 qumvis
3015 3069 3325 3121 divinarum
3378 3083 3639 3134 persens-

409 3162 720 3234 προσὼπων
752 3163 972 3224 τελείως
997 3163 1092 3214 καὶ
1114 3161 1416 3222 ἁνελλιπῶς
1444 3165 1558 3214 ἐστι
1582 3162 1713 3225 Θεὸς
1743 3164 1969 3230 μηδενὸς
1997 3175 2040 3231 c

1923 3165 1969 3222 ὃς
1997 3175 2040 3231 c
2077 3184 2192 3219 rum
2226 3166 2463 3234 perfecte
2503 3164 2766 3230 nulloque
2800 3160 3008 3214 delet-tu
3046 3163 3187 3212 Deus
3215 3169 3297 3212 est
3319 3200 3332 3223 ,
3368 3160 3438 3211 ita
3472 3169 3529 3211 ut
3561 3160 3641 3209 ni-

405 3257 732 3323 λειπόμενον
766 3255 906 3305 κατὰ
931 3253 1031 3322 τὴν
1066 3252 1278 3316 οὐσίαν,
1311 3253 1412 3320 τῆς
1445 3254 1572 3321 μιᾶς
1604 3257 1694 3305 καὶ
1727 3255 1854 3322 ὅλης
1879 3257 1975 3308 καὶ

403 3347 616 3409 τελείας
648 3346 918 3414 Θεότητος,
952 3343 1072 3396 ἐπεὶ
1104 3344 1204 3395 οὐκ
1239 3343 1354 3395 ἐστι
1397 3347 1499 3406 τῆς
1545 3345 1675 3413 ὅλης
1721 3345 1972 3416 Θεότητος

412 3441 576 3510 μέρος
612 3439 708 3506 μὲν
735 3439 760 3487 6
800 3437 1008 3505 Πατὴρ,
1065 3437 1229 3503 μέρος
1275 3434 1332 3486 δὲ
1379 3437 1405 3486 6
1453 3434 1604 3498 Υἱὸς,
1644 3439 1807 3505 μέρος
1831 3439 1888 3490 δὲ
1917 3440 1976 3489 τὸ

395 3530 565 3599 -ἆγιον
607 3528 852 3596 Πνεῦμα.
897 3527 1028 3579 Οᾷδὲ
1050 3528 1158 3593 γὰρ
1191 3527 1353 3594 μέρος
1379 3523 1411 3595 ἢ
1437 3525 1598 3594 μέλος
1628 3527 1656 3578 6
1687 3527 1816 3590 Θεὸς
1841 3529 1974 3598 ἔχει.

407 3624 469 3674 τὸ
503 3623 613 3691 γὰρ
652 3622 814 3688 μέρος
867 3619 1103 3681 ὲλλιπές.
1142 3618 1284 3687 Πρὸς
1333 3617 1389 3669 δὲ
1445 3617 1538 3668 καὶ
1600 3617 1855 3671 σύνθεσιν
1881 3621 1977 3672 καὶ

407 3712 762 3782 περιγραφὴν
789 3711 1022 3779 εἰσάγει·
1050 3709 1143 3762 καὶ
1174 3711 1255 3762 ὅτι
1281 3709 1338 3762 ἓν
1369 3710 1652 3762 ὁποιονοῦν
1680 3711 1787 3762 τῶν
1812 3712 1978 3781 τριῶν

408 3808 532 3859 ὅλον
569 3806 705 3857 ἐστί.
744 3805 852 3856 Καὶ
884 3804 990 3872 γὰρ
1041 3805 1068 3854 6
1114 3803 1304 3872 Πατὴο
1335 3803 1467 3864 Θεὸς
1498 3803 1641 3867 ὅλος,
1672 3804 1766 3855 καὶ
1796 3807 1823 3857 6
1856 3805 1980 3866 Υίὸς

410 3898 544 3960 Θεὸς
575 3899 715 3958 ὅλος.
756 3895 849 3948 καὶ
879 3896 938 3947 τὸ
972 3895 1194 3963 Πνεῦμα
1234 3895 1294 3946 τὸ
1327 3894 1482 3962 ᾶγιον
1529 3895 1663 3958 Θεὸς
1687 3897 1827 3958 ὅλος.
1869 3898 1980 3950 Καὶ

407 3993 497 4044 διὰ
533 3990 694 4044 τοῦτο
719 3990 780 4042 οὐ
810 3989 1037 4056 λέγομεν
1067 3989 1148 4040 ὅτι
1180 3988 1212 4055 ὴ
1243 3987 1342 4054 ὅλη
1368 3989 1461 4039 καὶ
1495 3988 1591 4056 μία
1629 3987 1820 4055 θεότης
1843 3988 1982 4040 διαι-

412 4086 587 4154 ρεῖται
625 4085 702 4143 εἰς
729 4082 796 4134 τὰ
836 4083 960 4150 τρία
995 4082 1261 4148 πρόσωπα
1285 4078 1480 4143 ταῦτα,
1506 4079 1696 4150 ὥσπερ
1731 4081 1792 4130 τὸ
1826 4081 1982 4145 γένος

409 4176 489 4236 είς
521 4175 660 4244 είδη,
695 4175 726 4243 ἢ
762 4173 822 4225 τὸ
851 4167 990 4234 εἶδος
1025 4172 1105 4232 είς
1140 4172 1335 4238 ἄτομα,
1364 4171 1395 4238 ἢ
1438 4170 1498 4222 τὸ
1540 4170 1662 4222 ὅλον
1694 4172 1775 4232 είς
1818 4171 1980 4240 μέρη.

410 4266 547 4318 οὐδὲ
573 4265 805 4332 λέγομεν
847 4263 930 4316 ὅτι
966 4263 1168 4329 μείζων
1202 4262 1233 4332 ἢ
1272 4262 1475 4315 πλείων
1510 4262 1630 4315 ἐστὶ
1663 4263 1793 4323 Θεὸς
1820 4264 1847 4314 6
1875 4265 1986 4315 Πα-

407 4361 514 4425 τὴρ
538 4355 695 4425 ὁμοῦ,
724 4357 817 4408 καὶ
864 4355 891 4406 6
920 4355 1044 4416 Υἱὸς
1091 4354 1185 4406 καὶ
1230 4355 1292 4406 τὸ
1347 4355 1573 4422 Πνεῦμα
1605 4359 1696 4407 τοῦ
1731 4356 1859 4407 Υἱοῦ
1893 4359 1985 4408 καὶ

410 4450 506 4502 τοῦ
546 4447 901 4514 Πνεῦματοςο
951 4447 983 4514 ἢ
1035 4448 1063 4498 6
1112 4447 1304 4516 Πατὴρ
1339 4445 1475 4516 ὁμοῦ
1529 4449 1623 4500 καὶ
1663 4449 1690 4499 6
1724 4449 1847 4510 Υἱὸς
1887 4449 1982 4500 τοῦ

339 4613 341 4615 ι
411 4504 729 4607 Πνεῦματος
757 4552 774 4570 ο
797 4504 885 4606 ηδ
913 4504 1103 4607 Πατὴρ
1142 4504 1299 4605 pavi;
1337 4504 1432 4590 166
1465 4538 1595 4591 Υίοῦ
1627 4526 1782 4610 ἢτοῦ
1812 4504 1982 4593 uno-
2019 4504 2061 4558 θ

413 4649 581 4702 ματος
607 4631 768 4700 μόνου
800 4631 919 4681 ἐστὶ
955 4630 1160 4698 μείζων
1195 4629 1225 4697 ἢ
1255 4629 1513 4699 πλείωνῆ
1555 4631 1818 4694 ἐλάττων,
1857 4630 1982 4683 καί-

408 4738 495 4774 τοι
529 4721 669 4773 κατὰ
707 4720 775 4771 τὰ
825 4721 1095 4788 πρόσωπα
1146 4719 1384 4789 ἀριθμοῦ
1437 4721 1794 4790 εἰσαγομένου
1824 4739 1837 4752 ·
1869 4721 1985 4774 ἀλλ’

411 4812 783 4882 ὁμολογοῦμεν
810 4810 893 4863 ὅτι
925 4811 1020 4879 ὅλη
1054 4812 1086 4879 ἡ
1120 4811 1259 4880 αὑτὴ
1294 4811 1389 4863 καὶ
1424 4813 1523 4880 μία
1555 4812 1735 4863 τελεία
1763 4812 1984 4876 τελείως

411 4911 469 4962 ἰν
504 4907 697 4976 τελείῳ
723 4906 922 4976 Πατρὶ,
947 4907 1040 4959 καὶ
1073 4906 1167 4976 ὅλη
1203 4906 1390 4959 τελεία
1427 4907 1648 4971 τελείως
1696 4909 1752 4960 ἐν
1793 4906 1984 4977 τελείῳ

484 5120 596 5188 (63)
652 5119 857 5173 Αττιον
907 5117 1044 5172 Υίοῦ
1105 5116 1232 5188 -καὶ
1296 5115 1664 5184 Πνεύματος.
1723 5114 1988 5187 Loquitur

412 5186 662 5254 Calecas,
686 5189 803 5257 ipse
833 5188 1057 5242 Graecus
1094 5186 1287 5242 Graeco
1318 5187 1590 5256 scribens,
1627 5202 1690 5241 ac
1748 5186 1835 5242 dei
1884 5188 1987 5241 ﬁde

413 5263 746 5325 informans,
778 5257 1093 5312 Graecorum
1121 5273 1294 5316 more,
1326 5273 1434 5308 non
1467 5257 1798 5325 explicando
1852 5273 1982 5325 pro-

412 5333 717 5387 cessionem
746 5327 986 5397 Spiritus
1009 5329 1175 5381 etiam
1200 5344 1226 5378 a
1258 5326 1417 5392 Filio,
1442 5334 1700 5397 tanquam
1726 5343 1833 5380 uno
1860 5341 1984 5381 cum

417 5402 576 5455 Patre
608 5395 902 5467 principio,
935 5414 997 5452 ac
1050 5399 1318 5466 principio
1354 5413 1417 5450 ex
1448 5436 1450 5439 τ
1482 5395 1641 5467 Patre
1693 5398 1985 5466 principio,

413 5471 509 5540 qui
541 5466 623 5524 siti
648 5469 770 5540 forts
806 5478 972 5522 totius
1004 5468 1314 5529 Trinitatis,
1340 5481 1403 5520 ac
1432 5466 1660 5535 proinde
1680 5468 1985 5540 vere_xarf

416 5535 608 5610 ἕξοχὴν
632 5538 825 5604 αίτιον,
857 5539 906 5591 id
935 5549 1036 5610 est.
1068 5540 1264 5610 Auctor
1282 5554 1344 5589 ac
1379 5553 1560 5598 causa,
1596 5547 1756 5610 prout
1811 5535 1986 5610 Gr:_e_e_i

416 5628 482 5666 ea
507 5606 639 5664 voce
668 5617 920 5663 utuntur.
963 5609 1192 5664 Vidend.
1225 5606 1451 5676 Grcgor.
1480 5609 1620 5660 orat.
1670 5607 1757 5666 29.
1795 5621 1843 5675 p.
1884 5607 1988 5661 490

415 5694 472 5735 et
491 5681 582 5742 25,
621 5679 724 5734 422
753 5692 807 5734 et
851 5680 939 5740 39.
974 5695 1025 5746 p.
1055 5678 1177 5736 650.
1235 5678 1323 5732 ubi
1374 5679 1596 5745 perinde
1645 5676 1907 5746 Spiritum
1958 5693 1986 5730 a

419 5750 580 5804 Patre
605 5749 733 5803 dicit
772 5751 1084 5818 procedere.
1134 5750 1230 5818 οὐκ
1286 5747 1499 5818 ulmi»;
1541 5747 1657 5799 οὐδὲ
1699 5750 1806 5814 γὰρ
1867 5765 1989 5813 γει·-

421 5819 620 5891 νητὼς,
650 5816 1148 5890 ἁλλ’-ὶκπορευτῶς
1174 5816 1207 5850 ’ν
1242 5836 1346 5874 non
1397 5816 1529 5872 Filii
1589 5831 1769 5871 more:
1826 5834 1987 5886 neque

2078 3257 2150 3310 ltil
2170 3257 2329 3318 desit,
2360 3255 2502 3325 quod
2531 3253 2596 3306 ad
2621 3254 2911 3313 essentiam
2943 3252 3160 3312 attinet,
3193 3251 3258 3302 de
3286 3265 3390 3301 una
3419 3257 3644 3316 totaque

2077 3361 2137 3400 ac
2161 3343 2394 3413 perfecta
2414 3343 2627 3396 deitate.
2648 3328 2763 3394 Non
2785 3341 2929 3393 enim
2956 3341 3121 3393 totius
3148 3339 3365 3391 ιίιτίιοιίε
3385 3354 3509 3405 pars
3526 3339 3646 3406 qui-

2077 3439 2194 3491 dem
2222 3434 2400 3497 Pater,
2419 3450 2542 3501 pars
2561 3449 2684 3487 vero
2698 3417 2890 3508 Filius,
2914 3447 2975 3483 ac
2998 3447 3122 3495 pars
3143 3430 3376 3498 Spiritus
3400 3440 3646 3483 sanctus.

2078 3528 2209 3581 Nam
2260 3528 2397 3581 Deus
2432 3535 2635 3594 partem
2691 3534 2785 3578 aut
2832 3525 3134 3577 membrum
3175 3537 3281 3574 non
3310 3522 3486 3575 liabet.
3517 3522 3648 3573 Pars

2079 3623 2224 3675 enim
2244 3619 2370 3688 quid
2398 3615 2774 3685 imperfectum
2792 3622 2895 3668 est.
2923 3614 3142 3667 Accedit
3166 3614 3351 3674 etiam,
3370 3614 3511 3680 quod
3531 3614 3650 3677 eius

2079 3711 2218 3765 ratio
2267 3694 2714 3777 compositionem
2752 3721 2816 3760 ac
2869 3705 3429 3773 circumscriptionem
3489 3705 3649 3756 indu-

2081 3804 2174 3857 cit:
2210 3817 2272 3855 ac
2325 3801 2470 3869 quod
2515 3813 2854 3866 unaquaeque
2884 3799 3044 3850 trium
3067 3780 3419 3864 personarum
3472 3805 3644 3848 totum

2084 3896 2316 3950 exsistit.
2347 3893 2480 3946 Nam
2515 3902 2569 3947 et
2603 3893 2782 3956 Pater,
2833 3892 2973 3944 Deus
3027 3901 3171 3943 totus
3204 3901 3323 3954 est;
3373 3900 3425 3942 et
3462 3888 3652 3950 Filius,

2085 3988 2230 4042 Deus
2265 3997 2447 4051 totus;
2484 3993 2538 4038 et
2570 3985 2809 4054 Spiritus
2848 3994 3091 4045 sanctus,
3119 3991 3263 4034 totus
3296 3980 3457 4035 Deus.
3489 3979 3655 4047 quue

2085 4093 2265 4132 causa:
2299 4087 2403 4138 est,
2433 4091 2532 4130 cur
2564 4090 2671 4129 non
2699 4075 2970 4137 dicamus,
2997 4082 3165 4126 totam
3192 4087 3354 4125 unam
3392 4072 3652 4124 Deilatem

2086 4172 2139 4224 itt
2173 4181 2281 4223 tres
2313 4170 2446 4224 istas
2469 4183 2730 4238 personas
2765 4167 2932 4219 dividi
2963 4166 3110 4219 velut
3138 4163 3388 4232 genuslin
3417 4164 3650 4232 Species,

2087 4261 2168 4314 vel
2228 4259 2463 4328 speciem
2502 4257 2556 4310 in
2590 4257 2896 4316 individua,
2957 4256 3039 4308 vel
3070 4250 3332 4321 lanquam
3391 4263 3563 4306 totum
3599 4254 3651 4304 in

2089 4361 2292 4419 partes.
2346 4347 2532 4417 Neque
2573 4347 2812 4402 dicimus
2865 4346 3076 4399 Patrem
3114 4345 3276 4399 simul
3305 4344 3577 4397 etFilium
3608 4355 3662 4398 γι

2091 4440 2352 4510 Spiritum
2414 4450 2662 4494 sanctum
2711 4437 2973 4505 majorem
3035 4451 3157 4491 esse
3213 4444 3306 4488 aut
3360 4435 3659 4503 pleniorem

2095 4534 2284 4596 Deum,
2314 4547 2474 4600 quam
2502 4530 2674 4584 Filius
2701 4527 3087 4595 autSpiritus;
3124 4527 3206 4580 vel
3246 4526 3459 4579 Patrem
3496 4527 3660 4578 simul

2092 4637 2146 4680 et
2175 4623 2396 4688 Filium,
2434 4639 2597 4692 quam
2632 4621 2896 4690 Spiritus,
2922 4620 3003 4673 vel
3030 4617 3245 4673 Patrem
3278 4619 3478 4683 solum,
3515 4615 3656 4668 Filio

2092 4731 2187 4773 aut
2207 4717 2413 4787 Spiritu
2444 4716 2584 4778 solo,
2618 4702 2876 4782 majorem
2907 4726 3029 4765 esse
3053 4710 3133 4764 vel
3154 4710 3473 4778 pleniorem,
3501 4722 3660 4760 autve

2095 4813 2381 4872 minorem,
2405 4807 2759 4877 quantutmrts
2776 4818 3139 4874 personarum
3171 4803 3380 4855 ratione
3399 4818 3660 4855 numerus

2093 4906 2337 4967 ineatur;
2375 4899 2470 4956 sed
2511 4900 2834 4954 conﬁtemur
2882 4905 3050 4950 totam
3091 4896 3335 4948 eamdem
3389 4910 3666 4963 unamque

2091 5117 2228 5168 enim
2277 5109 2748 5183 generatipne,sed
2816 5109 3162 5183 processione.
3227 5105 3303 5159 Ac
3347 5105 3559 5183 _ntirum
3619 5108 3663 5160 si

2088 5174 2336 5240 Conterit
2385 5197 2449 5238 ac
2505 5180 2739 5235 Lanselii
2797 5174 2973 5233 dicam
3025 5180 3289 5232 adversus
3347 5174 3666 5239 Maximum,

2092 5266 2218 5309 ante
2246 5269 2423 5308 annos
2450 5253 2521 5305 20
2546 5267 2575 5305 a
2612 5265 2700 5304 me
2725 5249 3086 5313 exsuﬂlatam,
3114 5248 3194 5302 vel
3233 5247 3547 5314 (ἔνθεοι-1ης,
3580 5249 3662 5300 wl

2094 5341 2249 5380 meus
2305 5324 2528 5378 Caleeas
2576 5322 2835 5375 evadant.
2887 5319 3070 5387 Longe
3122 5317 3342 5373 solidior
3397 5317 3664 5380 Georgius

2094 5396 2380 5452 Metocltita
2410 5393 2770 5462 gravissimus
2796 5391 3108 5462 traditionis
3130 5388 3286 5443 testis
3312 5397 3363 5440 et
3390 5397 3662 5462 assertor.

2093 5482 2200 5533 qua
2230 5466 2309 5519 sic
2338 5457 2770 5533 expressam‘vel
2825 5460 3120 5513 involutam
3157 5457 3425 5533 _myuste_rii
3485 5458 3667 5509 Trini-

2098 5529 2227 5589 tatis
2262 5529 2444 5598 ﬁdem,
2478 5534 2614 5586 nihil
2651 5531 3017 5586 Ecclesiarum
3054 5530 3171 5598 paci
3208 5529 3452 5582 olfecisse
3482 5542 3666 5581 oswn-

2096 5608 2211 5674 dit;
2246 5621 2370 5658 eum
2405 5605 2494 5657 alii
2529 5603 2756 5656 aliorum
2795 5602 2952 5674 [idem
2986 5617 3090 5654 non
3127 5603 3460 5674 ignorarent,
3488 5598 3666 5651 donec

2099 5671 2322 5730 Pltotius
2349 5674 2590 5729 fovenda:
2618 5673 2922 5744 tyrannidis
2969 5671 3315 5744 occasionem
3366 5672 3486 5722 inde
3526 5673 3664 5720 arri-

2099 5748 2246 5817 puit:
2281 5746 2440 5814 cujus
2468 5760 2607 5817 pene
2644 5742 2988 5817 exstinctum
3022 5742 3262 5817 scitisma
3291 5754 3353 5817 ac
3383 5754 3662 5808 compres-

2100 5811 2223 5873 sum
2258 5811 2826 5872 MichaelCerularius
2861 5817 3038 5868 demto
3073 5811 3374 5867 suscitavit.
