4442 6440
412 396 507 457 481

1367 397 1461 456 DE
1507 396 1929 455 PRINClPllS
1972 400 2179 456 FlDEl
2218 402 2684 461 CATIIOLICE.

3527 399 3632 459 489

412 510 615 578 πλῆθός
650 512 770 561 ἐστι
806 508 1114 576 προσώπων
1137 522 1154 539 ο
1188 510 1279 560 καὶ
1309 510 1395 560 διὰ
1423 508 1587 560 τοῦτο
1614 510 1732 561 οὐδὲ
1759 511 1963 578 κυρίως
1998 518 2037 569 Α
2070 512 2166 565 dcit

1875 511 1963 569 ἔως
1998 518 2037 569 Α
2070 512 2192 565 dem
2256 516 2385 566 niliil
2416 525 2577 579 vetat,
2606 531 2729 569 esse
2757 520 3005 569 eumdem
3038 525 3089 569 et
3122 526 3325 583 patrem
3354 526 3403 567 et
3438 516 3629 578 tilium,

411 598 497 650 ἐπ’
530 598 829 666 ἀνθρώπων
884 597 1083 664 λέγοιτ’
1105 598 1169 649 ἂν
1197 599 1379 664 πατὴρ
1412 601 1502 648 καὶ
1533 598 1736 665 ἀληθὴς
1766 600 1968 662 πατρνῖο

410 706 507 755 της
541 689 629 740 διὰ
660 690 756 749 1‘1;
787 689 884 755 τῆς
920 689 1054 757 ῦλης
1113 687 1378 756 διαφορὰς
1435 688 1528 739 καὶ
1575 686 1841 754 ἐλλείψεις
1875 690 1970 739 καὶ

411 780 686 840 ποικιλίας
712 795 724 808 ·
753 781 844 831 ἐπὶ
874 780 931 832 δὲ
970 778 1065 829 τοῦ
1106 779 1263 839 Θεοῦ,
1287 779 1344 829 ὃν
1373 778 1590 830 Μννὰδα
1630 778 1721 827 καὶ
1764 777 1968 844 Τριὰδα

411 872 565 936 παρὰ
598 870 696 937 τῆς
731 872 968 931 πίστεως
992 868 1373 938 ἐδιδάχθημεν,
1399 872 1490 918 καὶ
1515 868 1665 919 οὐδὲν
1692 868 1822 934 ἡμῖν
1846 866 1971 918 ἄλλο

411 962 707 1025 πρόσωπον
729 960 1089 1027 παραδέδοται
1107 957 1244 1010 εἶναι
1263 961 1377 1011 ἐκεῖ
1399 960 1549 1026 παρὰ
1571 956 1635 1009 τὰ
1652 957 1778 1025 τρία
1801 955 1972 1007 ταῦτα

409 1049 670 1115 ἀθέμιτον
698 1050 771 1119 μὴ
802 1051 895 1101 τὸν
930 1050 1276 1117 gemmea;
1311 1051 1403 1100 καὶ
1434 1048 1636 1116 κυρίως
1684 1046 1970 1113 ὁμολογεῖν

408 1138 496 1188 ἀεὶ
531 1140 765 1208 Πατέρα,
795 1140 884 1190 τον
912 1140 968 1191 δὲ
1006 1139 1211 1207 κυρίως
1245 1140 1338 1191 καὶ
1369 1138 1585 1205 ἀληθῶς
1618 1139 1705 1189 ἀεὶ
1739 1137 1887 1201 Υἱδν,
1912 1136 1972 1187 τὸ

408 1228 463 1278 δὲ
493 1229 695 1295 κυρίως
725 1230 813 1281 ἀεὶ
846 1232 939 1280 καὶ
972 1229 1186 1296 ἀληθῶς
1221 1229 1446 1297 Πνεῦμα
1476 1229 1653 1295 ἅγιον.

2076 618 2265 669 nempe
2286 606 2506 657 alterius
2524 599 2749 672 patrem,
2765 606 2986 660 alti-rius
3014 604 3199 667 filium,
3220 607 3360 671 quod
3384 620 3633 671 persona-

2078 701 2192 737 rum
2237 690 2519 742 multitudo
2549 703 2663 755 est;
2691 708 2798 758 quo
2831 693 2990 743 etiam
3023 692 3077 743 fit
3099 732 3113 755 ,
3145 702 3203 743 ut
3238 691 3288 741 in
3326 675 3633 743 liuininiliiis

2079 791 2183 828 non
2222 779 2432 843 proprie
2464 790 2611 846 pater
2635 781 2739 832 dici
2769 789 2931 848 qui-at
2959 796 3189 847 vertique
3222 782 3537 848 paternitas,
3568 782 3634 829 ιιι»

2079 869 2319 919 materi.e
2348 870 2592 923 diversas
2622 873 2935 938 qualitates,
2971 871 3327 938 defectusqtie
3359 886 3419 921 ac
3456 871 3631 919 varie-

2077 964 2236 1011 tates.
2271 958 2324 1009 lii
2361 958 2468 1011 Deo
2496 973 2697 1026 autem,
2729 978 2886 1029 quem
2922 962 3189 1015 Uiiitaieni
3220 976 3281 1013 ac
3313 959 3632 1010 Trinitatem

2079 1061 2145 1097 ex
2174 1046 2275 1098 lidc
2304 1048 2481 1100 edocti
2518 1064 2728 1110 Sltmth,
2752 1065 2814 1101 ac
2845 1052 2896 1101 in
2929 1065 3036 1116 quo
3074 1050 3276 1100 nullam
3310 1049 3472 1099 aliam
3510 1062 3593 1111 pet
3617 1073 3632 1081 -

2079 1150 2266 1188 sonam
2326 1149 2519 1205 prarter
2552 1140 2671 1191 illas
2719 1142 3008 1192 traditione
3038 1141 3141 1191 ulla
3176 1140 3505 1204 accepimus,
3542 1152 3637 1186 tie-

2082 1226 2162 1280 fas
2194 1237 2277 1280 est
2310 1231 2474 1281 alium
2532 1245 2637 1280 non
2673 1246 2794 1283 νει-ο
2844 1248 2905 1287 ac
2941 1246 3087 1298 propt
3105 1232 3151 1283 ie
3181 1245 3392 1296 semper
3425 1229 3635 1281 Patrem

412 1321 684 1385 confiteri,
718 1325 882 1376 alium
904 1338 1007 1376 non
1031 1324 1244 1393 proprie
1268 1338 1331 1378 ac
1363 1338 1485 1378 vere
1515 1336 1727 1391 semper
1760 1322 1978 1387 Filium,
2020 1322 2182 1375 alium
2222 1339 2328 1376 non
2390 1326 2623 1400 proprie
2649 1340 2859 1393 semper
2883 1342 3111 1394 vereque
3188 1324 3447 1392 Spiritum
3510 1339 3638 1377 sati-

408 1425 454 1467 Cl
467 1430 579 1468 um.

483 1505 557 1555 Οὐ
588 1504 767 1556 τοίνυν
812 1506 892 1558 δεῖ
923 1506 1023 1575 τῆς
1073 1505 1324 1574 ἐνότητος
1367 1503 1477 1556 τῶν
1523 1506 1692 1573 τριῶν
1740 1505 1971 1557 ἐκείνων

408 1593 578 1661 τριῶν
624 1595 930 1663 προσώπων
969 1597 1141 1659 οὕτως
1187 1598 1416 1665 ἐχούσης
1452 1597 1541 1649 διὰ
1578 1597 1676 1667 τὴν
1712 1598 1843 1666 μίαν
1891 1600 1975 1649 αἱ·

408 1685 553 1745 τίαν,
578 1686 828 1755 καθάπερ
856 1688 1086 1755 εἴπομεν
1109 1690 1260 1755 παρὰ
1280 1689 1378 1755 τῆς
1411 1688 1707 1755 καθολικῆς
1738 1688 1972 1749 πίστεως

409 1775 774 1842 διδαχθέντες,
806 1776 1088 1830 διάστασίν
1118 1796 1241 1831 τινα
1280 1780 1440 1847 μέχρι
1474 1780 1567 1831 καὶ
1597 1778 1689 1830 τοῦ
1716 1777 1972 1845 τυχόντος

409 1866 783 1919 ἀνυποστάτου
820 1867 1089 1934 νοήματος
1120 1868 1210 1919 ἐπ’
1259 1869 1437 1919 αὐτῶν
1464 1870 1689 1921 ἐννοεῖν.
1730 1868 1835 1920 Καὶ
1864 1867 1973 1934 γάρ

412 1973 581 2023 φησιν
624 1956 652 2006 ὁ
706 1955 966 2023 Θεολόγος
1013 1956 1315 2026 Γρηγόριος
1373 1958 1509 2027 πρὸς
1560 1959 1648 2008 τὸν
1696 1960 1979 2026 “Fam,”

411 2048 835 2116 ἀποτεινόμενος
870 2050 1008 2118 (65)’
1048 2068 1071 2103 ιΔ
1094 2050 1235 2119 Φοόῇ
1269 2052 1332 2105 σὺ
1363 2051 1461 2121 τὴν
1482 2052 1755 2119 γέννησιν,
1786 2054 1871 2106 ἴνα
1899 2057 1972 2122 μή

410 2155 467 2188 τι
518 2139 665 2208 πάθῃ
710 2138 863 2205 Θεὸς,
907 2142 935 2191 6
983 2140 1057 2209 μὴ
1113 2141 1375 2210 πάσχωνς
1412 2142 1522 2210 ἐγὼ
1572 2144 1847 2212 φοϐοῦμαι
1881 2146 1977 2214 τὴν

411 2228 612 2291 κτίσιν,
641 2230 729 2281 ἵνα
772 2231 847 2299 μὴ
883 2230 1015 2283 Θεὸν
1065 2233 1320 2285 ἀπολέσω
1361 2234 1449 2286 διὰ
1483 2235 1580 2301 τῆς
1622 2236 1832 2303 ῦερεως
1884 2237 1977 2287 καὶ

410 2314 532 2389 τῆς
563 2321 752 2374 ἀδίκου
805 2322 1010 2390 ταύτης
1043 2328 1377 2394 κατατομῆς’
1411 2326 1443 2395 ἢ
1490 2326 1580 2379 τὴν
1612 2327 1737 2379 Υἱδν
1766 2328 1979 2396 τέμνων

412 2412 521 2463 ἀπὸ
556 2412 648 2463 τοῦ
703 2412 940 2482 Πατρδς,
995 2414 1028 2482 ἢ
1061 2415 1168 2467 ἀπὸ
1209 2418 1304 2467 τοῦ
1351 2415 1482 2469 Υίοῦ
1517 2417 1615 2486 τὴν
1649 2418 1840 2470 οὐσίαν
1883 2420 1977 2472 τοῦ

417 2501 757 2569 Πνεύματος.
808 2519 828 2553 ι
874 2505 984 2556 Καὶ
1024 2506 1051 2555 6
1082 2506 1255 2575 μέγας
1318 2496 1596 2569 Βασίλειος
1631 2509 1688 2558 ἐν
1743 2511 1808 2577 τῇ
1847 2510 1980 2579 πρὸς

411 2592 505 2643 τὸν
528 2594 755 2661 ἀδελφὸν
811 2594 974 2647 αὑτοῦ
1002 2597 1300 2666 Γρηγόριον
1325 2598 1580 2668 ἐπιστολῇ
1610 2599 1743 2668 (66)·
1776 2618 1793 2649 ι
1842 2600 1996 2653 Οὔτε

414 2683 528 2753 γὰρ
556 2684 650 2735 τοῦ
691 2686 898 2756 Πατρὸς
936 2689 963 2739 6
990 2688 1079 2739 ἀεὶ
1104 2686 1180 2739 ὣν
1211 2688 1270 2740 ἐν
1334 2689 1411 2758 τῷ
1446 2691 1622 2757 Πατρὶ
1657 2692 1983 2761 ἀποτμηοῆ-

412 2793 501 2826 ναι
536 2776 843 2845 δυνήσεται,
873 2777 995 2830 οὕτε
1022 2779 1117 2831 τοῦ
1152 2779 1465 2849 Πνεύματός
1503 2798 1633 2833 ποτε
1664 2782 1984 2851 διαζευχοή-

415 2884 569 2917 σεται
602 2867 695 2919 τοῦ
746 2868 874 2921 ίδίου
914 2871 942 2921 6
992 2871 1169 2921 πάντα
1198 2872 1257 2922 ἐν
1291 2872 1439 2941 αὐτῷ
1475 2873 1732 2942 ἐνεργῶν.
1775 2894 1793 2925 ι
1846 2876 1984 2927 Ἀλλ’

413 2958 561 3010 οὕτω
580 2960 678 3029 τὴν
705 2959 813 3012 τῶν
837 2961 1147 3029 προσώπων
1185 2962 1410 3033 ἑνότητα
1439 2965 1517 3017 δεῖ
1548 2965 1835 3032 φυλάττειν
1866 2970 1984 3030 ταῖς

413 3049 596 3117 τρισὶν
647 3048 1027 3116 ὑποστάσεσιν,
1086 3051 1180 3104 καὶ
1218 3052 1361 3105 οῦτω
1413 3057 1680 3123 προσήκει
1716 3060 1856 3109 νοεῖν
1888 3059 1981 3110 καὶ

2149 1504 2459 1558 Cavendum
2515 1504 2699 1573 igitur,
2732 1518 2856 1557 cum
2909 1505 3070 1558 trium
3122 1504 3332 1555 illarum
3385 1518 3643 1571 personu-

2082 1613 2200 1650 rum
2257 1598 2433 1649 unitas
2465 1596 2541 1648 sic
2572 1611 2628 1647 se
2666 1594 2879 1656 lubeat,
2930 1609 2995 1647 eo
3053 1596 3196 1661 quod
3254 1608 3394 1646 unus
3452 1605 3641 1645 aucto:-

2077 1688 2332 1750 exsistat,
2382 1686 2839 1754 quemadmodum
2900 1686 3135 1738 diximus
3187 1685 3462 1737 catliolieie
3522 1686 3639 1735 fidei

2080 1778 2200 1832 freti
2256 1778 2635 1837 doctrina,nc
2694 1777 2775 1829 vel
2842 1780 2988 1829 nudo
3049 1776 3288 1846 cogitatu
3341 1777 3644 1845 tuenti-que

2081 1870 2367 1936 figmento,
2400 1869 2563 1920 ullam
2602 1869 2653 1920 in
2688 1869 2766 1919 eis
2802 1867 3118 1919 divisionem
3154 1882 3215 1919 ac
3249 1870 3643 1933 separatiOiiem

2079 1961 2469 2029 intelligamus.
2503 1958 2591 2010 Ait
2624 1959 2765 2010 enim
2799 1956 3089 2025 Gregorius
3128 1957 3456 2023 Tlieoliigus,
3490 1974 3647 2023 argit-

2079 2050 2244 2102 menti
2303 2052 2407 2101 viin
2474 2049 2526 2100 in
2573 2048 2888 2099 litereiicum
2948 2048 3236 2100 intendens
3293 2066 3304 2098 :
3366 2047 3536 2099 Times
3590 2057 3643 2099 tit

2076 2141 2481 2209 generationem,
2504 2156 2566 2192 tte
2591 2140 2713 2207 quid
2738 2138 2996 2206 patiatur,
3018 2140 3104 2201 qui
3129 2138 3191 2188 tib
3224 2138 3364 2190 omni
3404 2141 3645 2205 passione

2079 2235 2322 2286 immunis
2353 2234 2554 2286 exsistit
2580 2234 2603 2284 ἶ)
2639 2233 2747 2299 Ego
2788 2243 3086 2283 crmtiiram
3116 2233 3290 2293 timeo,
3320 2246 3379 2281 ne
3413 2240 3608 2299 trrogat
3629 2249 3647 2283 t

2080 2327 2303 2391 injuria,
2348 2326 2647 2393 injustaque
2679 2325 2777 2375 hac
2806 2324 3152 2375 caiiscissiouc
3174 2322 3336 2373 Deum
3364 2324 3607 2375 amittunt
3632 2365 3648 2386 ,

2082 2419 2171 2485 qui
2230 2417 2306 2470 vel
2356 2415 2556 2469 Filium
2603 2433 2634 2468 a
2667 2415 2845 2476 Patre,
2877 2414 3017 2467 vela
3069 2414 3209 2467 Filio
3242 2414 3468 2482 Spiritus
3514 2417 3653 2468 scin-

2083 2510 2205 2560 dant
2253 2509 2624 2560 substantiam.
2688 2502 2915 2574 Magnus
2960 2522 3176 2575 quoque
3228 2507 3477 2569 Basilius,
3524 2506 3653 2575 Epi-

2082 2600 2215 2655 stola
2270 2599 2335 2652 ad
2389 2599 2711 2667 Gregorium
2776 2598 2997 2651 fratrem
3059 2598 3223 2666 (6(5):
3281 2601 3456 2666 Neque
3514 2599 3651 2651 enim

2084 2694 2173 2761 qui
2219 2706 2419 2759 semper
2443 2690 2493 2741 iit
2538 2689 2697 2743 Putre
2736 2701 2834 2753 est,
2864 2690 3019 2742 orelli
3060 2706 3091 2740 a
3127 2689 3285 2740 Patre
3315 2690 3525 2754 poterit,
3563 2704 3655 2739 iicc

2086 2786 2403 2850 utiquumab
2432 2780 2665 2848 Spiritus
2712 2786 2792 2834 sui
2845 2781 3141 2833 substantia
3179 2781 3513 2847 abjuiigctur,
3566 2780 3655 2847 qui

2087 2874 2139 2925 in
2167 2890 2224 2926 eo
2250 2883 2435 2925 cuncta
2478 2884 2743 2940 operatur.
2780 2871 2975 2926 Verum
3008 2876 3088 2925 sic
3125 2886 3481 2940 personarum
3532 2872 3654 2922 uiii-

2090 2973 2253 3018 tatein
2282 2966 2456 3018 tritius
2498 2965 2884 3033 liypostasilius
2917 2978 3136 3017 servare
3176 2963 3451 3025 convenit,
3476 2963 3659 3029 sicque

2092 3056 2144 3107 in
2172 3056 2299 3115 illis,
2337 3070 2437 3123 pro
2480 3054 2681 3124 ingenii
2729 3055 2903 3107 nostri
2936 3054 3193 3106 facultate
3221 3054 3570 3120 intelligenda
3598 3068 3661 3104 :ic

415 3144 697 3195 πιστεύειν
727 3144 899 3213 αὐτὴν
938 3147 994 3198 ἐν
1044 3146 1238 3210 αὑταῖς
1302 3150 1443 3202 κατὰ
1489 3149 1551 3201 τδ
1596 3152 1877 3220 ἐγχωροῦν
1921 3155 1985 3223 τῇ
2015 3152 2057 3210 C
2092 3162 2169 3201 crt

1921 3155 1985 3223 τῇ
2015 3152 2057 3210 C
2092 3147 2363 3201 credenda
2394 3147 2485 3209 sit,
2508 3156 2564 3200 ιιι
2587 3148 2801 3219 unicam
2832 3148 3119 3200 essentiam
3149 3146 3449 3199 sentiamus
3475 3162 3656 3199 secuta

415 3235 665 3303 ἡμετέρᾳ
706 3237 934 3307 διανοίᾳ,
976 3236 1051 3300 ώς
1098 3236 1195 3307 τὴν
1241 3238 1372 3307 μίαν
1413 3239 1599 3294 οὐσίαν
1643 3242 1809 3311 αὐτὴν
1852 3243 1986 3312 πρὸς

418 3326 621 3395 ἑαυτὴν
653 3328 945 3397 ἡνωμένην
993 3329 1088 3381 καὶ
1120 3331 1385 3399 ἄτμητον.
1442 3330 1503 3384 'll
1553 3332 1662 3401 γὰρ
1698 3334 1855 3386 οὐσία
1890 3336 1987 3386 τοῦ

419 3416 559 3467 Θεοῦ
589 3418 657 3468 τὰ
682 3418 807 3486 τρία
841 3410 1110 3487 πρόσωπα
1134 3419 1309 3473 ταῦτὰ
1343 3424 1482 3474 ἐστι.
1521 3423 1740 3476 Μᾶλλον
1774 3426 1827 3476 δὲ
1867 3426 1988 3478 οὑδέ

424 3508 625 3559 ἕνωσιν
655 3509 712 3560 ἐν
744 3511 929 3572 αὐτοῖς
956 3511 1037 3562 δεῖ
1067 3510 1265 3579 λέγειν.
1299 3514 1447 3566 Αὖτὰ
1484 3515 1589 3583 γάρ
1620 3518 1765 3568 ἐστιν
1797 3518 1829 3585 ή
1858 3516 1990 3570 ἰἑνω⁴

422 3617 533 3660 σις,
591 3600 842 3651 τουτέσιν
872 3603 904 3669 ἡ
956 3603 1055 3671 τῆς
1100 3604 1287 3667 οὐσίας
1323 3606 1491 3672 μονὰς
1524 3607 1618 3657 καὶ
1668 3608 1932 3675 ταυτότης
1972 3625 1984 3638 ·

421 3690 524 3743 εἴτ’
554 3690 648 3743 οὖν
676 3693 813 3761 αὑτὴ
850 3694 1025 3752 οὐσία,
1061 3696 1194 3747 Οὐδὲ
1220 3696 1328 3765 γὰρ
1359 3698 1413 3749 at
1456 3699 1603 3765 ἅγιαι
1632 3692 1791 3750 αὗται
1842 3703 1989 3770 τρεῖς

424 3784 753 3849 ὑποστάσεις
781 3788 930 3857 παρὰ
954 3788 1052 3856 τὴν
1081 3787 1268 3839 οὐσίαν
1299 3789 1461 3852 εἰσιν,
1490 3787 1607 3839 ἀλλ’
1638 3786 1793 3843 αὗται
1824 3791 1855 3857 ἡ
1892 3792 1993 3858 μία

424 3877 576 3929 ἐστὶν
609 3878 766 3930 οὐσία
798 3878 892 3930 τοῦ
922 3878 1079 3946 Θεοῦ,
1104 3878 1178 3942 ὡς
1209 3880 1459 3949 εἴπομεν.
1495 3882 1771 3949 Δςαφορὰν
1810 3880 1866 3932 δὲ
1898 3881 1993 3950 μό-

426 3988 524 4039 νην
559 3969 772 4039 εχονσιν
801 3972 857 4023 ἐν
880 3970 1054 4040 τούτῳ
1082 3970 1216 4040 πρὸς
1238 3971 1444 4041 ἄλληλα
1470 3971 1538 4024 τὰ
1560 3971 1681 4025 Οεῖα
1701 3973 1990 4042 πρόσωπα,

424 4064 506 4114 ὅτι
542 4064 601 4114 τὸ
639 4062 737 4131 μέν
763 4066 912 4115 ἐστιν
940 4064 1135 4126 αἴτιον,
1167 4064 1228 4115 τὸ
1262 4063 1318 4115 δὲ
1351 4065 1413 4115 ἐκ
1464 4064 1562 4132 τῆς
1592 4064 1769 4127 αἰτίας
1799 4082 1811 4095 ·
1836 4081 1993 4117 τουτ-

426 4154 577 4206 έστιν
610 4154 637 4205 6
670 4153 767 4222 μὲν
800 4153 989 4223 Πατὴρ
1027 4153 1263 4223 ἄναρχος
1296 4154 1393 4205 καὶ
1425 4153 1687 4216 ἀναίτιος,
1724 4154 1821 4206 ἀπ’
1849 4154 1997 4207 οῦδε-

425 4246 513 4307 νδς
541 4244 679 4313 ἔχων
704 4245 763 4296 τὸ
792 4238 932 4296 εἶναι
957 4244 1168 4314 Πατὴρ,
1200 4246 1338 4313 ὅπερ
1370 4244 1437 4297 ἂν
1468 4244 1634 4296 αὑτοῦ
1668 4260 1996 4313 προεπινοη-

426 4336 544 4403 οείη
578 4353 589 4365 ·
626 4335 797 4397 αἴτιος
829 4335 886 4387 δὲ
915 4332 1011 4387 τοῦ
1048 4333 1179 4387 Υἱοῦ
1206 4336 1301 4388 καὶ
1337 4333 1430 4386 τοῦ
1468 4333 1806 4403 Πνεῦματος.
1858 4335 1996 4386 Τού-

424 4445 535 4479 των
566 4426 624 4479 δὲ
665 4427 770 4479 τῶν
800 4429 866 4477 ἐκ
904 4427 1003 4495 τῆς
1034 4426 1213 4487 αίτίας
1245 4427 1272 4478 ὁ
1327 4426 1426 4495 μὲν
1464 4426 1591 4487 Υἱὸς
1620 4428 1684 4477 ἐκ
1706 4424 1799 4477 τοῦ
1829 4424 1994 4479 αὑτοῦ

2090 3238 2264 3306 ipsam
2323 3236 2530 3289 unitam
2592 3251 2659 3307 ae
2710 3236 3028 3289 ittdtvisam.
3087 3237 3176 3289 Dei
3225 3238 3368 3289 eiiiin
3421 3239 3656 3289 essentia

2091 3338 2201 3383 tres
2251 3327 2334 3381 lite
2376 3343 2621 3395 persona:
2649 3323 2781 3381 'est.
2809 3327 3084 3392 Quinimo,
3149 3342 3218 3379 ne
3262 3328 3386 3380 uuio
3441 3327 3660 3396 quidem

2090 3420 2143 3473 in
2179 3419 2258 3473 eis
2301 3418 2532 3471 dicenda
2567 3419 2845 3489 est;_‘suut
2876 3419 3020 3471 enim
3072 3418 3200 3485 ipsae
3230 3418 3379 3481 unio,
3418 3417 3519 3470 lioc
3580 3428 3663 3471 est

2090 3511 2342 3566 essentia:
2374 3512 2553 3565 unitas
2572 3521 2623 3561 et
2650 3498 2939 3573 identitas;
2973 3512 3086 3577 ipsa
3118 3510 3373 3563 nimirum
3400 3510 3661 3563 essentia.

2090 3601 2278 3671 Neque
2305 3602 2449 3655 enim
2500 3611 2699 3655 sancta:
2726 3602 2805 3652 lia:
2836 3610 2946 3653 tres
2981 3602 3299 3669 liypostzisis
3328 3615 3390 3652 ac
3424 3614 3665 3667 persona:

2091 3706 2286 3765 praeter
2336 3690 2814 3755 εεδριιιίιιιιιδιιιιι,
2864 3694 2958 3745 sed
3023 3709 3126 3743 una
3161 3692 3248 3745 llei
3300 3691 3560 3755 essentia,
3609 3700 3667 3742 iit

2093 3787 2425 3841 dicebamus.
2464 3784 2572 3840 Hoc
2597 3802 2724 3838 vero
2766 3786 2941 3837 solum
2992 3786 3133 3836 inter
3165 3799 3223 3837 se
3253 3783 3667 3850 distinguuntur

2093 3880 2289 3932 divina:
2320 3892 2587 3947 personm,
2619 3876 2763 3945 quod
2800 3878 2903 3929 alia
2944 3876 3162 3943 quidem
3195 3884 3384 3927 :iiictcr
3418 3887 3520 3938 est,
3552 3868 3669 3939 alia:

2094 3986 2223 4023 vero
2257 3984 2323 4022 ex
2356 3977 2603 4023 auctore.
2646 3967 2759 4021 Hoc
2790 3980 2899 4031 est,
2956 3966 3113 4018 Pater
3159 3966 3373 4034 quidem
3417 3966 3667 4033 principii

2095 4078 2290 4131 expers
2316 4070 2399 4115 est
2424 4076 2485 4115 ac
2510 4076 2686 4114 causa:
2710 4098 2722 4120 ,
2756 4075 2782 4111 λ
2818 4060 2963 4111 nullo
2989 4060 3194 4112 liabeiis
3213 4056 3357 4125 quod
3378 4066 3461 4110 est
3492 4056 3668 4118 Pater,

2096 4156 2240 4224 quod
2278 4155 2367 4209 illo
2418 4156 2566 4223 prius
2621 4154 2950 4219 intelligatur
2986 4170 2999 4204 :
3033 4162 3220 4204 auctor
3255 4164 3380 4202 vero
3436 4159 3520 4202 est
3553 4148 3670 4201 Filii

2096 4259 2148 4302 et
2186 4247 2425 4317 Spiritus
2454 4246 2652 4301 sancti.
2687 4246 2889 4298 Eorum
2922 4259 3047 4297 vero
3076 4244 3164 4311 qui
3190 4259 3252 4297 ex
3274 4254 3492 4295 attetore
3522 4250 3672 4304 sunt,

2100 4343 2237 4394 alter
2297 4337 2465 4393 Filius
2497 4348 2602 4401 est,
2649 4352 2713 4390 ex
2750 4336 2909 4390 Patre
2962 4334 3213 4406 genitus;
3267 4334 3401 4386 alter
3435 4332 3675 4401 Spiritus

2105 4442 2347 4493 sanctus,
2400 4444 2465 4481 ex
2501 4427 2657 4481 l'atre
2700 4426 3022 4495 procedens,
3045 4425 3136 4478 sed
3172 4440 3279 4479 non
3310 4424 3545 4494 genitus.
3582 4421 3676 4475 Est

428 4518 640 4586 Πατρδς
670 4517 949 4584 γεννητὸς,
996 4519 1055 4568 τὸ
1103 4517 1159 4569 δὲ
1208 4518 1435 4585 Πνεῦμα
1471 4518 1533 4568 ἐκ
1559 4516 1651 4567 τοῦ
1689 4515 1849 4568 αὑτοῦ
1886 4518 1995 4567 Πα-
2023 4495 2074 4556 D
2102 4521 2182 4572 eiii

1922 4495 2244 4573 la-Deiiim
2297 4519 2384 4572 liic
2429 4518 2568 4570 alitis
2596 4516 2930 4570 exsistentia:
2978 4517 3208 4578 modus,
3274 4515 3438 4567 nullis
3496 4514 3676 4565 Verius

423 4610 553 4677 τρὶς
582 4609 933 4676 ἐκπορευτδν,
962 4607 1076 4660 ἀλλ’
1098 4611 1158 4660 οὐ
1185 4610 1462 4676 γεννητόν.
1485 4608 1679 4669 ’Λλλος
1710 4606 1818 4675 γὰρ
1842 4601 1997 4669 οὗτος

424 4702 628 4769 τρόπος
660 4700 972 4768 ὑπάρξεως,
1004 4701 1165 4762 athe;
1194 4699 1572 4768 ἀνέκφραττός
1613 4716 1668 4750 τε
1700 4700 1795 4751 καὶ
1827 4699 1996 4769 speq-

424 4808 541 4852 τος.
577 4789 738 4842 Ὅοεν
767 4792 793 4840 6
824 4790 921 4859 μέν
949 4789 1075 4851 Υίδς
1121 4788 1195 4851 ὡς
1242 4788 1603 4855 γεννώμενος,
1631 4788 1850 4855 Πατέρα
1885 4789 1998 4855 ἔχει

424 4883 523 4932 τὶν
553 4881 722 4933 αἴτιον
749 4879 968 4943 ἐαυτοῦ,
996 4881 1089 4931 καὶ
1132 4880 1264 4948 πρὸς
1304 4882 1509 4932 ἐκεῖνον
1542 4880 1615 4940 ὡς
1644 4880 1769 4939 Ti’);
1802 4879 2001 4947 ἀναφέ-

432 4990 627 5043 ρεται·
666 4975 873 5034 ἐκεῖνος
926 4972 981 5024 δὲ
1038 4973 1230 5025 τούτου
1288 4972 1510 5039 λέγεται
1571 4972 1784 5040 Πατήρ.
1841 4971 1913 5022 Τὸ
1941 4969 1997 5021 δὲ

429 5065 657 5132 Πνεῦμα
688 5066 750 5116 ἐκ
773 5064 867 5116 τοῦ
901 5064 1113 5131 Πατρὶς
1140 5063 1596 5133 ἐκπορευόμενον,
1632 5063 1689 5114 οὐ
1726 5062 1862 5114 καοδ
1892 5064 2001 5114 Πα-

428 5156 557 5224 τρδς
588 5155 645 5219 ἐξ
672 5154 837 5206 αὑτοῦ
865 5156 1223 5224 ἐκπορεύεται
1262 5150 1351 5223 (ἦν
1406 5154 1515 5221 γὰρ
1547 5154 1612 5205 ἂν
1646 5152 1788 5203 οὕτω
1820 5154 1911 5203 καὶ
1940 5152 2001 5204 τὸ

431 5248 659 5315 Πνεῦμα
694 5247 863 5313 Υἱὸς),
897 5248 1011 5299 ἀλλ’
1057 5250 1121 5300 ἐκ
1164 5246 1260 5298 τοῦ
1308 5247 1543 5314 Πατρὸς,
1588 5244 1753 5297 αὑτοῦ
1790 5244 2002 5315 Πατρός

430 5341 528 5393 καὶ
563 5340 878 5409 Προόολέως
910 5340 1083 5402 ὄντος.
1132 5341 1225 5392 Διδ
1258 5341 1351 5393 καὶ
1386 5338 1521 5405 πρὸς
1550 5339 1757 5389 ἐκεῖνον
1805 5337 2006 5403 divaee-

434 5449 592 5501 ρεται
645 5431 708 5484 τό
751 5432 973 5501 Πνεῦμα
1025 5432 1157 5485 καθὸ
1212 5432 1511 5502 πρόϐλημα
1555 5431 1616 5483 οὗ
1665 5429 1800 5483 καΟδ
1835 5430 1959 5492 Υἱός
1987 5444 2000 5457 ’

338 5558 351 5570 .
433 5524 642 5581 ἐκεῖνός
674 5539 731 5574 τε
760 5524 896 5592 πρδς
930 5525 988 5576 τὸ
1020 5523 1246 5595 Πνεῦμα
1302 5522 1600 5594 προδολεὺς
1625 5522 1719 5573 τοῦ
1758 5520 2007 5589 Πνεῦμα-

430 5631 522 5675 τος
554 5614 796 5681 λέγεται,
820 5616 880 5667 οὐ
916 5617 1105 5685 Πατήρ
1130 5633 1143 5647 ·
1202 5633 1219 5665 ι
1268 5617 1327 5668 τὸ
1378 5616 1485 5684 γὰρ
1522 5613 1766 5683 Πνεῦμα,
1802 5631 1820 5662 ι
1866 5612 2007 5664 κατὰ

505 5798 616 5871 (εει)
651 5800 804 5851 Orat.
839 5797 923 5851 ιδ.

2096 4609 2435 4676 explicabilis
2460 4618 2619 4676 atque
2678 4620 2930 4659 arcanus.
2972 4604 3178 4658 Idcirco
3231 4602 3399 4656 Filius
3434 4602 3681 4669 quidem,

2101 4701 2245 4750 velut
2279 4697 2495 4766 genitus
2529 4711 2623 4749 seu
2659 4696 2841 4756 naltis,
2885 4694 3097 4747 Patrem
3148 4695 3310 4746 liabet
3354 4694 3435 4746 sui
3488 4704 3680 4745 οιιι-ιιι-

2100 4803 2234 4848 rem,
2281 4796 2333 4839 et
2385 4788 2449 4839 ad
2506 4802 2627 4838 eum
2663 4795 2921 4853 taiiquti-u
2982 4782 3152 4836 Fdiiis
3197 4781 3469 4847 refertur;
3522 4780 3681 4833 Pater

2101 4894 2232 4932 Vel‘O
2293 4878 2413 4947 ejus
2454 4877 2613 4931 Pater
2663 4878 2884 4929 dicitur.
2938 4874 3137 4929 Verum
3191 4874 3425 4942 Spiritus
3461 4883 3683 4925 sanctus

2106 4974 2196 5042 qui
2256 4986 2285 5045 a
2353 4972 2510 5025 Patre
2568 4971 2845 5039 procedat,
2883 4984 2987 5021 non
3021 4968 3088 5020 ab
3129 4966 3219 5020 illo
3270 4968 3515 5036 procedit
3550 4983 3685 5033 qua-

2112 5072 2267 5115 lenus
2323 5060 2480 5114 Pater
2515 5071 2596 5114 est
2652 5062 2752 5128 (sic
2810 5062 2955 5113 enim
3015 5061 3178 5111 etiam
3236 5058 3495 5127 Spiritus,
3538 5068 3684 5111 esset

2110 5150 2326 5221 Filius),
2360 5153 2455 5206 sed
2498 5169 2562 5206 ex
2615 5152 2793 5216 Patre,
2833 5152 2922 5219 qui
2973 5164 3023 5203 et
3082 5151 3195 5218 ipse
3238 5155 3535 5218 pl‘Utltlt'lUi‘
3592 5150 3683 5202 sit.

2111 5247 2479 5311 Quamobrem
2542 5246 2701 5299 etiam
2756 5245 2822 5297 ad
2878 5243 3029 5295 illum
3070 5243 3305 5295 refertur
3340 5244 3596 5309 Spiritus,
3630 5252 3688 5292 tit

2109 5336 2429 5406 procedens,
2461 5350 2567 5388 non
2611 5345 2884 5404 quatenus
2909 5332 3110 5397 Filius;
3140 5335 3341 5401 illeque.
3373 5345 3432 5386 ut
3460 5334 3524 5384 ad
3561 5334 3686 5400 Spi-

2109 5428 2273 5482 ritum
2302 5439 2675 5495 comparatur,
2716 5424 2956 5496 Spiritns
2988 5425 3314 5490 Productor,
3349 5442 3454 5478 non
3508 5425 3689 5487 l‘uti-r,

2112 5530 2477 5588 nuncupatur.
2504 5517 2738 5584 Spiritus
2773 5521 2941 5580 enim,
2970 5529 3027 5571 ut
3056 5528 3136 5572 est
3170 5530 3359 5571 auctor
3393 5518 3689 5586 Gi-egiiiiiis

2114 5609 2417 5679 Nyssenus,
2459 5606 2677 5661 Patrem
2712 5626 2812 5662 iiou
2850 5610 3023 5662 habet.
3060 5609 3401 5677 Γιοιδιιειιιιρ
3452 5613 3600 5660 mtas
3636 5610 3689 5660 iii

2189 5792 2298 5859 (GU)
2338 5792 2507 5861 Epist.
2543 5794 2630 5845 45.
