4442 6440
815 391 918 455 483

2071 391 2462 453 MANUELIS
2486 393 2793 451 CALECrE

3934 399 4039 462 434

817 501 1082 555 Ti-initate
1124 517 1263 555 auos
1302 501 1469 556 Filios
1499 502 1700 564 dicere,
1737 510 1834 554 aut
1882 504 2020 555 duos
2052 501 2259 563 Patres,
2294 498 2376 552 vel
2406 503 2452 557 Α
2479 498 2570 549 τὸν

2294 498 2376 552 vel
2406 503 2452 557 Α
2479 498 2570 549 τὸν
2624 499 2846 567 Νύσσης
2896 499 3218 569 Γρηγόριον,
3264 517 3283 550 ι
3320 500 3421 554 οὐκ
3451 501 3563 569 ἔχει
3594 503 3836 571 Πατέρα.
3879 523 3898 555 δ
3934 509 4042 559 Καὶ

817 596 951 641 duos
979 593 1237 659 Spiritus,
1266 604 1320 644 ut
1354 594 1497 661 quod
1558 593 1679 645 lidei
1714 592 1994 644 traditioni
2036 592 2379 645 adversetur.

818 682 906 732 Sic
967 684 1110 734 enim
1173 699 1279 734 non
1346 686 1565 750 proprie
1618 682 1724 735 erit
1764 681 1923 734 Pater
1957 690 2050 734 aut
2095 680 2266 735 Filius
2298 678 2381 732 vel

817 771 1075 837 Spiritus,
1107 772 1568 838 quemadmodum
1603 772 1952 836 dicebamus;
2008 771 2102 824 sed
2151 770 2381 822 mutatio

818 859 870 911 in
923 859 1072 912 Trini
1103 868 1209 921 ate,
1253 861 1526 925 triumque
1583 873 1938 927 personarum
1995 855 2271 918 confusio,
2313 854 2381 906 ad

816 951 1172 1017 proprietates
1209 954 1357 1018 quod
1406 953 1630 1014 attinet,
1668 951 2062 1017 conspicietur,
2091 948 2234 1015 quod
2288 947 2381 1001 ab-

814 1039 1040 1090 surdum
1077 1048 1182 1093 est.
1228 1041 1426 1093 Verum
1469 1054 1629 1092 unam
1682 1040 1824 1092 hanc
1872 1037 2281 1091 distinctionem
2328 1036 2380 1088 in

817 1129 832 1181 i
862 1129 924 1179 lis
966 1129 1138 1180 tribus
1171 1144 1234 1181 ex
1272 1130 1564 1181 traditione
1598 1127 1920 1181 servandam
1956 1140 1984 1176 a
2009 1126 2386 1192 :cepimus;ut

816 1219 1023 1270 scilicet
1056 1219 1282 1271 alterum
1319 1220 1535 1286 quidem
1586 1217 1803 1271 Patrem
1839 1216 2110 1279 dicamus,
2154 1213 2382 1267 alterum

819 1307 1036 1370 Filium,
1068 1310 1299 1361 alterum
1350 1309 1610 1377 Spiritum
1669 1317 1942 1361 sanctum.
1990 1305 2060 1358 Ut
2110 1305 2250 1359 enim
2309 1305 2386 1357 ait

813 1399 1108 1465 Gregorius
1160 1400 1493 1462 Theologus,
1541 1399 1897 1453 Orationibus
1950 1398 2065 1450 suis
2091 1398 2155 1448 de
2190 1394 2327 1448 Filio
2366 1412 2379 1448 :

814 1486 1093 1551 PrOpriuvn
1169 1499 1340 1539 autem
1398 1488 1534 1555 ejus,
1590 1490 1679 1555 qui
1734 1488 1980 1554 principii
2044 1500 2224 1553 expers
2287 1494 2382 1547 est,

816 1594 998 1629 nomen
1044 1588 1117 1630 est
1178 1578 1372 1638 Pater;
1410 1579 1522 1637 eius
1552 1588 1747 1639 autem,
1788 1577 1878 1643 qui
1908 1577 2043 1628 citra
2072 1575 2384 1641 principium

813 1668 1016 1734 genitus
1047 1678 1143 1728 est,
1180 1666 1384 1729 Filius;
1422 1668 1568 1719 illius
1606 1668 1846 1733 denique,
1870 1667 1958 1733 qui
1998 1666 2132 1717 citra
2163 1680 2385 1732 genera-

2485 588 2833 640 παντάπασιν
2855 589 3149 655 ἀπείρηται
3183 588 3277 640 δύο
3302 590 3462 652 Υίοῦς
3480 591 3661 657 λέγειν
3678 592 3737 644 έν
3767 594 3831 662 τῇ
3851 595 4043 663 Τριάδι

2483 677 2516 744 ἢ
2548 677 2643 728 δύο
2675 678 2927 746 Πατέρας
2956 679 2989 746 ἢ
3025 678 3119 730 δύο
3169 679 3485 746 Πνεύματα,
3514 680 3590 743 ῶς
3642 685 3709 751 τῇ
3746 685 4043 749 παραδόσει

2481 769 2582 833 τῆς
2634 770 2874 830 πίστεως
2915 769 3180 822 ιναντιον.
3228 769 3385 822 Οῦτω
3417 771 3526 840 γὰρ
3554 772 3615 823 οὐ
3649 774 3856 842 κυρίως
3889 774 4045 827 ἔσται

2483 857 2674 927 Πατὴρ
2704 858 2737 927 ἢ
2776 858 2904 922 Υἱὸς
2952 859 2985 929 ἢ
3024 858 3270 928 Πνεῦμα,
3302 861 3554 929 καθάπερ
3582 863 3843 931 ἐλέγομεν
3863 878 3877 892 ·
3909 863 4046 917 ἀλλά

2485 948 2761 1017 μετα6ο’ὴ
2792 950 2922 1017 περὶ
2951 951 3050 1016 τὴν
3080 949 3309 1018 Τριάδα,
3335 951 3429 1001 καὶ
3460 950 3719 1018 σύγχυσις
3747 952 3855 1002 τῶν
3878 952 4046 1020 τριῶν

2483 1037 2795 1105 προσώπων
2829 1036 2971 1089 κατὰ
2998 1037 3095 1097 τὰς
3129 1037 3398 1105 ἰδιότητας
3447 1038 3881 1106 θεωρηθήσεται,
3910 1042 4045 1105 ὅπερ

2491 1126 2714 1179 ἄτοπον.
2748 1125 2909 1177 Ἀλλά
2931 1126 3030 1195 τὴν
3068 1126 3330 1195 διαφορὰν
3357 1126 3560 1196 ταύτην
3589 1131 3683 1179 καὶ
3712 1129 3878 1195 μόνην
3904 1145 3965 1178 π;
3990 1144 4046 1195 ρ-

2482 1216 2745 1284 εδόθημεν
2796 1218 3084 1285 φυλάττειν
3138 1219 3231 1271 ἐπὶ
3263 1220 3372 1271 τῶν
3403 1221 3573 1288 τριῶν
3597 1235 3612 1251 '
3642 1224 3701 1273 ιν
3728 1220 3805 1288 τῷ
3836 1221 3928 1272 τὸν
3954 1222 4048 1287 μὲν

2487 1308 2709 1375 Πατέρα
2745 1308 2944 1374 λέγειν,
2985 1310 3075 1360 τὸν
3102 1310 3156 1362 δὲ
3201 1312 3346 1374 Υἱδν,
3378 1314 3437 1362 τὸ
3479 1311 3537 1362 δὲ
3591 1313 3747 1377 ἆγιον
3798 1311 4041 1378 Πνεῦμα.

2484 1397 2636 1451 Καθα
2666 1398 2773 1467 γάρ
2805 1416 2970 1466 φησιν
2993 1402 3020 1451 6
3058 1400 3318 1468 Θεολὸγος
3353 1402 3652 1471 Γρηγόριος
3684 1406 3741 1456 ἐν
3769 1406 3881 1466 τοῖς
3916 1406 4047 1472 περὶ

2484 1488 2614 1541 Υίοῦ
2646 1488 2784 1557 (67),
2819 1507 2838 1540 ι
2884 1491 3046 1542 Ἴδεον
3073 1491 3129 1542 δὲ
3162 1493 3257 1544 τοῦ
3312 1496 3409 1560 μὲν
3442 1497 3680 1563 ἀνάρχου
3715 1497 3925 1565 Πατὴρ,
3958 1499 4049 1549 τοῦ

2482 1576 2540 1628 δὲ
2588 1578 2840 1646 ἀνάρχως
2892 1580 3251 1648 γεννηθέντος
3305 1584 3456 1648 Υἱὸς,
3490 1584 3582 1636 τοῦ
3633 1586 3690 1637 δὲ
3741 1587 4051 1655 ἀγεννήτως

2483 1667 2843 1733 προελθόντος
2876 1669 2907 1736 ἢ
2946 1675 3038 1722 καὶ
3068 1674 3351 1740 προϊόντος
3381 1674 3442 1726 τὸ
3471 1675 3697 1743 Πνεῦμα
3726 1677 3784 1727 τὸ
3817 1676 3989 1742 ἅγιον.
4026 1695 4047 1730 ›

812 1760 999 1808 tionem
1074 1760 1324 1822 processit
1382 1774 1471 1810 seu
1533 1758 1692 1809 etiam
1742 1748 2096 1825 progreditur,
2147 1754 2381 1822 Spiritus
2421 1829 2434 1834 Α
2487 1758 2566 1809 Κα

2300 1764 2381 1805 tus
2421 1829 2448 1834 μ
2487 1758 2597 1809 Καὶ
2624 1760 2651 1809 6
2681 1760 3041 1828 Δαμασκηνὸς
3082 1763 3139 1813 ὲν
3176 1765 3289 1823 τοῖς
3320 1763 3656 1830 θεολογικοῐς
3681 1766 3848 1819 αὐτοῦ
3881 1785 4053 1834 κεφα-

809 1855 1043 1897 sanctus.
1100 1844 1467 1898 Danmscenus
1518 1858 1748 1912 quoque
1789 1845 1840 1896 in
1904 1843 2221 1911 theologicis
2272 1842 2386 1896 suis
2418 1829 2554 1900 Βλα

2304 1842 2386 1895 uis
2418 1829 2463 1888 Β
2489 1847 2661 1909 λαίοις
2699 1848 2836 1917 (68),
2877 1869 2894 1900 ι
2934 1851 3035 1903 Διά
3081 1852 3173 1904 τὸν
3224 1853 3445 1922 Πατέρα
3485 1829 3599 1921 ἔχει
3644 1856 3672 1907 6
3703 1856 3829 1919 Υἱὸς
3868 1829 3969 1909 καὶ.
3993 1859 4053 1910 τὸ

809 1936 1078 2002 capitibus
1118 1954 1127 1986 :
1168 1934 1386 1996 Propter
1416 1933 1631 1987 Patrem
1674 1934 1865 1986 habent
1900 1933 2072 1986 Filius
2120 1942 2167 1984 et
2207 1932 2382 2000 Spiri-

812 2034 895 2075 tus
927 2026 1103 2076 omnia
1157 2041 1473 2093 qua'cunque
1499 2025 1727 2089 habent;
1758 2028 1851 2077 hoc
1886 2034 1986 2087 est,
2023 2025 2213 2077 idcirco
2247 2025 2386 2094 quod

812 2112 973 2167 Pater
995 2116 1089 2167 illa
1112 2117 1265 2168 habet
1291 2156 1305 2180 ,
1326 2118 1551 2183 exceptis
1567 2116 1972 2168 innascibilitate
1988 2125 2036 2169 et
2052 2117 2387 2185 generatione

812 2186 874 2258 lic
893 2208 1241 2269 processione.
1265 2207 1329 2259 In
1344 2209 1424 2260 his
1440 2209 1577 2261 enim
1600 2207 1862 2261 duntaxat
1884 2208 2244 2277 personalibus
2263 2223 2386 2277 pro-

808 2299 1127 2363 prietatibus
1166 2301 1300 2353 inter
1316 2316 1369 2353 se
1392 2311 1495 2353 tres
1522 2315 1757 2369 persona:
1774 2300 2193 2369 distinguuntur.
2212 2300 2268 2354 ιη
2297 2299 2385 2356 his

810 2390 995 2455 itaque
1016 2389 1197 2443 omnis
1226 2405 1410 2445 earnm
1437 2393 1613 2460 posita
1635 2392 1914 2446 distinctio
1932 2401 2033 2453 est,
2059 2392 2202 2462 quod
2226 2391 2385 2447 Pater

778 2481 1030 2549 ‘qnidem
1061 2479 1221 2537 Pater
1256 2491 1361 2546 est,
1386 2498 1449 2537 ac
1479 2498 1653 2553 neque
1686 2485 1857 2539 Filius
1894 2499 2071 2554 neque
2110 2483 2382 2553 Spiritus;

811 2573 980 2627 Filius
1015 2590 1163 2639 vero,
1192 2574 1364 2629 Filius
1393 2587 1497 2640 est,
1535 2592 1598 2630 ac
1632 2591 1808 2645 neque
1852 2577 2009 2631 Pater
2051 2592 2227 2646 neque
2262 2577 2386 2645 Spi—

812 2670 949 2719 ritas
981 2684 994 2730 ;
1038 2666 1274 2734 Spiritus
1309 2677 1489 2721 autem
1522 2667 1761 2736 Spiritus
1788 2677 1891 2727 est.
1918 2683 1981 2723 ac
2019 2683 2195 2737 neque
2225 2672 2383 2722 I’ater

808 2775 983 2827 neque
1034 2757 1225 2812 Filius.
1278 2760 1394 2814 Non
1444 2761 1590 2814 enini
1636 2761 1749 2813 lnec
1807 2762 2027 2815 nomina
2057 2769 2379 2813 naturarum

805 2852 1215 2905 distinctionem
1261 2852 1577 2919 important,
1613 2860 1673 2905 ut
1700 2853 1772 2905 ait
1812 2851 2111 2921 Gregorius
2144 2852 2381 2904 Theolo-

807 2960 928 3011 gus,
963 2944 1113 2998 Oi'al.
1151 2945 1267 2998 suis
1301 2944 1366 2997 tle
1404 2942 1562 3007 Filio,
1616 2944 1743 2998 dum
1804 2943 1936 2997 dicit
1968 2962 1982 2996 ;
2019 2942 2197 3012 Neque
2242 2942 2379 2996 enim

805 3037 1046 3088 essentne
1108 3051 1294 3087 nomen
1330 3044 1405 3087 est
1442 3033 1621 3098 Pater,
1662 3049 1823 3103 neque
1852 3035 2097 3093 actionis.
2141 3036 2231 3087 sed
2298 3050 2382 3088 re-

2488 1937 2736 2005 ιΙνεῦμα,
2768 1940 2945 1993 πάντα
2978 1941 3081 1993 ὅσα
3122 1942 3236 2011 ἔχει
3265 1958 3279 1973 ⁸
3313 1944 3581 2009 τουτέστι,
3610 1946 3699 1997 διὰ
3725 1950 3787 1997 τὸ
3819 1949 3910 1999 τὸν
3946 1949 4055 2001 Πα-

2484 2028 2620 2097 τέρα
2651 2029 2795 2098 ἔχειν
2822 2031 2959 2084 αὐτά
2979 2070 2994 2094 ,
3020 2032 3159 2100 πλὴν
3197 2032 3298 2101 τῆς
3328 2033 3653 2102 ἀγεννησίας
3681 2038 3773 2088 καὶ
3803 2040 3900 2105 τῆς
3928 2055 4054 2104 γεν-

2487 2119 2696 2188 νήσεως
2726 2121 2819 2172 καὶ
2844 2120 2946 2189 τῆς
2986 2122 3368 2190 ἑκπορεύσεως
3387 2138 3402 2152 ο
3454 2125 3513 2175 ἐν
3542 2125 3773 2188 ταύταις
3802 2128 3910 2195 γὰρ
3957 2131 4056 2196 μό-

2486 2226 2604 2272 ναις
2625 2212 2743 2271 ταίς
2763 2212 3156 2273 ὐποστατικαῖς
3180 2213 3407 2282 ἰδιότησι
3428 2213 3780 2284 διαφέρουσιν
3803 2219 4050 2288 ἀλλήλων

2486 2298 2541 2350 αἱ
2570 2297 2721 2365 ἀγιαι
2754 2301 2901 2369 τρεῖς
2933 2300 3281 2363 ὑποστάσεις.
3318 2321 3336 2353 ι
3370 2302 3460 2355 Ἐν
3488 2303 3702 2367 τούτοις
3732 2307 3839 2374 ἀρα
3867 2307 4055 2375 διαφέ-

2488 2406 2637 2457 ρουσι
2670 2389 2871 2457 μόνοις,
2898 2393 3033 2445 ὅτιό
3065 2394 3162 2461 μὲν
3194 2394 3384 2465 Πατήρ
3414 2399 3530 2448 ἐστι
3565 2398 3777 2468 Πατὴρ,
3807 2400 3900 2451 καὶ
3926 2400 4051 2452 οῦτε

2487 2481 2616 2541 Υἱὸς
2645 2481 2765 2533 οὔτε
2801 2482 3027 2548 Πνεῦμα
3058 2499 3071 2512 ·
3105 2486 3133 2535 6
3157 2484 3211 2537 δὲ
3239 2485 3386 2548 Υἱὸς,
3417 2486 3565 2550 Υἱὸς,
3593 2488 3686 2538 καὶ
3710 2486 3834 2540 οὐτε
3867 2488 4056 2558 Πατὴρ

2484 2573 2607 2627 οὐτε
2643 2574 2867 2643 Πνεῦμα
2895 2591 2908 2604 ·
2932 2575 2993 2627 τὸ
3027 2575 3084 2627 δὲ
3118 2576 3342 2643 Πνεῦμα
3385 2576 3632 2646 Πνεῦμα,
3661 2581 3757 2631 καὶ
3787 2577 3909 2631 οὐτε
3942 2582 4056 2633 Πα-

2484 2664 2589 2733 τὴρ
2618 2662 2741 2715 οὐτε
2769 2662 2918 2725 Υἱός.
2955 2665 3028 2715 Οὐ
3062 2664 3169 2733 γὰρ
3205 2665 3424 2731 φύσεων
3472 2666 3740 2735 διαφορὰν
3771 2668 4056 2736 εἰσάγουσι

2485 2754 2555 2805 τὰ
2590 2753 2833 2821 ὀνόματα
2872 2753 3045 2805 ταῦτα
3079 2769 3093 2783 ·
3129 2754 3247 2806 ἀλλ’
3277 2755 3353 2817 ὡς
3383 2756 3443 2808 ὲν
3470 2759 3583 2819 τοῖς
3610 2758 3737 2827 περὶ
3768 2758 3896 2811 Υίοῦ
3942 2760 4057 2830 (69)

2485 2845 2514 2895 6
2553 2843 2815 2912 Θεολόγος
2845 2845 3015 2913 ἔφησε
3046 2846 3370 2916 Γρηγὸριος,
3402 2865 3422 2898 ι
3463 2848 3604 2901 Οὐτε
3652 2850 3839 2913 οὐσίας
3886 2851 4059 2921 ὄνομα

2481 2936 2510 2987 6
2537 2936 2746 3007 Πατὴρ,
2772 2935 2892 2989 οὐτε
2923 2937 3225 3005 ἐνεργείας,
3252 2938 3446 3003 εἰπὼν,
3476 2940 3715 3009 σχέσεως
3742 2942 3817 3005 δὲ,
3843 2943 3940 2994 καὶ
3964 2943 4057 2995 τοῦ

2484 3025 2603 3087 πῶς
2629 3024 2742 3095 ἔχει
2772 3026 2907 3095 πρὸς
2935 3027 3028 3078 τὸν
3060 3026 3189 3078 Υἱδν
3209 3029 3237 3079 6
3268 3027 3477 3099 Πατὴρ,
3511 3028 3545 3099 ἢ
3578 3031 3607 3082 6
3634 3030 3760 3093 Υἱὸς
3804 3031 3939 3100 πρὸς
3963 3032 4056 3083 τὸν

805 3130 1052 3192 talionis;
1112 3131 1425 3195 modumque
1478 3127 1784 3189 explicans,
1843 3144 1943 3195 quo
1992 3144 2044 3180 se
2099 3126 2260 3180 Pater
2311 3128 2378 3180 ad
2412 3164 2453 3221 Ο
2488 3118 2559 3169 Πα

2311 3128 2378 3221 an
2412 3164 2453 3221 Ο
2488 3118 2728 3217 Πατέρα.
2827 3118 3041 3221 Καί-’ῶς
3066 3118 3095 3169 6
3132 3117 3319 3221 μέγας.
3347 3120 3628 3221 Focilata;
3672 3122 3731 3174 ιν
3775 3122 4057 3221 Ἀντιρρῃ-

806 3216 1006 3270 Filium
1032 3218 1206 3280 habet,
1234 3227 1279 3269 et
1311 3232 1411 3284 quo
1449 3213 1625 3268 Filius
1658 3217 1726 3267 ad
1756 3214 1992 3268 Patrem.
2020 3218 2194 3283 Atque
2226 3226 2283 3269 ut
2306 3216 2383 3269 ait

801 3323 1030 3378 magnus
1069 3308 1300 3362 Basilius
1355 3306 1787 3377 Confutationum
1827 3307 2005 3362 libro:
2037 3324 2051 3361 :
2082 3308 2383 3361 Tacendum

798 3401 918 3468 iure
968 3401 1192 3453 dixerim
1250 3416 1423 3453 vocem
1466 3418 1479 3450 l
1526 3399 1820 3467 ingenitus,
1861 3418 1879 3451 ι
1913 3416 2030 3453 cum
2071 3416 2168 3452 vos:
2223 3400 2384 3452 Pater

799 3493 937 3543 idem
975 3508 1035 3543 ac
1066 3491 1159 3543 illa
1203 3493 1437 3559 polleat;
1466 3503 1816 3561 pra'terquam
1874 3493 2117 3561 quod,ob
2166 3492 2385 3543 relatio-

802 3598 940 3643 nem,
993 3580 1123 3633 Filii
1172 3584 1429 3634 rationem
1470 3598 1574 3634 una
1615 3587 1789 3641 secum
1837 3581 2111 3649 conjuncta
2156 3582 2380 3634 inducit.

801 3673 872 3726 [τι
907 3683 1087 3725 autem
1128 3687 1223 3740 pro
1274 3673 1416 3726 virili
1472 3673 1759 3727 clariorem
1829 3673 2022 3726 horum
2076 3672 2384 3742 intelligen-

801 3764 929 3816 tiam
980 3764 1383 3827 naneiscainnr,
1421 3761 1708 3831 principiis
1757 3760 1882 3816 ﬁdei
1932 3761 2294 3824 adhaerentes,
2328 3762 2381 3815 in

801 3855 944 3907 hanc
972 3854 1194 3907 modum
1232 3855 1502 3907 dicamus.

868 3946 1324 4016 Qumduquidem
1384 3962 1447 4000 ex
1499 3946 1603 4001 ﬁde
1639 3946 1910 4001 habemus
1952 3943 2120 3998 Deum
2172 3956 2239 3996 ex
2272 3941 2383 3996 Deo

797 4037 968 4106 gigni,
1025 4037 1147 4091 duae
1218 4053 1468 4106 personae
1520 4039 1903 4108 intelliguntur
1956 4053 1969 4089 :
2032 4036 2201 4090 altera
2262 4048 2384 4103 qua:

798 4132 1001 4199 gignat,
1037 4130 1230 4194 altera,
1255 4146 1376 4198 quae
1407 4133 1662 4200 gignatur
1684 4169 1700 4190 .
1736 4130 2043 4198 habentque
2078 4127 2382 4195 oppositio-

798 4236 919 4272 nem
949 4235 1113 4287 quam
1150 4230 1349 4272 vocant
1394 4222 1463 4272 ad
1522 4219 1746 4287 aliquid.
1793 4219 1930 4273 Cum
1965 4217 2109 4271 enim
2145 4224 2382 4285 quatuor

796 4312 905 4364 sint
932 4313 1335 4379 appositionuni
1370 4327 1569 4379 genera
1596 4352 1611 4375 ,
1643 4311 1791 4379 quod
1832 4310 2090 4363 nimirum
2131 4308 2380 4377 opposita

795 4402 1188 4472 quadrifariam
1214 4404 1551 4464 dividantur,
1577 4403 1659 4456 vel
1685 4416 1851 4471 penes
1878 4401 2176 4465 cootraria,
2200 4399 2384 4467 cujus-

2485 3206 2653 3259 τικῶν
2677 3207 2878 3276 πρώτῳ
2913 3207 3049 3278 (70),
3079 3227 3096 3259 ι
3133 3209 3473 3273 Σιωπᾶσθαι,
3504 3227 3524 3262 ι
3555 3209 3753 3276 λέγων,
3789 3230 3807 3263 ι
3837 3212 4059 3276 δικαίως

2487 3302 2553 3354 ἂν
2586 3301 2825 3370 φήσαιμι
2859 3302 2957 3372 τὴν
2993 3319 3012 3352 ι
3052 3302 3348 3372 ἀγέννητος
3382 3321 3401 3355 ι
3438 3304 3647 3372 φωνὴν,
3672 3306 3771 3374 τῆς
3803 3305 3897 3358 τοῦ
3950 3307 4060 3358 Πα-

2486 3391 2617 3459 τρὸς
2647 3391 2835 3459 φωνῆς
2879 3393 2995 3444 ἴσον
3024 3392 3331 3462 δυναμένης
3364 3383 3456 3463 ’τῷ
3488 3394 3790 3464 ἀγεννήτῳ,
3815 3396 3950 3465 πρὸς
3981 3394 4061 3463 τῷ

2486 3482 2580 3534 καὶ
2615 3480 2714 3550 τὴν
2746 3484 2874 3550 περὶ
2905 3482 3001 3534 τοῦ
3048 3483 3176 3535 Υἱοῦ
3227 3484 3435 3536 ἔννοιαν
3469 3486 3840 3552 συνημμένως
3891 3486 4059 3554 ἑαυτῇ

2484 3572 2571 3625 διὰ
2592 3574 2688 3641 τῆς
2726 3574 2965 3642 σχέσεως
2999 3576 3361 3643 συνεισάγειν.
3395 3596 3412 3626 ι
3440 3577 3627 3637 Ὅπως
3645 3578 3699 3628 δὲ
3731 3577 3869 3629 κατά
3885 3579 3944 3629 τὸ
3968 3578 4062 3629 δυ-

2486 3665 2645 3717 νατὸν
2688 3665 2779 3717 καί
2815 3683 2867 3717 τι
2928 3668 3266 3737 σαφέστερον
3332 3669 3463 3734 περὶ
3516 3668 3724 3720 τούτων
3759 3668 4050 3737 ἐννοῶμεν,

2486 3758 2607 3819 ταῖς
2645 3757 2846 3826 ἀρχαῖς
2879 3756 3304 3820 ἀκολουθοῦντες
3344 3756 3447 3827 τῆς
3505 3759 3761 3822 πίστεως,
3807 3758 4055 3830 λέγωμεν

2482 3843 2604 3903 ὧδε.

2569 3941 2793 4010 Ἐπειδὴ
2831 3941 2985 4013 παρά
3030 3942 3129 4013 τῆς
3169 3942 3406 4006 πίστεως
3443 3942 3642 4013 ἔχομεν
3695 3943 3779 3997 ὅτι
3830 3943 3964 4006 Θεὸς
3996 3946 4061 3996 ἐκ

2483 4035 2620 4087 Θεοῦ
2660 4035 2941 4102 γεννᾶται,
2967 4035 3060 4087 δύο
3090 4036 3359 4105 πρόσωπα
3391 4035 3640 4088 νοοῦνται
3660 4052 3674 4065 ·
3704 4035 3765 4088 τὸ
3805 4038 3904 4105 μὲν
3939 4053 4062 4103 γεν-

2485 4125 2613 4188 νῶν,
2637 4126 2696 4177 τὺ
2726 4125 2783 4178 δὲ
2810 4128 3153 4195 γεννώμενον
3181 4142 3195 4157 ·
3246 4128 3342 4180 καὶ
3366 4127 3580 4195 ἔχουσιν
3614 4127 3891 4179 ἀντίθεσιν
3921 4129 4062 4180 κατὰ

2452 4216 2545 4273 ητὸ
2591 4234 2609 4268 ι
2657 4218 2796 4286 πρός
2822 4234 2895 4289 τι.
2952 4234 2971 4268 ι
3016 4217 3319 4287 Τεσσάρων
3353 4221 3464 4288 γὰρ
3486 4219 3664 4272 οὐσῶν
3711 4218 4060 4285 ἀντιθέσεων,

2485 4308 2607 4360 ἐπεὶ
2655 4309 2725 4360 τὰ
2778 4308 3137 4378 ἀντικείμενα
3170 4310 3452 4378 τετραχῶς
3479 4310 3881 4381 διορίζονται,ἤ
3912 4312 4053 4364 κατὰ

2485 4401 2551 4453 τὰ
2586 4399 2828 4463 ἐναντία,
2863 4393 2975 4451 οἷον
3014 4419 3032 4451 ι
3083 4399 3280 4453 λευκὸν
3312 4404 3407 4453 καὶ
3442 4402 3613 4471 μέλαν
3640 4422 3652 4435 ·
3685 4404 3718 4475 ἢ
3750 4406 3891 4456 κατὰ
3939 4406 4064 4457 στέ-

796 4496 943 4548 niodi
974 4505 1101 4549 sunt
1143 4498 1320 4547 album
1353 4504 1400 4548 et
1440 4497 1689 4563 nigrant;
1730 4493 1814 4547 vel
1865 4493 2167 4547 secundum
2206 4493 2384 4561 priva-
2417 4492 2460 4547 ι)
2492 4508 2550 4561 pr

2303 4506 2384 4544 ra-
2417 4492 2460 4547 ι)
2492 4507 2649 4561 ρησιν
2699 4493 2793 4543 καὶ
2826 4489 2962 4557 ἕξιν,
3006 4484 3139 4553 οἷον,
3180 4509 3198 4541 ι
3247 4492 3458 4560 βλέπει,
3491 4492 3688 4557 τυφλός
3736 4486 3877 4549 last;
3934 4514 3954 4547 ι
3985 4496 4057 4548 T6

797 4590 1001 4641 tionem
1060 4597 1113 4642 et
1181 4589 1450 4648 habitum,
1518 4596 1570 4640 ut
1609 4595 1732 4640 sunt
1796 4586 1945 4639 verbi
1981 4585 2179 4654 gratia,
2223 4584 2382 4646 videt,

794 4698 964 4734 ca'cus
984 4693 1098 4744 est;
1133 4681 1360 4733 alterum
1397 4680 1543 4733 enim
1578 4679 1796 4732 habitus
1826 4688 1932 4742 est,
1955 4692 2147 4744 nempe
2176 4677 2383 4739 videre,

793 4778 1024 4826 alterum
1048 4788 1179 4839 vero
1206 4772 1528 4841 privationis
1555 4789 1569 4834 ;
1598 4772 1682 4824 vel
1714 4772 2013 4824 secundum
2042 4771 2381 4837 negationem

792 4877 846 4919 et
879 4866 1325 4929 aflirtnationem,
1350 4865 1425 4917 uti
1450 4872 1602 4926 sunt,
1632 4863 1721 4917 Est
1753 4862 1925 4926 homo,
1955 4877 2055 4913 non
2089 4868 2168 4913 est
2192 4859 2383 4921 homo;

794 4958 880 5009 vel
929 4953 1231 5009 secundum
1263 4954 1327 5007 ad
1364 4952 1568 5021 aliquid
1594 4991 1609 5012 ,
1649 4952 1726 5003 nti
1774 4960 1924 5013 sunt,
1963 4958 2139 5021 pater,
2190 4948 2332 5029 ﬁlius
2360 4964 2379 5001 :

796 5064 1067 5118 magnum,
1104 5060 1366 5115 parvum:
1402 5060 1526 5099 cum
1564 5044 1730 5114 igitur
1764 5051 1998 5112 quatuor
2033 5042 2145 5095 sint
2182 5054 2378 5109 genera

792 5140 1224 5209 oppositionum,
1261 5154 1383 5208 qum
1416 5139 1469 5191 in
1513 5137 1839 5193 substantiis
1884 5134 2286 5205 intelliguntur,
2311 5133 2378 5186 ad

791 5234 1017 5302 aliquid,
1060 5232 1363 5287 secundum
1400 5232 1667 5284 rationem
1695 5243 1882 5283 causa:
1909 5242 2004 5281 seu
2031 5226 2296 5289 auctoris,
2325 5235 2380 5278 et.

793 5326 912 5393 ejus
945 5326 1088 5394 quod
1131 5340 1159 5379 a
1192 5338 1359 5380 causa
1391 5339 1456 5378 ac
1489 5334 1719 5377 auctore
1749 5332 1856 5385 est,
1892 5321 1943 5374 in
1984 5329 2169 5375 sancta
2200 5317 2382 5373 Trini-

796 5428 907 5473 tate
936 5418 1113 5471 locum
1140 5418 1378 5483 habent;
1408 5416 1554 5485 quod
1595 5414 1852 5469 nimirum
1873 5412 2029 5482 juxta
2059 5410 2381 5465 relationem

792 5511 858 5564 ad
892 5511 1121 5581 aliquid,
1144 5509 1457 5564 inveniatur
1482 5506 1692 5578 aliquid
1720 5506 2035 5577 producens
2057 5503 2159 5560 sibi
2182 5503 2389 5572 simile,

867 5712 978 5779 (67)
1011 5710 1143 5766 Orat
1200 5710 1288 5770 36,
1313 5725 1434 5777 quae
1469 5719 1551 5763 est
1577 5707 1612 5761 2
1634 5708 1697 5759 de
1726 5705 1887 5760 Filio.

865 5790 978 5845 (iis;
1015 5783 1162 5835 l.ibr.
1201 5781 1242 5839 l.
1283 5782 1356 5835 De
1394 5781 1509 5832 ride.
1541 5796 1590 5831 (ξ.
1620 5782 1673 5832 8.

2493 4585 2591 4652 μὲν
2618 4585 2723 4653 γάρ
2763 4584 2930 4648 ἒξεὼς
2965 4584 3101 4645 ἐστι,
3135 4584 3196 4635 τὸ
3245 4583 3490 4652 βλέπειν,
3522 4585 3582 4637 τὸ
3615 4585 3671 4637 δὲ
3712 4590 4018 4655 στερήσεως
4047 4604 4063 4618 ·

2482 4676 2515 4745 ἦ
2548 4678 2689 4728 κατὰ
2719 4655 2991 4742 ἀπδφασιν
3051 4676 3146 4727 καὶ
3213 4677 3549 4744 κατάφασιν,
3576 4671 4063 4745 οἷον,”Αιν·θρωπός

2483 4767 2655 4821 ἐστιν
2679 4784 2692 4797 ’
2725 4767 3036 4834 ἄνθρωπος
3064 4771 3175 4821 οὐκ
3220 4768 3395 4820 ἐστιν
3424 4786 3436 4799 ·
3471 4768 3504 4837 ἢ
3542 4770 3684 4821 κατά
3714 4770 3783 4822 τὰ
3822 4772 3958 4838 πρός
3990 4789 4060 4834 τι,

2483 4853 2618 4921 οἷον,
2670 4858 2891 4932 πατὴρ,
2948 4860 3109 4924 υἱός·
3165 4859 3343 4929 μέγα,
3375 4862 3611 4928 μικρόν.
3648 4859 3943 4929 Τεσσάρων
3971 4858 4065 4915 οὖν

2486 4950 2597 5002 τῶν
2634 4950 2965 5003 ἀντιθέσεων
2992 4951 3195 5016 οὐσῶν,
3229 4952 3297 5004 τὰ
3332 4953 3392 5004 ὲν
3429 4955 3551 5015 ταῖς
3584 4952 3799 5017 οὐσίαις
3830 4954 4067 5025 θεωρούο

2485 5058 2623 5109 μενα
2656 5044 2794 5112 πρός
2824 5060 2876 5095 τι
2913 5044 3053 5096 κατὰ
3108 5045 3168 5096 τὸ
3216 5044 3396 5098 αἴτιον
3455 5047 3553 5097 καὶ
3604 5047 3849 5099 αἰτιατὸν
3879 5051 4067 5116 χώραν

2486 5137 2703 5205 ἔχουσιν
2732 5138 2792 5188 ἐν
2824 5139 2890 5205 τῇ
2934 5137 3071 5207 ἁγία
3102 5137 3331 5208 Τριάδι⁹
3386 5138 3509 5190 ἐπεὶ
3544 5138 3684 5191 κατὰ
3717 5139 3932 5208 ταύτην
3962 5143 4065 5207 τὴν

2488 5227 2673 5295 σχέσιν
2694 5225 2801 5279 τῶν
2855 5228 2992 5297 πρὸς
3034 5246 3087 5279 τι
3144 5227 3466 5296 εὑρίσκεταί
3512 5245 3564 5280 τι
3614 5230 3857 5299 προάγον
3877 5231 4066 5297 ὅμοιον

2488 5318 2671 5390 ἐαυτῷ
2699 5319 2774 5382 ὡς
2806 5319 2834 5371 6
2865 5319 3070 5387 γεννῶν
3106 5318 3165 5384 ἐξ
3197 5319 3394 5373 ἑαυτοῦ
3430 5321 3545 5373 υἱὸν
3584 5322 3769 5391 ὅμοιον
3804 5322 3983 5392 ἑαυτῷ
4010 5322 4068 5373 ἐν

2488 5412 2568 5481 τῷ
2598 5412 2747 5480 αὐτῴ
2794 5412 2947 5467 εῖδει.
3002 5412 3083 5464 Τὰ
3131 5411 3187 5464 δὲ
3221 5412 3398 5474 άλλως
3455 5413 3836 5481 ἀντικείμενα,
3866 5413 3935 5465 τά
3968 5416 4068 5481 μὲν

2494 5504 2729 5573 διάφορα
2768 5504 3072 5575 πράγματα
3108 5504 3423 5573 εἰσάγοντα,
3456 5504 3525 5558 τὰ
3573 5505 3630 5558 δὲ
3668 5506 3857 5577 ἀτελῆ,
3910 5505 3979 5558 τά
4008 5504 4065 5557 δὲ

2564 5706 2677 5777 (69)
2712 5704 2865 5777 Orat.
2909 5705 3007 5767 '55,
3033 5721 3153 5771 qn.e
3183 5715 3267 5777 est
3296 5706 3314 5753 l
3368 5704 3438 5759 De
3482 5705 3641 5760 Filio.

2569 5774 2687 5849 (70;
2729 5776 2877 5831 Ltbt'.
2926 5779 2968 5839 Ι,
2995 5790 3176 5829 contra
3204 5774 3434 5829 Eunoni.
