4442 6440
796 376 893 437 531

800 487 959 539 urbe
1006 490 1230 557 dicam)
1284 492 1506 558 Deitas;

794 585 934 628 inter
965 594 1023 633 se
1056 581 1482 647 coharrentibus,
1519 601 1626 640 una
1651 588 1786 641 lucis
1819 592 2127 645 commistio
2159 604 2207 646 et
2235 611 2368 647 con-

792 672 1134 733 temperatio.
1169 693 1187 723 ι

864 759 1143 828 Nyssenus
1180 781 1399 832 quoque
1448 774 1497 820 in
1543 770 1805 825 Oratione
1835 776 1900 825 de
1928 774 2131 843 Spiritu
2180 790 2369 831 saneto

786 852 1049 904 adversus
1097 857 1519 914 Macedonianns
1581 867 1694 916 ait:
1746 885 1763 915 ι
1796 868 1849 919 In
1901 869 2099 934 quibus
2138 884 2197 921 ea
2248 885 2367 936 ane

787 947 851 995 ad
893 948 1092 999 lmntttlt
1144 962 1373 1017 spectat,
1418 956 1695 1019 operatio,
1753 960 1886 1011 nihil
1936 961 2116 1013 minus
2162 971 2255 1014 ant
2284 963 2367 1014 di-

790 1054 1006 1090 teisnm
1048 1040 1228 1099 habet.
1260 1048 1534 1111 quomodo
1570 1050 1765 1102 rationi
1792 1063 2219 1106 consentaneum
2256 1064 2362 1119 est,

789 1139 842 1177 nt
873 1130 963 1193 qui
994 1134 1203 1184 nium-ri
1243 1138 1454 1189 ratione
1506 1140 1641 1191 ordo
1667 1150 1772 1203 est,
1808 1142 2037 1196 minoris
2081 1146 2362 1210 cujusdam

789 1224 1139 1289 perfectionis
1168 1231 1406 1284 naturali
1440 1232 1780 1294 diversitate,
1819 1238 2033 1303 signum
2074 1254 2193 1293 esse
2220 1241 2307 1292 exi
2331 1268 2355 1281 -

782 1316 1081 1370 stimctur?
1117 1320 1265 1372 Velut
1303 1323 1345 1373 si
1381 1324 1503 1390 quis
1547 1325 1597 1377 in
1645 1327 1819 1378 tribus
1873 1328 2082 1381 facibus
2127 1330 2360 1384 divisam

784 1408 1131 1469 conspiciens
1179 1410 1477 1476 flammam,
1508 1429 1614 1482 qua
1647 1415 1969 1468 diffunditur
1998 1433 2088 1485 per
2124 1420 2359 1471 medium

781 1499 1150 1549 summitatem
1178 1504 1588 1564 accemh-ntem.
1621 1506 1820 1560 deinde
1844 1520 2071 1568 asserat,
2101 1509 2358 1575 majorem

778 1604 830 1636 ιιι
886 1588 1066 1652 priore
1120 1590 1332 1643 flamma
1367 1609 1488 1646 esse
1538 1596 1797 1660 calorem,
1850 1600 1900 1650 in
1955 1601 2198 1667 sequenti
2232 1616 2359 1652 vero

777 1674 1090 1731 inferiorem
1119 1697 1261 1744 esse,
1298 1686 1604 1754 minorique
1630 1691 1942 1757 praestantia
1980 1692 2354 1745 diversitatem

777 1767 978 1822 habere
1009 1790 1022 1833 ;
1058 1774 1274 1826 tertiam
1309 1776 1563 1844 denique,
1598 1795 1695 1833 nec
1730 1783 1841 1849 ipsa
1865 1784 1977 1851 jam
2009 1784 2147 1850 ignis
2176 1783 2357 1850 appel-

774 1858 974 1913 latione
1034 1866 1311 1927 gauzlere,
1374 1870 1471 1921 etsi
1526 1873 1745 1935 perinde
1788 1873 1978 1925 ardeat
2035 1874 2357 1942 luceatque,

774 1966 835 2001 ac
868 1969 988 2018 qua:
1028 1968 1157 2007 sunt
1194 1958 1333 2025 ignis
1364 1960 1545 2012 omnia
1576 1962 1787 2013 eflieiat.
1825 1983 1842 2012 ι

844 2042 1171 2098 Sanctorum
1225 2064 1353 2101 vero
1403 2050 1495 2102 alii
1542 2051 1745 2106 fontem
1801 2061 1855 2107 et
1923 2054 2148 2108 fluvium
2202 2056 2357 2122 paltt-

768 2136 1003 2204 demque
1048 2137 1259 2199 dixere,
1321 2139 1611 2210 ignemque
1656 2153 1707 2195 et
1744 2144 2014 2197 flammam
2062 2156 2116 2198 et
2158 2146 2355 2200 lucem.

772 2225 999 2279 Dirinus
1033 2243 1259 2297 quoque
1300 2230 1559 2297 Cyrillus,
1615 2235 1849 2287 radicem
1902 2242 1957 2288 et
1993 2250 2203 2287 ramum
2242 2237 2355 2290 fru-

768 2329 1032 2387 ctumque
1065 2321 1300 2388 accepit.
1327 2322 1664 2392 pllursusque
1698 2326 1750 2379 in
1787 2326 2181 2380 Tliesaurorum
2216 2328 2354 2381 libro

765 2415 845 2465 sic
886 2414 960 2464 ait
994 2431 1006 2465 :
1053 2430 1068 2463 ι
1103 2413 1192 2466 Ait
1241 2415 1495 2468 (lbristus
1528 2432 1651 2470 cum
1696 2416 1903 2472 Juda~is
1937 2419 2261 2487 disputans:
2295 2421 2350 2473 Si

765 2510 946 2556 :t'tllcm
980 2506 1031 2557 in
1075 2506 1246 2574 digito
1286 2506 1375 2561 Dei
1418 2509 1580 2574 ejicio
1608 2510 1896 2575 ila-monia,
1945 2511 2190 2578 profecto
2235 2528 2353 2580 per-

766 2597 913 2648 vrttil
944 2599 998 2649 in
1034 2614 1129 2651 vos
1166 2616 1393 2667 regnum
1428 2602 1517 2654 Dei
1552 2603 1617 2654 ’⁸.
1659 2602 1893 2669 Digitum
1940 2604 2042 2655 hoc
2092 2603 2211 2656 loco
2239 2602 2352 2670 Spi-

764 2686 925 2738 ritum
958 2700 1209 2743 sanctum
1241 2700 1420 2755 vocat,
1454 2693 1545 2760 qui
1586 2710 1648 2745 ex
1685 2692 1873 2746 divina
1904 2693 2213 2747 substantia
2265 2710 2353 2745 ve-

762 2776 843 2830 lut
876 2788 1189 2844 enascatur,
1228 2797 1405 2849 exque
1434 2783 1522 2834 illa
1559 2794 1749 2835 natura
1796 2784 2055 2849 pendeat,
2092 2782 2231 2836 haud
2266 2800 2351 2836 se—

762 2886 859 2921 ins
901 2885 964 2922 ac
997 2873 1199 2939 digitus
1236 2890 1297 2926 ex
1338 2889 1499 2926 manu
1540 2875 1802 2927 humana.
1838 2875 2052 2927 Etenim
2092 2877 2182 2928 Dei
2222 2878 2343 2928 bra-

760 2963 942 3014 chium
978 2972 1141 3030 atque
1192 2966 1466 3019 dexteram
1511 2966 1708 3018 ι-ἐιίιιιη
1747 2968 2161 3022 voeantdivinae
2195 2968 2344 3023 Scri-

763 3062 959 3118 istunc,
992 3056 1309 3119 cuiusmodi
1342 3066 1426 3111 est
1453 3058 1587 3111 illud
1616 3077 1630 3112 ι
1667 3058 1907 3113 Salvavit
1963 3076 2087 3114 eum
2123 3062 2343 3115 dextera

2064 396 2457 455 MANUEIJS
2491 400 2793 459 CALECJS

1565 512 1628 548 ac
1676 500 1822 551 velut
1868 500 1920 551 in
1963 504 2132 555 tribus
2170 507 2376 560 solibus
2405 506 2453 561 Α
2478 513 2656 576 τρισὶν
2686 512 2930 580 ἀλλήλων
2966 515 3266 582 ἐχομένοις,

2284 508 2376 560 lius
2405 506 2453 561 Α
2478 513 2656 576 τρισὶν
2686 512 2930 580 ἀλλήλων
2966 515 3266 582 ἐχομένοις,
3319 517 3418 581 μία
3451 515 3545 566 τοῦ
3580 516 3755 580 φωτὸς
3808 515 4038 584 σύγκρα-

3946 398 4046 467 532

2485 616 2585 663 τις.
2619 619 2637 651 ι

2551 780 2659 829 Καὶ
2690 779 2716 828 6
2744 779 2985 847 Νύσσης,
3022 782 3079 831 ἐν
3121 779 3199 847 τῷ
3244 778 3373 847 περὶ
3413 781 3506 831 τοῦ
3539 782 3697 847 ἁγίου
3726 782 4044 852 Πνεῦματος

2480 868 2616 918 κατὰ
2668 869 3087 920 Μακεδονιανῶν
3144 871 3332 933 φησὶν,
3382 869 3541 937 «Ἐφ’
3592 865 3668 925 ῶν
3716 875 3748 940 ἠ
3796 875 3936 925 κατά
3984 876 4044 926 1:6

2477 959 2681 1023 ἀγαθὸν
2711 960 2961 1028 ἐνέργεια
2992 962 3251 1028 οὐδεμίαν
3286 979 3586 1019 ἐλάττωσιν
3622 966 3654 1033 ἦ
3687 966 4047 1033 παραλλαγὴν

2474 1051 2608 1115 ἔχει,
2640 1051 2753 1111 πῶς
2784 1053 2929 1103 ἐστιν
2958 1051 3180 1118 εὔλογον
3207 1057 3314 1123 τὴν
3336 1058 3477 1109 κατά
3511 1056 3601 1108 τὸν
3632 1056 3863 1123 ἀριθμὸν
3890 1056 4045 1119 τάξιν

2475 1143 2827 1205 ἐλαττώσεως
2903 1162 3053 1205 τινος
3100 1146 3196 1211 τῆς
3257 1148 3395 1200 κατὰ
3455 1148 3616 1215 φύσιν
3686 1146 4045 1213 παραλλαγῆς

2473 1234 2679 1285 οἴεσθαι
2717 1236 2940 1301 σημεῖον
2986 1230 3167 1299 εἷναις
3200 1237 3390 1305 ῶσπερ
3420 1238 3486 1290 ἂν
3517 1238 3570 1288 εί
3601 1254 3685 1298 τις
3716 1237 3864 1304 τρισὶ
3901 1237 4042 1302 λαμ-

2474 1326 2608 1375 πάσι
2634 1327 2973 1395 διῃρημένην
3009 1325 3222 1393 βλέπων
3268 1330 3367 1396 τὴν
3415 1329 3611 1395 φλόγα,
3658 1332 3719 1381 ἐκ
3753 1328 4045 1388 διαδόσεως

2470 1418 2559 1469 διὰ
2588 1418 2681 1469 τοῦ
2714 1419 2879 1485 μέσου
2936 1420 2998 1469 τὸ
3053 1421 3242 1487 ἄκρον.
3275 1420 3574 1486 ἐξάψασαν,
3635 1420 3823 1470 ἔπειτα
3878 1437 4045 1470 καταο

2472 1508 2727 1571 σκευάζει
2760 1509 3073 1570 πλεονάζειν
3097 1512 3160 1577 τῇ
3187 1510 3376 1580 πρώτῃ
3407 1510 3562 1577 φλογὶ
3589 1513 3688 1577 τὴν
3710 1510 4041 1577 θερμασίαν·

2468 1604 2533 1665 τῇ
2559 1598 2616 1649 δὲ
2654 1600 2851 1665 ἐφεξῆς
2894 1599 3315 1668 ὑποδεεηκέναι,
3368 1603 3462 1652 καὶ
3524 1602 3662 1668 πρὸς
3717 1601 3778 1651 τὸ
3825 1601 4045 1651 ἔλαττον

2468 1688 2611 1755 ἔχειν
2637 1689 2736 1757 τὴν
2770 1690 3151 1758 παραλλαγήν·
3194 1690 3294 1754 τὴν
3326 1691 3381 1741 δὲ
3413 1691 3606 1759 τρίτην
3649 1690 3782 1758 μηδὲ
3816 1690 3925 1756 πῦρ
3959 1690 4042 1741 ἐτι

2467 1778 2743 1845 λέγεσθαι,
2794 1779 2898 1832 κᾶν
2936 1780 3334 1848 παραπλησίως
3385 1780 3539 1851 καίῃ,
3578 1780 3675 1832 καὶ
3724 1782 3913 1848 φαίνῃ,
3951 1782 4043 1833 καὶ

2396 1852 2434 1904 Β
2466 1870 2643 1923 πάντα
2678 1870 2746 1922 τά
2776 1870 2868 1922 τοῦ
2897 1872 3068 1940 πυρὸς
3100 1870 3424 1941 ἐργάζηται.
3468 1889 3486 1921 ι

2536 2048 2721 2100 ’Ἄλλοι
2776 2048 2833 2100 δέ
2886 2051 2992 2100 τῶν
3044 2049 3214 2116 ἁγίων
3265 2048 3451 2118 πηγὴν
3502 2050 3596 2100 καὶ
3646 2050 3892 2116 ποταμὸν
3938 2049 4035 2101 καὶ

2460 2140 2656 2209 λίμνην
2684 2141 2963 2208 εἰρήκασι·
3013 2142 3109 2192 καὶ
3142 2140 3253 2208 πῦρ
3281 2144 3375 2193 καὶ
3406 2140 3582 2207 φλόγα
3626 2143 3719 2193 καὶ
3752 2141 3890 2209 φῶς.
3928 2142 4035 2191 Καὶ

2458 2234 2485 2283 6
2532 2232 2675 2293 θεῖος
2768 2232 3061 2299 Κύριλλος,
3101 2231 3257 2301 ῥίζαν
3307 2234 3397 2283 καὶ
3445 2232 3637 2285 κλάδον
3686 2233 3779 2284 καὶ
3823 2237 4039 2300 καρπόν

2457 2324 2637 2379 ἔλαϐε.
2667 2324 2777 2376 Καὶ
2802 2326 2859 2377 ἐν
2884 2326 2945 2393 τῇ
2985 2324 3153 2393 βίϐλῳ
3189 2325 3352 2377 πάλιν
3387 2325 3497 2376 τῶν
3542 2324 3848 2393 Θησαυρῶν
3896 2324 4041 2377 οὕτω

2457 2415 2643 2481 λέγει’
2682 2431 2699 2462 ι
2739 2413 2875 2482 Φησί
2913 2430 3017 2464 που
3048 2413 3284 2479 Χριστὸς
3328 2414 3603 2474 Ἰουδαίοις
3628 2413 4038 2482 διαλεγόμενος,

2456 2507 2519 2558 Εἰ
2551 2505 2609 2557 δὲ
2641 2507 2699 2557 ἐν
2726 2504 2976 2573 δακτύλῳ
3009 2505 3145 2556 Θεοῦ
3195 2504 3443 2557 ἐκϐάλλω
3494 2506 3564 2557 τὰ
3607 2504 3890 2573 δαιμόνια,
3925 2504 4037 2572 ἄρα.

2453 2595 2690 2662 ἔφθασεν
2726 2595 2810 2661 ἐφ’
2846 2595 2991 2662 ὑμᾶς
3044 2596 3076 2663 ἡ
3114 2594 3361 2663 βασιλεία
3398 2594 3492 2647 τοῦ
3548 2594 3711 2647 Θεοῦ.
3764 2596 4039 2648 Δάκτυλον

2454 2686 2641 2739 ἐνθάδε
2674 2686 2809 2753 φησὶ
2858 2684 2918 2736 τὸ
2962 2685 3191 2753 Πνεῦμα
3224 2686 3285 2736 τὸ
3310 2684 3488 2750 ἅγιον,
3528 2687 3733 2755 τρόπον
3766 2683 4039 2749 “vani;

2453 2778 2602 2839 θείας
2641 2778 2832 2838 οὐσίας
2886 2776 3240 2843 ἐκπεφυκὸς,
3297 2777 3391 2829 καὶ
3445 2778 3691 2845 φυσικῶς
3746 2776 3915 2844 αὐτῆς
3949 2777 4040 2826 ἐκ-

2452 2869 2826 2938 κρεμάμενον,
2862 2868 3049 2936 ῶσπερ
3078 2868 3171 2921 καὶ
3218 2869 3247 2919 6
3278 2868 3542 2931 δάκτυλος
3572 2870 3637 2921 ἐκ
3687 2869 3786 2937 τῆς
3826 2868 4041 2937 ἀνθρω-

2453 2962 2612 3029 πίνης
2661 2962 2865 3030 χειρός.
2922 2963 3188 3031 Βραχίονα
3241 2963 3341 3031 μὲν
3395 2963 3503 3031 γὰρ
3561 2962 3655 3014 καὶ
3704 2961 3889 3027 δεξιάν
3936 2961 4033 3012 τοῦ

2450 3052 2586 3105 Θεοῦ
2620 3053 2712 3105 τὸν
2746 3053 2875 3104 Υἰδν
2925 3052 3295 3107 ἀποκαλοῦσιν
3320 3055 3375 3106 αἱ
3419 3054 3561 3106 Θείαι
3612 3053 3853 3122 Γραφαὶ,
3892 3052 4034 3104 κατὰ

755 3143 892 3207 ejus,
924 3155 978 3197 et
1013 3145 1295 3199 brachium
1330 3160 1580 3201 sanctum
1611 3152 1730 3218 ejus
1769 3152 1835 3203 ".
1876 3152 1936 3204 Et
1969 3167 2184 3217 rursus,
2242 3152 2345 3204 Do-
2375 3178 2417 3235 ο
2449 3147 2509 3196 τὸ

2281 3167 2345 3204 ιο-
2375 3178 2417 3235 C
2449 3147 2533 3207 τὸ,
2572 3145 2817 3195 Ἐσωσεν
2844 3144 3007 3196 αὐτὸν
3040 3147 3072 3212 ἡ
3117 3144 3267 3209 δεξιά
3312 3145 3503 3208 αὑτοῦ,
3536 3147 3635 3235 καὶ,
3656 3147 3684 3196 6
3711 3143 3957 3235 βραχίων
4007 3144 4035 3191 6

758 3234 926 3297 mine,
976 3236 1257 3289 excelsum
1296 3238 1585 3291 brachium
1639 3250 1815 3303 tuum,
1850 3253 1901 3294 et
1933 3255 2039 3294 non
2074 3255 2343 3310 cognove-

757 3328 906 3381 runt,
936 3332 1335 3389 cognoscentes
1370 3336 1553 3379 autem
1600 3323 2009 3379 confumlcntur
2035 3328 2101 3380 ³⁷.
2135 3328 2341 3392 Quem-

754 3414 1048 3467 admodum
1099 3416 1263 3485 igitur
1321 3417 1609 3471 brachium
1678 3430 1875 3473 natura
1952 3422 2048 3474 toti
2124 3426 2338 3490 corpori

750 3514 1070 3557 conSertum
1108 3512 1213 3568 est,
1264 3515 1462 3559 cuncta
1496 3522 1729 3575 operans
1774 3524 2115 3580 quaecunque
2153 3514 2339 3566 animo

749 3595 989 3657 libuerit,
1054 3600 1418 3667 perungitque
1448 3614 1511 3651 ex
1564 3614 1715 3654 more
1746 3616 1865 3655 eam
1923 3602 1977 3655 in
2026 3619 2135 3655 rem
2182 3614 2339 3659 utens

746 3685 957 3753 digito:
1000 3688 1076 3739 sic
1127 3688 1219 3741 Dei
1249 3690 1468 3756 quidem
1502 3688 1736 3744 Verbum
1770 3708 1834 3745 ex
1885 3693 2004 3761 ipso
2036 3705 2090 3747 et
2132 3696 2184 3747 in
2222 3698 2338 3764 ipso

749 3788 943 3830 natura
977 3788 1251 3846 aptatum,
1288 3791 1346 3833 ut
1386 3780 1467 3835 sic
1496 3781 1698 3846 dicam,
1743 3784 2106 3856 innatumque
2154 3788 2335 3841 consi-

743 3870 1008 3925 dolamus
1036 3887 1049 3934 ;
1084 3871 1149 3925 ad
1183 3871 1385 3925 Filium
1425 3889 1552 3928 vero
1581 3882 1782 3928 natura
1812 3890 1875 3929 ac
1904 3876 2270 3931 essentialiter
2304 3894 2333 3932 a

742 3959 906 4013 Patre
959 3961 1361 4031 pertingentem
1419 3963 1712 4032 Spiritum,
1761 3980 1860 4033 per
1912 3981 2071 4034 quem
2124 3983 2334 4036 ungens

742 4054 948 4113 omnia,
980 4056 1275 4109 sanctitate
1305 4056 1523 4110 imbuit.
1569 4056 1684 4109 Non
1718 4072 1851 4126 ergo
1880 4067 2172 4113 extraneus
2204 4060 2334 4113 alie-

743 4159 957 4211 nusque
993 4146 1206 4198 \idetur
1240 4160 1267 4197 a
1317 4147 1517 4210 diviva:
1556 4147 1865 4202 substantia
1922 4148 2164 4219 Spiritus
2207 4167 2333 4204 san—

739 4252 881 4301 ctus,
910 4239 1002 4292 sed
1030 4254 1092 4291 ex
1128 4240 1240 4307 ipsa
1275 4249 1329 4292 et
1374 4240 1428 4292 in
1461 4241 1575 4307 ipsa
1607 4242 1969 4297 naturaliter:
2000 4242 2144 4297 haud
2171 4260 2331 4299 seces

739 4349 802 4383 ac
834 4332 1038 4399 digitus
1073 4332 1125 4385 in
1174 4348 1338 4387 manu
1375 4334 1449 4387 illi
1501 4350 1816 4404 congencus
1863 4346 1986 4402 est;
2027 4352 2089 4392 ac
2138 4355 2330 4393 rursus

740 4442 936 4478 manus
961 4428 1013 4479 in
1041 4442 1293 4495 corpore,
1321 4428 1457 4481 nihil
1546 4431 1817 4484 diversam
1851 4431 1919 4483 ab
1965 4448 2031 4486 ro
2070 4433 2326 4487 substan-

2452 3236 2609 3301 ἆγιος
2637 3235 2828 3288 αὑτοῦ·
2865 3235 2957 3288 καὶ
3005 3236 3190 3305 πάλιν,
3234 3235 3431 3303 Κύριε,
3468 3234 3671 3304 ὑψηλός
3716 3252 3813 3286 σου
3844 3236 3871 3285 6
3897 3232 4036 3302 βρα-

2450 3328 2605 3397 χίων,
2631 3327 2726 3379 καὶ
2758 3328 2859 3379 οὐκ
2887 3327 3109 3396 ᾔδεισαν
3134 3343 3146 3355 °
3198 3327 3420 3395 γνόντες
3456 3327 3512 3377 δὲ
3546 3325 4030 3393 αίσχυνθήσονται.

2451 3420 2661 3485 Ὠσπερ
2690 3413 2785 3469 οῦν
2812 3418 2839 3469 ὁ
2872 3417 3113 3487 βραχίων
3159 3418 3408 3485 φυσικῶς
3435 3418 3775 3487 ἐνήρμοσται
3805 3414 3882 3484 τῷ
3926 3414 4033 3482 ὅλῳ

2448 3508 2685 3576 σώματι,
2722 3506 2901 3559 πάντα
2945 3506 3185 3575 ἐνεργῶν
3242 3507 3343 3559 ὅσα
3390 3506 3458 3559 ἂν
3511 3504 3640 3575 δόξῃ
3695 3507 3762 3573 τῇ
3799 3504 4028 3572 διανοίᾳ,

2448 3594 2737 3661 καταχρίει
2771 3594 2826 3645 δὲ
2865 3592 3114 3662 συνήθως
3160 3594 3236 3661 τῷ
3275 3593 3530 3663 δακτύλῳ
3577 3593 3715 3661 πρὸς
3751 3592 3911 3645 τοῦτο
3941 3610 4035 3645 κε-

2444 3685 2734 3753 χρημένος·
2766 3668 2925 3736 οὕτω
2960 3686 3051 3736 τδν
3096 3685 3198 3752 μὲν
3245 3684 3339 3738 τοῦ
3370 3684 3508 3737 Θεοῦ
3555 3684 3727 3751 Λόγον
3770 3683 3832 3748 ἐξ
3865 3684 4034 3737 αὑτοῦ

2445 3781 2537 3829 καὶ
2570 3779 2629 3828 ἐν
2661 3777 2812 3846 αὑτῷ
2844 3778 3089 3845 φυσικῶς
3144 3778 3517 3847 ἡρμοσμένον,
3558 3776 3627 3828 ἵν’
3650 3776 3823 3839 οὕτως
3867 3775 4026 3840 εἴπω,

2444 3870 2540 3921 καὶ
2569 3869 2928 3937 ἐμπεφυκότα
2955 3868 3311 3937 λογιζόμεθα·
3346 3871 3404 3921 ἐν
3434 3870 3490 3921 δὲ
3529 3868 3607 3934 τῷ
3638 3868 3751 3935 Υίῷ
3783 3868 4030 3935 φυσικῶς

2444 3961 2539 4013 καὶ
2577 3960 2849 4023 οὐσιωδῶς
2898 3960 3084 4030 διῆκον
3123 3962 3275 4031 παρὰ
3319 3962 3535 4030 Πατρός
3585 3961 3645 4012 τὸ
3680 3960 3922 4028 Πνεῦμα,
3963 3960 4031 4011 δι’

2442 4047 2503 4105 οῦ
2536 4052 2607 4103 τά
2646 4051 2829 4104 πάντα
2860 4052 3031 4122 χρίων
3063 4052 3304 4120 ἁγιάζει.
3339 4053 3552 4105 Οὐκοῦν
3600 4053 3701 4104 οὐκ
3741 4051 4022 4121 ἀλλότριον

2440 4144 2562 4194 οὐδὲ
2611 4142 3023 4212 ἁπεξενωμένον
3073 4145 3170 4212 τῆς
3220 4143 3372 4206 θείας
3434 4144 3623 4204 οὐσίας
3663 4144 3915 4210 φαίνεται
3960 4142 4021 4194 τὸ

2445 4230 2668 4300 Πνεῦμα
2695 4233 2755 4283 τὸ
2784 4234 2957 4298 ἆγιον,
2984 4234 3101 4287 ἀλλ’
3123 4237 3181 4288 ἐν
3211 4234 3350 4302 αὐτῇ
3408 4235 3505 4286 καὶ
3555 4235 3614 4297 ἐξ
3658 4234 3829 4301 αὐτῆς
3860 4250 4021 4303 φυσι-

2442 4324 2576 4387 κῶς,
2607 4323 2796 4395 ῶσπερ
2827 4323 2922 4377 οὖν
2976 4326 3124 4379 καὶὸ
3155 4326 3248 4379 τοῦ
3285 4328 3538 4394 σώματος
3581 4326 3845 4388 δάκτυλος
3874 4329 3930 4377 ἐν
3960 4330 4025 4395 τῇ

2438 4415 2585 4483 χειρὶ
2623 4414 2872 4483 όμοφυὴς
2901 4414 2978 4467 ὢν
3008 4419 3169 4487 αὐτῇ·
3208 4417 3359 4486 καὶὴ
3402 4418 3524 4486 χεὶρ
3553 4416 3619 4469 αὖ
3651 4417 3813 4470 πάλιν
3852 4418 3911 4468 ἐν
3948 4419 4026 4486 τῷ

741 4519 873 4570 tiam
913 4516 1140 4572 habens.
1174 4538 1193 4570 ι
1235 4520 1355 4572 Alio
1383 4530 1566 4574 autem
1610 4522 1731 4576 loco
1762 4523 1901 4577 idem
1941 4524 2153 4578 Patrem
2210 4526 2302 4595 qui
2366 4539 2407 4591 ι)
2441 4510 2495 4558 σά

2270 4526 2302 4577 ,ί
2366 4539 2407 4591 D
2441 4508 2676 4576 σώματι,
2705 4508 2800 4576 οὐχ
2832 4509 3176 4577 ἐτεροούσιος
3224 4510 3364 4579 πρὸς
3409 4509 3543 4561 αὐτὸ
3593 4510 3966 4578 τυγχάνουσα.
3999 4528 4017 4560 ι

733 4608 856 4657 dem
915 4623 1094 4660 rosam
1122 4610 1373 4678 stirpem,
1408 4612 1602 4664 Filium
1640 4628 1768 4667 vero
1796 4613 2008 4675 florem,
2066 4612 2330 4682 Spiritum

735 4710 990 4753 sanctum
1019 4702 1245 4755 oderem
1282 4706 1645 4773 nuncuparit.

806 4878 1023 4932 Rursus
1052 4883 1228 4934 sancti
1266 4894 1504 4936 mentem
1545 4893 1791 4938 nostram
1826 4901 2248 4955 sermonemque
2280 4897 2327 4939 et

733 4968 987 5036 spiritum
1018 4973 1272 5040 exemplo
1298 4983 1616 5037 assumunt,
1642 4991 1749 5043 qua
1778 4977 1989 5028 ratione
2023 4976 2075 5029 in
2105 4978 2325 5030 homine

730 5068 861 5111 sunt
902 5062 992 5129 qui
1031 5062 1174 5116 inter
1208 5078 1294 5119 res
1327 5073 1544 5118 creatas
1578 5065 1866 5119 nobilitate
1898 5078 2144 5134 praestat,
2180 5086 2319 5137 qua-

730 5161 889 5207 tenus
934 5156 999 5207 ad
1042 5155 1131 5211 Dei
1171 5157 1466 5226 imaginem
1523 5158 1623 5211 fuit
1669 5160 1949 5213 conditus.
1986 5159 2182 5214 Verum
2221 5162 2321 5215 hoc

726 5263 949 5315 quoque
976 5250 1137 5317 longe
1161 5248 1347 5303 deficit
1379 5266 1408 5302 a
1441 5252 1688 5305 veritate.
1726 5250 1937 5306 Etenim
1992 5267 2175 5306 sermo
2226 5270 2318 5305 nn-

726 5351 836 5396 ster
854 5358 915 5395 ex
940 5342 1229 5411 disciplina
1252 5344 1551 5405 acccdit,ae
1570 5360 1702 5397 voce
1722 5344 2017 5411 profertur;
2043 5343 2322 5413 ferturque

722 5436 774 5487 in
808 5450 929 5486 aera
965 5473 979 5497 ,
1008 5450 1071 5488 ac
1104 5451 1198 5503 per
1233 5450 1417 5490 aerem
1447 5434 1606 5490 fusus
1638 5437 1942 5505 dissipatur
1974 5452 2150 5505 neque
2180 5454 2305 5490 vere

721 5531 961 5593 exsistit,
990 5547 1052 5582 ac:
1088 5544 1265 5599 neque
1291 5546 1508 5600 semper
1525 5540 1630 5594 est,
1655 5547 1836 5599 neque
1863 5530 2003 5585 idem
2024 5546 2088 5585 ac
2112 5532 2317 5584 mentis

718 5626 1024 5678 .‘Ileiﬂlllia
1048 5636 1151 5689 est,
1199 5625 1295 5679 scd
1350 5624 1545 5677 exilem
1574 5625 1866 5693 quamdam
1920 5638 1985 5678 ac
2020 5622 2311 5678 obscuram

790 5811 831 5839 ³⁵
895 5811 1024 5863 l.uv.
1066 5828 1136 5873 χῖ,
1176 5812 1260 5866 20.
1351 5814 1387 5842 ⁸⁸
1450 5814 1785 5878 Ι³5.ιί.λωίι,
1851 5811 1898 5864 ί.

2452 4600 2719 4668 ’Λλλαχοῦ
2750 4600 2817 4669 δὲ,
2858 4603 2886 4653 6
2941 4600 3107 4661 αὐτὸς
3136 4604 3231 4655 τὸν
3266 4602 3365 4671 μὲν
3400 4603 3626 4672 Πατέρα
3658 4601 3833 4671 ῥόδον,
3865 4601 4026 4661 ἄνθος

2438 4692 2491 4743 δὲ
2524 4690 2614 4741 τὸν
2646 4690 2796 4753 Υίὸν,
2828 4691 2923 4742 καὶ
2972 4692 3033 4743 τὸ
3070 4691 3296 4761 Πνεῦμα
3355 4692 3416 4744 τὸ
3461 4691 3618 4759 ἅγιον
3653 4691 3833 4761 ὀσμὴν
3883 4693 4024 4743 ἀπε-

2440 4782 2665 4835 κάλεσε.

2520 4876 2691 4928 Πάλιν
2721 4878 2770 4929 οἱ
2798 4877 2946 4942 ἅγιοι
2994 4877 3085 4929 τὸν
3132 4878 3403 4947 ἡμέτερον
3436 4877 3562 4931 νοῦν
3614 4878 3707 4931 καὶ
3740 4877 3899 4945 λόγον
3931 4881 4023 4930 καὶ

2439 4968 2657 5038 πνεῦμα
2686 4969 3046 5037 λαμϐάνουσι,
3094 4972 3284 5023 καθότι
3327 4971 3440 5023 ἀπὸ
3467 4971 3562 5023 τοῦ
3598 4972 3759 5039 λόγου
3802 4970 4022 5039 ἀνθρὼ-

2438 5079 2543 5112 ιπου
2574 5061 2971 5130 λαμϐάνονται,
3007 5064 3067 5124 ὅς
3100 5065 3209 5115 τῶν
3238 5064 3417 5118 ἄλλων
3462 5065 3777 5134 κτισμάτων
3820 5062 4020 5131 τιμιώ-

2434 5159 2590 5224 τερός
2619 5160 2761 5223 ἐστι,
2783 5159 3016 5211 καθόσον
3052 5160 3171 5213 κατ’
3207 5163 3392 5214 εἰκόνα
3424 5161 3559 5214 Θεοῦ
3588 5161 3835 5231 ἐκτίσθη.
3870 5162 4012 5215 Πολὺ

2433 5249 2488 5300 δὲ
2522 5248 2805 5301 καὶτοῦτο
2830 5250 2953 5319 ’τῆς
2988 5251 3248 5321 ἀληθείας
3298 5252 3508 5305 ἀποδεῖ.
3566 5253 3675 5306 Καὶ
3715 5253 3824 5322 γάρ
3844 5253 3879 5311 ,ὁ
3916 5253 4018 5320 μέν

2432 5339 2706 5408 ἡμέτερος
2755 5340 2913 5407 λόγος
2963 5344 3026 5395 ἐκ
3070 5344 3366 5413 μαθήσεως
3402 5345 3763 5412 προσγίνεται
3810 5344 3905 5396 καὶ
3930 5343 4018 5395 διά

2431 5434 2614 5502 φωνῆς
2646 5434 3007 5503 προφέρεται,
3058 5437 3154 5488 καὶ
3188 5436 3265 5505 τῷ
3296 5437 3423 5506 ἀέρι
3454 5439 3757 5508 ἐποχεῖται,
3793 5438 3886 5490 καὶ
3936 5439 4017 5499 εἰς

2426 5524 2565 5593 ἀέρα
2605 5526 2986 5591 σκεδάννυται,
3024 5528 3119 5579 καὶ
3148 5528 3528 5592 ἀνυπόστατός
3568 5531 3711 5591 ἐστι,
3745 5530 3843 5581 καὶ
3889 5527 4015 5580 οὔτε

2426 5616 2512 5669 ἀεί
2541 5620 2709 5685 ἐστιν,
2742 5618 2864 5673 οὔτε
2893 5622 2919 5673 6
2944 5620 3106 5684 αὐτός
3136 5622 3253 5675 ἐστι
3284 5624 3350 5693 τῇ
3381 5620 3479 5675 τοῦ
3516 5621 3611 5675 νοῦ
3641 5622 3801 5693 οὐσία
3822 5637 3836 5653 ·
3872 5622 4021 5690 ἀμν-

1984 5811 2025 5841 ²⁷
2078 5809 2185 5863 ιω.
2252 5823 2404 5875 xxvr,
2459 5805 2544 5859 ll.
