4442 6440
788 367 891 426 535

2047 384 2441 442 ΜΑΝυΕΙΛὸ
2482 385 2789 445 (ιιιεειε

3925 364 4027 448 536

786 492 842 533 ιιι
872 495 969 535 nos
1020 495 1234 549 quoque
1287 486 1554 555 tantisper
1607 488 1730 543 inde
1763 504 1828 545 eo
1874 495 2258 561 provehmnnr,
2297 507 2355 547 ιιι
2385 499 2429 548 Λ
2461 511 2540 546 ’λοι

2297 507 2355 547 ιιι
2385 499 2429 548 Λ
2461 511 2663 558 νουσιν,
2684 498 2770 548 ἵνα
2802 498 2893 549 καὶ
2923 496 3082 563 ἡμεῖς
3114 496 3349 565 μετρίως
3372 498 3437 549 ὲκ
3468 497 3674 550 τούτων
3707 502 3787 561 είς
3818 500 4025 555 ἔννοιαι

786 585 1045 637 personas
1072 572 1124 623 in
1154 571 1263 625 Deo
1296 574 1442 641 ipsas
1469 579 1686 644 proprie
1721 596 1783 633 ac
1816 596 1909 648 per
1941 598 1998 637 se
2029 585 2348 646 subsistere.

782 662 1207 729 pr0prietatibus
1240 665 1816 730 incommunicabiles,
1870 686 1935 725 ac
1984 673 2124 725 inter
2167 691 2225 728 se
2265 676 2351 726 in-

781 750 1132 815 si-parabiles,
1171 751 1583 818 intelligamus;
1615 766 1781 824 utque
1823 760 1951 813 item
1997 776 2121 814 cum
2156 762 2349 817 inlide-

778 840 910 894 lium
942 842 1211 909 quispiam
1259 849 1622 913 accusaverit,
1652 849 1762 903 Cur
1811 868 1976 905 unum
2030 854 2196 907 Deum
2251 856 2350 907 tria

778 933 1029 985 dicamus
1060 949 1122 987 ac
1148 936 1246 988 tria
1277 953 1469 1002 unum,
1504 943 1776 1001 possimus
1805 947 1967 998 etiam
1993 950 2258 1016 exemplis
2284 965 2352 1002 ex

779 1024 1019 1076 humano
1057 1040 1157 1077 usu
1188 1026 1367 1092 petitis
1401 1029 1528 1081 huic
1579 1032 1668 1083 tali
1708 1047 1770 1085 os
1802 1035 2111 1097 occludere,
2162 1049 2349 1091 osten-

774 1115 965 1165 dentes
993 1129 1058 1166 ne
1086 1115 1138 1166 in
1177 1117 1336 1169 rebus
1378 1120 1511 1185 ipsis
1543 1120 1682 1173 istud
1714 1121 1927 1187 deesse,
1955 1126 2201 1192 quamvis
2232 1143 2350 1179 oni-

776 1206 910 1257 nino
936 1205 1193 1259 dcliciant
1231 1222 1293 1260 ac
1321 1223 1481 1275 quam
1520 1212 1835 1279 longissime
1867 1214 2049 1269 absint
2082 1217 2149 1270 ab
2179 1233 2266 1277 eo,
2295 1227 2355 1269 ut

776 1308 887 1348 tum
922 1298 1176 1350 uniOnem
1217 1308 1331 1351 tum
1360 1302 1790 1366 distinctionem,
1831 1319 1953 1371 qua:
1996 1316 2078 1359 cst
2113 1306 2165 1358 in
2212 1306 2354 1359 divi-

774 1389 879 1449 nis,
911 1390 1043 1441 satis
1074 1390 1391 1444 exhibeant.
1424 1392 1710 1457 Quomodo
1745 1396 1887 1447 enim
1920 1411 2041 1464 qua:
2064 1412 2217 1449 serva
2247 1398 2355 1450 sint

774 1488 938 1547 atque
972 1481 1225 1544 subdita,
1269 1482 1499 1537 Domino
1548 1501 1609 1538 ac
1676 1498 1939 1540 creatura:
1970 1488 2237 1551 Creatori,
2279 1490 2355 1541 vi-

770 1571 885 1623 deri
922 1575 1132 1637 possint
1167 1573 1591 1640 perfectionibus
1617 1578 1814 1645 paria?
1862 1578 2065 1631 Idcirco
2104 1596 2209 1633 non
2240 1596 2356 1633 oni-

771 1678 868 1715 ncs
910 1665 1268 1731 proprietates
1293 1681 1482 1719 earum
1514 1684 1719 1731 reruni,
1760 1684 1895 1736 quas
1925 1672 2174 1739 exempla
2213 1686 2351 1725 enu-

770 1757 1035 1808 merando
1067 1757 1375 1823 attulimus,
1407 1758 1459 1811 in
1492 1758 1601 1812 Deo
1646 1750 2019 1825 assumimus;
2052 1764 2145 1816 sed
2180 1780 2352 1830 quau-

769 1854 882 1897 tum
912 1844 963 1896 in
992 1846 1072 1898 eis
1098 1855 1201 1909 est,
1231 1848 1374 1915 quod
1402 1850 1857 1902 incessitudinem
1885 1867 2007 1904 cum
2034 1867 2101 1905 eo
2132 1854 2346 1917 habeat,

771 1936 918 2002 quod
942 1937 1021 1991 sic
1048 1939 1190 1991 velut
1217 1939 1514 2004 simulacro
1536 1956 1599 1993 ac
1624 1941 1864 2007 imagine
1889 1953 2347 2011 reprzesentatur:

771 2027 853 2082 sic
885 2029 1169 2089 nimirum.
1206 2040 1262 2082 ut
1302 2046 1364 2084 ex
1402 2032 1512 2084 alio
1548 2033 1693 2100 quod
1727 2032 1885 2087 Pater
1914 2044 1967 2089 et
2000 2034 2168 2090 Filius
2205 2037 2352 2090 inse-

772 2121 1041 2189 parabiles
1077 2122 1222 2184 sint;
1262 2137 1329 2176 ex
1358 2122 1489 2186 alio,
1533 2124 1677 2192 quod
1715 2125 1913 2178 divina:
1945 2141 2189 2195 personae
2221 2143 2352 2182 con—
2389 2120 2394 2125 ’

769 2213 1158 2267 substantiales
1194 2222 1356 2281 atque
1387 2214 1713 2283 conjunctae,
1749 2217 2094 2286 habeantque
2118 2221 2263 2273 inter
2293 2237 2351 2274 se

767 2304 1037 2368 ordinem,
1086 2311 1151 2359 ac
1187 2320 1295 2358 una
1333 2321 1521 2359 earum
1575 2306 1814 2375 potentia
1860 2308 1929 2361 sit
1974 2317 2027 2361 ct
2073 2310 2348 2377 operatio:

769 2397 1029 2465 aliudque
1060 2412 1123 2450 ex
1155 2397 1262 2449 alio
1298 2398 1599 2462 lidicamus
1628 2416 1642 2463 ;
1686 2399 1970 2452 intervalla
2002 2414 2132 2454 vero
2165 2410 2219 2455 et
2254 2402 2350 2455 de-

768 2488 1034 2547 ﬂuxiones
1065 2504 1128 2542 ac
1156 2490 1589 2557 compositiones
1634 2491 2030 2560 transitusque,
2067 2507 2129 2546 ac
2169 2493 2211 2547 si
2245 2509 2353 2562 qua

769 2581 977 2649 reliqua
1024 2590 1223 2633 nostrae
1259 2580 1575 2649 indigentia!
1621 2590 1772 2645 sunt,
1822 2582 1889 2635 iis
1926 2583 2143 2636 demum
2190 2585 2353 2638 rebus

765 2688 891 2741 qua:
925 2674 1184 2726 oriuntur
1213 2681 1266 2725 et
1307 2673 1581 2726 intereunt
1632 2674 2026 2742 projiciainus;
2079 2677 2155 2729 uti
2188 2676 2353 2730 etiam

770 2767 849 2821 ait
892 2764 1191 2835 Gregorius
1224 2766 1573 2834 'l‘heologus:
1608 2785 1625 2816 ι
1653 2765 1796 2819 Nihil
1834 2776 1916 2821 est
1961 2768 2012 2821 in
2044 2783 2151 2836 quo
2199 2785 2354 2823 mens

768 2877 888 2915 mea
919 2861 1147 2931 gradum
1183 2863 1347 2928 ligcre
1388 2870 1570 2929 queat,
1605 2861 1757 2926 dum,
1793 2861 1940 2930 quod
1973 2862 2265 2931 imaginor,
2299 2863 2352 2915 in

767 2954 1034 3023 exemplis
1053 2954 1342 3031 considero
1369 2973 1381 3008 :
1405 2956 1506 3009 nisi
1537 2955 1677 3009 forte
1694 2956 1818 3024 quis
1838 2972 1898 3009 ea
1918 2957 2082 3010 animi
2107 2958 2357 3026 aequitate

768 3048 861 3110 sit,
884 3054 944 3100 ut
967 3061 1090 3101 cum
1116 3062 1283 3100 unum
1314 3047 1442 3115 quid
1471 3062 1533 3101 ex
1558 3051 1837 3117 proposita
1870 3049 2106 3117 imagine
2133 3065 2358 3119 accepe-

2457 587 2703 654 ἔλθωμεν
2734 587 2828 638 τοῦ
2873 587 3254 638 ἱδιοῦπόστατα
3289 583 3433 639 εἶναι
3482 589 3550 640 τὰ
3598 589 3657 639 ὲν
3713 594 3780 657 τῇ
3838 592 4028 659 Τριάδι

2457 678 2575 729 θεῖα
2609 678 2899 745 πρόσωπα,
2929 679 3051 737 ταῖς
3083 678 3343 744 ἰδιότησιν
3378 679 3725 745 ἀκοινώνητα
3764 683 3859 732 καὶ
3888 685 4029 750 ἀχώ-

2460 786 2618 834 ριστα
2648 770 2919 836 ἀλλήλωνο
2958 770 3049 818 καὶ
3078 768 3161 819 ἵνα
3196 770 3327 820 ὅταν
3361 786 3444 829 τις
3492 771 3600 821 τῶν
3629 772 3874 824 ἀπίστων
3900 776 4030 839 ἡμῖν

2456 860 2689 929 ἐγκαλῇ,
2727 862 2842 921 πῶς
2872 861 2965 912 τὸν
2999 862 3094 912 ἕνα
3125 860 3257 911 Θεὸν
3283 860 3407 927 τρία
3435 860 3666 929 λέγομεν
3692 864 3784 911 καὶ
3808 862 3875 913 τά
3904 863 4028 930 τρία

2457 956 2535 1015 ἓν,
2564 955 2779 1021 ἔχωμεν
2816 952 2906 1003 καὶ
2964 951 3071 1005 ἀπὸ
3120 951 3228 1002 τῶν
3285 950 3408 1002 καθ’
3441 952 3588 1016 ἡμᾶς
3639 952 3729 1001 τὸν
3789 952 4029 1004 τοιοῦτον

2457 1043 2857 1109 ἐπιστομίζειν,
2882 1041 3187 1101 δεικνύντες
3211 1042 3427 1092 auocat
3451 1042 3506 1090 ὲν
3530 1043 3640 1101 τοῖς
3657 1040 3805 1092 οὖσιν
3838 1043 4033 1092 ἄπεστι

2457 1138 2633 1199 τοῦτο,
2677 1138 2724 1187 εί
2771 1137 2864 1185 καὶ
2896 1136 3249 1185 παντάπασιν
3298 1133 3595 1184 ἀποδέουσι
3626 1131 3721 1183 καλ⁸
3750 1131 4034 1183 λείπονται

2457 1228 2595 1297 πρὸς
2620 1228 2679 1279 τὸ
2707 1226 2879 1289 δεῖξαι
2917 1227 3016 1291 τήν
3063 1226 3159 1277 ἐπὶ
3204 1224 3340 1276 Θεοῦ
3370 1222 3568 1275 ἕνωσίν
3599 1241 3659 1274 τε
3698 1223 3793 1274 καὶ
3821 1223 4036 1291 διάκρι-

2461 1335 2563 1370 σιν.
2593 1319 2716 1375 Πῶς
2746 1318 2853 1386 γὰρ
2885 1316 2953 1367 τά
2982 1313 3144 1365 δοῦλα
3182 1315 3277 1366 καὶ
3322 1312 3615 1381 ὑποχείρια
3654 1310 3733 1379 τῷ
3763 1312 4035 1381 Δεσπότῃ,

2458 1412 2554 1458 καὶ
2600 1406 2678 1473 τῷ
2707 1403 3029 1473 δημιουργῷ
3080 1402 3147 1454 τά
3184 1402 3655 1471 δημιουργήματα
3703 1402 4038 1468 φανήσονται

2456 1499 2577 1558 ταῖς
2604 1495 2938 1560 τελειότησιν
2990 1492 3080 1543 ἴσα
3106 1508 3119 1555 ς
3156 1492 3254 1542 Δια
3286 1491 3444 1543 τοῦτο
3474 1492 3536 1541 ού
3578 1492 3755 1543 πάντα
3786 1491 3855 1543 τά
3889 1490 4035 1543 ίδιὼ-

2459 1604 2605 1651 ματα
2660 1586 2768 1637 τῶν
2813 1584 3192 1653 προτεθέντων
3218 1583 3580 1649 ’λαμϐάνομεν
3619 1582 3712 1635 ἐπὶ
3747 1581 3842 1632 τοῦ
3873 1580 4036 1643 Θεοῦ,

2458 1677 2574 1730 ἀλλ’
2605 1679 2730 1729 ὅσον
2766 1677 2864 1745 μὲν
2907 1675 3053 1726 ἔστιν
3086 1676 3143 1727 ἐν
3187 1674 3399 1734 τούτοις
3452 1671 3766 1739 οἰκειότητα
3812 1670 3949 1740 πρὸς
3978 1670 4041 1722 τὸ

2458 1769 2860 1834 εἰκονιζόμενον
2907 1766 3053 1835 ἔχον,
3090 1765 3465 1833 λαμδάνομεν*
3506 1762 3603 1815 ἀπ’
3631 1762 3793 1814 άλλου
3829 1762 3930 1829 μὲν
3977 1759 4040 1812 τὸ

2457 1860 2762 1929 ἀχώριστον
2794 1858 3003 1926 Πατρδς
3042 1859 3136 1909 καὶ
3167 1855 3319 1917 Υίοῦ,
3354 1854 3449 1906 ἀπ’
3478 1854 3641 1907 ἄλλον
3677 1852 3732 1903 δὲ
3758 1853 3819 1903 τὺ
3845 1850 4041 1919 ὁμοού-

2461 1970 2577 2005 σιον
2623 1952 2716 2004 καὶ
2765 1951 2825 2002 τὸ
2857 1948 3232 2017 συνημμένον,
3289 1948 3381 1999 καὶ
3416 1947 3479 1999 τὸ
3523 1948 3623 2015 τῆς
3656 1946 3793 2013 πρὸς
3831 1945 4040 2012 ἄλληλα

2459 2043 2665 2106 τάξεως
2689 2042 2797 2092 τῶν
2827 2039 2988 2092 θείων
3023 2036 3356 2106 προσώπων,
3387 2038 3481 2087 καὶ
3510 2036 3609 2103 τὴν
3646 2034 3776 2101 μίαν
3808 2032 4042 2100 δύναμιν

2460 2136 2556 2188 καὶ
2593 2134 2876 2201 ἐνέργειαν
2899 2145 2913 2159 ⁸
2949 2130 3040 2182 καὶ
3084 2128 3213 2182 ἄλλο
3260 2128 3319 2193 ἐξ
3352 2127 3512 2180 ἄλλου
3542 2144 3555 2158 ο
3608 2127 3958 2192 διαστήματα
3987 2124 4043 2175 δὲ

2461 2227 2557 2278 καὶ
2613 2223 2825 2293 ρεύσεις
2883 2223 2980 2274 καὶ
3039 2220 3319 2281 συνθέσεις
3369 2221 3463 2270 καὶ
3522 2216 3887 2287 μεταϐάσεις,
3949 2214 4047 2267 καὶ

2459 2318 2627 2372 τᾶλλα
2653 2317 2752 2369 ὅσα
2778 2315 2879 2382 τῆς
2907 2313 3028 2365 καθ’
3058 2313 3207 2383 ἡμᾶς
3231 2312 3440 2373 ἐνδείας
3468 2313 3606 2373 είσὶ,
3639 2310 3753 2371 τοῖς
3787 2310 3846 2361 ὲν
3890 2308 4049 2374 γενέ-

2463 2432 2543 2468 σει
2578 2414 2672 2467 ml
2710 2412 2888 2483 φθορᾷ
2920 2410 3357 2481 ἁπορρίπτομεν,
3394 2407 3535 2461 καθά
3563 2422 3699 2476 φησι
3732 2406 3826 2457 καὶ
3854 2403 3882 2454 ὁ
3909 2403 4046 2454 Θεο-

2461 2509 2615 2574 λὸγος
2672 2507 2973 2574 Γρηγόριος
3006 2503 3142 2571 (54),
3183 2522 3200 2553 ι
3236 2504 3359 2554 Ὀτι
3397 2500 3551 2553 οὐδέν
3586 2500 3735 2551 ἐστιν
3762 2498 3791 2549 ὃ
3823 2513 3914 2565 μοι
3945 2495 4047 2563 τὴν

2460 2600 2703 2653 διάνοιαν
2766 2599 2982 2667 ἵστησιν
3014 2596 3105 2647 ἐπὶ
3136 2594 3245 2648 τῶν
3280 2594 3702 2661 ὑποδειγμάτων
3740 2588 4037 2658 θεωροῦντι

2461 2694 2522 2746 τὸ
2550 2689 2983 2761 φανταζόμενον*
3013 2686 3154 2754 πλὴν
3178 2687 3229 2738 ετ
3249 2703 3333 2747 τις
3359 2686 3419 2739 ἓν
3445 2702 3498 2735 τι
3514 2682 3700 2735 λαϐὼν
3727 2682 3822 2733 ὑπ’
3846 2682 4053 2746 εὐγνω-

2469 2783 2729 2851 μοσύνης,
2761 2781 2830 2832 ea
2858 2776 3022 2831 λοιπὰ
3052 2776 3283 2847 ῥίψειεν.
3324 2794 3342 2825 ι
3377 2776 3488 2827 Καὶ
3520 2774 3629 2842 γὰρ
3656 2771 3753 2825 καὶ
3780 2770 3840 2823 τὸ
3871 2767 4054 2839 παρά-

2462 2876 2664 2942 δειγμα
2721 2868 2999 2939 πανταχοῦ
3033 2866 3179 2919 κατά
3231 2885 3283 2919 τι
3341 2866 3438 2934 μὲν
3491 2862 3751 2932 ἀνόμοιόν
3807 2862 3924 2913 ἐστι
3971 2855 4051 2924 τῷ

2466 2962 2877 3031 είκονιζομένῳ,
2912 2959 3055 3012 κατά
3086 2976 3140 3011 τι
3182 2957 3239 3009 δὲ
3288 2956 3498 3026 ὅμοιον.
3534 2954 3597 3005 El
3635 2953 3734 3022 μὲν
3763 2951 3875 3020 γάρ
3908 2951 4053 3031 κατά

2466 3058 2647 3111 πάντα
2670 3054 2977 3125 ὁμοιοῦται,
3004 3051 3106 3103 οὐκ
3154 3050 3269 3102 ἐστι
3318 3046 3677 3114 παράδειγμα
3715 3041 3949 3104 ἐκείνου,
3990 3029 4054 3090 οὗ

768 3139 862 3201 rit,
911 3139 1115 3208 reliqua
1149 3138 1424 3208 proiiciat.
1460 3157 1476 3189 I
1510 3137 1646 3191 Nam
1698 3149 1751 3194 et
1799 3141 2109 3209 exemplum
2162 3142 2361 3208 ubique
2391 3162 2433 3218 (ς
2470 3151 2522 3205 ἀι

2302 3158 2361 3195 uc
2391 3162 2433 3218 (ς
2470 3151 2655 3219 ἄκρως
2685 3144 2992 3216 ὁμοιοῦται,
3023 3143 3118 3195 καὶ
3138 3140 3334 3196 ταυτόν
3360 3140 3475 3190 ἐστι
3505 3136 3706 3203 πάντηο
3736 3131 3866 3184 εἰδὲ
3892 3130 4056 3184 πάλιν

769 3232 969 3297 partim
1000 3229 1270 3285 dissimile
1304 3239 1386 3283 est
1433 3229 1508 3283 rei
1544 3246 1706 3299 quani
1758 3240 2137 3299 repraesentat.
2164 3234 2357 3301 partim

770 3322 849 3375 illi
884 3321 1082 3376 simile.
1114 3320 1171 3374 Si
1202 3321 1349 3375 enim
1396 3321 1450 3375 in
1496 3322 1753 3376 omnibus
1791 3323 1971 3377 simile
1993 3333 2095 3388 est,
2124 3339 2225 3377 non
2250 3325 2360 3394 iam

767 3413 1078 3483 exemplum
1138 3425 1222 3469 est
1280 3414 1400 3484 ejus
1452 3415 1554 3479 rei,
1620 3414 1781 3482 cujus
1819 3430 2090 3468 summam
2145 3416 2363 3484 prxl’ert

768 3508 1205 3571 similitudinem,
1228 3509 1321 3563 sed
1368 3509 1508 3561 idem
1532 3523 1757 3577 prorsus
1794 3522 1859 3561 ac
1881 3507 1969 3561 illa
1990 3516 2095 3562 est.
2120 3508 2215 3561 Sin
2238 3524 2363 3562 vero

771 3614 965 3653 rursus
992 3601 1046 3652 in
1076 3600 1227 3653 nullo
1267 3599 1425 3653 habet
1455 3600 1897 3661 similitudinem,
1932 3615 1999 3653 ne
2030 3602 2111 3654 sic
2142 3601 2361 3668 quidem

768 3692 1080 3761 exemplum
1123 3708 1186 3746 ac
1234 3693 1415 3762 imago
1457 3691 1696 3745 futurum
1745 3703 1850 3746 est.
1904 3690 2017 3746 Usu
2058 3692 2205 3746 enim
2262 3694 2363 3745 hu-

771 3798 957 3844 mano.
991 3783 1303 3852 exemplum
1357 3782 1778 3837 similitudinem
1834 3783 2149 3850 quamdam,
2204 3783 2367 3852 idque

773 3890 838 3927 ex
873 3884 1049 3943 parte,
1077 3889 1203 3928 cum
1236 3889 1301 3929 eo
1328 3873 1475 3943 quod
1510 3874 1749 3943 imagine
1780 3858 2232 3942 reprzesentatur,
2268 3875 2365 3927 ha-

2465 3243 2524 3294 ἐν
2550 3240 2728 3292 οὐδενὶ
2762 3238 2861 3307 τὴν
2891 3235 3186 3305 ὁμοιότητα
3221 3231 3355 3300 ἔχει,
3384 3228 3491 3281 οὐδ’
3524 3227 3666 3279 οὕτω
3700 3223 4058 3291 παράδειγμα

2469 3329 2565 3384 καὶ
2601 3329 2768 3383 εἰκὼν
2802 3328 2980 3381 ἔσται.
3030 3324 3103 3377 Τὸ
3135 3325 3244 3392 γὰρ
3294 3319 3652 3389 παράδειγμα
3686 3315 3781 3367 καὶ
3828 3313 3860 3379 ἡ
3892 3311 4059 3363 εἰκὼν

2468 3423 2562 3473 ὲττὶ
2606 3421 2717 3472 τῶν
2745 3419 2867 3472 καθ’
2895 3418 3046 3487 ἡμᾶς
3076 3412 3343 3482 ὁμοίωσίν
3373 3427 3499 3463 τινα
3525 3407 3667 3460 κατά
3704 3423 3758 3458 τι
3789 3403 3886 3457 τοῦ
3915 3404 4061 3455 είκο-

2463 3512 2753 3579 νιζομένου
2814 3510 3063 3579 βούλεται
3096 3506 3267 3575 ἔχειν.
3313 3505 3430 3570 Ἐφ’
3460 3501 3622 3570 ἡμῶν
3656 3499 3839 3568 μέντοι
3864 3493 4058 3555 οὕτως·

2465 3605 2560 3655 ἐπὶ
2582 3603 2639 3655 δὲ
2666 3604 2777 3655 τῶν
2803 3603 2965 3654 θείων
2996 3598 3314 3668 προσώπων
3344 3598 3371 3647 ὁ
3401 3595 3529 3655 Υίδς
3554 3590 3719 3644 εἰκὼν
3740 3588 3833 3640 τοῦ
3851 3585 4062 3654 Πατρδς

2468 3694 2765 3763 λεγόμενος
2795 3693 2939 3746 κατὰ
2967 3692 3149 3744 πάντα
3174 3692 3201 3741 ὁ
3233 3687 3399 3749 αὐτός
3427 3687 3577 3738 ἐστιν
3609 3680 3781 3750 αὐτῷ,
3804 3680 3863 3745 ἐξ
3894 3676 4061 3730 αὑτοῦ

2465 3787 2541 3839 ὢν
2580 3784 2859 3846 οὐσιωδῶς
2921 3784 3020 3837 καὶ
3052 3780 3465 3840 ὲνυποστάτως,
3500 3775 3599 3845 κααὶ
3631 3774 3825 3843 πόρῤω
3855 3769 4061 3832 παντὸς

2471 3877 2913 3948 συμόεὸηκότος,

770 3968 882 4018 bet.
925 3964 1017 4019 Sic
1071 3975 1250 4019 tamen
1300 3964 1353 4017 in
1405 3964 1565 4018 nobis
1601 3978 1663 4018 ac
1694 3980 1792 4032 pro
1828 3966 2068 4019 humano
2100 3981 2243 4031 usu;
2296 3966 2347 4017 in
2391 3967 2591 4023 divinis
2646 3980 2827 4022 autem
2880 3966 3153 4037 personis,
3210 3962 3409 4027 Filius,
3466 3961 3561 4031 qui
3642 3958 3819 4013 Patris
3884 3955 4064 4023 imago

776 4059 1015 4124 a'ieatur,
1054 4074 1149 4128 per
1208 4058 1395 4111 omnia
1448 4058 1523 4111 illi
1562 4057 1761 4113 similis
1815 4069 1918 4125 est,
1962 4059 2054 4129 qui
2116 4074 2182 4114 ex
2242 4060 2333 4114 illo
2371 4061 2822 4128 substantialiter,
2874 4072 3110 4129 veraque
3162 4071 3227 4112 ac
3275 4071 3371 4126 per
3422 4069 3480 4109 se
3520 4052 3869 4110 exsistentia.
3913 4046 4065 4102 omni

774 4158 967 4226 p:ocul
993 4166 1203 4211 semoto
1233 4154 1536 4218 accidente,
1572 4155 1663 4210 sit.

849 4253 1087 4307 Sanctus
1117 4258 1300 4303 autem
1332 4250 1693 4318 Augustinus,
1737 4264 1897 4317 quem
1924 4259 1979 4304 et
2012 4260 2205 4319 quarta
2256 4260 2360 4304 ter-

776 4348 849 4401 tia
877 4348 1118 4417 synodus
1155 4344 1719 4414 prwcellentissimum
1758 4344 2014 4398 Ecclesia:
2038 4345 2358 4415 magistrum

775 4438 1090 4507 appellavit,
1148 4451 1255 4489 non
1288 4450 1598 4489 sermonem
1627 4436 1721 4504 qui
1744 4449 1838 4488 ore
1860 4434 2161 4505 profertur,
2190 4436 2243 4488 in
2274 4435 2360 4488 di-

775 4533 886 4587 vini
919 4531 1081 4584 Verbi
1122 4530 1413 4597 imaginem
1455 4528 1707 4590 assumit,
1741 4530 1832 4582 sed
1867 4528 1960 4597 qui
1997 4530 2143 4582 intus
2174 4529 2358 4581 animo

777 4626 1048 4695 repositus
1074 4633 1156 4679 est
1184 4640 1197 4687 ;
1231 4624 1465 4689 hincque
1494 4622 1630 4675 adeo
1663 4622 1927 4689 Spiritum
1962 4632 2241 4684 sanctum,
2274 4622 2360 4675 di-

776 4720 1067 4773 lectionem
1096 4725 1252 4769 vocat
1276 4732 1291 4779 ;
1317 4728 1457 4783 quae,
1485 4714 1597 4766 sive
1620 4712 1863 4773 dilectio,
1889 4712 2005 4766 sive
2028 4727 2204 4777 amor,
2238 4728 2364 4780 pro-

776 4811 980 4877 prietas
1011 4818 1331 4861 estnatura:
1362 4803 1564 4858 utentis
1589 4803 1819 4856 ratione.
1842 4801 2000 4855 Omni
2021 4802 2167 4856 enim
2198 4802 2365 4857 menti

775 4912 973 4955 natura
1005 4898 1270 4967 competit
1306 4895 1608 4951 voluntatis
1635 4895 1735 4959 vis,
1774 4903 1827 4949 et
1855 4902 1915 4949 ut
1946 4894 2095 4949 velit.
2127 4892 2365 4948 Inclina-

777 4993 851 5048 tio
873 4991 1019 5047 enim
1056 5004 1121 5044 ac
1151 4988 1367 5060 pondus
1391 4989 1443 5041 in
1478 4987 1529 5041 id
1561 4987 1704 5057 quod
1737 4986 2019 5056 proprium
2052 4996 2139 5041 est
2168 5001 2367 5041 secun-

774 5085 905 5140 dum
944 5092 1223 5147 naturam,
1264 5081 1523 5135 omnibus
1576 5078 1737 5134 rebus
1770 5078 1954 5133 inest:
1991 5094 2181 5133 verum
2208 5078 2263 5131 in
2300 5078 2367 5132 iis

775 5192 897 5247 quae
928 5191 1094 5232 sensu
1126 5184 1337 5240 carent,
1367 5173 1499 5227 illud
1534 5172 1711 5241 ipsum
1743 5170 2050 5225 secundum
2085 5179 2364 5233 naturam,

774 5269 1061 5323 inclinatio
1096 5275 1327 5321 vocatur
1361 5279 1425 5319 ac
1475 5263 1736 5333 pondus;
1773 5259 2083 5329 cujusmodi
2120 5260 2171 5312 in
2225 5268 2369 5312 terra

772 5374 878 5427 est,
930 5361 1077 5431 quod
1131 5360 1185 5413 in
1236 5358 1473 5411 medium
1528 5355 1905 5425 pr0pcndeat:
1957 5352 2010 5405 in
2047 5352 2172 5422 igne
2219 5365 2368 5417 vero,

777 5471 1004 5513 sursum
1033 5455 1236 5510 tendat.
1265 5451 1323 5506 ιιι
1357 5452 1425 5506 iis
1463 5464 1592 5505 vero
1617 5463 1739 5518 qua:
1770 5461 1935 5501 sensu
1969 5444 2193 5515 prmdita
2218 5455 2367 5508 sunt,

775 5554 901 5621 ejus
941 5548 1204 5620 appetitio
1233 5544 1377 5615 quod
1419 5552 1503 5597 est
1533 5542 1816 5611 proprium
1851 5548 1904 5593 et
1937 5553 2005 5593 ex
2036 5547 2256 5592 natura.
2310 5537 2367 5591 In

2551 4248 2614 4301 Ὀ
2646 4246 2702 4299 δὲ
2742 4246 2897 4312 ἅγιος
2925 4243 3311 4310 Αύγουστῖνος,
3338 4238 3397 4291 δν
3443 4238 3476 4306 ἡ
3502 4238 3545 4290 δ’
3587 4233 3683 4307 [γ’]
3711 4232 3926 4293 σύνοδος
3958 4229 4058 4282 καὶ

2469 4340 2790 4397 διδάσκαλον
2825 4336 3162 4407 ἐξογώτατον
3210 4334 3311 4403 τῆς
3358 4330 3691 4399 Ἐκκλησίας
3730 4324 4059 4394 προσεῖπεν,

2468 4439 2527 4487 οὐ
2559 4437 2651 4488 τὸν
2685 4430 3027 4504 προφορικδν
3051 4429 3211 4496 λόγον
3240 4428 3322 4489 είς
3348 4423 3535 4477 είκόνα
3567 4420 3662 4474 τοῦ
3696 4419 3844 4471 θείου
3884 4416 4066 4481 Λόγου

2470 4503 2762 4595 λαμϐάνει,
2810 4521 2947 4576 ἀλλά
3010 4520 3104 4572 τὸν
3168 4520 3225 4570 ὲν
3277 4518 3344 4585 τῇ
3400 4513 3547 4583 ψυχῇ
3598 4506 3923 4563 ἐνδιάθετον·
3960 4503 4058 4555 καὶ

2470 4594 2784 4676 ἀκολούθως
2814 4613 2876 4665 τδ
2902 4608 3128 4679 Πνεῦμα
3155 4608 3215 4661 τὸ
3237 4609 3394 4673 ἀγιον
3428 4603 3653 4670 ἀγάπην
3682 4597 3841 4650 καλεῖ
3866 4611 3882 4627 ο
3940 4594 4067 4662 ἥτις

2473 4712 2506 4781 ἢ
2544 4710 2735 4777 ἀγάπη
2761 4708 2793 4777 ἢ
2829 4708 2857 4758 ό
2880 4706 3025 4776 ἔρως
3048 4703 3147 4772 τῆς
3178 4698 3406 4767 λογικῆς
3437 4695 3657 4763 φύσεως
3686 4690 3900 4781 ,ἰδιότης
3928 4684 4067 4781 ἐστί..

2476 4772 2649 4854 {lavat
2832 4772 2924 4867 νῷ-
2945 4794 3109 4864 φύσει
3138 4792 3401 4860 πρόσεστι
3431 4786 3530 4838 καὶ
3559 4786 3593 4853 ἡ
3621 4780 3843 4850 θέλησις
3882 4776 3979 4829 καὶ
4008 4772 4073 4825 τὸ

2480 4891 2682 4944 θέλειν.
2709 4890 2777 4942 Ἢ
2804 4888 2911 4956 γὰρ
2941 4887 3034 4938 ἐπὶ
3069 4887 3126 4936 τὸ
3162 4883 3363 4934 οἰκεῖον
3391 4878 3533 4930 κατά
3558 4874 3731 4942 φύσιν
3760 4869 3905 4941 ῥοπὴ
3930 4867 4068 4919 πᾶσι

2480 4982 2794 5052 πρόσεστιν*
2832 4976 2951 5033 ἀλλ’
2984 4980 3040 5028 ἐν
3081 4975 3181 5043 μὲν
3209 4973 3325 5033 τοῖς
3351 4967 3709 5036 ἀναισθήτοις
3749 4960 3882 5015 αὐτὸ
3910 4957 4071 5052 τοῦτο

2480 5049 2622 5128 κατὰ
2651 5074 2815 5143 φύσιν
2844 5071 3097 5124 καλεῖται
3142 5067 3308 5136 ῥοπὴ,
3341 5056 3454 5116 οἷον
3481 5061 3586 5129 γῆς
3631 5058 3730 5127 μὲν
3762 5055 3858 5107 ἐπὶ
3880 5049 3943 5104 τὸ
3973 5049 4073 5143 μι-

2483 5184 2596 5232 σον,
2638 5141 2813 5234 πυρὸς
2842 5163 2899 5216 δὲ
2942 5161 3035 5214 ἐπὶ
3058 5158 3120 5212 τὸ
3150 5156 3286 5211 άνω·
3316 5155 3377 5206 ὲν
3402 5152 3459 5205 δὲ
3484 5153 3600 5212 τοῖς
3633 5148 3849 5217 ἔχουσιν
3877 5141 4072 5234 αἴσθη-

2481 5275 2567 5311 σιν
2600 5233 2781 5327 ὄρεξις
2822 5254 2917 5309 τοῦ
2966 5252 3172 5305 οἰκείου
3212 5244 3483 5300 καὶκατὰ
3528 5241 3714 5311 φύσινο
3754 5239 3814 5332 ὲν
3849 5235 3908 5332 δε
3956 5233 4074 5332 τοῖς

2481 5325 2686 5420 νοεροίς
2720 5349 2813 5402 καὶ
2833 5345 3076 5414 λογικοῖς
3103 5342 3326 5410 θέλησις
3356 5337 3393 5408 ἢ
3430 5334 3646 5402 ἀγάπη,
3690 5327 3833 5420 μετά
3852 5325 3952 5396 τὴν
3977 5325 4074 5420 τοῦ

2480 5413 2642 5512 λόγου
2680 5440 2925 5513 κρίσινῆ
2971 5436 3285 5506 στέργουσα
3334 5430 3433 5482 κα.)⁵
3459 5423 3733 5495 ἀγαπῶσα
3787 5418 3850 5472 τδ
3882 5413 4071 5485 κριθὲν

2481 5537 2711 5605 ἀγαθὸν,
2747 5534 2779 5603 ἢ
2812 5529 3130 5585 τούναντίον
3167 5524 3469 5593 φεύγουσα.

774 5601 845 5705 ίιδε
878 5601 1062 5701 autem
1087 5658 1209 5714 qua:
1234 5601 1547 5709 ihtelliguut
1574 5652 1639 5691 ac
1663 5633 1873 5690 ratione
1893 5641 2144 5701 utuntur,
2215 5632 2473 5687 voluntas
2548 5646 2643 5685 seu
2689 5627 2948 5690 dilectio;
2982 5637 3106 5693 qua:
3181 5627 3307 5689 post
3365 5611 3596 5670 rationis
3638 5606 3930 5681 judkiumi
3982 5601 4072 5655 Vel

774 5744 1140 5814 amplxtalur
1167 5756 1230 5794 ae
1254 5738 1463 5807 diligat,
1505 5733 1650 5806 quod
1674 5732 1882 5803 judicio
1925 5731 2131 5787 bonum
2159 5728 2447 5799 probatum
2478 5735 2589 5791 est,
2628 5724 2708 5781 vel
2740 5719 3081 5780 contrarium
3116 5720 3361 5784 respuat.

850 5862 905 5932 (τι
919 5862 961 5935 i,‘
1002 5859 1064 5918 Ο.
1081 5872 1153 5918 ut.
1185 5859 1275 5915 57.
