4442 6440
396 371 502 430 537
1376 376 1472 433 DE
1512 375 1937 434 PRlNClPlIS
1981 374 2187 431 FlDEl
2229 378 2682 437 C-i'l‘llULlCzE.
3510 379 3613 436 513?.

463 477 678 543 Ταύτην
722 476 901 529 τοίνυν
949 477 1049 546 τὴν
1088 478 1358 549 ἀγάπην,
1410 482 1509 549 τὴν
1561 483 1670 533 τῶν
1721 478 2032 547 λογικῶνΑ
2135 489 2211 539 Ha

1856 480 1960 531 ιιῶν
1986 478 2032 534 Α
2135 489 2283 539 Hanc
2322 487 2504 552 itaque
2546 484 2913 546 dilectionem,
2945 497 3064 551 qua:
3094 483 3369 535 utentium
3411 483 3610 535 ratione

395 568 657 634 ἰδιότητα,
688 566 855 634 φησὶν
882 562 1023 618 εἶναι
1081 570 1174 619 καὶ
1221 571 1280 621 ὲν
1336 569 1414 636 τῷ
1464 570 1590 637 θείῳ
1636 571 1749 637 NG).
1785 571 1954 621 Πόθεν
2060 593 2149 645 pro

1856 571 1954 621 έθεν
2060 578 2359 645 proprietas
2390 576 2696 636 exsistit,in
2717 575 2894 627 divina
2915 588 3130 641 quoque
3159 573 3331 624 Mente
3348 574 3610 625 exsistete

394 658 507 725 γὰρ
543 657 769 709 ἄλλοθεν
799 650 867 722 ἦν
901 653 968 708 ἂν
997 656 1055 708 ἑν
1087 659 1217 725 ἡμῖν
1240 659 1301 709 τὸ
1333 659 1539 724 ἀγαθὸν
1570 662 1663 711 καὶ
1689 661 1719 725 ἡ
1754 660 1958 710 τελειό-
2058 669 2143 719 dic

1854 660 1958 709 ειό-
2058 668 2209 719 dicit.
2244 666 2394 720 Unde
2427 666 2568 717 enim
2606 664 2823 717 aliunde
2856 674 2997 716 esset
3038 666 3089 715 in
3124 664 3280 715 nobis
3313 668 3513 714 bonum
3550 676 3608 711 ac

394 750 629 821 rquh
669 748 878 799 ἐκεῖθεν
910 748 1114 815 ἥκοντα
1150 750 1306 816 ἡμῖν,
1342 751 1398 799 ὲν
1423 742 1465 813 ᾦ
1490 750 1639 802 πᾶσα
1682 750 1957 815 τελειότης
2064 772 2148 823 ρετ

1856 767 1957 815 ιτης
2064 756 2341 823 perfectio,
2374 756 2477 809 nisi
2517 754 2583 807 ad
2620 768 2719 806 nos
2743 769 2803 806 ex
2836 753 2926 805 illo
2954 754 3182 811 veniret,
3216 754 3265 803 in
3299 766 3407 819 quo
3433 767 3610 801 0|“an

398 838 587 897 ἁπλῶς
619 837 1021 907 ὑπεριδρυμένη
1059 842 1295 904 νοεῖται;
1353 842 1510 892 Κατὰ
1538 841 1644 908 γὰρ
1674 842 1764 891 τὸν
1816 840 1960 890 θεῖον
2061 860 2152 913 per

1860 844 1960 890 εῖον
2061 844 2319 913 perfectio
2343 844 2664 912 simpliciter
2683 844 2985 910 eximieque
3009 841 3325 907 intelligitur
3347 841 3576 893 residere
3595 843 3614 871 ο

399 931 678 983 Διονύσιον
735 932 873 998 (35),
930 933 986 983 αἱ
1043 935 1101 985 ὲν
1150 936 1262 994 τοῖς
1315 936 1578 993 αἱτιατοίς
1626 935 1962 1002 τελειότητες
2065 934 2134 986 Ut

1858 951 1962 1002 ιτες
2065 934 2134 986 Ut
2173 935 2313 986 enim
2347 943 2538 986 auctor
2578 943 2662 985 est
2698 934 2913 984 divinus
2955 932 3263 998 Dionysius,
3296 945 3414 996 qua:
3443 931 3494 981 in
3534 930 3612 980 el-

396 1022 584 1087 ττολλῷ
614 1022 881 1090 πρότερόν
915 1023 1053 1073 εἰσιν
1077 1025 1136 1075 ὲν
1168 1026 1281 1085 τοῖς
1312 1025 1531 1085 αἰτίοις.
1568 1024 1689 1075 Τῶν
1725 1026 1824 1090 μὲν
1856 1026 1963 1092 γὰρ
2067 1021 2148 1076 fec

1858 1026 1963 1092 γὰρ
2067 1021 2222 1076 lectis
2271 1022 2627 1089 perfectiones
2662 1034 2806 1080 sunt.
2836 1024 2992 1090 longe
3046 1022 3195 1089 prius
3245 1019 3513 1073 exsistunt
3561 1019 3612 1068 in

399 1110 462 1161 ὲν
492 1110 624 1178 ἡμῖν
652 1112 840 1163 κακῶν
881 1112 1302 1180 (ἐλαττωμάτων
1331 1112 1477 1177 λέγω
1511 1112 1607 1163 καὶ
1651 1110 1964 1180 ἐλλείψεων)
2066 1124 2153 1162 car

1867 1111 1964 1180 ων)
2066 1111 2266 1164 causis.
2296 1108 2556 1165 Malorum
2605 1112 2819 1179 quidem
2849 1128 2967 1179 quae
2998 1122 3121 1163 sunt
3160 1111 3212 1161 in
3250 1109 3405 1161 nobis
3431 1109 3448 1175 (
3473 1105 3621 1158 defe-

400 1199 631 1269 οὐδεμία
658 1198 809 1270 χώρα
837 1200 916 1270 τῷ
936 1201 1077 1270 Θεῷ,
1110 1202 1220 1255 τῶν
1268 1202 1324 1255 δὲ
1355 1204 1412 1255 ὲν
1445 1204 1579 1270 ἡμῖν
1612 1202 1968 1270 τελειοτήτων
2069 1213 2154 1257 ctu

1864 1219 1968 1254 των
2069 1213 2251 1257 ctuum
2282 1202 2487 1256 scilicet
2517 1217 2579 1255 ac
2599 1202 2873 1267 vitiorum)
2897 1202 2947 1253 in
2982 1202 3089 1253 Deo
3119 1200 3299 1253 nullus
3322 1208 3404 1252 est
3430 1198 3581 1250 lerus
3608 1216 3618 1247 :

402 1292 502 1343 καὶ
539 1292 700 1344 πάνυ.
729 1292 937 1345 Αὐτίκα
968 1294 996 1344 ὸ
1042 1296 1140 1362 τῆς
1197 1295 1390 1360 σοφίας
1418 1295 1647 1362 ὁρισμὸς
1706 1312 1725 1343 ε
1765 1292 1969 1359 γνῶσις
2069 1310 2156 1363 per

1869 1310 1969 1353 tot;
2069 1294 2460 1363 perfectionum
2514 1307 2641 1355 vero
2691 1294 2736 1346 si
2785 1308 2909 1360 quae
2960 1291 3119 1344 nobis
3168 1296 3507 1356 competunt,
3543 1287 3623 1339 vel

404 1384 568 1436 θείων
604 1386 698 1435 καὶ
726 1382 1086 1452 ἀνθρωπίνων
1125 1384 1464 1453 πραγμάτων
1487 1385 1688 1439 ἐστίν.»
1732 1385 1970 1452 Ἐνήμῖν
2072 1400 2158 1437 ma

1879 1386 1970 1451 μῖν
2072 1385 2325 1438 maxime.
2352 1383 2615 1437 Nimirum
2640 1382 2926 1450 Sapientiae
2954 1381 3200 1434 definitio
3221 1389 3324 1439 est,
3363 1398 3379 1429 ι
3414 1378 3629 1429 Divina-

407 1476 514 1546 μέν
539 1493 623 1528 τοι
648 1475 851 1537 ἀτελῶς
882 1478 978 1529 καὶ
1006 1478 1389 1544 μεταϐατικῶς
1422 1479 1456 1545 ὴ
1489 1476 1651 1543 σοφία
1683 1477 1971 1547 θεωρεῖται
2074 1491 2161 1527 rur

1874 1479 1971 1527 ἷται
2074 1490 2194 1527 rum
2233 1477 2697 1540 humanarumque
2734 1487 2909 1524 rerum
2933 1471 3223 1538 COgnitio.i
3244 1468 3365 1522 Ηεεε
3388 1483 3549 1536 porro
3577 1468 3628 1519 iu

407 1568 553 1621 κατά
582 1570 679 1637 τὴν
712 1568 939 1635 δύναμιν
965 1567 1059 1621 τοῦ
1089 1570 1358 1636 ἡμετέρου
1392 1567 1510 1620 νοῦ·
1540 1568 1649 1621 ἀπὸ
1677 1568 1787 1636 γὰρ
1818 1566 1971 1620 τδῦδε
2076 1564 2161 1617 nol

1873 1566 1971 1619 ιῦδε
2076 1564 2232 1617 nobis
2252 1561 2562 1630 imperfecte
2583 1569 2636 1613 et
2660 1575 2781 1613 cum
2800 1562 3047 1613 discursu
3072 1568 3327 1626 motuque
3356 1575 3415 1609 cx
3444 1573 3551 1609 uno
3577 1558 3627 1608 in

411 1660 507 1712 ἰπὶ
531 1659 647 1711 τόδε
681 1659 876 1728 χωρῶν
925 1658 1329 1726 μεταϐατικῶς,
1358 1661 1453 1712 καὶ
1483 1659 1582 1711 οὐκ
1628 1658 1843 1725 ἀθρόον,
1887 1658 1975 1709 διὰ
2078 1655 2165 1707 alit

1887 1658 1975 1709 διὰ
2078 1654 2243 1716 aliud,
2277 1667 2372 1720 pro
2404 1651 2600 1705 mentis
2627 1660 2829 1703 nostra:
2861 1651 3134 1708 facultate,
3165 1648 3516 1715 conspicitur.
3553 1647 3632 1696 Ab

407 1746 520 1798 τῶν
566 1747 885 1816 προτάσεων
921 1747 1014 1799 ἐπὶ
1059 1748 1120 1799 τὸ
1156 1748 1531 1817 συμπέρασμα
1566 1748 1809 1817 καταντᾷ
1837 1764 1851 1777 ’
1902 1746 1978 1815 τῷ
2010 1786 2051 1839 Β
2082 1746 2161 1797 11οε

1902 1746 1978 1815 τῷ
2010 1786 2051 1839 Β
2082 1746 2183 1798 hoc
2202 1744 2345 1798 enim
2381 1743 2446 1796 ad
2480 1742 2607 1795 illud
2634 1742 2871 1809 procedit
2894 1756 2955 1794 ac
2981 1742 3198 1801 transit,
3224 1755 3324 1793 nec
3353 1736 3633 1823 confestim

408 1838 469 1890 δὲ
495 1838 615 1907 Θεῷ
649 1840 710 1892 τὸ
746 1841 846 1908 μὲν
873 1838 1075 1906 γνῶσιν
1116 1836 1257 1894 εῖναι
1291 1841 1452 1893 θείων
1482 1842 1576 1893 καὶ
1622 1839 1980 1909 ἀνθρωπίνων
2010 1817 2051 1839 υ
2081 1851 2162 1905 pel

1884 1858 1980 1892 νων
2010 1817 2051 1839 υ
2081 1851 2176 1905 per
2204 1834 2510 1903 praemissas
2532 1835 2596 1885 ad
2621 1832 3018 1887 conclusionem
3044 1831 3276 1885 devenit.
3306 1829 3411 1881 Deo
3435 1817 3638 1890 autem,

416 1931 761 1998 πραγμάτων
812 1932 969 1984 τοῦτο
1012 1932 1108 1999 τῆς
1157 1930 1350 1998 σοφίας
1404 1929 1757 1998 ἀνατίθεμεν,
1804 1928 1983 1997 πολλῷ
2085 1927 2146 1978 ad

1882 1928 1983 1997 λλῷ
2085 1927 2146 1978 ad
2175 1924 2489 1993 sapientiam
2519 1925 2660 1990 quod
2689 1924 2900 1986 attinet,
2935 1938 3100 1976 unum
3144 1923 3247 1975 hoc
3290 1921 3636 1979 ascribimns,

422 2018 608 2086 μεῖζον
657 2022 754 2073 καὶ
785 2020 1255 2094 ὑπεροχικώτερον
1287 2021 1381 2073 καὶ
1424 2021 1749 2090 τελεώτερον
1778 2036 1793 2049 ·
1829 2021 1897 2072 τὸ.
1926 2019 1981 2071 δὲ
2084 2031 2176 2083 qut

1887 2042 1897 2072 ι
1926 2019 1981 2071 δὲ
2084 2016 2224 2083 quod
2244 2028 2324 2071 est
2348 2017 2653 2070 divinarum
2679 2016 3150 2081 humanarumque
3177 2028 3355 2066 rerum
3384 2012 3641 2079 cognitio,

420 2110 480 2160 ὲν
508 2110 639 2178 ἡμῖν
665 2112 730 2177 τῇ
760 2111 922 2178 σοφίᾳ
956 2110 1320 2178 συμϐαίνοντα
1349 2111 1791 2182 ἀπορῤίπτομεν.
2084 2110 2172 2162 lon

2084 2110 2243 2177 longe
2298 2124 2429 2163 sane
2490 2107 2658 2175 magis
2711 2107 3170 2173 excellentiusque
3222 2120 3282 2157 ac
3314 2103 3644 2171 perfectius;

2087 2215 2205 2267 qua:
2226 2213 2355 2252 vero
2387 2198 2437 2250 in
2492 2197 2647 2251 nobis
2690 2196 2969 2263 sapientia:
2998 2194 3272 2256 accidunt,
3314 2195 3427 2246 inec
3482 2194 3647 2262 proji-

2086 2291 2279 2345 cimus.

493 2368 709 2439 Ὠσπερ
738 2365 833 2421 οὖν
866 2365 1022 2432 αὖθις
1072 2370 1098 2421 ὁ
1144 2370 1277 2433 Θεὸς
1308 2370 1467 2423 οὐσία
1499 2373 1592 2424 καὶ
1622 2371 1740 2424 ἔστι
1776 2372 1871 2425 καὶ
1902 2371 1989 2424 λέ·
2157 2383 2247 2449 ραι

1902 2371 1989 2424 λέ⁴
2157 2381 2619 2449 Quemadmodum
2646 2382 2806 2449 igitur
2832 2396 3021 2434 rursus
3048 2380 3188 2435 Deus
3212 2389 3264 2435 ct
3294 2388 3373 2434 est
3400 2379 3650 2433 substan-

422 2478 583 2530 γεται
602 2474 620 2494 ⁶
650 2461 874 2529 λέγεται
909 2457 966 2514 δὲ
997 2462 1089 2515 καὶ
1116 2463 1144 2514 ὀ
1171 2461 1480 2532 ἄνθρωπος,
1504 2466 1599 2518 καὶ
1628 2464 1859 2516 ἕκαστον
1884 2464 1989 2515 τῶν
2094 2477 2167 2529 ua

1898 2464 1989 2515 πῶν
2094 2477 2167 2529 tia
2205 2485 2258 2529 et
2280 2480 2661 2539 nuncupatur;
2702 2455 3045 2538 nuncupatur
3090 2487 3217 2524 vero
3270 2472 3429 2525 etiam
3466 2470 3652 2531 homo,

425 2552 550 2605 καθ’
595 2552 761 2605 ἑαυτὸ
802 2550 1160 2620 ὑφεστώτων
1205 2553 1303 2605 καὶ
1344 2554 1479 2623 ὅπερ
1519 2554 1618 2623 μὲν
1666 2556 1766 2623 τῆς
1800 2556 2025 2617 οὐσίας·
2092 2580 2154 2620 ac

1907 2556 1992 2617 ίας
2020 2580 2025 2585 ·
2092 2580 2154 2620 ac
2183 2564 2443 2634 quidquid
2476 2564 2526 2616 in
2560 2562 2719 2617 rebus
2747 2577 2837 2631 per
2872 2577 2929 2616 se
2958 2562 3229 2616 exsistcns
3258 2573 3359 2615 est.
3383 2559 3654 2628 Quidquid

425 2642 522 2695 καὶ
549 2640 643 2694 τοῦ
667 2640 791 2695 καθ’
824 2643 990 2695 ἑαυτὸ
1014 2643 1351 2712 τελειότητος
1369 2644 1549 2713 ἔχεται
1569 2645 1747 2715 (τοῦτο
1764 2646 1819 2699 δέ
1847 2646 1994 2700 ἐστιν

425 2733 456 2783 ὁ
485 2732 611 2801 ὅρος
639 2733 833 2801 αὐτῆς,
864 2734 922 2795 ὅς
958 2734 1073 2786 ἐστι
1122 2735 1358 2803 πρᾶγμα
1402 2736 1791 2806 αὐθύπαρκτον
1830 2736 1997 2806 μηδε-

431 2822 520 2884 νὸς
552 2822 740 2890 ἑτέρου
775 2822 914 2891 πρὸς
974 2823 1236 2877 σύστασιν
1288 2826 1564 2895 δεόμενον)
1619 2827 1775 2878 τοῦτο
1812 2828 1994 2879 τοίνυν

429 2913 760 2982 ἀνατίθεμεν
799 2914 875 2983 τῷ
906 2913 1076 2977 ὅντως
1115 2915 1229 2969 ὄντι
1258 2916 1413 2987 Θεῷ·
1462 2917 1522 2969 τὸ
1555 2916 1612 2970 δὲ
1657 2919 1760 2970 ὑπὸ
1804 2920 1996 2988 χρόνον

430 3000 573 3058 εἶναι
599 3007 690 3060 καὶ
717 3006 1002 3060 ἀλλοίωσιν
1030 3009 1124 3060 καὶ
1150 3008 1379 3079 φθορὰν,
1404 3009 1505 3063 ᾶπε
1516 3026 1548 3077 ρ
1577 3009 1679 3077 τῆς
1706 3011 1762 3061 ὲν
1788 3011 1995 3077 γενέσει

2094 2672 2224 2709 vero
2260 2653 2601 2724 substantia,
2631 2666 2693 2704 ac
2724 2652 2843 2718 ejus
2872 2654 3012 2717 quod
3052 2659 3135 2703 est
3168 2666 3261 2717 per
3280 2666 3337 2704 se
3377 2665 3517 2709 esse,
3538 2664 3659 2717 per-

2097 2744 2344 2800 fectionis
2377 2752 2459 2797 est
2493 2741 2636 2810 (qua:
2671 2741 2930 2794 nimirum
2970 2741 3081 2807 ipsa
3128 2740 3246 2807 ejus
3278 2740 3525 2791 definitio
3556 2750 3657 2800 est,

2098 2854 2182 2892 res
2208 2836 2415 2890 scilicet
2440 2848 2534 2903 per
2558 2848 2615 2887 se
2636 2833 2927 2895 exsistens,
2954 2848 3072 2900 qua:
3104 2841 3161 2884 ut
3195 2833 3481 2893 consistat,
3514 2831 3663 2883 nullo

2097 2937 2355 3000 prmterea
2401 2925 2598 2995 egeat),
2636 2923 2737 2977 hoc
2780 2924 2964 2989 utique
2998 2926 3070 2986 ci,
3116 2924 3206 2990 qui
3239 2938 3362 2975 vere
3417 2930 3519 2984 est,
3558 2922 3663 2974 Deo

2097 3023 2412 3078 tribuimus.
2438 3020 2599 3086 Quod
2620 3029 2703 3073 est
2730 3034 2859 3072 vero
2885 3019 3181 3070 obnoxium
3208 3032 3326 3071 esse
3359 3015 3585 3085 tempori
3615 3027 3667 3069 et

437 3099 533 3151 καὶ
567 3099 744 3169 φθορᾷ
792 3098 924 3170 ὕλης
960 3100 1295 3154 καθεστᾶσιν
1355 3101 1487 3164 tota,
1531 3102 1808 3165 παντελῶς
1861 3100 1995 3153 Θεοῦ
2025 3112 2069 3176 c
2104 3132 2191 3170 mu

1913 3100 1995 3152 Ξοῧ
2025 3112 2069 3176 C
2104 3113 2391 3170 mutationi
2426 3121 2480 3167 et
2508 3109 2867 3177 corruptioni,
2921 3124 3042 3177 quae
3076 3118 3202 3162 sunt
3249 3109 3468 3176 prppria
3500 3117 3667 3161 mate-

433 3191 779 3261 ἀφαιροῦμεν
799 3208 815 3222 ο
847 3193 1111 3253 ὡσαύτως
1144 3196 1239 3245 καὶ
1270 3194 1361 3246 ἐπὶ
1394 3193 1731 3263 ἀγαθότητος
1758 3193 1871 3264 ἔχει
1904 3192 2000 3246 καὶ
2110 3208 2187 3262 τίει

1917 3192 2000 3246 (αἱ
2110 3208 2224 3269 εἶξε,
2253 3220 2371 3274 qua:
2409 3205 2522 3273 ipsa
2557 3212 2710 3263 ortus
2746 3216 2809 3255 ac
2842 3201 3094 3254 interitus
3121 3200 3551 3253 vicissitudinem
3591 3200 3671 3253 af-

436 3285 810 3352 δικαιοσύνης,
838 3285 932 3337 καὶ
966 3284 1076 3336 τῶν
1114 3285 1312 3340 ἄλλων.
2111 3299 2189 3354 [ετ

2111 3299 2268 3360 ferat,
2298 3296 2521 3351 omnino
2553 3309 2580 3346 a
2624 3279 2730 3346 Deo
2765 3307 3130 3346 removemus.
3168 3291 3481 3358 Eodemque
3512 3293 3672 3346 modo

2112 3409 2169 3447 se
2190 3390 2350 3445 resin
2375 3388 2613 3442 bonitate
2644 3397 2696 3439 et
2716 3374 2922 3457 justitia
2943 3398 3001 3437 ac
3033 3384 3256 3452 reliquis
3288 3384 3470 3437 habet.

516 3458 580 3513 Ei
600 3460 658 3512 δὲ
689 3460 847 3514 τοῦτο
873 3461 1019 3529 λέγει
1049 3482 1131 3526 τις
1160 3464 1260 3516 οὐκ
1289 3463 1463 3535 ὀρθῶς
1496 3466 1663 3536 ἔχειν,
1694 3469 1879 3521 λοιπὸν
1901 3471 2000 3539 ἀρ·

439 3551 659 3617 μόσειεν
691 3552 757 3606 ἂν
807 3556 950 3606 κατὰ
988 3554 1081 3607 τὸν
1142 3556 1353 3609 ἐκείνου
1390 3557 1549 3624 λόγον
1603 3561 1743 3629 μήτε
1792 3560 2001 3627 οὐσίαν,

439 3646 579 3713 μήτε
615 3645 801 3713 σοφὸν,
835 3646 976 3716 μήτε
1000 3647 1202 3715 ἀγαθὸν
1230 3648 1411 3716 λέγειν
1439 3645 1579 3703 εἶναι
1610 3652 1700 3704 τὸν
1725 3651 1879 3715 Θεὸν,
1915 3653 2002 3705 ἵνα

444 3738 519 3807 μὴ
553 3737 794 3805 δόξωμεν
840 3740 963 3801 ταίς
1018 3740 1390 3809 ἀνθρωπίναις
1428 3742 1521 3793 τὸν
1555 3742 1690 3794 Θεὸν
1726 3760 2003 3813 προσηγο-

441 3828 587 3897 ρίαις
618 3830 819 3898 τιμᾷνο
848 3830 986 3899 ὅπερ
1015 3830 1238 3883 ἄτοπον.
1267 3832 1459 3886 Καίτοι
1486 3832 1683 3902 ἀληθὲς
1707 3837 1904 3899 εἰπεῖν,
1933 3837 2007 3897 ὡς

437 3922 723 3990 ἐλέγομεν,
756 3922 840 3974 ὅτι
869 3922 898 3974 ό
929 3921 1061 3985 Θεὸς
1104 3920 1228 3975 οὕτε
1280 3923 1400 3991 φῶς
1454 3925 1598 3976 ἐστιν
1645 3922 1769 3977 οὕτε
1813 3925 2008 3989 σκότος

439 4014 577 4084 (56),
612 4014 738 4068 οὔτε
768 4014 864 4080 νὺξ
894 4013 1021 4068 οὔτε
1074 4017 1277 4085 ἡμέρα,
1313 4015 1437 4069 οὔτε
1470 4017 1586 4070 τόδε
1618 4018 1651 4088 ἢ
1686 4019 1840 4072 τόδε⁶
1892 4020 2012 4074 ἀλλ’

438 4108 538 4175 οὐχ
566 4106 643 4169 ὡς
666 4106 727 4159 τὸ
764 4108 995 4177 μηδαμῆ
1032 4109 1298 4177 μηδαμῶς
1332 4108 1413 4171 ὃν,
1448 4108 1563 4161 ἀλλ’
1610 4111 1692 4164 ὅτι
1744 4112 1845 4165 οὐκ
1891 4113 2009 4165 ἔστι

441 4197 691 4251 τοιοῦτον
718 4192 832 4252 οἷον
867 4198 1030 4266 ἡμεῖς
1083 4198 1226 4251 κατὰ
1272 4200 1562 4268 διαφόρους
1611 4202 1857 4266 ἐπινοίας
1904 4206 2014 4258 ἀπὸ

441 4291 809 4361 διαφερόντων
825 4291 1105 4358 ὀνομάτων
1130 4292 1487 4362 ὑπονοοῦμεν,
1505 4291 1774 4365 ἀλλ’ὑπὲρ
1797 4298 2012 4352 ἅπαντα

442 4379 516 4432 τὰ
545 4379 674 4434 ὄντα
704 4380 1050 4449 ἀσυγκρίτως
1081 4380 1162 4435 ὄν.

516 4646 674 4703 Κατὰ
701 4647 794 4701 τὸν
823 4646 992 4702 αὐτὸν
1024 4648 1206 4702 τοίνυν
1235 4651 1457 4721 τρόπον,
1494 4656 1525 4722 ή
1571 4652 1760 4723 ἀγάπη
1798 4654 2020 4723 λέγεται

446 4743 549 4811 μιν
583 4742 676 4795 ἐπὶ
702 4741 862 4803 Θεοῦ,
899 4742 1118 4811 λέγεται
1152 4743 1209 4797 δὲ
1249 4747 1344 4798 καὶ
1371 4748 1455 4814 ἐφ’
1492 4748 1650 4815 ἡμῶν
1680 4750 1801 4801 κατ’
1837 4750 2023 4802 εἰκόνα

443 4833 680 4888 ἐκείνου.
729 4832 870 4887 ’Δλλ⁹
893 4834 1053 4905 ἡμῶν
1086 4835 1186 4903 μὲν
1212 4837 1409 4890 ἄπεστι
1440 4838 1704 4901 πολλάκις
1736 4841 1935 4903 ἐκεῖνο,
1958 4834 2018 4893 οὗ

2048 4437 2098 4493 1)

2190 3481 2285 3533 Sin
2319 3493 2446 3530 vero
2483 3475 2605 3544 quis
2640 3473 2692 3526 id
2727 3475 2870 3541 quod
2913 3475 3149 3528 dicimus
3202 3474 3494 3541 improbet,
3528 3489 3590 3527 ac
3622 3490 3680 3529 se

2116 3577 2261 3623 recte
2290 3565 2488 3618 habere
2536 3570 2714 3630 neget,
2754 3562 2909 3629 plane
2944 3576 3007 3613 cx
3055 3562 3175 3629 ejus
3225 3562 3494 3614 sententia
3547 3577 3682 3615 con-

2115 3663 2291 3723 gruat,
2323 3659 2382 3704 ut
2404 3650 2654 3704 dicamus
2682 3643 2850 3702 Deum
2882 3662 3056 3717 neque
3085 3649 3476 3713 substantiam,
3511 3666 3685 3720 neque

2116 3744 2438 3812 sapientem,
2466 3755 2641 3809 neque
2675 3740 2875 3792 bonum
2908 3754 3029 3793 csse
3056 3756 3070 3803 ;
3103 3754 3169 3793 ne
3192 3740 3403 3794 scilicet
3432 3741 3687 3795 humanis

2118 3832 2573 3902 appellationibus
2619 3829 2902 3882 videamur
2944 3831 3120 3898 ipsum
3179 3830 3494 3893 honorare;
3539 3830 3688 3900 quod

2117 3923 2417 3980 absurdum
2478 3932 2580 3978 est.
2613 3920 2934 3991 Quanquam
2996 3921 3139 3976 istud
3193 3937 3377 3976 verum
3411 3922 3561 3976 dictu
3604 3934 3689 3977 est

2120 4016 2285 4088 (quod
2312 4029 2504 4084 nempe
2536 4011 2873 4083 dicebamus)
2909 4014 3074 4068 Deum
3102 4028 3275 4082 neque
3298 4014 3474 4069 lucem
3510 4030 3689 4083 neque

2121 4110 2371 4163 tenebras
2400 4122 2563 4172 esse;
2604 4121 2704 4160 nec
2744 4115 2957 4159 noctem
3013 4120 3111 4159 nec
3146 4107 3314 4168 diem,
3366 4122 3545 4175 neque
3587 4108 3691 4161 hoc

2122 4198 2344 4262 illudve,
2392 4212 2501 4252 non
2544 4198 2688 4251 velut
2720 4197 2770 4249 id
2818 4196 2963 4265 quod
2997 4212 3270 4265 nusquam
3331 4214 3556 4265 prorsus
3587 4207 3692 4257 est,

2124 4288 2218 4344 sed
2247 4289 2376 4359 quia
2407 4304 2513 4343 non
2545 4288 2815 4356 ejusmodi
2846 4297 2951 4351 est,
2987 4288 3145 4355 quale
3182 4303 3277 4341 nos
3307 4302 3401 4355 per
3451 4290 3695 4341 diversos

2125 4388 2424 4446 conceptus
2458 4394 2526 4432 ex
2561 4379 2795 4432 diversis
2843 4378 3158 4433 nominibus
3210 4388 3390 4432 mente
3432 4379 3693 4431 informa-

2127 4483 2247 4523 mus
2279 4482 2341 4523 ac
2370 4468 2751 4538 intelligimus;
2783 4468 2876 4521 sed
2930 4483 3093 4537 supra
3121 4483 3282 4523 omne
3320 4468 3583 4538 quidquid
3616 4478 3698 4523 est

2117 4564 2255 4618 citra
2279 4576 2496 4616 onmem
2521 4560 2982 4631 comparationem
3018 4562 3240 4617 eminet.

2189 4653 2393 4708 Eodem
2435 4654 2618 4723 itaque
2670 4650 2833 4706 modo
2894 4652 3095 4707 dicitur
3126 4654 3344 4722 quidem
3392 4656 3444 4708 in
3481 4654 3590 4709 Deo
3620 4655 3701 4708 di-

2122 4746 2301 4809 lectio,
2339 4744 2541 4799 dicitur
2570 4758 2697 4799 vero
2726 4756 2779 4799 et
2814 4745 2868 4799 in
2918 4746 3075 4801 nobis
3111 4746 3175 4799 ad
3226 4747 3344 4814 ejus
3385 4748 3698 4817 imaginem.

2122 4839 2321 4893 Verum
2367 4838 2522 4891 abest
2566 4836 2890 4905 plerumque
2921 4851 2950 4890 a
2980 4837 3140 4891 nobis
3183 4838 3258 4901 id,
3318 4838 3478 4907 cujus
3515 4853 3702 4892 amore

445 4923 513 4977 ἂν
541 4925 915 4996 ἐρασθείημεν
942 4942 956 4956 ·
1011 4928 1278 4992 πολλάκις
1310 4929 1364 4982 δὲ
1407 4932 1500 4984 καὶ
1534 4931 1739 4998 φαῦλος
1770 4932 1910 5001 ἔρως
1960 4933 2019 4985 ὲν
2119 4929 2199 4985 alii

1960 4933 2019 4985 ὲν
2119 4929 2419 4995 afIicimur;
2480 4943 2580 4983 nec
2614 4943 2740 4983 raro
2780 4928 2944 4983 etiam
2979 4930 3033 4983 in
3068 4930 3223 4984 nobis
3283 4944 3482 4999 pravus
3518 4945 3694 4991 amor,

445 5015 580 5083 ἡμῖν
615 5015 851 5082 γίνεται,
888 5017 1079 5087 φαύλῳ
1112 5020 1491 5089 προαγόμενος
1517 5020 1660 5090 λόγῳ
1681 5036 1695 5051 ·
1721 5020 1800 5090 τῷ
1825 5021 1880 5074 δὲ
1902 5021 2022 5091 Θεῷ

441 5104 601 5159 οὐδὲν
628 5107 835 5174 ἀγαθὸν
869 5108 1122 5173 ἄπεστιν,
1150 5103 1212 5163 οὗ
1245 5110 1312 5162 ἂν
1339 5111 1600 5183 ἐρασθείη
1635 5129 1647 5143 ·
1688 5114 1877 5184 διόπερ
1915 5114 2023 5167 οὐδ’

443 5198 632 5265 ἔφεσις
670 5198 757 5250 ἐπ’
783 5200 933 5267 αὐτῷ
962 5200 1185 5268 λέγεται
1210 5217 1224 5231 ·
1278 5203 1394 5256 ἀλλ’
1422 5204 1574 5257 ὥσπε
1586 5223 1615 5275 ρ
1644 5206 1806 5268 αὐτὸς
1839 5207 2020 5277 ἑαυτῷ

444 5290 564 5341 ἐστι
590 5291 799 5361 νοητὸν,
825 5290 945 5355 ὡςό
973 5294 1334 5362 Δαμασκηνὸς
1358 5296 1545 5365 φησὶν,
1582 5312 1601 5347 ι
1621 5329 1631 5341 -
1653 5296 1712 5350 '0
1747 5296 1879 5360 Θεὸς
1904 5300 2020 5349 νοεῖ

444 5382 638 5436 ἑαυτὸν
668 5384 735 5436 ἐκ
750 5384 851 5451 τῆς
888 5386 1164 5455 μακαρίας
1190 5387 1379 5450 οὐσίας
1419 5387 1608 5440 αὐτοῦ·
1659 5408 1678 5441 ι
1710 5390 1777 5461 ἣν
1802 5391 1868 5459 δὴ
1896 5392 2023 5461 νόη-

446 5492 532 5527 σιν
562 5476 658 5528 καὶ
691 5476 722 5528 ὸ
744 5475 1010 5544 Θεολόγος
1064 5478 1367 5549 Γρηγόριος
1421 5479 1818 5551 αἰνιττόμενος,
1853 5500 1871 5533 ε
1920 5484 2022 5537 Κι-

449 5566 658 5621 νεῐσθαι
704 5586 724 5620 ι
759 5567 910 5639 λέγει
940 5587 961 5622 ε
997 5570 1193 5625 ἑαυτὸν
1219 5574 1285 5644 τῇ
1320 5573 1517 5628 ἑαυτοῦ
1549 5554 1775 5647 θεωρία·
1813 5593 1831 5628 ι
1868 5577 1960 5629 καὶ
1989 5578 2018 5630 ό

528 5750 639 5821 (33)
666 5750 740 5810 De
768 5754 931 5813 divin.
960 5773 1101 5814 nam.
1136 5772 1186 5815 c.
1218 5756 1272 5814 9.
1303 5757 1330 5831 ᾗ
1362 5758 1416 5816 6.

2120 5037 2288 5093 prava
2343 5020 2510 5074 animi
2575 5021 2789 5075 ratione
2843 5030 3086 5089 parente,
3136 5021 3330 5074 oritur.
3373 5022 3479 5074 Deo
3521 5032 3703 5074 autem

2124 5115 2335 5169 nullum
2368 5113 2523 5168 abest
2574 5114 2805 5177 bonum,
2829 5115 3197 5183 quodcunque
3218 5115 3484 5169 amaverit
3511 5132 3525 5181 ;
3565 5115 3707 5167 unde

2132 5224 2233 5264 nec
2254 5208 2548 5277 cupiditas,
2596 5222 2693 5262 seu
2728 5207 3084 5271 desiderium,
3114 5208 3181 5261 de
3212 5207 3304 5261 illo
3338 5207 3575 5270 dicitur;
3610 5206 3706 5259 sed

2132 5300 2274 5356 sicut
2302 5297 2417 5368 ipse
2445 5299 2547 5355 sibi
2572 5308 2657 5354 est
2688 5299 2835 5368 quod
2868 5299 3207 5369 intelligitur,
3238 5306 3294 5350 ut
3316 5298 3392 5351 ait
3421 5298 3708 5369 Damasce-

2132 5407 2270 5445 nus:
2318 5389 2493 5443 «Deus
2525 5390 2638 5458 ipse
2666 5390 2901 5458 seipsum
2939 5406 3004 5444 ex
3030 5390 3185 5443 beata
3228 5389 3467 5443 essentia
3496 5403 3593 5442 sua
3625 5388 3709 5441 in~

2132 5485 2321 5553 telligit
2350 5501 2364 5547 ;
2401 5502 2421 5535 ι
2449 5497 2613 5553 quam
2646 5482 2815 5549 ipsam
2850 5483 3276 5538 intellectionem
3318 5483 3553 5537 innuens
3583 5481 3710 5535 Gre-

2128 5578 2318 5650 gorius
2338 5575 2651 5645 Theologus
2678 5614 2693 5641 ,
2728 5574 2966 5632 «Μονεεί
2993 5592 3119 5632 eum
3144 5576 3220 5633 ait
3265 5578 3317 5634 in
3347 5576 3553 5647 seipso,
3581 5591 3714 5630 con-

2195 5756 2306 5829 (56)
2335 5757 2583 5831 Demysl.
2620 5754 2797 5812 Thcol.
2824 5770 2853 5812 ε
2914 5757 2959 5810 ι.
