4428 6444
384 412 493 473 545

1356 411 1450 467 DE
1487 412 1909 472 PRINCIPIIS
1937 413 2146 472 FlDEl
2180 416 2650 481 (ΖΛΤΗΟΗΕῈ.

3506 428 3610 486 546

380 520 442 568 ὲν
468 513 547 582 τῷ
574 512 722 580 αὐτῷ
760 510 912 574 εἴδει,
944 513 1038 565 καὶ
1088 514 1145 565 ἐν
1172 514 1239 582 τῇ
1269 514 1406 585 αὐτῇ
1436 520 1640 586 μορφῇ,
1671 521 1698 571 ὅ
1722 520 1775 571 τί
1805 520 1936 571 ποτέ
1964 529 2014 587 Λ
2042 530 2126 571 tur

1865 520 1936 570 ιτέ
1964 529 2014 587 Α
2042 530 2157 571 tur:
2200 523 2295 575 sed
2322 524 2436 578 lucc
2461 544 2675 594 quoque
2702 530 2933 582 essentia
2988 546 3086 584 seu
3128 533 3452 593 substantia,
3480 550 3614 586 nna-

380 608 534 656 ἐστιν
566 601 705 663 εἶδος
736 603 852 653 ἐκεῖ
885 604 976 652 καὶ
1008 603 1211 670 μορφή.
1274 602 1368 654 Ἐκ
1421 605 1529 673 γὰρ
1579 608 1765 669 οὐσίας
1794 609 1950 660 οὐσία

382 692 526 743 κατὰ
560 694 720 759 φύσιν
750 692 1069 757 προάγεται,
1103 692 1230 741 ὅταν
1258 692 1318 743 τδ
1349 693 1546 759 ἑαυτῆς
1577 695 1727 755 τέλος
1751 696 1945 763 ἐνεργῇ

380 782 525 832 κατά
551 782 649 849 τὴν
680 782 887 832 οἰκείαν
921 779 1103 845 φύσιν,
1132 783 1225 832 καὶ
1256 782 1313 833 τὺ
1343 783 1494 846 αὐτὸ,
1525 784 1759 854 ἐπείπερ
1782 785 1839 835 ἓν
1863 788 1950 838 ἀεὶ

375 873 441 920 τὸ
466 871 665 921 οἰκεῖον
696 869 847 926 τέλος
878 870 1113 937 ἑκάστῳ.

2049 612 2287 678 queipsa
2322 629 2385 666 ac
2428 612 2765 668 eadcm'rum
2819 619 2909 670 Dei
2948 634 3007 671 ac
3056 622 3229 673 Patris
3260 624 3519 692 essentia,
3558 623 3610 673 iu

2048 702 2235 753 eadem
2294 707 2474 770 specie
2523 708 2818 773 eademque
2869 709 3038 761 l'orma
3078 712 3361 780 (quidquid
3397 714 3610 765 tandem

2053 790 2104 840 in
2129 790 2234 842 Deo
2266 793 2471 858 species
2504 794 2574 846 sit
2601 810 2663 848 ac
2696 797 2887 861 forma)
2936 813 3055 851 esse
3098 800 3457 853 existimetur.
3535 801 3609 853 Ex

2051 880 2351 935 substantia
2386 885 2531 936 enim
2558 900 2652 939 seu
2685 887 2945 946 essentia,
2994 889 3291 941 substantia
3327 906 3388 941 ac
3423 906 3611 944 essen-

386 963 461 1014 tia
508 962 832 1015 naturaliter
853 962 1123 1029 procedit,
1159 976 1281 1015 cuni
1310 962 1397 1017 illa
1446 979 1545 1032 pro
1573 979 1637 1019 eo
1671 980 1732 1018 ac
1759 966 1831 1019 illi
1872 978 2068 1023 natura
2138 985 2514 1041 comparatum
2556 987 2657 1038 est,
2707 993 2864 1030 suum
2925 978 3081 1032 linem
3135 981 3277 1047 agit:
3339 981 3613 1049 idemque,

376 1055 649 1121 siquidem
677 1070 819 1109 unus
854 1070 1068 1122 semper
1098 1056 1293 1124 cuique
1334 1058 1455 1110 linis
1499 1060 1749 1126 proprius
1793 1063 2032 1116 exsistit.

466 1146 627 1197 Ἀλλά
663 1147 769 1214 μὴν
816 1149 849 1214 ὴ
902 1149 957 1199 ὲν
1001 1148 1132 1216 ἡμῖν
1166 1149 1351 1219 ἀγάπη
1384 1149 1478 1200 καὶ
1507 1151 1534 1200 6
1566 1150 1701 1217 ἔρως
1732 1151 1946 1213 διπλοῦς

376 1237 496 1286 ἐστι
520 1236 607 1287 διὰ.
640 1237 739 1303 τὴν
764 1236 873 1286 τῶν
899 1236 1141 1305 ἐραστῶν
1174 1238 1436 1306 διαφοράν
1461 1242 1553 1290 καὶ
1584 1242 1943 1310 ἀκαθαρσίαν.

379 1325 550 1376 Ὅθεν
588 1327 680 1377 καὶ
711 1325 888 1392 φαύλη
924 1328 1007 1392 ἐφ’
1039 1326 1196 1393 ἡμῶν
1221 1328 1428 1392 γίνεται
1450 1329 1659 1398 ἀγάπη,
1689 1332 1817 1383 ὅταν
1849 1350 1949 1384 πα-

382 1419 547 1481 ρόντι
574 1418 883 1482 ἀγαπῶμεν
907 1416 974 1467 τὰ
1011 1417 1189 1483 φαῦλα
1216 1434 1229 1446 ·
1283 1421 1377 1469 καὶ
1430 1420 1740 1486 ἀκάθαρτος
1786 1422 1946 1490 ἔρως,

375 1508 469 1555 ὅτε
499 1506 591 1555 καὶ
619 1506 646 1555 6
675 1499 836 1571 λόγος
860 1506 1016 1572 ἡμῶν
1042 1506 1242 1571 φαῦλος
1270 1506 1327 1568 ἐξ
1356 1507 1599 1575 ἀνάγκης
1630 1509 1797 1560 ἐστίν.
1826 1510 1950 1561 Ἐπὶ

374 1595 434 1646 δὲ
470 1594 547 1660 τῷ
576 1594 692 1661 Θεῷ
725 1594 783 1645 ’ἐν
811 1596 955 1644 ἐστιν
996 1596 1247 1663 ἐραστὴν,
1285 1596 1446 1657 αὐτὸς
1477 1596 1675 1665 ἐαυτῷ,
1711 1600 1803 1649 καὶ
1832 1600 1951 1664 ἀγι-

376 1685 610 1744 ώτατον,
647 1684 863 1735 πάντων
894 1684 1063 1735 ὄντων
1112 1685 1458 1752 ἀσυγκρίτως
1498 1686 1947 1754 ῦπερανῳκισμέ-

376 1791 491 1826 νον.
524 1776 633 1826 Καὶ
665 1776 695 1841 ἡ
736 1774 827 1824 τοῦ
862 1773 995 1824 Θεοῦ
1027 1775 1215 1840 ἀγάπη
1247 1776 1378 1839 ἁγία
1411 1776 1530 1826 ἐστὶ
1562 1778 1655 1827 καί¹
1690 1776 1806 1842 μία.
1841 1776 1948 1827 Καὶ

2118 1157 2430 1222 Enimvero,
2451 1176 2571 1228 qua:
2596 1162 2647 1213 in
2675 1162 2829 1216 nobis
2854 1164 3073 1216 dilectio
3096 1172 3177 1215 est
3207 1180 3299 1217 seu
3329 1179 3480 1217 amor
3513 1167 3615 1220 du-

2049 1246 2169 1312 plex
2200 1256 2300 1307 est,
2338 1248 2406 1301 ob
2449 1264 2633 1301 eorum
2660 1264 2777 1316 qua:
2807 1254 2977 1303 amori
3010 1253 3276 1302 habentur
3310 1254 3605 1309 discrimen

2047 1350 2110 1387 ac
2142 1337 2528 1404 impurilatem.
2579 1340 2730 1415 Unde
2766 1342 2927 1393 etiam
2970 1356 3133 1407 prava
3182 1343 3233 1392 in
3283 1346 3440 1397 nobis
3470 1348 3617 1398 essi-

2050 1428 2145 1476 stit
2170 1428 2407 1489 dilectio,
2438 1444 2558 1480 cum
2623 1446 2709 1483 res
2748 1431 2869 1483 vitae
2904 1432 3083 1497 hujus,
3115 1446 3234 1496 qum
3266 1444 3392 1484 sunt
3418 1448 3615 1499 praue,

2053 1513 2330 1583 diligimus
2358 1535 2371 1570 :
2409 1528 2567 1585 atque
2620 1535 2771 1571 amor
2799 1521 3064 1586 impurus,
3098 1522 3317 1581 quando
3347 1534 3396 1574 et
3430 1536 3615 1576 nostra

2049 1608 2189 1658 ratio
2242 1610 2548 1661 necessario
2609 1626 2774 1675 prava
2830 1621 2930 1663 est.
2972 1611 3027 1661 In
3060 1609 3165 1661 Deo
3198 1622 3376 1663 autem
3408 1616 3616 1665 amoris

2051 1696 2320 1763 olijeetum
2377 1712 2542 1749 unum
2602 1708 2686 1751 est
2741 1699 2876 1766 (ipse
2927 1702 3181 1751 nimirum
3238 1702 3337 1753 Sllll
3395 1703 3519 1768 ipsi)
3558 1718 3620 1755 ac

2050 1788 2493 1847 sanctissimum,
2553 1789 2750 1856 quippe
2803 1804 2961 1857 supra
3019 1805 3104 1841 res
3153 1804 3340 1841 omnes
3412 1792 3621 1844 incom-

378 1863 508 1912 ἐπεὶ
540 1865 608 1913 τὰ
660 1864 898 1929 κρυφίαν
951 1862 1141 1929 ἔχοντα
1181 1862 1278 1931 τὴν
1318 1864 1452 1913 ἰδίαν
1492 1862 1699 1914 ἑαυτῶν
1734 1864 1831 1929 τῆς
1863 1881 1942 1914 κι-
1983 1885 2021 1933 Β
2058 1890 2119 1943 ρει

1869 1881 1942 1914 κι·
1983 1885 2021 1933 Β
2058 1875 2287 1943 parabili
2336 1891 2557 1931 excessu
2606 1879 2850 1932 eminens
2898 1895 2960 1932 ac
2996 1880 3219 1932 elatum.
3264 1880 3448 1932 Divina
3483 1878 3618 1948 quo-

383 1955 589 2021 νήσεως
615 1955 790 2022 ἀρχὴν
820 1954 894 2021 τῷ
918 1952 1008 2004 τοῦ
1044 1953 1352 2021 πνεύματος
1381 1953 1605 2021 ὀνόματι
1639 1952 1907 2021 καλοῦμεν
1932 1971 1947 1986 ο

373 2046 521 2098 οὕτω
557 2047 666 2111 γὰρ
704 2047 796 2097 καὶ
826 2047 949 2105 τοὺς
998 2045 1237 2113 ἀνέμους
1269 2045 1558 2120 πνεύματα
1603 2046 1833 2113 λέγομεν
1863 2047 1951 2098 διὰ.

372 2137 477 2199 τὴν
506 2137 731 2204 ἀδηλίαν
758 2138 858 2204 τὴν
892 2137 984 2189 τοῦ
1015 2136 1136 2190 ὃθέν
1170 2137 1391 2205 προϊασι
1416 2152 1429 2165 ·
1459 2136 1553 2188 καί⁸
1583 2138 1615 2205 ὴ
1654 2137 1772 2188 θεία
1804 2136 1949 2206 αῦτη

377 2227 570 2294 ἀγάπη
602 2227 694 2277 τοῦ
747 2226 882 2279 Θεοῦ
934 2226 1159 2295 Πνεῦμα
1206 2227 1360 2294 ἆγιον
1406 2227 1668 2280 καλεῖται.
1722 2225 1784 2278 Εί
1844 2228 1950 2297 γὰρ

377 2320 477 2370 καὶ
507 2321 539 2387 ὴ
569 2319 692 2372 θεία
728 2320 983 2390 γέννησις
1012 2321 1207 2389 ὲπίσης
1239 2322 1389 2372 ἐστὶν
1421 2319 1613 2389 ἄδηλος
1644 2320 1737 2372 καὶ
1769 2320 1948 2384 ἄγνω-

378 2425 505 2469 στος
532 2410 682 2479 πάσῃ
719 2412 949 2479 γεννητῇ
983 2410 1143 2476 φύσει
1168 2425 1181 2439 ·
1207 2409 1322 2462 ἀλλ’
1346 2406 1442 2462 οῦν
1474 2408 1667 2462 καθότι
1695 2410 1948 2476 γέννησις

375 2500 622 2565 λέγεται,
666 2500 1036 2570 συνηθεστέρα
1069 2503 1219 2570 φωνῇ
1276 2501 1675 2568 γνωριμωτέρα
1711 2500 1804 2551 καὶ
1841 2493 1950 2552 οἷον

374 2590 685 2659 οίκειοτέρα
728 2594 794 2660 τῇ
837 2591 1155 2663 ἀνθρωπίνῃ
1187 2591 1350 2658 φύσει
1398 2592 1544 2643 δοκεί
1577 2591 1722 2661 ἥπερ
1772 2592 1804 2660 ἡ
1857 2591 1947 2643 τοῦ
1986 2634 1991 2642 .

378 2680 540 2746 ἁγίου
573 2680 890 2747 Πνεῦματος
928 2680 1175 2748 πρόοδος.
1203 2681 1314 2748 Τῆς
1346 2682 1456 2750 γάρ
1489 2680 1717 2750 προόδου
1749 2681 1950 2743 ταύτης

378 2772 628 2823 εἰκασίαν
658 2773 780 2824 τινά
823 2772 920 2823 καὶ
954 2773 1263 2839 οἰκειότητα
1290 2771 1486 2841 ῥαδίως
1518 2774 1574 2824 ἐν
1602 2774 1713 2834 τοῖς
1742 2772 1949 2839 ἀνθρω-

381 2866 558 2925 πίνοις
586 2865 764 2933 εὑρεῖν
795 2864 896 2916 οὑκ
941 2864 1107 2916 ἔστιν.
1157 2864 1348 2933 Ἡμεῖς
1383 2864 1439 2915 δὲ
1471 2864 1579 2918 ἀπδ
1608 2864 1713 2914 τῶν
1744 2865 1801 2914 ὲν
1834 2864 1947 2923 τοῖς

378 2956 655 3023 αἰσθητοῖς
682 2957 762 3016 είς
789 2956 995 3008 ἔννοιάν
1024 2972 1143 3007 τινα
1174 2955 1280 3007 τῶν
1307 2954 1486 3007 ἀθλων
1514 2954 1807 3022 ἐρχόμεθα.

2057 1980 2163 2033 que
2201 1967 2417 2020 dilectio
2444 1981 2505 2020 ac
2561 1969 2797 2021 Charitas
2843 1980 3030 2022 sancta
3086 1980 3166 2021 est
3213 1979 3265 2021 et
3306 1985 3433 2024 una.
3484 1969 3620 2032 Quia

2060 2072 2187 2109 vero
2222 2072 2283 2111 ea
2311 2073 2432 2126 qua:
2459 2060 2727 2113 occultam
2766 2061 2966 2114 habent
2997 2069 3176 2115 motus
3222 2064 3304 2115 sui
3336 2063 3620 2128 originem,

2050 2150 2277 2217 spiritus
2322 2150 2541 2204 nomine
2587 2163 2885 2204 vocamus:
2937 2152 3016 2205 sic
3044 2152 3187 2204 enim
3240 2152 3400 2204 etiam
3437 2162 3625 2203 ventos

2060 2239 2394 2306 appellamus
2436 2240 2679 2308 spiritus,
2718 2241 2861 2308 quod
2891 2242 3154 2294 incertum
3190 2242 3347 2294 nobis
3377 2244 3447 2295 sit
3481 2243 3624 2294 unde

2055 2328 2132 2381 illi
2166 2329 2458 2398 procedant
2504 2347 2515 2382 :
2549 2330 2752 2384 idcirco
2784 2331 2965 2384 divina
3000 2332 3111 2383 lucc
3142 2331 3364 2384 dilectio
3393 2346 3455 2383 ac
3486 2333 3624 2385 cha-

2052 2420 2211 2483 ritas,
2250 2419 2487 2488 Spiritus
2542 2420 2631 2474 Dei
2664 2432 2884 2475 sanctus
2916 2422 3240 2489 appellatur.
3298 2420 3621 2487 Quanquam

2048 2508 2213 2561 etiam
2254 2509 2436 2561 divina
2486 2512 2763 2577 generatio
2796 2512 3026 2579 perinde
3066 2514 3284 2565 occulta
3327 2526 3391 2564 ac
3440 2513 3623 2579 ignota

2047 2600 2236 2667 genita:
2264 2604 2409 2654 omni
2439 2611 2643 2655 naturae
2677 2613 2757 2656 est
2793 2621 2805 2656 :
2844 2614 3217 2656 verumtamen
3250 2605 3302 2656 in
3344 2614 3609 2672 quantum

2056 2691 2333 2756 generatio
2387 2702 2612 2747 vocatur
2664 2693 2944 2747 usitatiore
3001 2695 3289 2759 vocabulo,
3346 2696 3525 2748 notior
3565 2710 3629 2748 ac

2056 2779 2206 2832 velut
2232 2766 2558 2836 familiarior
2610 2782 2860 2837 humanae
2919 2794 3128 2838 natura:
3187 2787 3434 2848 videtur,
3467 2801 3627 2854 quam

2056 2866 2293 2936 Spiritus
2326 2874 2498 2927 sancti
2531 2876 2830 2940 processio.
2862 2873 3030 2941 llujus
3064 2878 3206 2929 enim
3254 2879 3624 2946 processionis

2058 2958 2150 3012 vis
2179 2961 2344 3015 ullam
2406 2964 2780 3031 conjecturam
2814 2980 2877 3019 ac
2915 2970 3347 3020 convenientiam
3378 2972 3428 3020 iu
3470 2972 3578 3021 retu
3603 2985 3631 3023 ιι

382 3051 637 3103 humanis
687 3050 932 3103 invenire
980 3065 1272 3118 possumus
1325 3065 1499 3104 :cum
1557 3064 1623 3103 ex
1668 3049 1734 3102 iis
1763 3062 1882 3116 qua:
1912 3050 1968 3104 in
2007 3065 2230 3110 sensum
2280 3060 2503 3124 cadunt,
2560 3060 2628 3113 ad
2675 3060 3002 3127 spiritalium
3076 3063 3324 3114 notitiam
3394 3063 3629 3131 aliquam

381 3157 445 3196 ac
478 3144 772 3209 cogitatum
808 3146 1116 3195 veniamus.

452 3233 586 3295 Θεὸς
612 3233 721 3301 ἄρα
752 3233 901 3283 ἐστὶν
931 3232 959 3283 6
993 3231 1087 3283 τοῦ
1122 3232 1257 3284 Θεοῦ
1286 3234 1459 3299 Λόγος
1484 3250 1496 3262 ·
1527 3233 1656 3296 Θεδς
1682 3234 1737 3285 δὲ
1775 3236 1807 3305 η
1844 3237 1961 3290 θεία
1989 3246 2031 3305 C
2136 3236 2201 3290 De

1878 3237 2031 3305 slac
2136 3236 2278 3291 Deus
2306 3251 2433 3306 ergo
2490 3246 2573 3291 est
2626 3229 2716 3291 Dei
2765 3236 3038 3289 V'erbum:
3096 3238 3237 3291 Deus
3285 3256 3415 3293 vero
3446 3242 3627 3295 divina.

392 3326 631 3391 Ἀγάπη,
684 3324 778 3374 καὶ
828 3322 856 3375 6
906 3323 1066 3384 αὐτὸς
1103 3322 1234 3385 Θεδς
1296 3324 1470 3393 Πατρὶ
1498 3326 1591 3377 καὶ
1618 3324 1731 3394 Υἱῷ
1753 3341 1767 3356 ο
1799 3328 1892 3378 καὶ
1924 3328 1957 3398 ἡ

378 3415 572 3469 τούτου
608 3416 834 3484 πρόοδος
880 3415 1131 3484 ’Λγάπης
1182 3417 1301 3468 ἐστὶ
1335 3418 1582 3485 πρόοδος.
1617 3419 1728 3472 Καὶ
1756 3420 1877 3472 ἐπεὶ
1901 3423 1959 3474 ἐν

381 3508 448 3575 τῇ
477 3504 670 3574 λογικῇ
719 3505 812 3558 καὶ
856 3506 1021 3574 νοερᾷ
1067 3505 1229 3572 φύσει
1270 3505 1361 3557 δύο
1398 3509 1557 3574 μόνον
1583 3507 1676 3558 ἐπὶ
1705 3508 1773 3561 τά
1808 3508 1957 3561 ἔνδον

381 3596 631 3650 νοοῦνται
659 3596 901 3664 πρόοδοι,
930 3597 1026 3664 μία
1054 3597 1150 3662 μὲν
1174 3597 1207 3665 ἡ
1232 3595 1327 3647 τοῦ
1356 3596 1531 3661 Λόγου
1565 3596 1814 3665 πρόοδος,
1835 3599 1959 3651 καθ’

381 3686 451 3757 ἢν
481 3687 592 3739 νοεῖ
639 3686 701 3738 τὸ
742 3686 931 3755 νοητόν
953 3701 965 3713 °
1016 3686 1150 3756 άλλη
1181 3687 1237 3739 δὲ
1273 3689 1304 3756 η
1339 3688 1437 3755 τῆς
1472 3688 1694 3757 ἀγάπης
1730 3688 1763 3758 ἢ
1798 3688 1959 3754 θελή-

383 3794 548 3840 σεως,
577 3776 699 3829 καθ’
727 3776 793 3847 ἦν
834 3776 1045 3844 ἐφίεται
1078 3776 1172 3831 τοῦ
1212 3777 1496 3847 νοηθέντος
1545 3778 1772 3843 ἀγαθοῦ,
1802 3780 1851 3831 εί
1886 3780 1959 3849 μὴ

384 3866 613 3937 παρείη,
644 3866 678 3936 ἢ
734 3868 929 3938 ἀγαπᾷ
958 3867 1120 3921 τοῦτο
1170 3869 1346 3937 παρόν
1374 3884 1389 3900 ο
1418 3870 1719 3936 ἀναγκαῖον
1769 3870 1825 3922 δὲ
1867 3871 1961 3923 καὶ

382 3959 482 4021 τὰς
508 3958 601 4010 δύο
646 3959 901 4027 παρεῖναι
929 3956 1006 4028 τῷ
1036 3956 1165 4027 θείῳ
1190 3957 1284 4026 Νῷ
1339 3959 1519 4023 καθὼς
1549 3960 1840 4013 δέδεικται’
1869 3962 1964 4015 καὶ

384 4051 535 4103 ἔστιν
559 4051 592 4120 η
621 4050 720 4117 τῆς
749 4052 985 4120 νοήσεως
1016 4050 1248 4120 πρόοδος
1276 4051 1308 4121 ἢ
1346 4052 1603 4120 ἐνέργεια
1651 4053 1824 4120 Λόγου
1870 4055 1965 4105 καὶ

386 4142 522 4195 Υίοῦ
546 4157 559 4170 ·
593 4140 839 4193 λείπεται
868 4141 969 4209 τὴν
1008 4141 1221 4207 ἑτέραν,
1257 4144 1427 4211 ῆίουν
1452 4143 1550 4212 τὴν
1579 4145 1800 4212 ἀγάπης
1823 4140 1960 4196 εἶναι

382 4233 481 4286 τοῦ
514 4233 671 4301 άγίου
703 4232 1042 4304 Πνεῦματος.
1070 4233 1163 4285 καὶ
1191 4234 1252 4285 τὸ
1288 4232 1515 4302 Πνεῦμα
1540 4234 1599 4297 τὸ
1633 4234 1788 4301 ἆγιον
1819 4232 1960 4287 είναι

383 4328 486 4395 τὴν
528 4325 678 4379 θείαν
730 4324 998 4393 ’Δγάπην,
1111 4326 1139 4377 6
1173 4324 1304 4387 Θεὸς
1334 4325 1527 4378 ἑαυτὸν
1554 4327 1764 4396 ἀγαπᾷ.

2055 3328 2276 3383 dilectio
2312 3344 2375 3382 ac
2414 3317 2672 3392 Charitas,
2708 3329 2958 3396 idemque
2989 3344 3111 3382 cum
3151 3329 3315 3383 Patre
3351 3341 3515 3399 atque
3545 3331 3634 3383 Fi-

2055 3417 2128 3472 lio
2165 3419 2325 3479 Deus,
2385 3418 2610 3487 ejusque
2659 3420 2963 3487 processio,
3008 3419 3319 3474 dilectionis
3345 3435 3413 3473 ac
3451 3422 3635 3474 chari-

2058 3510 2184 3561 tatis
2206 3509 2485 3576 processio
2516 3520 2621 3562 est.
2659 3502 2928 3576 Quodque
2958 3509 3011 3562 in
3042 3518 3237 3562 natura
3268 3509 3542 3564 sermonis
3579 3511 3631 3563 vi

2057 3614 2151 3651 seu
2186 3599 2435 3661 rationis,
2468 3613 2531 3652 ac
2577 3598 2911 3668 intelligendi
2946 3597 3206 3652 facultate
3238 3600 3487 3667 praedita,
3513 3600 3634 3652 dum

2059 3698 2266 3743 tantum
2328 3690 2559 3743 interius
2616 3688 2991 3754 intelliguntur
3058 3693 3438 3755 processiones
3479 3702 3493 3739 :
3528 3703 3634 3741 una

2070 3780 2290 3849 quidem
2346 3779 2578 3834 rationis
2630 3781 3015 3848 sermonisque
3048 3786 3102 3831 et
3136 3778 3287 3832 verbi
3323 3780 3634 3846 processio,

2067 3883 2174 3937 qua
2206 3867 2473 3935 obiectum
2525 3869 2580 3921 in
2619 3868 2870 3921 notitiam
2905 3868 3107 3925 cadens
3134 3869 3416 3938 intelligit:
3443 3869 3638 3920 altera-

2068 3975 2173 4027 que
2200 3960 2504 4014 dilectionis
2540 3974 2635 4014 scu
2688 3960 3010 4025 voluntatis,
3048 3974 3155 4027 qua
3186 3959 3389 4013 bonum
3424 3942 3644 4012 intelleJ

2062 4062 2154 4106 ctu
2189 4051 2487 4121 cognitum,
2531 4051 2636 4105 nisi
2669 4066 2912 4121 praesens
2970 4053 3063 4116 sit,
3096 4051 3461 4119 concupiscit,
3491 4066 3628 4119 prae-

2062 4158 2190 4197 sens
2257 4152 2437 4197 autem
2503 4143 2703 4212 diligit.
2754 4142 3004 4212 Cumque
3061 4144 3197 4198 adeo
3243 4158 3469 4198 necesse
3526 4143 3631 4204 sit,

2060 4245 2344 4303 utramque
2394 4234 2592 4289 divinae
2627 4235 2797 4288 menti
2838 4236 3053 4301 adesse,
3086 4235 3163 4288 uti
3192 4234 3484 4304 probatum
3510 4240 3632 4287 est:

2058 4327 2235 4393 sitque
2270 4324 2659 4379 intellectionis
2703 4324 3010 4395 processio,
3045 4327 3315 4381 sermonis
3349 4340 3444 4378 seu
3471 4322 3632 4377 Verbi

386 4416 618 4485 Filiique
680 4418 949 4487 operatio,
1005 4426 1256 4486 superest
1327 4418 1551 4471 alteram
1622 4419 1958 4488 (dilectionis
1990 4420 2199 4473 scilicet
2246 4433 2312 4473 ac
2363 4421 2667 4486 charitatis)
2698 4436 2819 4474 esse
2845 4419 3084 4489 Spiritus
3146 4417 3346 4481 sancti,
3410 4427 3638 4482 esseque

387 4514 655 4584 Spiritum
687 4523 934 4568 sanctum
975 4514 1213 4568 divinam
1251 4513 1594 4567 dilectionem
1631 4529 1694 4568 ac
1717 4516 2060 4578 eharitatem,
2085 4530 2193 4584 qua
2220 4514 2358 4568 Deus
2378 4514 2615 4583 seipsum
2651 4514 2845 4583 diligit.

458 4606 714 4659 Τοιοῦτον
743 4606 921 4658 τοίνυν
946 4608 1036 4658 καὶ
1070 4607 1162 4657 ἐπὶ
1199 4604 1297 4672 τῆς
1325 4606 1483 4673 ἀγίας
1513 4606 1731 4675 τριάδος
1768 4606 1827 4658 τὸ
1863 4608 1955 4658 τοῦ
1988 4609 2036 4667 D
2134 4605 2207 4659 Ta

1896 4608 1955 4658 οὐ
1988 4609 2036 4667 D
2134 4605 2262 4659 Tale
2314 4606 2478 4675 igitur
2507 4606 2671 4660 etiam
2737 4606 2789 4659 in
2834 4614 3018 4660 sancta
3064 4602 3327 4655 Triiiitate
3356 4601 3641 4669 Augustini

385 4698 869 4768 Δῦγουστίνουμι)
930 4697 1283 4767 παράδειγμα
1318 4699 1413 4750 καὶ
1465 4697 1575 4750 τῶν
1635 4698 1755 4749 κατ’
1813 4701 1974 4751 αὑτὸν

386 4792 731 4846 διδασκάλων
759 4809 772 4822 ·
804 4791 900 4843 καὶ
932 4790 1049 4843 ἔστι
1078 4791 1187 4843 τῶν
1207 4791 1385 4845 ἄλλων
1415 4791 1856 4861 προσφυέστερον
1880 4792 1973 4844 καὶ

385 4884 741 4951 οἰκειότερον.
778 4882 902 4934 Τῶν
946 4882 1054 4951 γὰρ
1113 4882 1381 4949 θεολόγων
1447 4883 1704 4935 ἀπάντων
1760 4884 1836 4952 νῷ
1882 4883 1973 4934 καὶ

386 4977 533 5044 λόγῳ
562 4975 820 5045 φαμένων
873 4974 1136 5042 ἀνάλογον
1166 4973 1309 5043 ἔχειν
1359 4973 1495 5043 πρὸς
1558 4974 1826 5044 ἀλλήλους
1882 4975 1971 5027 τὸν

391 5066 612 5135 Πατέρα
638 5068 734 5118 καὶ
770 5065 862 5118 τὸν
894 5065 1044 5127 Υἱδν,
1080 5066 1129 5117 οἱ
1158 5066 1254 5134 μὲν
1308 5064 1459 5117 ἄλλοι
1523 5064 1723 5127 πάντες
1758 5066 1965 5135 σχεδὸν,

386 5158 481 5209 τὸν
504 5156 597 5209 τοῦ
616 5156 749 5209 Θεοῦ
781 5157 956 5223 Λόγον
983 5155 1061 5225 τῷ
1088 5155 1222 5225 παρ’
1258 5158 1393 5225 ἡμῖν
1427 5156 1749 5225 προφορικῴ
1784 5173 1972 5226 παρει-

388 5249 619 5311 κάζουσι
658 5248 801 5317 λόγῳ
828 5263 843 5280 ο
877 5250 906 5300 6
937 5249 994 5301 δὲ
1024 5250 1117 5301 ἐπὶ
1152 5250 1246 5301 τὸν
1272 5249 1419 5301 ἔνδον
1453 5248 1616 5315 λόγον
1645 5251 1737 5301 τὸν
1797 5250 1970 5303 ἐνδιά-

388 5342 547 5395 θετον
575 5340 847 5409 λαμσάνει
882 5340 981 5410 τὴν
1011 5340 1328 5410 ὁμοιότητα.
1369 5340 1521 5392 Ἐκεῖ
1572 5341 1704 5409 γὰρ,
1764 5341 1856 5392 καὶ
1910 5341 1970 5393 τὸ

387 5432 515 5485 κατ’
544 5433 753 5496 είκόνα,
783 5435 876 5486 καὶ
903 5436 931 5486 6
954 5432 1171 5501 πρῶτος
1205 5432 1363 5500 λόγος
1388 5430 1513 5485 καθ’
1538 5432 1596 5484 ὃν
1627 5431 1841 5499 λογικοί
1874 5435 1967 5483 ἑσ-

388 5526 495 5592 μὲν
525 5526 621 5578 καὶ
642 5524 982 5593 καλούμεθα,
1025 5524 1135 5576 εἴτε
1170 5524 1309 5593 μετά
1353 5523 1606 5593 σώματός
1634 5526 1822 5590 ἐσμεν,
1855 5525 1965 5576 εἴτε

386 5620 484 5672 καὶ
517 5618 614 5687 μή.
659 5616 717 5669 ’0
745 5616 802 5670 δὲ
836 5617 929 5670 ἐπὶ
960 5617 1029 5671 τά
1090 5617 1195 5681 ἔξω
1240 5618 1381 5687 ρέων
1444 5604 1600 5677 οὗτος
1660 5616 1818 5681 λόγος
1874 5617 1964 5668 τοῦ

463 5800 574 5856 tell
597 5797 717 5852 Lib.
742 5814 792 5851 ν.
869 5846 877 5851 .

2075 4714 2139 4753 ac
2172 4701 2483 4769 sequacium
2518 4697 2802 4751 doctorum
2826 4695 3165 4763 exemplum;
3198 4704 3388 4762 estque
3426 4695 3650 4762 reliquis

2074 4791 2487 4846 counaturalius
2561 4802 2625 4842 ac
2682 4788 2856 4856 magis
2926 4786 3259 4854 appositum.
3324 4784 3461 4838 Nam
3521 4800 3647 4839 cum

2072 4898 2262 4936 omnes
2326 4880 2558 4947 theologi
2615 4880 2829 4933 Patrem
2882 4878 3068 4931 dicant
3107 4892 3169 4930 ac
3227 4874 3423 4930 Filium
3487 4880 3565 4931 sic
3589 4894 3650 4931 se

2072 4974 2211 5027 inter
2262 4988 2319 5026 se
2353 4970 2587 5039 quadam
2617 4974 2967 5039 proportione
3014 4968 3232 5027 habere.
3260 4983 3323 5021 ac
3348 4984 3406 5023 se
3443 4970 3643 5023 habent

2075 5079 2229 5119 mens
2284 5078 2347 5117 ac
2402 5064 2656 5125 verbum;
2713 5062 2804 5113 alii
2857 5059 3077 5130 quidem
3122 5058 3231 5112 fere
3258 5073 3450 5113 omnes
3480 5060 3650 5115 Deum

2077 5155 2314 5211 Verbum
2347 5166 2668 5225 comparant
2701 5170 2825 5209 cum
2860 5156 3047 5220 verbo,
3085 5156 3227 5222 quod
3257 5156 3397 5223 apud
3434 5172 3531 5209 nos
3556 5173 3651 5208 ore

2076 5247 2378 5318 profertur;
2404 5257 2458 5301 at
2480 5248 2842 5317 Augtlstiuus.
2866 5248 2917 5299 iu
2955 5246 3201 5299 interiori
3228 5247 3394 5298 verbo
3418 5262 3477 5299 ac
3501 5248 3648 5314 quod

2077 5340 2130 5393 in
2183 5342 2369 5395 animo
2429 5341 2653 5404 residet,
2735 5340 2967 5394 assumit
3040 5338 3480 5393 similitudinem.
3540 5340 3655 5395 Illic

2076 5433 2219 5487 enim
2278 5443 2392 5487 tum
2448 5448 2569 5489 esse
2605 5433 2671 5487 ad
2729 5432 3019 5501 imaginem
3086 5431 3321 5497 positum
3377 5441 3479 5491 est.
3537 5427 3650 5484 tum

2076 5525 2247 5592 prima
2288 5525 2426 5580 ratio
2479 5540 2544 5581 ac
2588 5539 2792 5590 sermo,
2842 5538 2950 5593 qua
3006 5521 3301 5577 rationales
3351 5522 3648 5593 (sermonis

2075 5619 2280 5673 scilicet
2324 5629 2374 5674 et
2419 5617 2568 5672 verbi
2605 5634 2667 5671 ac
2700 5617 2924 5673 rationis
2959 5616 3260 5683 compotes)
3292 5631 3481 5669 sumus
3514 5618 3653 5685 pari-
