4428 6444
763 403 866 464 5U

1954 483 1965 496 ο
2031 410 2425 469 MANUELIS
2461 412 2762 469 eamea;

3916 384 4021 473 διε

763 531 845 569 ιυι·
869 531 933 569 ac
957 531 1233 579 vocamur.
1262 522 1377 574 sive
1401 523 1454 574 in
1479 535 1709 593 corpore
1731 539 2038 590 versamur,
2071 527 2185 580 sive
2214 543 2345 580 non.
2373 529 2428 587 Α
2452 529 2512 580 εν

2270 544 2345 579 ιιι.
2373 529 2428 587 Α
2452 529 2599 581 ἔνδον
2633 530 2792 595 λόγου
2819 529 2939 580 ἐστὶ
2974 529 3332 596 σημαντικός,
3365 528 3456 580 καὶ
3481 527 3786 595 ὁμωνύμως
3829 529 4019 592 ἐκείνῳ

763 607 918 669 Quod
977 624 1103 661 vero
1148 612 1227 664 sic
1274 621 1423 663 extra
1486 619 1708 668 verbum
1758 616 1899 678 ﬂuit,
1946 619 2222 670 interioris
2268 618 2342 669 si-

760 712 925 763 gnum
981 709 1087 763 est,
1136 700 1459 769 diversaque
1513 704 1583 756 ab
1633 704 1726 757 illo
1771 707 1980 759 ratione
2008 708 2198 759 eodem
2226 710 2343 776 ipso

764 789 988 841 nomine
1042 799 1317 844 censetur.
1372 794 1653 861 Siquidem
1708 797 1852 848 enim
1906 814 1971 850 ex
2029 799 2192 851 verbo
2253 799 2344 851 illo

761 880 1039 948 prolatitio
1070 883 1363 939 rationales
1399 897 1451 938 et
1475 887 1540 939 ad
1570 887 1659 939 Dei
1688 888 1979 956 imaginem
2011 889 2340 955 diceremur,

761 969 1035 1037 reliquum
1093 972 1230 1025 foret
1289 990 1465 1043 neque
1530 978 1757 1030 omnino
1820 981 2141 1045 rationales,
2170 996 2343 1050 neque

761 1059 829 1112 ad
873 1060 964 1113 Dei
1020 1062 1307 1131 imaginem
1340 1066 1624 1127 dicendos,
1654 1082 1776 1119 cum
1807 1078 1928 1136 post
1960 1079 2188 1122 mortem
2226 1086 2346 1123 ver-

762 1148 893 1200 bum
935 1152 1081 1217 quod
1127 1167 1221 1203 ore
1278 1154 1552 1220 profertur
1592 1157 1817 1209 minime
1871 1158 2107 1211 habituri
2133 1174 2344 1223 sumus,

764 1254 865 1293 nec
893 1256 1112 1294 aereum
1151 1244 1315 1296 istum
1342 1246 1591 1312 spiritum
1619 1248 1921 1300 trahemus.

840 1330 1080 1385 Verbum
1123 1334 1566 1401 itaqueiuterins
1618 1342 1750 1390 citra
1806 1352 2021 1391 omnem
2060 1352 2342 1407 compara-

765 1424 966 1475 tionem
1000 1425 1236 1477 nobilius
1266 1435 1352 1479 est
1389 1443 1403 1478 :
1459 1428 1616 1480 decet
1644 1443 1772 1481 vero
1806 1441 1863 1481 ut
1893 1430 2053 1482 abiis
2084 1444 2207 1498 qua
2245 1444 2346 1481 nov

764 1516 962 1568 biliora
993 1526 1120 1568 sunt
1144 1531 1208 1568 ac
1238 1518 1714 1581 cent-enientiora,
1754 1519 2065 1571 divinorum
2095 1521 2349 1573 similitu-

764 1605 924 1658 dines
986 1607 1273 1658 ducamus.
1338 1608 1417 1660 Ac
1478 1609 1697 1675 quidem
1754 1623 1875 1675 qua:
1924 1610 2017 1661 alii
2072 1608 2331 1675 afferunt,

764 1697 1233 1765 duntaxatimago
1268 1705 1395 1750 sunt
1441 1716 1454 1750 :
1480 1713 1603 1765 qua:
1632 1713 1761 1752 vero
1792 1699 2157 1775 AuguStinus,
2181 1700 2345 1753 etiam

764 1800 1015 1851 magnam
1042 1787 1456 1840 similitudinem
1489 1788 1726 1842 habent:
1761 1800 1815 1841 ut
1851 1801 1904 1841 et
1934 1790 2167 1845 inﬁdelis
2216 1790 2345 1844 inde

2448 619 2684 683 λέγεται.
2730 620 2789 670 El
2815 619 2924 686 γὰρ
2958 620 3066 669 ἀπὸ
3095 618 3190 669 τοῦ
3226 619 3563 686 προφορικοῦ
3592 619 3750 684 λόγου
3794 618 4006 682 λογικοὶ

2446 712 2539 761 καὶ
2571 709 2695 761 κατ’
2722 709 2908 761 εἰκόνα
2947 710 3042 761 τοῦ
3077 709 3215 761 Θεοῦ
3251 709 3577 777 ἐλεγόμεθα,
3608 710 3855 759 ἐλείπετο
3886 710 4020 760 πάν·

2444 817 2551 862 τως
2590 801 2729 868 μήτε
2784 800 3035 866 λογικοὺς
3093 802 3243 867 ἡμᾶς
3306 796 3443 851 εἶναι
3506 800 3644 866 μήτε
3692 798 4021 849 κατέίκόνα

2445 890 2581 941 Θεοῦ
2613 890 2892 956 λέγεσθαι,
2928 892 3015 942 ὅτε
3052 891 3192 958 μετά
3256 890 3485 941 θάνατον
3543 891 3631 940 τὴν
3691 890 4024 956 προφορικῒιν

2447 980 2603 1046 λόγον
2631 982 2883 1049 οὐδαμῶς
2911 982 3129 1049 ἕξομεν,
3168 980 3287 1033 οὐδὲ
3322 980 3383 1032 τὸ
3414 979 3668 1048 ἐναέριον
3700 979 3859 1029 τοῦτο
3886 995 4022 1029 σπα-

2448 1072 2655 1141 σόμεθα
2676 1072 2917 1141 πνεῦμα.

2524 1336 2690 1387 Ὥστε
2730 1336 2758 1386 ὁ
2798 1335 2947 1387 ἔνδον
2986 1334 3162 1398 λόγος,
3203 1336 3300 1385 τοῦ
3354 1334 3512 1395 ἐκτὸς
3564 1334 3913 1402 ἀσυγγρίτως
3945 1351 4022 1385 τι·

2453 1428 2744 1496 μιώτερυς·
2783 1428 2889 1479 ἀπὸ
2928 1427 2983 1477 δὲ
3017 1426 3125 1477 τῶν
3162 1428 3504 1493 τιμιωτέρων
3544 1426 3633 1496 καὶ
3684 1427 4028 1493 οίκειοτέρων

2449 1516 2740 1585 ὀφείλομεν
2773 1520 2836 1568 τὰ
2867 1519 2984 1568 θεῖα
3016 1516 3327 1578 εἰκονίζειν.
3374 1517 3481 1568 Καὶ
3512 1494 3584 1566 τέ
3614 1516 3711 1583 μὲν
3744 1516 3890 1582 παρὰ
3921 1515 4027 1564 τῶν

2451 1609 2646 1670 ἄλλων,
2696 1608 2861 1660 εἰκὼν
2927 1609 3087 1676 μόνον
3117 1627 3131 1641 ’
3168 1610 3236 1661 τὰ
3290 1608 3344 1660 δὲ
3384 1606 3477 1660 τοῦ
3508 1606 3871 1671 Λύγουστίνου
3930 1605 4022 1655 καὶ

2451 1700 2654 1767 πολλὴν
2678 1698 2777 1769 τὴν
2799 1700 3090 1766 ὁμοιότητα
3122 1698 3233 1766 ἔχει
3258 1714 3273 1729 ο
3300 1698 3440 1750 ὥστε
3491 1699 3586 1749 καὶ
3639 1697 3731 1746 τὶν
3800 1697 4030 1748 ἄπιστον

2452 1791 2531 1849 εἰς
2559 1789 2767 1840 ἔννοιαν
2800 1788 3096 1856 ἀναχθῆναι
3116 1788 3216 1853 τῆς
3246 1788 3409 1853 ἁγίας
3438 1787 3667 1855 Τριάδος
3716 1790 3779 1837 ὲκ
3809 1785 4027 1849 τούτου,

763 1875 828 1926 ad
877 1876 1285 1943 intelligentiam
1349 1877 1634 1930 Trinitatis
1681 1879 2049 1943 provehatur:
2088 1880 2183 1946 qui
2247 1893 2347 1933 nec
2380 1853 2421 1906 Β
2449 1878 2512 1930 τὰ

2285 1893 2347 1933 ee
2380 1853 2421 1906 Β
2449 1878 2518 1930 τὰ
2549 1881 2613 1929 ὲκ
2652 1877 2753 1945 τῆς
2806 1853 2957 1939 θείας
2999 1853 3230 1947 ΫΓραφῆς
3286 1878 3406 1929 οὐδὲ
3445 1853 3678 1929 ἀκοῦσαι
3737 1875 4030 1943 καταδεχό-

762 1966 956 2019 audire
982 1981 1103 2033 quae
1134 1976 1262 2019 sunt
1287 1967 1485 2020 divinae
1510 1968 1811 2037 Scriptura:
1852 1970 2158 2034 sustineat,
2190 1969 2348 2023 dum-

763 2058 927 2109 modo
954 2057 1124 2123 probo
1156 2057 1343 2110 animo
1372 2058 1467 2119 sit,
1492 2058 1813 2128 pollensque
1848 2061 2087 2125 ingenio,
2120 2070 2349 2115 conten-

763 2148 898 2200 tioni
931 2148 1160 2200 minime
1198 2148 1440 2202 studeat.
1487 2148 1796 2203 Admodum
1829 2151 1974 2203 enim
2003 2153 2167 2220 cogit,
2220 2167 2345 2207 cum

758 2248 1019 2306 praeterea
1056 2239 1218 2290 etiam
1248 2239 1558 2293 consentiat
1586 2239 1781 2293 divina:
1809 2238 2125 2309 Scriptum.
2173 2242 2346 2308 Quin-

758 2330 872 2381 imo
923 2344 988 2381 ex
1042 2313 1131 2382 illa
1190 2330 1537 2398 potissimum
1597 2331 1759 2385 habet
1812 2334 2162 2399 probationes
2215 2355 2228 2388 :
2280 2351 2346 2390 ac

756 2418 844 2470 cui
875 2417 1118 2482 libuerit,
1155 2417 1272 2485 ejus
1322 2421 1399 2472 rei
1434 2421 1772 2485 testimonia,
1809 2423 1862 2476 in
1897 2424 1964 2477 iis
1994 2425 2150 2480 libris
2195 2441 2335 2494 quos

757 2510 981 2578 seripsit
1049 2511 1244 2565 beatus
1314 2512 1657 2581 Augustinus
1711 2514 1779 2569 de
1837 2514 2135 2585 Trinitate,
2192 2520 2342 2574 inve-

757 2603 920 2655 "erit.

827 2693 1118 2747 Enimvero
1172 2694 1412 2762 quandiu
1470 2696 1596 2764 quis
1660 2696 1897 2751 Verbum
1966 2697 2163 2752 Filium
2220 2716 2341 2755 esse

754 2784 987 2836 inliciari
1022 2800 1127 2844 non
1159 2788 1385 2853 poterit,
1416 2787 1461 2840 is
1489 2800 1663 2855 neque
1697 2789 1916 2842 Patrem
1951 2806 2078 2845 vere
2106 2791 2340 2846 Mentem

755 2876 937 2928 dicere
962 2876 1262 2929 recusabit:
1293 2892 1401 2929 non
1424 2879 1604 2945 qualis
1631 2879 1772 2945 apud
1808 2896 1908 2933 nos
1931 2896 2086 2936 mens
2103 2892 2208 2947 est,
2230 2885 2343 2937 sive

754 2966 1022 3034 angelica,
1071 2969 1166 3020 sed
1212 2969 1394 3020 divina
1445 2980 1503 3023 et
1547 2970 1785 3036 infinita,
1832 2987 1894 3025 ac
1933 2988 2054 3041 qua:
2086 2976 2341 3028 omnibus

754 3057 1036 3111 mentibus
1065 3059 1278 3114 inﬁnite
1304 3061 1564 3126 emineat,
1597 3061 1759 3130 cujus
1791 3072 1970 3117 tatnen
2034 3082 2190 3121 mens
2234 3066 2336 3120 hu.

2454 1985 2635 2035 μενον,
2670 1969 2831 2037 μόνον
2863 1970 2912 2021 εί
2945 1968 3047 2036 τήν
3076 1968 3502 2036 εὐγνωμοσύνην
3559 1969 3672 2037 ἔχει
3735 1969 3858 2032 μεθ’
3905 1969 4031 2019 Ean-

2450 2060 2565 2122 τοῦ,
2634 2060 2728 2111 καὶ
2751 2058 2878 2112 νοῦν
2926 2060 3085 2127 ἔχων,
3121 2060 3196 2127 μὴ
3281 2059 3610 2125 φιλονεικεῖν
3688 2061 4026 2128 προαιροῖτο.

2449 2152 2659 2222 Πολλὴν
2698 2153 2808 2222 γὰρ
2845 2151 2943 2221 τὴν
2975 2152 3224 2221 ἀνάγκην
3251 2151 3516 2218 ἐπάγεται
3546 2152 3683 2218 μετά
3706 2154 3799 2206 καλ⁵
3838 2153 3930 2205 τοῦ
3961 2156 4027 2222 τῇ

2450 2244 2571 2310 θεία
2604 2244 2796 2311 Γραφῇ
2830 2244 3171 2309 συμφωνεῖν.
3200 2243 3416 2295 Μᾶλλον
3453 2242 3511 2294 δὲ
3541 2243 3749 2295 ἐκεῖθεν
3774 2244 3885 2311 ἔχει
3931 2242 4029 2302 τὰς

2450 2333 2763 2398 ἀποδείξεις
2793 2348 2807 2361 °
2837 2332 2933 2385 καὶ
2975 2336 3067 2395 τὰς
3106 2335 3237 2401 περὶ
3260 2334 3455 2386 τούτου
3501 2334 3855 2403 μαρτυρίαςό
3902 2333 4031 2401 βου-

2455 2427 2680 2495 λόμενος
2715 2428 2938 2497 εὑρήσει
2967 2428 3175 2497 σαφῶς,
3202 2430 3471 2495 ἀναγνοὺς
3501 2430 3567 2481 τὰ
3598 2447 3663 2479 πε
3675 2429 3726 2496 pl.
3765 2426 3951 2479 τούτου
3974 2428 4032 2478 ἒν

2452 2518 2530 2588 τῷ
2553 2520 2681 2588 περὶ
2733 2519 2963 2589 Τριάδος
3015 2518 3208 2588 βιϐλίῳ
3239 2519 3316 2588 τῷ
3379 2518 3637 2590 μακαρίῳ
3686 2517 4033 2587 Αὑγουστίνῳ

2455 2612 2947 2681 συγγεγραμμένα.

2522 2706 2597 2757 Οὐ
2636 2704 2744 2774 μὴν
2795 2703 2913 2755 ἀλλ’
2971 2704 3079 2767 ἕως
3102 2704 3168 2756 ἂν
3224 2702 3298 2771 μὴ
3343 2702 3568 2769 δύνηταί
3615 2719 3700 2762 τις
3753 2700 4034 2769 ἀρνεῖσθαι

2448 2802 2619 2864 Λόγον
2648 2793 2789 2849 εἶναι
2815 2796 2907 2847 τόν
2933 2796 3085 2859 Υίδν,
3116 2794 3237 2847 οὐδὲ
3265 2795 3355 2847 τὸν
3383 2796 3599 2861 Πατέρα
3629 2796 4034 2862 παραιτήσεται

2447 2888 2630 2951 λέγειν
2667 2886 2885 2956 ἀληθῶς
2932 2882 3073 2937 εῖναι
3103 2884 3245 2937 Νοῦν
3264 2902 3279 2916 θ
3306 2885 3402 2952 οὐχ
3459 2880 3569 2934 οἷον
3593 2885 3683 2936 τὸν
3711 2884 3841 2951 παρ’
3877 2885 4031 2952 ἡμῖν,

2447 2981 2598 3051 ἦτον
2626 2978 3099 3046 ἁγγελικὺν,ἀλλά
3162 2978 3302 3029 θεῖον
3362 2978 3456 3029 καὶ
3506 2977 3849 3046 ἄπειρονκαὶ
3897 2980 4036 3029 πάν-

2451 3091 2558 3126 των
2588 3073 2727 3124 νόων
2757 3071 3001 3137 ἀπείρως
3046 3070 3408 3139 ἐξῃρημένον,
3440 3062 3791 3136 παράδειῇια
3857 3070 4037 3134 μέντοι

755 3171 915 3207 mana
964 3154 1271 3220 exemplum
1306 3167 1369 3207 ac
1418 3154 1598 3222 imago
1646 3156 1899 3224 quietiam
1936 3160 2184 3212 cxsismt.
2248 3160 2342 3214 llis
2374 3176 2415 3234 (ζ
2452 3183 2504 3216 τε

2297 3163 2342 3214 is
2374 3176 2415 3234 (ζ
2452 3163 2547 3216 τοῦ
2581 3162 2952 3233 ἀνθρωπίνου,
2999 3165 3089 3213 καὶ
3120 3161 3309 3213 τοῦτον
3334 3161 3525 3212 εἰκόνα
3560 3162 3793 3214 ἐκείνου.
3816 3160 4037 3225 Τούτοις

752 3261 1095 3315 consequens
1120 3244 1197 3308 ﬁt,
1219 3255 1276 3299 ut
1299 3254 1353 3299 et
1370 3245 1715 3300 dilectionem
1742 3251 2057 3302 necessario
2083 3265 2349 3317 ponamus

753 3338 808 3392 in
849 3338 977 3392 Deo.
1016 3336 1111 3391 Est
1144 3339 1288 3391 enim
1323 3338 1435 3391 haec
1461 3339 1728 3392 utentium
1757 3341 1971 3393 ratione
2021 3344 2347 3411 pr0prietas,

754 3433 832 3485 uti
864 3432 1074 3485 dictum
1122 3440 1226 3485 est.
1264 3430 1370 3484 Sed
1404 3443 1459 3485 et
1486 3432 1641 3485 verbi
1709 3449 1776 3486 ex
1832 3443 2016 3489 mente
2076 3438 2353 3504 processio

750 3523 959 3577 clarius
991 3523 1306 3577 manifestat
1339 3539 1460 3577 cam
1492 3526 1931 3592 processionem,
1966 3526 2178 3581 idcirco
2204 3528 2349 3597 quod

751 3617 870 3667 sine
915 3614 1175 3682 passione
1235 3629 1299 3667 ac
1352 3618 1597 3668 materia:
1645 3630 1845 3685 expers
1885 3619 2142 3679 exsistat,
2180 3632 2344 3684 quam

750 3706 988 3759 carnalis
1017 3706 1133 3759 haec
1169 3706 1477 3775 generatio.
1525 3706 1795 3761 Similiter
1847 3723 2066 3777 quoque
2100 3708 2353 3763 dilectio-

753 3797 841 3850 nis
872 3810 937 3851 ex
969 3797 1253 3850 voluntate
1284 3799 1593 3866 processio,
1644 3797 1990 3854 manifestior
2027 3801 2209 3871 imago
2264 3812 2350 3854 est

754 3887 1126 3957 processionis
1155 3886 1397 3956 Spiritus
1428 3888 1604 3943 sancti
1645 3904 1713 3943 ex
1751 3891 1882 3957 Deo,
1936 3874 2100 3979 quam
2153 3905 2354 3964 corpo-

759 3979 888 4032 ralis
926 3979 1041 4032 hrcc
1083 3979 1324 4047 Spiritus
1382 3979 1691 4048 processio.
1749 3979 2120 4046 Quamobrem
2184 3999 2355 4052 penes

757 4071 1006 4124 animum
1066 4071 1336 4125 sumendo
1378 4071 1700 4139 imaginem,
1737 4074 2159 4127 couvenientins
2211 4074 2345 4127 divi-

759 4177 883 4214 nam
946 4170 1183 4214 mentem
1220 4159 1576 4230 Verbumque
1606 4178 1669 4216 ac
1717 4162 2064 4218 dilectionem
2121 4165 2357 4234 appella-

761 4253 982 4316 bimus,
1038 4266 1262 4320 quama
1312 4267 1546 4321 corpore
1600 4255 1992 4323 nuncupando,
2032 4257 2246 4309 Patrem
2302 4265 2355 4310 et

758 4342 960 4397 Filium
990 4352 1043 4395 et
1092 4343 1383 4413 Spiritum.
1444 4343 1582 4407 Quia
1642 4352 1823 4398 tamen
1875 4345 1928 4400 in
1972 4346 2082 4401 Deo
2114 4345 2353 4401 Verbum

762 4451 888 4490 vere
920 4436 1193 4490 exsisteus
1220 4445 1303 4491 est
1336 4446 1390 4490 et
1420 4438 1724 4505 perlectum
1759 4439 1986 4507 parique
2024 4440 2352 4502 substantia,

2454 3258 2510 3308 δὲ
2574 3256 2764 3309 ἕπεται
2827 3256 2920 3307 καὶ
2958 3256 3238 3322 Ἀγάπην
3297 3254 3615 3318 ἀναγκαίως
3670 3253 3877 3306 τιθέναι
3939 3253 4037 3305 ἐπὶ

2454 3346 2590 3400 Θεοῦ
2617 3364 2629 3377 ·
2665 3345 2826 3399 τοῦτο
2858 3344 2968 3414 γὰρ
2999 3345 3106 3396 τῶν
3142 3344 3373 3409 λογικῶν
3407 3342 3626 3410 ἰδιότης,
3679 3343 3755 3405 ὼς
3801 3342 4035 3410 εἴρηται.

2467 3438 2627 3490 Ἀλλά
2656 3438 2751 3490 καὶ
2784 3439 2817 3508 ἡ
2851 3434 3083 3507 πρόοδος
3115 3435 3210 3487 τοῦ
3242 3436 3403 3502 λόγου
3452 3435 3514 3486 ἐκ
3537 3432 3629 3485 τοῦ
3660 3432 3755 3485 νοῦ
3810 3433 4040 3503 ἐναργέ·

2458 3548 2653 3599 στερον
2679 3531 2927 3596 ἐκφαίνει
2965 3530 3066 3599 τὴν
3103 3528 3568 3597 πρόοδονέκεῐνην
3602 3525 3690 3578 διὰ
3716 3527 3777 3577 τὸ
3830 3524 4039 3588 ἀπαθὲς

2457 3624 2548 3676 καὶ
2576 3623 2740 3675 ἀῦλον
2772 3622 2803 3691 ἢ
2844 3621 2984 3689 αῦτη
3017 3623 3049 3690 ἡ
3077 3621 3312 3689 σαρκικὴ
3341 3621 3614 3687 γέννησις.
3676 3616 3910 3686 Ὁμοίως
3944 3618 4041 3670 καὶ

2455 3717 2486 3782 ἠ
2525 3714 2625 3783 τῆς
2649 3713 2874 3782 ἀγάπης
2935 3713 2999 3764 ὲκ
3062 3712 3161 3780 τῆς
3198 3710 3473 3779 θελήσεως
3538 3709 3765 3778 πρόοδος
3798 3710 4037 3777 ἐμφανε-

2459 3804 2626 3873 στέρα
2663 3805 2812 3856 ἐστὶν
2840 3803 3003 3855 εἰκὼν
3049 3803 3149 3872 τῆς
3182 3803 3292 3855 ἀπὸ
3331 3800 3423 3853 τοῦ
3486 3799 3621 3852 Θεοῦ
3674 3799 3904 3868 προόδου
3941 3798 4036 3851 τοῦ

2456 3899 2615 3963 ἀγίου
2648 3897 2987 3965 Πνεῦματος,
3017 3896 3048 3964 ἦ
3083 3895 3222 3963 αῦτη
3258 3896 3291 3963 ἡ
3321 3893 3416 3946 τοῦ
3445 3893 3765 3961 σωματικοῦ
3795 3891 4037 3958 πνεύμα-

2455 4005 2546 4051 τος
2584 3987 2833 4057 πρόοδος.
2871 3985 3033 4037 Ὥστε
3059 3985 3168 4039 ἀπὸ
3204 3985 3301 4053 τῆς
3328 3982 3509 4053 ψυχῆς
3542 3982 3641 4052 τὴν
3674 3983 3858 4035 εξκόνα
3903 3982 4043 4050 λαμ·

2460 4079 2742 4143 ῦάνοντες,
2777 4076 3123 4145 οἰκειοτέρως
3160 4075 3546 4145 προσεροῦμεν
3594 4075 3845 4127 τὸνθείον
3898 4072 4044 4125 Νοῦν

2458 4172 2550 4221 καὶ
2570 4169 2744 4235 Λόγον
2776 4167 2871 4220 καὶ
2899 4166 3151 4236 Ἀγάπην
3177 4167 3209 4239 ἢ
3236 4165 3344 4217 ἀπὸ
3382 4164 3477 4217 τοῦ
3538 4164 3789 4232 σώματος
3820 4163 4044 4233 Πατέρα

2458 4259 2554 4312 καὶ
2581 4259 2711 4311 Υἱδν
2771 4257 2869 4311 καὶ
2923 4255 3154 4326 Πνεῦμα
3209 4256 3374 4310 αὑτὸν
3429 4256 3805 4325 ὀνομάζοντες.
3856 4256 4043 4321 Ὅμως

2459 4352 2581 4404 ἐπεὶ
2609 4354 2637 4403 ὁ
2660 4351 2835 4418 Λόγος
2860 4351 2979 4403 ὲκεῖ
3012 4348 3264 4418 ὑφεστὼς
3294 4351 3409 4401 ἐστι
3446 4349 3540 4401 καὶ
3574 4346 3897 4410 τέλειοςκαὶ
3929 4348 4043 4408 ίσος

2473 4442 2569 4512 τὴν
2597 4443 2784 4495 οὐσίαν
2817 4441 2918 4513 τῷ,
2944 4441 3039 4510 ἀφ’
3081 4436 3143 4495 οῦ
3178 4440 3477 4510 προῆλθεν,
3532 4439 3659 4502 Υἱὸς
3691 4437 4043 4507 ὀνομάζεται,

757 4529 831 4590 ei,
867 4546 929 4582 ex
973 4545 1080 4596 quo
1117 4528 1406 4596 processit,
1456 4527 1628 4583 Filius
1675 4541 2048 4601 nuncupatur,
2099 4545 2364 4588 consueto
2396 4523 2442 4580 υ
2469 4553 2501 4587 κ

2294 4545 2364 4588 :to
2396 4523 2442 4580 υ
2469 4533 2611 4587 κατά
2639 4534 2700 4587 τὸ
2728 4535 2829 4605 τῆς
2862 4535 3204 4603 αἱθρωπίνης
3225 4531 3515 4597 διαλέξεως
3536 4531 3678 4594 ἔθος.
3708 4532 3799 4582 Διὸ
3851 4528 3944 4582 καὶ
3995 4531 4043 4581 οἱ

761 4624 921 4677 nobis
987 4622 1245 4691 loquendi
1300 4637 1523 4691 genere.
1584 4621 1853 4686 Quocirca
1909 4626 2074 4679 etiam
2152 4629 2362 4695 antiqui

760 4715 985 4786 pietatis
1010 4716 1279 4784 magistri,
1307 4730 1371 4770 ac
1406 4716 1751 4785 potissimum
1777 4733 2008 4788 magnus
2034 4719 2367 4776 Athanasius

762 4812 816 4865 in
874 4813 966 4873 iis,
1002 4827 1124 4880 qua:
1175 4811 1444 4864 adversus
1473 4810 1665 4863 Arium
1695 4812 1937 4881 scripsit,
1970 4828 2065 4867 eos
2096 4814 2189 4883 qui
2218 4816 2365 4869 dice-

761 4911 883 4955 rent
915 4916 1039 4954 esse
1067 4900 1266 4953 Filium
1301 4916 1363 4953 ac
1395 4898 1663 4967 Spiritum
1711 4899 1875 4955 Patre
1908 4904 2265 4972 posteriores,
2304 4907 2356 4956 in

761 5009 885 5047 eam
924 4993 1218 5061 adigebant
1268 4995 1691 5059 absur‘ditatcm,
1727 5012 1791 5052 ac
1822 4998 1865 5051 si
1925 4998 2091 5051 Deum
2158 5000 2357 5053 mentis

763 5096 1047 5155 expertem
1101 5102 1164 5139 ac
1193 5088 1496 5143 voluntatis
1535 5100 1862 5144 asserereut.
1920 5090 2033 5144 lloc
2088 5091 2235 5143 enim
2277 5092 2349 5143 illi

760 5181 1059 5233 absurdius
1122 5182 1429 5243 ducebant,
1500 5198 1663 5251 quam
1698 5185 1742 5236 si
1814 5184 2022 5253 absque
2090 5182 2229 5236 Filio
2292 5200 2356 5237 ae

763 5269 969 5340 Spiritu
992 5272 1256 5325 dicerent.
1286 5272 1419 5325 Nam
1448 5272 1548 5328 hoc
1576 5288 1796 5343 quoque
1830 5275 2005 5328 cuivis
2035 5274 2357 5330 substantia:

764 5364 1113 5417 immateriali
1154 5366 1445 5419 tribuetur.
1485 5364 1686 5435 Liquet
1726 5366 1894 5436 igitur
1935 5367 2357 5422 convenientius

762 5456 946 5509 vocati
977 5454 1145 5508 Deum
1178 5467 1412 5510 mentem
1444 5472 1507 5511 ac
1533 5460 1892 5523 voluntatem,
1930 5474 2093 5526 quam
2142 5456 2353 5510 Patrem

764 5562 829 5602 ac
877 5545 1241 5618 Spiraturem.
1321 5547 1493 5604 Porro
1557 5566 1785 5605 summae
1840 5566 1952 5604 rem
2002 5549 2355 5604 absurtlitatis

765 5638 1065 5704 habebant,
1101 5638 1289 5695 inferri
1318 5639 1489 5697 Deum
1524 5651 1705 5696 mente
1728 5657 1917 5697 carere
1954 5656 2016 5695 :lC
2048 5641 2345 5704 voluntate,

843 5828 952 5895 (42)
982 5826 1135 5882 Orttt.
1158 5825 1193 5878 ‘2
1220 5825 1417 5879 Contra
1450 5828 1640 5880 An’un.
1667 5840 1713 5893 p.
1746 5824 1868 5877 552.

2465 4630 2682 4698 ἀρχαῖοι
2721 4627 2833 4696 τῆς
2870 4626 3155 4687 εὐσεϐείας
3198 4622 3532 4683 διδάσκαλοι.
3584 4624 3679 4675 καὶ
3740 4622 3972 4691 μάλιστα
4018 4622 4047 4671 ὁ

2468 4717 2644 4787 μέγας
2707 4716 3026 4777 ’Δθανάσιος
3056 4716 3115 4766 ὲν
3166 4716 3281 4776 τοῖς
3321 4715 3465 4767 κατά
3514 4712 3723 4783 Ἀρείου
3765 4711 3899 4777 (42),
3924 4713 4045 4761 τοὺς

2434 4834 2437 4837 η
2465 4808 2723 4876 λέγοντας
2753 4807 2958 4877 ὓστερα
2986 4805 3081 4859 τοῦ
3107 4808 3318 4876 Πατρὸς
3348 4807 3439 4858 τὸν
3460 4805 3584 4857 Υίόν
3612 4805 3703 4857 καὶ
3731 4803 3792 4855 τὸ
3823 4803 4045 4870 Πνεῦμα

2466 4901 2545 4960 εἰς
2579 4898 2736 4949 τοῦτο
2764 4897 2980 4964 ἀπῆγον
3020 4897 3083 4949 τὸ
3141 4896 3364 4957 ἄτοπον,
3416 4898 3607 4961 ὥσπερ
3667 4896 3733 4947 ἂν
3767 4896 3813 4945 εί
3860 4892 4048 4957 ἔλεγον

2463 4991 2627 5041 ἄνουν
2662 4987 2759 5040 καὶ
2786 4986 2953 5056 ἀθελῆ
2982 4988 3074 5040 τὸν
3102 4987 3258 5038 Θεόν.
3289 4986 3459 5040 Τοῦτο
3478 4987 3588 5056 γὰρ
3622 4984 3789 5039 αὑτοῦ
3823 4983 4046 5037 ἀτοπώ-

2460 5098 2616 5149 τερον
2641 5080 2947 5148 τιθεμένοις
2977 5078 3150 5131 ὲδόκει
3185 5078 3216 5147 ἢ
3245 5078 3451 5130 ἄπαιδα
3498 5080 3589 5128 καὶ
3641 5077 3869 5129 ἄπνουν.
3934 5075 4043 5123 Καὶ

2463 5180 2570 5240 γὰρ
2608 5171 2768 5223 τοῦτο
2801 5171 2896 5223 καὶ
2936 5170 3141 5239 ἑκάστῃ
3174 5168 3279 5219 τῶν
3306 5167 3488 5219 αὔλων
3523 5166 3722 5217 οὐσιῶν
3749 5181 4049 5233 συγχωρη-

2463 5265 2708 5333 οήσεται.
2739 5262 2900 5314 Ὥστε
2932 5260 3110 5329 δῆλον.
3153 5259 3227 5319 ὡς
3255 5258 3456 5326 μᾶλλον
3485 5256 3716 5326 ἁρμόσει
3755 5256 3902 5308 Νοῦν
3954 5262 4049 5310 καὶ

2468 5356 2699 5422 Θέλησιν
2737 5357 2829 5405 τὸν
2882 5352 3016 5404 Θεὸν
3069 5350 3308 5419 λέγεινῆ
3363 5349 3582 5418 Πατέρα
3627 5348 3720 5400 καὶ
3785 5348 4044 5401 Πνέοντα.

2480 5447 2686 5500 Ἐδόκει
2708 5447 2763 5499 δὲ
2797 5448 2986 5508 αὐτοῖς
3008 5443 3361 5496 ἀτοπώτατον
3383 5443 3546 5494 ἄνουν
3609 5442 3704 5493 καὶ
3756 5441 3924 5509 ἀθελῆ
3954 5442 4047 5493 τὸν

2467 5542 2599 5594 Θεὸν
2628 5540 2957 5607 συνάγεσθαι
2990 5538 3097 5590 ἀπὸ
3122 5536 3216 5588 τοῦ
3244 5536 3450 5587 τ.θέναι
3483 5534 3577 5587 τοῦ
3605 5534 3815 5602 Πατρός
3848 5534 4050 5602 ὖστερα

2464 5637 2553 5688 τὸν
2587 5634 2711 5687 Τίον
2736 5636 2828 5687 καὶ
2864 5632 2923 5685 τὸ
2962 5630 3188 5700 Πνεῦμα
3214 5645 3227 5659 ο
3259 5629 3381 5681 ἐπεὶ
3413 5630 3440 5679 ὁ
3464 5628 3589 5690 νοῦς
3622 5629 3716 5681 καὶ
3748 5626 3906 5694 λόγον
3938 5628 4050 5696 ἔχει
