  <div class='ocr_page' id='page_1' title='image "/cluster/home/n/w/nwhite01/storage/ocr_20150623/152/nnc1.0046980377/285.png"; bbox 0 0 4428 6444; ppageno 0'>
   <div class='ocr_carea' id='block_1_1' title="bbox 768 393 865 456">
    <p class='ocr_par' dir='ltr' id='par_1_1' title="bbox 768 393 865 456">
     <span class='ocr_line' id='line_1_1' title="bbox 768 393 865 456; baseline 0.041 -4"><span class='ocrx_word' id='word_1_1' title='bbox 768 393 865 456; x_wconf 82' lang='grc'><strong>551</strong></span> 
     </span>
    </p>
   </div>
   <div class='ocr_carea' id='block_1_2' title="bbox 1998 396 2734 459">
    <p class='ocr_par' dir='ltr' id='par_1_2' title="bbox 1998 396 2734 459">
     <span class='ocr_line' id='line_1_2' title="bbox 1998 396 2734 459; baseline 0.007 -5"><span class='ocrx_word' id='word_1_2' title='bbox 1998 396 2390 457; x_wconf 83' lang='lat' dir='ltr'><strong>MANUELIS</strong></span> <span class='ocrx_word' id='word_1_3' title='bbox 2428 400 2734 459; x_wconf 70' lang='lat' dir='ltr'><strong>CALEC/‘E</strong></span> 
     </span>
    </p>
   </div>
   <div class='ocr_carea' id='block_1_3' title="bbox 3914 386 4015 465">
    <p class='ocr_par' dir='ltr' id='par_1_3' title="bbox 3914 386 4015 465">
     <span class='ocr_line' id='line_1_3' title="bbox 3914 386 4015 465; baseline 0.02 -2"><span class='ocrx_word' id='word_1_4' title='bbox 3914 386 4015 465; x_wconf 65' lang='lat' dir='ltr'><strong>55&#39;s</strong></span> 
     </span>
    </p>
   </div>
   <div class='ocr_carea' id='block_1_4' title="bbox 764 500 2513 577">
    <p class='ocr_par' dir='ltr' id='par_1_4' title="bbox 764 500 2508 573">
     <span class='ocr_line' id='line_1_4' title="bbox 764 500 2508 573; baseline 0.002 -19"><span class='ocrx_word' id='word_1_5' title='bbox 764 509 961 555; x_wconf 75' lang='lat' dir='ltr'><strong>cuncta</strong></span> <span class='ocrx_word' id='word_1_6' title='bbox 1021 500 1347 569; x_wconf 84' lang='lat' dir='ltr'><strong>recipientcs</strong></span> <span class='ocrx_word' id='word_1_7' title='bbox 1404 515 1466 553; x_wconf 91' lang='lat' dir='ltr'><strong>ac</strong></span> <span class='ocrx_word' id='word_1_8' title='bbox 1506 502 1870 555; x_wconf 82' lang='lat' dir='ltr'><strong>custodientes</strong></span> <span class='ocrx_word' id='word_1_9' title='bbox 1899 503 2046 557; x_wconf 85' lang='lat' dir='ltr'><strong>velut</strong></span> <span class='ocrx_word' id='word_1_10' title='bbox 2100 503 2342 573; x_wconf 84' lang='lat' dir='ltr'><strong>Spiritus</strong></span> <span class='ocrx_word' id='word_1_11' title='bbox 2372 510 2416 563; x_wconf 82' lang='grc' dir='ltr'><strong>Α</strong></span> <span class='ocrx_word' id='word_1_12' title='bbox 2451 524 2508 557; x_wconf 80' lang='grc' dir='ltr'>νο</span> 
     </span>
    </p>
   </div>
   <div class='ocr_carea' id='block_1_5' title="bbox 2265 500 4014 577">
    <p class='ocr_par' dir='ltr' id='par_1_5' title="bbox 2265 509 4014 577">
     <span class='ocr_line' id='line_1_5' title="bbox 2265 509 4014 577; baseline -0.001 -14"><span class='ocrx_word' id='word_1_13' title='bbox 2265 519 2342 556; x_wconf 73' lang='grc' dir='ltr'>ιιιε</span> <span class='ocrx_word' id='word_1_14' title='bbox 2372 510 2416 563; x_wconf 83' lang='grc' dir='ltr'><strong>Α</strong></span> <span class='ocrx_word' id='word_1_15' title='bbox 2451 524 2572 569; x_wconf 79' lang='grc' dir='ltr'>νους</span> <span class='ocrx_word' id='word_1_16' title='bbox 2632 509 2728 560; x_wconf 77' lang='grc' dir='ltr'>καὶ</span> <span class='ocrx_word' id='word_1_17' title='bbox 2782 509 3151 574; x_wconf 68' lang='grc' dir='ltr'><strong>φυλάττοντας</strong></span> <span class='ocrx_word' id='word_1_18' title='bbox 3198 509 3273 571; x_wconf 83' lang='grc' dir='ltr'>ὡς</span> <span class='ocrx_word' id='word_1_19' title='bbox 3304 509 3400 561; x_wconf 86' lang='grc' dir='ltr'><strong>τοῦ</strong></span> <span class='ocrx_word' id='word_1_20' title='bbox 3439 509 3752 577; x_wconf 78' lang='grc' dir='ltr'>Πνεῦματος</span> <span class='ocrx_word' id='word_1_21' title='bbox 3809 526 4014 575; x_wconf 78' lang='grc' dir='ltr'>φιηνας,</span> 
     </span>
    </p>
   </div>
   <div class='ocr_carea' id='block_1_6' title="bbox 766 590 2341 661">
    <p class='ocr_par' dir='ltr' id='par_1_6' title="bbox 766 590 2341 661">
     <span class='ocr_line' id='line_1_6' title="bbox 766 590 2341 661; baseline 0.002 -21"><span class='ocrx_word' id='word_1_22' title='bbox 766 606 950 653; x_wconf 86' lang='lat' dir='ltr'><strong>voces,</strong></span> <span class='ocrx_word' id='word_1_23' title='bbox 1010 590 1090 643; x_wconf 89' lang='lat' dir='ltr'><strong>sic</strong></span> <span class='ocrx_word' id='word_1_24' title='bbox 1146 604 1325 657; x_wconf 68' lang='lat' dir='ltr'><strong>opera:</strong></span> <span class='ocrx_word' id='word_1_25' title='bbox 1376 591 1608 658; x_wconf 77' lang='lat' dir='ltr'><strong>pretium</strong></span> <span class='ocrx_word' id='word_1_26' title='bbox 1654 606 1924 660; x_wconf 77' lang='lat' dir='ltr'><strong>exponere</strong></span> <span class='ocrx_word' id='word_1_27' title='bbox 1978 602 2247 661; x_wconf 70' lang='lat' dir='ltr'><strong>Satagant,</strong></span> <span class='ocrx_word' id='word_1_28' title='bbox 2281 600 2341 645; x_wconf 92' lang='lat' dir='ltr'><strong>ut</strong></span> 
     </span>
    </p>
   </div>
   <div class='ocr_carea' id='block_1_7' title="bbox 764 679 2341 750">
    <p class='ocr_par' dir='ltr' id='par_1_7' title="bbox 764 679 2341 750">
     <span class='ocr_line' id='line_1_7' title="bbox 764 679 2341 750; baseline -0.001 -17"><span class='ocrx_word' id='word_1_29' title='bbox 764 688 821 733; x_wconf 78' lang='lat' dir='ltr'><strong>et</strong></span> <span class='ocrx_word' id='word_1_30' title='bbox 842 679 1313 734; x_wconf 79' lang='lat' dir='ltr'><strong>ceinmunissimis</strong></span> <span class='ocrx_word' id='word_1_31' title='bbox 1346 681 1413 733; x_wconf 90' lang='lat' dir='ltr'><strong>de</strong></span> <span class='ocrx_word' id='word_1_32' title='bbox 1444 680 1551 734; x_wconf 88' lang='lat' dir='ltr'><strong>Deo</strong></span> <span class='ocrx_word' id='word_1_33' title='bbox 1576 682 2026 750; x_wconf 89' lang='lat' dir='ltr'><strong>conceptionibus</strong></span> <span class='ocrx_word' id='word_1_34' title='bbox 2056 692 2110 735; x_wconf 91' lang='lat' dir='ltr'><strong>et</strong></span> <span class='ocrx_word' id='word_1_35' title='bbox 2140 682 2341 749; x_wconf 84' lang='lat' dir='ltr'><strong>princi-</strong></span> 
     </span>
    </p>
   </div>
   <div class='ocr_carea' id='block_1_8' title="bbox 767 769 2333 837">
    <p class='ocr_par' dir='ltr' id='par_1_8' title="bbox 767 769 2333 837">
     <span class='ocr_line' id='line_1_8' title="bbox 767 769 2333 837; baseline -0.001 -16"><span class='ocrx_word' id='word_1_36' title='bbox 767 769 872 837; x_wconf 85' lang='lat' dir='ltr'><strong>piis</strong></span> <span class='ocrx_word' id='word_1_37' title='bbox 901 770 1043 830; x_wconf 85' lang='lat' dir='ltr'><strong>lidei,</strong></span> <span class='ocrx_word' id='word_1_38' title='bbox 1080 784 1180 823; x_wconf 90' lang='lat' dir='ltr'><strong>nec</strong></span> <span class='ocrx_word' id='word_1_39' title='bbox 1215 785 1322 822; x_wconf 91' lang='lat' dir='ltr'><strong>non</strong></span> <span class='ocrx_word' id='word_1_40' title='bbox 1373 778 1689 823; x_wconf 89' lang='lat' dir='ltr'><strong>sanctorum</strong></span> <span class='ocrx_word' id='word_1_41' title='bbox 1728 770 2061 822; x_wconf 73' lang='lat' dir='ltr'><strong>multitudini</strong></span> <span class='ocrx_word' id='word_1_42' title='bbox 2094 784 2333 823; x_wconf 83' lang='lat' dir='ltr'><strong>consen-</strong></span> 
     </span>
    </p>
   </div>
   <div class='ocr_carea' id='block_1_9' title="bbox 770 859 2337 923">
    <p class='ocr_par' dir='ltr' id='par_1_9' title="bbox 770 859 2337 923">
     <span class='ocr_line' id='line_1_9' title="bbox 770 859 2337 923; baseline 0.001 -12"><span class='ocrx_word' id='word_1_43' title='bbox 770 861 950 912; x_wconf 88' lang='lat' dir='ltr'><strong>tiant:</strong></span> <span class='ocrx_word' id='word_1_44' title='bbox 1005 859 1083 912; x_wconf 79' lang='lat' dir='ltr'><strong>sic</strong></span> <span class='ocrx_word' id='word_1_45' title='bbox 1139 870 1347 923; x_wconf 89' lang='lat' dir='ltr'><strong>tamen,</strong></span> <span class='ocrx_word' id='word_1_46' title='bbox 1406 861 1535 912; x_wconf 90' lang='lat' dir='ltr'><strong>dum</strong></span> <span class='ocrx_word' id='word_1_47' title='bbox 1564 874 1753 913; x_wconf 90' lang='lat' dir='ltr'><strong>eorum</strong></span> <span class='ocrx_word' id='word_1_48' title='bbox 1790 860 1944 913; x_wconf 85' lang='lat' dir='ltr'><strong>nobis</strong></span> <span class='ocrx_word' id='word_1_49' title='bbox 1978 860 2337 913; x_wconf 80' lang='lat' dir='ltr'><strong>sanctimonia</strong></span> 
     </span>
    </p>
   </div>
   <div class='ocr_carea' id='block_1_10' title="bbox 771 949 2335 1017">
    <p class='ocr_par' dir='ltr' id='par_1_10' title="bbox 771 949 2335 1017">
     <span class='ocr_line' id='line_1_10' title="bbox 771 949 2335 1017; baseline 0.001 -16"><span class='ocrx_word' id='word_1_50' title='bbox 771 950 918 1002; x_wconf 90' lang='lat' dir='ltr'><strong>nulla</strong></span> <span class='ocrx_word' id='word_1_51' title='bbox 973 951 1284 1017; x_wconf 78' lang='lat' dir='ltr'><strong>suspirione</strong></span> <span class='ocrx_word' id='word_1_52' title='bbox 1332 951 1563 1003; x_wconf 91' lang='lat' dir='ltr'><strong>laboret.</strong></span> <span class='ocrx_word' id='word_1_53' title='bbox 1597 949 1750 1013; x_wconf 87' lang='lat' dir='ltr'><strong>Quod</strong></span> <span class='ocrx_word' id='word_1_54' title='bbox 1801 950 1908 1003; x_wconf 85' lang='lat' dir='ltr'><strong>illis</strong></span> <span class='ocrx_word' id='word_1_55' title='bbox 1930 965 2208 1003; x_wconf 89' lang='lat' dir='ltr'><strong>servemus</strong></span> <span class='ocrx_word' id='word_1_56' title='bbox 2240 966 2335 1003; x_wconf 90' lang='lat' dir='ltr'><strong>ne-</strong></span> 
     </span>
    </p>
   </div>
   <div class='ocr_carea' id='block_1_11' title="bbox 768 1042 2339 1106">
    <p class='ocr_par' dir='ltr' id='par_1_11' title="bbox 768 1042 2339 1106">
     <span class='ocr_line' id='line_1_11' title="bbox 768 1042 2339 1106; baseline -0.001 -10"><span class='ocrx_word' id='word_1_57' title='bbox 768 1056 919 1097; x_wconf 87' lang='lat' dir='ltr'><strong>cesse</strong></span> <span class='ocrx_word' id='word_1_58' title='bbox 965 1051 1077 1106; x_wconf 90' lang='lat' dir='ltr'><strong>est;</strong></span> <span class='ocrx_word' id='word_1_59' title='bbox 1138 1057 1242 1093; x_wconf 91' lang='lat' dir='ltr'><strong>non</strong></span> <span class='ocrx_word' id='word_1_60' title='bbox 1300 1043 1380 1095; x_wconf 89' lang='lat' dir='ltr'><strong>sic</strong></span> <span class='ocrx_word' id='word_1_61' title='bbox 1415 1053 1625 1104; x_wconf 89' lang='lat' dir='ltr'><strong>nostro,</strong></span> <span class='ocrx_word' id='word_1_62' title='bbox 1683 1053 1994 1094; x_wconf 86' lang='lat' dir='ltr'><strong>sanctorum</strong></span> <span class='ocrx_word' id='word_1_63' title='bbox 2041 1042 2339 1096; x_wconf 90' lang='lat' dir='ltr'><strong>sententias</strong></span> 
     </span>
    </p>
   </div>
   <div class='ocr_carea' id='block_1_12' title="bbox 768 1129 2339 1198">
    <p class='ocr_par' dir='ltr' id='par_1_12' title="bbox 768 1129 2339 1198">
     <span class='ocr_line' id='line_1_12' title="bbox 768 1129 2339 1198; baseline 0.001 -17"><span class='ocrx_word' id='word_1_64' title='bbox 768 1131 1063 1198; x_wconf 87' lang='lat' dir='ltr'><strong>verbaque,</strong></span> <span class='ocrx_word' id='word_1_65' title='bbox 1104 1144 1429 1196; x_wconf 79' lang='lat' dir='ltr'><strong>usurpemus</strong></span> <span class='ocrx_word' id='word_1_66' title='bbox 1470 1129 1721 1191; x_wconf 86' lang='lat' dir='ltr'><strong>consilio,</strong></span> <span class='ocrx_word' id='word_1_67' title='bbox 1764 1140 1821 1182; x_wconf 90' lang='lat' dir='ltr'><strong>ut</strong></span> <span class='ocrx_word' id='word_1_68' title='bbox 1853 1129 1988 1182; x_wconf 85' lang='lat' dir='ltr'><strong>alios</strong></span> <span class='ocrx_word' id='word_1_69' title='bbox 2029 1131 2151 1182; x_wconf 89' lang='lat' dir='ltr'><strong>aliis</strong></span> <span class='ocrx_word' id='word_1_70' title='bbox 2188 1143 2339 1182; x_wconf 86' lang='lat' dir='ltr'><strong>com-</strong></span> 
     </span>
    </p>
   </div>
   <div class='ocr_carea' id='block_1_13' title="bbox 767 1220 2336 1286">
    <p class='ocr_par' dir='ltr' id='par_1_13' title="bbox 767 1220 2336 1286">
     <span class='ocr_line' id='line_1_13' title="bbox 767 1220 2336 1286; baseline -0.002 -12"><span class='ocrx_word' id='word_1_71' title='bbox 767 1221 984 1274; x_wconf 90' lang='lat' dir='ltr'><strong>mittere</strong></span> <span class='ocrx_word' id='word_1_72' title='bbox 1016 1221 1318 1284; x_wconf 78' lang='lat' dir='ltr'><strong>videamur,</strong></span> <span class='ocrx_word' id='word_1_73' title='bbox 1353 1235 1415 1273; x_wconf 91' lang='lat' dir='ltr'><strong>ac</strong></span> <span class='ocrx_word' id='word_1_74' title='bbox 1444 1220 1587 1271; x_wconf 88' lang='lat' dir='ltr'><strong>velut</strong></span> <span class='ocrx_word' id='word_1_75' title='bbox 1614 1220 1709 1286; x_wconf 89' lang='lat' dir='ltr'><strong>qui</strong></span> <span class='ocrx_word' id='word_1_76' title='bbox 1740 1235 1797 1273; x_wconf 90' lang='lat' dir='ltr'><strong>se</strong></span> <span class='ocrx_word' id='word_1_77' title='bbox 1829 1231 2018 1274; x_wconf 86' lang='lat' dir='ltr'><strong>mutuo</strong></span> <span class='ocrx_word' id='word_1_78' title='bbox 2068 1228 2336 1280; x_wconf 89' lang='lat' dir='ltr'><strong>evertant,</strong></span> 
     </span>
    </p>
   </div>
   <div class='ocr_carea' id='block_1_14' title="bbox 765 1309 2335 1377">
    <p class='ocr_par' dir='ltr' id='par_1_14' title="bbox 765 1309 2335 1377">
     <span class='ocr_line' id='line_1_14' title="bbox 765 1309 2335 1377; baseline -0.001 -14"><span class='ocrx_word' id='word_1_79' title='bbox 765 1310 1047 1365; x_wconf 86' lang='lat' dir='ltr'><strong>inducere.</strong></span> <span class='ocrx_word' id='word_1_80' title='bbox 1088 1310 1206 1363; x_wconf 86' lang='lat' dir='ltr'><strong>Non</strong></span> <span class='ocrx_word' id='word_1_81' title='bbox 1243 1310 1387 1363; x_wconf 88' lang='lat' dir='ltr'><strong>enim</strong></span> <span class='ocrx_word' id='word_1_82' title='bbox 1438 1326 1654 1377; x_wconf 78' lang='lat' dir='ltr'><strong>:eqnum</strong></span> <span class='ocrx_word' id='word_1_83' title='bbox 1709 1319 1811 1371; x_wconf 89' lang='lat' dir='ltr'><strong>est,</strong></span> <span class='ocrx_word' id='word_1_84' title='bbox 1855 1319 1913 1360; x_wconf 93' lang='lat' dir='ltr'><strong>ut</strong></span> <span class='ocrx_word' id='word_1_85' title='bbox 1950 1309 2052 1362; x_wconf 89' lang='lat' dir='ltr'><strong>sibi</strong></span> <span class='ocrx_word' id='word_1_86' title='bbox 2107 1309 2335 1363; x_wconf 90' lang='lat' dir='ltr'><strong>invicem</strong></span> 
     </span>
    </p>
   </div>
   <div class='ocr_carea' id='block_1_15' title="bbox 765 1399 2337 1454">
    <p class='ocr_par' dir='ltr' id='par_1_15' title="bbox 765 1399 2337 1454">
     <span class='ocr_line' id='line_1_15' title="bbox 765 1399 2337 1454; baseline -0.001 0"><span class='ocrx_word' id='word_1_87' title='bbox 765 1402 1037 1454; x_wconf 85' lang='lat' dir='ltr'><strong>adversari</strong></span> <span class='ocrx_word' id='word_1_88' title='bbox 1074 1401 1472 1454; x_wconf 71' lang='lat' dir='ltr'><strong>existimentur.</strong></span> <span class='ocrx_word' id='word_1_89' title='bbox 1509 1399 1564 1451; x_wconf 91' lang='lat' dir='ltr'><strong>ld</strong></span> <span class='ocrx_word' id='word_1_90' title='bbox 1595 1401 1737 1452; x_wconf 89' lang='lat' dir='ltr'><strong>enim</strong></span> <span class='ocrx_word' id='word_1_91' title='bbox 1788 1414 1885 1452; x_wconf 91' lang='lat' dir='ltr'><strong>nec</strong></span> <span class='ocrx_word' id='word_1_92' title='bbox 1922 1401 1988 1453; x_wconf 92' lang='lat' dir='ltr'><strong>iis</strong></span> <span class='ocrx_word' id='word_1_93' title='bbox 2021 1401 2337 1453; x_wconf 87' lang='lat' dir='ltr'><strong>hominibus</strong></span> 
     </span>
    </p>
   </div>
   <div class='ocr_carea' id='block_1_16' title="bbox 767 1487 2336 1559">
    <p class='ocr_par' dir='ltr' id='par_1_16' title="bbox 767 1487 2336 1559">
     <span class='ocr_line' id='line_1_16' title="bbox 767 1487 2336 1559; baseline -0.007 -10"><span class='ocrx_word' id='word_1_94' title='bbox 767 1496 902 1549; x_wconf 81' lang='lat' dir='ltr'><strong>satis</strong></span> <span class='ocrx_word' id='word_1_95' title='bbox 933 1503 1218 1559; x_wconf 75' lang='lat' dir='ltr'><strong>congruat,</strong></span> <span class='ocrx_word' id='word_1_96' title='bbox 1252 1490 1450 1557; x_wconf 88' lang='lat' dir='ltr'><strong>quibus</strong></span> <span class='ocrx_word' id='word_1_97' title='bbox 1480 1488 1744 1555; x_wconf 84' lang='lat' dir='ltr'><strong>tantisper</strong></span> <span class='ocrx_word' id='word_1_98' title='bbox 1774 1490 2001 1541; x_wconf 88' lang='lat' dir='ltr'><strong>rationis</strong></span> <span class='ocrx_word' id='word_1_99' title='bbox 2035 1489 2125 1541; x_wconf 75' lang='lat' dir='ltr'><strong>lux</strong></span> <span class='ocrx_word' id='word_1_100' title='bbox 2173 1487 2336 1541; x_wconf 79' lang='lat' dir='ltr'><strong>aﬂui-</strong></span> 
     </span>
    </p>
   </div>
   <div class='ocr_carea' id='block_1_17' title="bbox 762 1578 2335 1655">
    <p class='ocr_par' dir='ltr' id='par_1_17' title="bbox 762 1578 2335 1655">
     <span class='ocr_line' id='line_1_17' title="bbox 762 1578 2335 1655; baseline -0.004 -18"><span class='ocrx_word' id='word_1_101' title='bbox 762 1595 914 1655; x_wconf 80' lang='lat' dir='ltr'><strong>geat;</strong></span> <span class='ocrx_word' id='word_1_102' title='bbox 950 1593 1157 1635; x_wconf 89' lang='lat' dir='ltr'><strong>tantum</strong></span> <span class='ocrx_word' id='word_1_103' title='bbox 1206 1582 1358 1631; x_wconf 84' lang='lat' dir='ltr'><strong>abest</strong></span> <span class='ocrx_word' id='word_1_104' title='bbox 1390 1589 1447 1631; x_wconf 93' lang='lat' dir='ltr'><strong>ut</strong></span> <span class='ocrx_word' id='word_1_105' title='bbox 1483 1578 1713 1642; x_wconf 88' lang='lat' dir='ltr'><strong>sanctis,</strong></span> <span class='ocrx_word' id='word_1_106' title='bbox 1763 1581 1855 1646; x_wconf 86' lang='lat' dir='ltr'><strong>qui</strong></span> <span class='ocrx_word' id='word_1_107' title='bbox 1894 1589 2099 1631; x_wconf 89' lang='lat' dir='ltr'><strong>motore</strong></span> <span class='ocrx_word' id='word_1_108' title='bbox 2129 1578 2335 1646; x_wconf 90' lang='lat' dir='ltr'><strong>Spiritu</strong></span> 
     </span>
    </p>
   </div>
   <div class='ocr_carea' id='block_1_18' title="bbox 761 1673 2326 1743">
    <p class='ocr_par' dir='ltr' id='par_1_18' title="bbox 761 1673 2326 1743">
     <span class='ocr_line' id='line_1_18' title="bbox 761 1673 2326 1743; baseline 0 -18"><span class='ocrx_word' id='word_1_109' title='bbox 761 1686 957 1729; x_wconf 68' lang='lat' dir='ltr'><strong>cuneta</strong></span> <span class='ocrx_word' id='word_1_110' title='bbox 990 1682 1364 1743; x_wconf 77' lang='lat' dir='ltr'><strong>exposuerunt</strong></span> <span class='ocrx_word' id='word_1_111' title='bbox 1409 1692 1421 1725; x_wconf 95' lang='lat'>:</span> <span class='ocrx_word' id='word_1_112' title='bbox 1465 1688 1575 1739; x_wconf 90' lang='lat' dir='ltr'><strong>quo</strong></span> <span class='ocrx_word' id='word_1_113' title='bbox 1622 1674 1833 1727; x_wconf 84' lang='lat' dir='ltr'><strong>scilicet</strong></span> <span class='ocrx_word' id='word_1_114' title='bbox 1887 1675 2156 1736; x_wconf 89' lang='lat' dir='ltr'><strong>homines,</strong></span> <span class='ocrx_word' id='word_1_115' title='bbox 2218 1673 2326 1725; x_wconf 93' lang='lat' dir='ltr'><strong>illis</strong></span> 
     </span>
    </p>
   </div>
   <div class='ocr_carea' id='block_1_19' title="bbox 763 1762 2333 1833">
    <p class='ocr_par' dir='ltr' id='par_1_19' title="bbox 763 1762 2333 1833">
     <span class='ocr_line' id='line_1_19' title="bbox 763 1762 2333 1833; baseline -0.003 -17"><span class='ocrx_word' id='word_1_116' title='bbox 763 1777 1017 1833; x_wconf 88' lang='lat' dir='ltr'><strong>tanquam</strong></span> <span class='ocrx_word' id='word_1_117' title='bbox 1062 1764 1273 1831; x_wconf 90' lang='lat' dir='ltr'><strong>pietatis</strong></span> <span class='ocrx_word' id='word_1_118' title='bbox 1307 1762 1578 1829; x_wconf 81' lang='lat' dir='ltr'><strong>magistris</strong></span> <span class='ocrx_word' id='word_1_119' title='bbox 1605 1764 1847 1815; x_wconf 90' lang='lat' dir='ltr'><strong>animum</strong></span> <span class='ocrx_word' id='word_1_120' title='bbox 1889 1763 2235 1824; x_wconf 77' lang='lat' dir='ltr'><strong>adhibentes,</strong></span> <span class='ocrx_word' id='word_1_121' title='bbox 2268 1775 2333 1813; x_wconf 91' lang='lat' dir='ltr'><strong>ac</strong></span> 
     </span>
    </p>
   </div>
   <div class='ocr_carea' id='block_1_20' title="bbox 764 1852 2335 1919">
    <p class='ocr_par' dir='ltr' id='par_1_20' title="bbox 764 1852 2335 1919">
     <span class='ocr_line' id='line_1_20' title="bbox 764 1852 2335 1919; baseline -0.002 -13"><span class='ocrx_word' id='word_1_122' title='bbox 764 1869 858 1919; x_wconf 89' lang='lat' dir='ltr'><strong>per</strong></span> <span class='ocrx_word' id='word_1_123' title='bbox 887 1869 981 1907; x_wconf 91' lang='lat' dir='ltr'><strong>eos</strong></span> <span class='ocrx_word' id='word_1_124' title='bbox 1018 1854 1301 1905; x_wconf 72' lang='lat' dir='ltr'><strong>veritatem</strong></span> <span class='ocrx_word' id='word_1_125' title='bbox 1337 1853 1740 1915; x_wconf 87' lang='lat' dir='ltr'><strong>nanciscentcs,</strong></span> <span class='ocrx_word' id='word_1_126' title='bbox 1775 1853 1826 1905; x_wconf 89' lang='lat' dir='ltr'><strong>in</strong></span> <span class='ocrx_word' id='word_1_127' title='bbox 1859 1853 2001 1906; x_wconf 89' lang='lat' dir='ltr'><strong>hunc</strong></span> <span class='ocrx_word' id='word_1_128' title='bbox 2028 1852 2246 1905; x_wconf 87' lang='lat' dir='ltr'><strong>modum</strong></span> <span class='ocrx_word' id='word_1_129' title='bbox 2284 1852 2335 1903; x_wconf 94' lang='lat' dir='ltr'><strong>in</strong></span> 
     </span>
    </p>
   </div>
   <div class='ocr_carea' id='block_1_21' title="bbox 758 1945 1388 2000">
    <p class='ocr_par' dir='ltr' id='par_1_21' title="bbox 758 1945 1388 2000">
     <span class='ocr_line' id='line_1_21' title="bbox 758 1945 1388 2000; baseline -0.005 0"><span class='ocrx_word' id='word_1_130' title='bbox 758 1945 979 2000; x_wconf 86' lang='lat' dir='ltr'><strong>Christo</strong></span> <span class='ocrx_word' id='word_1_131' title='bbox 1020 1954 1388 1999; x_wconf 87' lang='lat' dir='ltr'><strong>necterentur.</strong></span> 
     </span>
    </p>
   </div>
   <div class='ocr_carea' id='block_1_22' title="bbox 835 2033 2334 2104">
    <p class='ocr_par' dir='ltr' id='par_1_22' title="bbox 835 2033 2334 2104">
     <span class='ocr_line' id='line_1_22' title="bbox 835 2033 2334 2104; baseline -0.002 -17"><span class='ocrx_word' id='word_1_132' title='bbox 835 2037 911 2090; x_wconf 81' lang='lat' dir='ltr'><strong>De</strong></span> <span class='ocrx_word' id='word_1_133' title='bbox 940 2038 1024 2090; x_wconf 87' lang='lat' dir='ltr'><strong>bis</strong></span> <span class='ocrx_word' id='word_1_134' title='bbox 1047 2037 1207 2104; x_wconf 82' lang='lat' dir='ltr'><strong>igitur</strong></span> <span class='ocrx_word' id='word_1_135' title='bbox 1232 2052 1352 2104; x_wconf 76' lang='lat' dir='ltr'><strong>quze</strong></span> <span class='ocrx_word' id='word_1_136' title='bbox 1382 2037 1589 2091; x_wconf 92' lang='lat' dir='ltr'><strong>sanctis</strong></span> <span class='ocrx_word' id='word_1_137' title='bbox 1614 2037 1757 2090; x_wconf 87' lang='lat' dir='ltr'><strong>dicta</strong></span> <span class='ocrx_word' id='word_1_138' title='bbox 1784 2045 1935 2096; x_wconf 89' lang='lat' dir='ltr'><strong>sunt,</strong></span> <span class='ocrx_word' id='word_1_139' title='bbox 1966 2035 2037 2088; x_wconf 90' lang='lat' dir='ltr'><strong>ita</strong></span> <span class='ocrx_word' id='word_1_140' title='bbox 2089 2033 2334 2087; x_wconf 88' lang='lat' dir='ltr'><strong>sentien-</strong></span> 
     </span>
    </p>
   </div>
   <div class='ocr_carea' id='block_1_23' title="bbox 761 2122 2333 2194">
    <p class='ocr_par' dir='ltr' id='par_1_23' title="bbox 761 2122 2333 2194">
     <span class='ocr_line' id='line_1_23' title="bbox 761 2122 2333 2194; baseline -0.003 -14"><span class='ocrx_word' id='word_1_141' title='bbox 761 2129 917 2188; x_wconf 89' lang='lat' dir='ltr'><strong>dum,</strong></span> <span class='ocrx_word' id='word_1_142' title='bbox 955 2127 1156 2194; x_wconf 75' lang='lat' dir='ltr'><strong>talique</strong></span> <span class='ocrx_word' id='word_1_143' title='bbox 1185 2128 1237 2181; x_wconf 93' lang='lat' dir='ltr'><strong>iu</strong></span> <span class='ocrx_word' id='word_1_144' title='bbox 1271 2129 1529 2181; x_wconf 89' lang='lat' dir='ltr'><strong>omnibus</strong></span> <span class='ocrx_word' id='word_1_145' title='bbox 1557 2127 1816 2180; x_wconf 90' lang='lat' dir='ltr'><strong>utendum</strong></span> <span class='ocrx_word' id='word_1_146' title='bbox 1853 2125 2035 2194; x_wconf 89' lang='lat' dir='ltr'><strong>regula</strong></span> <span class='ocrx_word' id='word_1_147' title='bbox 2083 2135 2186 2178; x_wconf 89' lang='lat' dir='ltr'><strong>est.</strong></span> <span class='ocrx_word' id='word_1_148' title='bbox 2238 2122 2333 2176; x_wconf 90' lang='lat' dir='ltr'><strong>Sin</strong></span> 
     </span>
    </p>
   </div>
   <div class='ocr_carea' id='block_1_24' title="bbox 760 2213 2329 2286">
    <p class='ocr_par' dir='ltr' id='par_1_24' title="bbox 760 2213 2329 2286">
     <span class='ocr_line' id='line_1_24' title="bbox 760 2213 2329 2286; baseline -0.002 -15"><span class='ocrx_word' id='word_1_149' title='bbox 760 2218 964 2282; x_wconf 88' lang='lat' dir='ltr'><strong>minus,</strong></span> <span class='ocrx_word' id='word_1_150' title='bbox 989 2228 1228 2286; x_wconf 72' lang='lat' dir='ltr'><strong>praestat,</strong></span> <span class='ocrx_word' id='word_1_151' title='bbox 1285 2228 1343 2270; x_wconf 94' lang='lat' dir='ltr'><strong>ut</strong></span> <span class='ocrx_word' id='word_1_152' title='bbox 1395 2218 1639 2271; x_wconf 89' lang='lat' dir='ltr'><strong>dicamus</strong></span> <span class='ocrx_word' id='word_1_153' title='bbox 1693 2232 1793 2269; x_wconf 90' lang='lat' dir='ltr'><strong>nos</strong></span> <span class='ocrx_word' id='word_1_154' title='bbox 1860 2230 1966 2268; x_wconf 93' lang='lat' dir='ltr'><strong>nou</strong></span> <span class='ocrx_word' id='word_1_155' title='bbox 2026 2213 2329 2282; x_wconf 89' lang='lat' dir='ltr'><strong>intelligere</strong></span> 
     </span>
    </p>
   </div>
   <div class='ocr_carea' id='block_1_25' title="bbox 760 2308 2334 2376">
    <p class='ocr_par' dir='ltr' id='par_1_25' title="bbox 760 2308 2334 2376">
     <span class='ocr_line' id='line_1_25' title="bbox 760 2308 2334 2376; baseline -0.002 -13"><span class='ocrx_word' id='word_1_156' title='bbox 760 2325 951 2363; x_wconf 93' lang='lat' dir='ltr'><strong>eorum</strong></span> <span class='ocrx_word' id='word_1_157' title='bbox 988 2324 1110 2376; x_wconf 79' lang='lat' dir='ltr'><strong>quae</strong></span> <span class='ocrx_word' id='word_1_158' title='bbox 1149 2308 1407 2362; x_wconf 90' lang='lat' dir='ltr'><strong>dicuntur</strong></span> <span class='ocrx_word' id='word_1_159' title='bbox 1436 2308 1725 2362; x_wconf 75' lang='lat' dir='ltr'><strong>sententia:</strong></span> <span class='ocrx_word' id='word_1_160' title='bbox 1752 2308 1886 2367; x_wconf 91' lang='lat' dir='ltr'><strong>vim,</strong></span> <span class='ocrx_word' id='word_1_161' title='bbox 1910 2321 2073 2375; x_wconf 85' lang='lat' dir='ltr'><strong>quam</strong></span> <span class='ocrx_word' id='word_1_162' title='bbox 2131 2320 2334 2360; x_wconf 86' lang='lat' dir='ltr'><strong>conve-</strong></span> 
     </span>
    </p>
   </div>
   <div class='ocr_carea' id='block_1_26' title="bbox 763 2398 2333 2468">
    <p class='ocr_par' dir='ltr' id='par_1_26' title="bbox 763 2398 2333 2468">
     <span class='ocr_line' id='line_1_26' title="bbox 763 2398 2333 2468; baseline -0.003 -15"><span class='ocrx_word' id='word_1_163' title='bbox 763 2403 975 2454; x_wconf 86' lang='lat' dir='ltr'><strong>nientes</strong></span> <span class='ocrx_word' id='word_1_164' title='bbox 1005 2415 1185 2468; x_wconf 82' lang='lat' dir='ltr'><strong>exque</strong></span> <span class='ocrx_word' id='word_1_165' title='bbox 1211 2402 1421 2452; x_wconf 90' lang='lat' dir='ltr'><strong>ratione</strong></span> <span class='ocrx_word' id='word_1_166' title='bbox 1443 2400 1508 2453; x_wconf 89' lang='lat' dir='ltr'><strong>de</strong></span> <span class='ocrx_word' id='word_1_167' title='bbox 1540 2400 1649 2451; x_wconf 90' lang='lat' dir='ltr'><strong>Deo</strong></span> <span class='ocrx_word' id='word_1_168' title='bbox 1674 2398 1975 2451; x_wconf 90' lang='lat' dir='ltr'><strong>sententias</strong></span> <span class='ocrx_word' id='word_1_169' title='bbox 2002 2406 2333 2461; x_wconf 87' lang='lat' dir='ltr'><strong>evertamus,</strong></span> 
     </span>
    </p>
   </div>
   <div class='ocr_carea' id='block_1_27' title="bbox 760 2487 2332 2559">
    <p class='ocr_par' dir='ltr' id='par_1_27' title="bbox 760 2487 2332 2559">
     <span class='ocr_line' id='line_1_27' title="bbox 760 2487 2332 2559; baseline -0.004 -13"><span class='ocrx_word' id='word_1_170' title='bbox 760 2505 836 2546; x_wconf 88' lang='lat' dir='ltr'><strong>uu</strong></span> <span class='ocrx_word' id='word_1_171' title='bbox 860 2494 936 2546; x_wconf 89' lang='lat' dir='ltr'><strong>ait</strong></span> <span class='ocrx_word' id='word_1_172' title='bbox 967 2508 1194 2559; x_wconf 90' lang='lat' dir='ltr'><strong>magnus</strong></span> <span class='ocrx_word' id='word_1_173' title='bbox 1229 2492 1485 2546; x_wconf 85' lang='lat' dir='ltr'><strong>Basilius.</strong></span> <span class='ocrx_word' id='word_1_174' title='bbox 1518 2491 1618 2544; x_wconf 83' lang='lat' dir='ltr'><strong>Hic</strong></span> <span class='ocrx_word' id='word_1_175' title='bbox 1638 2499 1818 2542; x_wconf 89' lang='lat' dir='ltr'><strong>autem</strong></span> <span class='ocrx_word' id='word_1_176' title='bbox 1856 2502 2153 2557; x_wconf 89' lang='lat' dir='ltr'><strong>possumus</strong></span> <span class='ocrx_word' id='word_1_177' title='bbox 2179 2487 2332 2540; x_wconf 87' lang='lat' dir='ltr'><strong>dice-</strong></span> 
     </span>
    </p>
   </div>
   <div class='ocr_carea' id='block_1_28' title="bbox 758 2577 2333 2646">
    <p class='ocr_par' dir='ltr' id='par_1_28' title="bbox 758 2577 2333 2646">
     <span class='ocr_line' id='line_1_28' title="bbox 758 2577 2333 2646; baseline -0.004 -11"><span class='ocrx_word' id='word_1_178' title='bbox 758 2597 839 2645; x_wconf 87' lang='lat' dir='ltr'><strong>re,</strong></span> <span class='ocrx_word' id='word_1_179' title='bbox 873 2592 1114 2645; x_wconf 89' lang='lat' dir='ltr'><strong>sanctos,</strong></span> <span class='ocrx_word' id='word_1_180' title='bbox 1157 2582 1455 2634; x_wconf 87' lang='lat' dir='ltr'><strong>secundum</strong></span> <span class='ocrx_word' id='word_1_181' title='bbox 1483 2581 1728 2633; x_wconf 87' lang='lat' dir='ltr'><strong>diversos</strong></span> <span class='ocrx_word' id='word_1_182' title='bbox 1752 2589 2031 2646; x_wconf 90' lang='lat' dir='ltr'><strong>respectus</strong></span> <span class='ocrx_word' id='word_1_183' title='bbox 2066 2579 2204 2630; x_wconf 86' lang='lat' dir='ltr'><strong>idem</strong></span> <span class='ocrx_word' id='word_1_184' title='bbox 2229 2577 2333 2630; x_wconf 89' lang='lat' dir='ltr'><strong>alia</strong></span> 
     </span>
    </p>
   </div>
   <div class='ocr_carea' id='block_1_29' title="bbox 759 2668 2334 2740">
    <p class='ocr_par' dir='ltr' id='par_1_29' title="bbox 759 2668 2334 2740">
     <span class='ocr_line' id='line_1_29' title="bbox 759 2668 2334 2740; baseline -0.003 -17"><span class='ocrx_word' id='word_1_185' title='bbox 759 2682 919 2740; x_wconf 85' lang='lat' dir='ltr'><strong>atque</strong></span> <span class='ocrx_word' id='word_1_186' title='bbox 938 2673 1042 2725; x_wconf 81' lang='lat' dir='ltr'><strong>alia</strong></span> <span class='ocrx_word' id='word_1_187' title='bbox 1079 2673 1288 2725; x_wconf 83' lang='lat' dir='ltr'><strong>ratione</strong></span> <span class='ocrx_word' id='word_1_188' title='bbox 1311 2672 1609 2725; x_wconf 85' lang='lat' dir='ltr'><strong>declarare.</strong></span> <span class='ocrx_word' id='word_1_189' title='bbox 1643 2671 1775 2723; x_wconf 82' lang='lat' dir='ltr'><strong>Nam</strong></span> <span class='ocrx_word' id='word_1_190' title='bbox 1817 2668 1984 2723; x_wconf 83' lang='lat' dir='ltr'><strong>Filius</strong></span> <span class='ocrx_word' id='word_1_191' title='bbox 2012 2668 2229 2736; x_wconf 89' lang='lat' dir='ltr'><strong>quidem</strong></span> <span class='ocrx_word' id='word_1_192' title='bbox 2268 2682 2334 2718; x_wconf 83' lang='lat' dir='ltr'><strong>ex</strong></span> 
     </span>
    </p>
   </div>
   <div class='ocr_carea' id='block_1_30' title="bbox 760 2758 2336 2832">
    <p class='ocr_par' dir='ltr' id='par_1_30' title="bbox 760 2758 2336 2832">
     <span class='ocr_line' id='line_1_30' title="bbox 760 2758 2336 2832; baseline -0.005 -14"><span class='ocrx_word' id='word_1_193' title='bbox 760 2764 917 2819; x_wconf 77' lang='lat' dir='ltr'><strong>l’atre</strong></span> <span class='ocrx_word' id='word_1_194' title='bbox 946 2774 1050 2829; x_wconf 90' lang='lat' dir='ltr'><strong>est,</strong></span> <span class='ocrx_word' id='word_1_195' title='bbox 1088 2774 1340 2832; x_wconf 79' lang='lat' dir='ltr'><strong>tanquam</strong></span> <span class='ocrx_word' id='word_1_196' title='bbox 1378 2763 1597 2816; x_wconf 80' lang='lat' dir='ltr'><strong>verbum</strong></span> <span class='ocrx_word' id='word_1_197' title='bbox 1654 2777 1719 2815; x_wconf 81' lang='lat' dir='ltr'><strong>cx</strong></span> <span class='ocrx_word' id='word_1_198' title='bbox 1775 2772 1976 2814; x_wconf 90' lang='lat' dir='ltr'><strong>mente.</strong></span> <span class='ocrx_word' id='word_1_199' title='bbox 2028 2758 2336 2813; x_wconf 89' lang='lat' dir='ltr'><strong>Secundum</strong></span> 
     </span>
    </p>
   </div>
   <div class='ocr_carea' id='block_1_31' title="bbox 763 2849 2333 2910">
    <p class='ocr_par' dir='ltr' id='par_1_31' title="bbox 763 2849 2333 2910">
     <span class='ocr_line' id='line_1_31' title="bbox 763 2849 2333 2910; baseline -0.005 -1"><span class='ocrx_word' id='word_1_200' title='bbox 763 2857 905 2909; x_wconf 88' lang='lat' dir='ltr'><strong>hanc</strong></span> <span class='ocrx_word' id='word_1_201' title='bbox 937 2856 1433 2910; x_wconf 81' lang='lat' dir='ltr'><strong>considerationem</strong></span> <span class='ocrx_word' id='word_1_202' title='bbox 1469 2854 1630 2908; x_wconf 88' lang='lat' dir='ltr'><strong>etiam</strong></span> <span class='ocrx_word' id='word_1_203' title='bbox 1667 2853 2002 2905; x_wconf 86' lang='lat' dir='ltr'><strong>voluntatem</strong></span> <span class='ocrx_word' id='word_1_204' title='bbox 2034 2866 2096 2904; x_wconf 79' lang='lat' dir='ltr'><strong>ex</strong></span> <span class='ocrx_word' id='word_1_205' title='bbox 2142 2849 2333 2902; x_wconf 81' lang='lat' dir='ltr'><strong>volun-</strong></span> 
     </span>
    </p>
   </div>
   <div class='ocr_carea' id='block_1_32' title="bbox 758 2939 2338 3013">
    <p class='ocr_par' dir='ltr' id='par_1_32' title="bbox 758 2939 2338 3013">
     <span class='ocr_line' id='line_1_32' title="bbox 758 2939 2338 3013; baseline -0.003 -15"><span class='ocrx_word' id='word_1_206' title='bbox 758 2955 868 3000; x_wconf 91' lang='lat' dir='ltr'><strong>tate</strong></span> <span class='ocrx_word' id='word_1_207' title='bbox 887 2946 1159 3007; x_wconf 81' lang='lat' dir='ltr'><strong>dixerunt,</strong></span> <span class='ocrx_word' id='word_1_208' title='bbox 1188 2944 1645 3013; x_wconf 88' lang='lat' dir='ltr'><strong>quemadmodum</strong></span> <span class='ocrx_word' id='word_1_209' title='bbox 1676 2943 1751 2996; x_wconf 90' lang='lat' dir='ltr'><strong>ait</strong></span> <span class='ocrx_word' id='word_1_210' title='bbox 1805 2942 2100 3009; x_wconf 80' lang='lat' dir='ltr'><strong>Gregorius</strong></span> <span class='ocrx_word' id='word_1_211' title='bbox 2161 2939 2338 2994; x_wconf 89' lang='lat' dir='ltr'><strong>Theo-</strong></span> 
     </span>
    </p>
   </div>
   <div class='ocr_carea' id='block_1_33' title="bbox 2451 596 4015 667">
    <p class='ocr_par' dir='ltr' id='par_1_33' title="bbox 2451 596 4015 667">
     <span class='ocr_line' id='line_1_33' title="bbox 2451 596 4015 667; baseline 0.001 -21"><span class='ocrx_word' id='word_1_212' title='bbox 2451 596 2594 647; x_wconf 87' lang='grc' dir='ltr'>οῦτω</span> <span class='ocrx_word' id='word_1_213' title='bbox 2625 598 2897 664; x_wconf 75' lang='grc' dir='ltr'>προσῆκον</span> <span class='ocrx_word' id='word_1_214' title='bbox 2917 600 3214 666; x_wconf 73' lang='grc' dir='ltr'><strong>ἐπιχειρεῖν</strong></span> <span class='ocrx_word' id='word_1_215' title='bbox 3245 599 3582 667; x_wconf 79' lang='grc' dir='ltr'>ἐξηγεῖσθαι,</span> <span class='ocrx_word' id='word_1_216' title='bbox 3612 600 3751 651; x_wconf 70' lang='grc' dir='ltr'>ὥστε</span> <span class='ocrx_word' id='word_1_217' title='bbox 3783 603 3874 651; x_wconf 75' lang='grc' dir='ltr'>καὶ</span> <span class='ocrx_word' id='word_1_218' title='bbox 3896 602 4015 658; x_wconf 87' lang='grc' dir='ltr'>ταῖς</span> 
     </span>
    </p>
   </div>
   <div class='ocr_carea' id='block_1_34' title="bbox 2451 685 4014 756">
    <p class='ocr_par' dir='ltr' id='par_1_34' title="bbox 2451 685 4014 756">
     <span class='ocr_line' id='line_1_34' title="bbox 2451 685 4014 756; baseline 0.004 -21"><span class='ocrx_word' id='word_1_219' title='bbox 2451 686 2583 752; x_wconf 82' lang='grc' dir='ltr'>περὶ</span> <span class='ocrx_word' id='word_1_220' title='bbox 2610 685 2747 737; x_wconf 84' lang='grc' dir='ltr'><strong>Θεοῦ</strong></span> <span class='ocrx_word' id='word_1_221' title='bbox 2774 690 3113 749; x_wconf 67' lang='grc' dir='ltr'>κοινοτάταις</span> <span class='ocrx_word' id='word_1_222' title='bbox 3140 690 3371 751; x_wconf 76' lang='grc' dir='ltr'><strong>ἐννοίαις</strong></span> <span class='ocrx_word' id='word_1_223' title='bbox 3403 692 3494 741; x_wconf 68' lang='grc' dir='ltr'>καὶ</span> <span class='ocrx_word' id='word_1_224' title='bbox 3516 690 3635 750; x_wconf 86' lang='grc' dir='ltr'>ταῖς</span> <span class='ocrx_word' id='word_1_225' title='bbox 3660 692 3758 756; x_wconf 80' lang='grc' dir='ltr'>τῆς</span> <span class='ocrx_word' id='word_1_226' title='bbox 3782 692 4014 751; x_wconf 80' lang='grc' dir='ltr'>πίστεως</span> 
     </span>
    </p>
   </div>
   <div class='ocr_carea' id='block_1_35' title="bbox 2450 777 4015 848">
    <p class='ocr_par' dir='ltr' id='par_1_35' title="bbox 2450 777 4015 848">
     <span class='ocr_line' id='line_1_35' title="bbox 2450 777 4015 848; baseline 0.001 -21"><span class='ocrx_word' id='word_1_227' title='bbox 2450 777 2667 844; x_wconf 82' lang='grc' dir='ltr'><strong>ἀρχαῖς,</strong></span> <span class='ocrx_word' id='word_1_228' title='bbox 2697 780 2790 828; x_wconf 74' lang='grc' dir='ltr'>καὶ</span> <span class='ocrx_word' id='word_1_229' title='bbox 2823 778 2899 846; x_wconf 82' lang='grc' dir='ltr'>τῷ</span> <span class='ocrx_word' id='word_1_230' title='bbox 2924 779 3117 848; x_wconf 78' lang='grc' dir='ltr'>πλήθει</span> <span class='ocrx_word' id='word_1_231' title='bbox 3145 782 3252 830; x_wconf 81' lang='grc' dir='ltr'>τῶν</span> <span class='ocrx_word' id='word_1_232' title='bbox 3273 780 3447 846; x_wconf 90' lang='grc' dir='ltr'>ἁγίων</span> <span class='ocrx_word' id='word_1_233' title='bbox 3478 782 3785 848; x_wconf 72' lang='grc' dir='ltr'><strong>συμφωνεῖν</strong></span> <span class='ocrx_word' id='word_1_234' title='bbox 3804 798 3817 811; x_wconf 75' lang='grc' dir='ltr'><strong>ο</strong></span> <span class='ocrx_word' id='word_1_235' title='bbox 3856 783 4015 847; x_wconf 81' lang='grc' dir='ltr'>μόνον</span> 
     </span>
    </p>
   </div>
   <div class='ocr_carea' id='block_1_36' title="bbox 2458 868 4017 938">
    <p class='ocr_par' dir='ltr' id='par_1_36' title="bbox 2458 868 4017 938">
     <span class='ocr_line' id='line_1_36' title="bbox 2458 868 4017 938; baseline 0 -19"><span class='ocrx_word' id='word_1_236' title='bbox 2458 871 2510 919; x_wconf 88' lang='grc' dir='ltr'><strong>εἰ</strong></span> <span class='ocrx_word' id='word_1_237' title='bbox 2535 869 2664 936; x_wconf 82' lang='grc' dir='ltr'>περὶ</span> <span class='ocrx_word' id='word_1_238' title='bbox 2688 869 2783 934; x_wconf 82' lang='grc' dir='ltr'><strong>τῆς</strong></span> <span class='ocrx_word' id='word_1_239' title='bbox 2817 868 3039 921; x_wconf 79' lang='grc' dir='ltr'><strong>ἐκείνων</strong></span> <span class='ocrx_word' id='word_1_240' title='bbox 3073 869 3381 937; x_wconf 70' lang='grc' dir='ltr'>ἁγιωσύνης</span> <span class='ocrx_word' id='word_1_241' title='bbox 3405 871 3743 937; x_wconf 80' lang='grc' dir='ltr'>ἀμφιϐολίαν</span> <span class='ocrx_word' id='word_1_242' title='bbox 3760 870 4017 938; x_wconf 80' lang='grc' dir='ltr'><strong>οὐδεμίαν</strong></span> 
     </span>
    </p>
   </div>
   <div class='ocr_carea' id='block_1_37' title="bbox 2450 957 4014 1028">
    <p class='ocr_par' dir='ltr' id='par_1_37' title="bbox 2450 957 4014 1028">
     <span class='ocr_line' id='line_1_37' title="bbox 2450 957 4014 1028; baseline 0.001 -20"><span class='ocrx_word' id='word_1_243' title='bbox 2450 957 2670 1025; x_wconf 75' lang='grc' dir='ltr'>ἔχομεν.</span> <span class='ocrx_word' id='word_1_244' title='bbox 2696 959 2871 1027; x_wconf 81' lang='grc' dir='ltr'>Ὅπερ</span> <span class='ocrx_word' id='word_1_245' title='bbox 2902 961 3195 1024; x_wconf 82' lang='grc' dir='ltr'>ἀναγκαῖον</span> <span class='ocrx_word' id='word_1_246' title='bbox 3218 961 3448 1023; x_wconf 84' lang='grc' dir='ltr'>ἐκείνοις</span> <span class='ocrx_word' id='word_1_247' title='bbox 3482 961 3786 1028; x_wconf 71' lang='grc' dir='ltr'>τηρεῖσθαι,</span> <span class='ocrx_word' id='word_1_248' title='bbox 3815 962 3906 1012; x_wconf 70' lang='grc' dir='ltr'>καὶ</span> <span class='ocrx_word' id='word_1_249' title='bbox 3938 961 4014 1028; x_wconf 82' lang='grc' dir='ltr'>μὴ</span> 
     </span>
    </p>
   </div>
   <div class='ocr_carea' id='block_1_38' title="bbox 2448 1046 4018 1119">
    <p class='ocr_par' dir='ltr' id='par_1_38' title="bbox 2448 1046 4018 1119">
     <span class='ocr_line' id='line_1_38' title="bbox 2448 1046 4018 1119; baseline 0.001 -20"><span class='ocrx_word' id='word_1_250' title='bbox 2448 1048 2536 1099; x_wconf 78' lang='grc' dir='ltr'>διὰ</span> <span class='ocrx_word' id='word_1_251' title='bbox 2570 1046 2667 1115; x_wconf 85' lang='grc' dir='ltr'><strong>τὴν</strong></span> <span class='ocrx_word' id='word_1_252' title='bbox 2698 1049 2907 1099; x_wconf 76' lang='grc' dir='ltr'>ἑαυτῶν</span> <span class='ocrx_word' id='word_1_253' title='bbox 2949 1048 3202 1117; x_wconf 81' lang='grc' dir='ltr'>βούλησιν</span> <span class='ocrx_word' id='word_1_254' title='bbox 3222 1050 3362 1103; x_wconf 74' lang='grc' dir='ltr'>οὕτω</span> <span class='ocrx_word' id='word_1_255' title='bbox 3391 1051 3459 1101; x_wconf 80' lang='grc' dir='ltr'>τὰ</span> <span class='ocrx_word' id='word_1_256' title='bbox 3484 1051 3592 1102; x_wconf 82' lang='grc' dir='ltr'>τῶν</span> <span class='ocrx_word' id='word_1_257' title='bbox 3626 1050 3799 1115; x_wconf 80' lang='grc' dir='ltr'>ἁγίων</span> <span class='ocrx_word' id='word_1_258' title='bbox 3816 1052 4018 1119; x_wconf 82' lang='grc' dir='ltr'>ἐκλαμ-</span> 
     </span>
    </p>
   </div>
   <div class='ocr_carea' id='block_1_39' title="bbox 2461 1138 4016 1210">
    <p class='ocr_par' dir='ltr' id='par_1_39' title="bbox 2461 1138 4016 1210">
     <span class='ocr_line' id='line_1_39' title="bbox 2461 1138 4016 1210; baseline 0.002 -22"><span class='ocrx_word' id='word_1_259' title='bbox 2461 1138 2749 1202; x_wconf 80' lang='grc' dir='ltr'>ϐάνοντας,</span> <span class='ocrx_word' id='word_1_260' title='bbox 2810 1140 2882 1200; x_wconf 86' lang='grc' dir='ltr'>ὼς</span> <span class='ocrx_word' id='word_1_261' title='bbox 2934 1142 3109 1191; x_wconf 83' lang='grc' dir='ltr'>ποιεῖν</span> <span class='ocrx_word' id='word_1_262' title='bbox 3170 1141 3415 1203; x_wconf 73' lang='grc' dir='ltr'>ἐκείνους</span> <span class='ocrx_word' id='word_1_263' title='bbox 3462 1142 3715 1210; x_wconf 83' lang='grc' dir='ltr'>ἀλλήλοις</span> <span class='ocrx_word' id='word_1_264' title='bbox 3759 1142 4016 1208; x_wconf 82' lang='grc' dir='ltr'>πολεμεῖν</span> 
     </span>
    </p>
   </div>
   <div class='ocr_carea' id='block_1_40' title="bbox 2449 1229 4016 1299">
    <p class='ocr_par' dir='ltr' id='par_1_40' title="bbox 2449 1229 4016 1299">
     <span class='ocr_line' id='line_1_40' title="bbox 2449 1229 4016 1299; baseline 0.001 -20"><span class='ocrx_word' id='word_1_265' title='bbox 2449 1229 2653 1290; x_wconf 79' lang='grc' dir='ltr'>δοκεῖν,</span> <span class='ocrx_word' id='word_1_266' title='bbox 2681 1230 2775 1280; x_wconf 76' lang='grc' dir='ltr'>καὶ</span> <span class='ocrx_word' id='word_1_267' title='bbox 2802 1230 2892 1296; x_wconf 76' lang='grc' dir='ltr'><strong>ὑφ’</strong></span> <span class='ocrx_word' id='word_1_268' title='bbox 2936 1230 3146 1281; x_wconf 76' lang='grc' dir='ltr'>ἑαυτῶν</span> <span class='ocrx_word' id='word_1_269' title='bbox 3186 1231 3614 1298; x_wconf 79' lang='grc' dir='ltr'><strong>ἀνατρέπεσθαι.</strong></span> <span class='ocrx_word' id='word_1_270' title='bbox 3661 1233 3736 1283; x_wconf 80' lang='grc' dir='ltr'><strong>Οὐ</strong></span> <span class='ocrx_word' id='word_1_271' title='bbox 3782 1233 3891 1299; x_wconf 83' lang='grc' dir='ltr'>γὰρ</span> <span class='ocrx_word' id='word_1_272' title='bbox 3949 1232 4016 1283; x_wconf 84' lang='grc' dir='ltr'>ἂν</span> 
     </span>
    </p>
   </div>
   <div class='ocr_carea' id='block_1_41' title="bbox 2450 1319 4017 1390">
    <p class='ocr_par' dir='ltr' id='par_1_41' title="bbox 2450 1319 4017 1390">
     <span class='ocr_line' id='line_1_41' title="bbox 2450 1319 4017 1390; baseline 0.001 -20"><span class='ocrx_word' id='word_1_273' title='bbox 2450 1321 2677 1381; x_wconf 78' lang='grc' dir='ltr'>εἰκότως</span> <span class='ocrx_word' id='word_1_274' title='bbox 2700 1319 3006 1388; x_wconf 76' lang='grc' dir='ltr'>νομίζοιντο</span> <span class='ocrx_word' id='word_1_275' title='bbox 3060 1322 3270 1382; x_wconf 81' lang='grc' dir='ltr'>ἑαυτοῖς</span> <span class='ocrx_word' id='word_1_276' title='bbox 3294 1323 3385 1374; x_wconf 69' lang='grc' dir='ltr'>καὶ</span> <span class='ocrx_word' id='word_1_277' title='bbox 3428 1322 3681 1390; x_wconf 83' lang='grc' dir='ltr'>ἀλλήλοις</span> <span class='ocrx_word' id='word_1_278' title='bbox 3742 1323 4017 1375; x_wconf 79' lang='grc' dir='ltr'>ἐναντιοῦο</span> 
     </span>
    </p>
   </div>
   <div class='ocr_carea' id='block_1_42' title="bbox 2455 1408 4015 1477">
    <p class='ocr_par' dir='ltr' id='par_1_42' title="bbox 2455 1408 4015 1477">
     <span class='ocr_line' id='line_1_42' title="bbox 2455 1408 4015 1477; baseline 0.003 -17"><span class='ocrx_word' id='word_1_279' title='bbox 2455 1409 2578 1460; x_wconf 82' lang='grc' dir='ltr'><strong>σθαι</strong></span> <span class='ocrx_word' id='word_1_280' title='bbox 2598 1423 2615 1439; x_wconf 84' lang='grc'>⁶</span> <span class='ocrx_word' id='word_1_281' title='bbox 2645 1408 2802 1461; x_wconf 87' lang='grc' dir='ltr'>τοῦτο</span> <span class='ocrx_word' id='word_1_282' title='bbox 2829 1411 2935 1474; x_wconf 79' lang='grc' dir='ltr'>γὰρ</span> <span class='ocrx_word' id='word_1_283' title='bbox 2958 1410 3074 1462; x_wconf 81' lang='grc' dir='ltr'>οὑδέ</span> <span class='ocrx_word' id='word_1_284' title='bbox 3097 1414 3207 1471; x_wconf 91' lang='grc' dir='ltr'>τοῖς</span> <span class='ocrx_word' id='word_1_285' title='bbox 3237 1411 3486 1462; x_wconf 83' lang='grc' dir='ltr'>ὁπωσοῦν</span> <span class='ocrx_word' id='word_1_286' title='bbox 3523 1412 3760 1477; x_wconf 81' lang='grc' dir='ltr'>λογικοῖς</span> <span class='ocrx_word' id='word_1_287' title='bbox 3789 1412 3896 1465; x_wconf 84' lang='grc' dir='ltr'><strong>τῶν</strong></span> <span class='ocrx_word' id='word_1_288' title='bbox 3920 1415 4015 1464; x_wconf 77' lang='grc' dir='ltr'>ἀν-</span> 
     </span>
    </p>
   </div>
   <div class='ocr_carea' id='block_1_43' title="bbox 2450 1499 4017 1568">
    <p class='ocr_par' dir='ltr' id='par_1_43' title="bbox 2450 1499 4017 1568">
     <span class='ocr_line' id='line_1_43' title="bbox 2450 1499 4017 1568; baseline 0.003 -18"><span class='ocrx_word' id='word_1_289' title='bbox 2450 1499 2687 1566; x_wconf 83' lang='grc' dir='ltr'>θρώπων</span> <span class='ocrx_word' id='word_1_290' title='bbox 2721 1500 2973 1566; x_wconf 78' lang='grc' dir='ltr'>ἁρμόζει,</span> <span class='ocrx_word' id='word_1_291' title='bbox 3018 1502 3178 1568; x_wconf 84' lang='grc' dir='ltr'>μήτοι</span> <span class='ocrx_word' id='word_1_292' title='bbox 3218 1517 3281 1566; x_wconf 86' lang='grc' dir='ltr'><strong>γε</strong></span> <span class='ocrx_word' id='word_1_293' title='bbox 3306 1502 3368 1568; x_wconf 84' lang='grc' dir='ltr'>δὴ</span> <span class='ocrx_word' id='word_1_294' title='bbox 3388 1505 3499 1563; x_wconf 81' lang='grc' dir='ltr'>τοῖς</span> <span class='ocrx_word' id='word_1_295' title='bbox 3529 1504 3729 1568; x_wconf 90' lang='grc' dir='ltr'>ἁγίοις,</span> <span class='ocrx_word' id='word_1_296' title='bbox 3752 1504 3802 1553; x_wconf 79' lang='grc' dir='ltr'>οἳ</span> <span class='ocrx_word' id='word_1_297' title='bbox 3840 1504 4017 1555; x_wconf 82' lang='grc' dir='ltr'>πάντα</span> 
     </span>
    </p>
   </div>
   <div class='ocr_carea' id='block_1_44' title="bbox 2455 1588 4017 1661">
    <p class='ocr_par' dir='ltr' id='par_1_44' title="bbox 2455 1588 4017 1661">
     <span class='ocr_line' id='line_1_44' title="bbox 2455 1588 4017 1661; baseline 0.004 -22"><span class='ocrx_word' id='word_1_298' title='bbox 2455 1588 2702 1648; x_wconf 74' lang='grc' dir='ltr'><strong>ἐξέθεντο</strong></span> <span class='ocrx_word' id='word_1_299' title='bbox 2736 1590 2842 1640; x_wconf 74' lang='grc' dir='ltr'>ὑπὸ</span> <span class='ocrx_word' id='word_1_300' title='bbox 2867 1588 2961 1640; x_wconf 82' lang='grc' dir='ltr'><strong>τοῦ</strong></span> <span class='ocrx_word' id='word_1_301' title='bbox 2985 1591 3144 1655; x_wconf 88' lang='grc' dir='ltr'>ἁγίου</span> <span class='ocrx_word' id='word_1_302' title='bbox 3169 1590 3478 1657; x_wconf 83' lang='grc' dir='ltr'>κινούμενοι</span> <span class='ocrx_word' id='word_1_303' title='bbox 3505 1593 3818 1661; x_wconf 87' lang='grc' dir='ltr'>Πνεύματος</span> <span class='ocrx_word' id='word_1_304' title='bbox 3839 1608 3852 1621; x_wconf 88' lang='grc'><strong>·</strong></span> <span class='ocrx_word' id='word_1_305' title='bbox 3876 1594 4017 1646; x_wconf 84' lang='grc' dir='ltr'>ὥστε</span> 
     </span>
    </p>
   </div>
   <div class='ocr_carea' id='block_1_45' title="bbox 2447 1678 4017 1750">
    <p class='ocr_par' dir='ltr' id='par_1_45' title="bbox 2447 1678 4017 1750">
     <span class='ocr_line' id='line_1_45' title="bbox 2447 1678 4017 1750; baseline 0.003 -22"><span class='ocrx_word' id='word_1_306' title='bbox 2447 1680 2660 1740; x_wconf 75' lang='grc' dir='ltr'>τούτοις</span> <span class='ocrx_word' id='word_1_307' title='bbox 2694 1678 2767 1740; x_wconf 83' lang='grc' dir='ltr'><strong>ὡς</strong></span> <span class='ocrx_word' id='word_1_308' title='bbox 2798 1678 3139 1739; x_wconf 81' lang='grc' dir='ltr'>διδασκάλοις</span> <span class='ocrx_word' id='word_1_309' title='bbox 3171 1680 3452 1740; x_wconf 74' lang='grc' dir='ltr'>εὐσεσείας</span> <span class='ocrx_word' id='word_1_310' title='bbox 3508 1681 3637 1740; x_wconf 86' lang='grc' dir='ltr'>τοὺς</span> <span class='ocrx_word' id='word_1_311' title='bbox 3696 1682 4017 1750; x_wconf 79' lang='grc' dir='ltr'>ἀνθρώπους</span> 
     </span>
    </p>
   </div>
   <div class='ocr_carea' id='block_1_46' title="bbox 2450 1770 4018 1839">
    <p class='ocr_par' dir='ltr' id='par_1_46' title="bbox 2450 1770 4018 1839">
     <span class='ocr_line' id='line_1_46' title="bbox 2450 1770 4018 1839; baseline 0.003 -20"><span class='ocrx_word' id='word_1_312' title='bbox 2450 1771 2843 1838; x_wconf 83' lang='grc' dir='ltr'>προσέχοντας,</span> <span class='ocrx_word' id='word_1_313' title='bbox 2868 1771 2962 1821; x_wconf 78' lang='grc' dir='ltr'>καὶ</span> <span class='ocrx_word' id='word_1_314' title='bbox 2988 1770 3059 1821; x_wconf 82' lang='grc' dir='ltr'>δι’</span> <span class='ocrx_word' id='word_1_315' title='bbox 3092 1771 3271 1822; x_wconf 81' lang='grc' dir='ltr'>αὐτῶν</span> <span class='ocrx_word' id='word_1_316' title='bbox 3306 1772 3405 1837; x_wconf 82' lang='grc' dir='ltr'>τῆς</span> <span class='ocrx_word' id='word_1_317' title='bbox 3430 1772 3685 1839; x_wconf 85' lang='grc' dir='ltr'>ἀληθείας</span> <span class='ocrx_word' id='word_1_318' title='bbox 3720 1774 4018 1839; x_wconf 81' lang='grc' dir='ltr'>ἐπιτυγχά-</span> 
     </span>
    </p>
   </div>
   <div class='ocr_carea' id='block_1_47' title="bbox 2446 1858 4015 1930">
    <p class='ocr_par' dir='ltr' id='par_1_47' title="bbox 2446 1858 4015 1930">
     <span class='ocr_line' id='line_1_47' title="bbox 2446 1858 4015 1930; baseline 0.001 -19"><span class='ocrx_word' id='word_1_319' title='bbox 2446 1875 2658 1921; x_wconf 91' lang='grc' dir='ltr'>νοντας,</span> <span class='ocrx_word' id='word_1_320' title='bbox 2693 1858 2837 1911; x_wconf 88' lang='grc' dir='ltr'>οῦτω</span> <span class='ocrx_word' id='word_1_321' title='bbox 2871 1860 3251 1928; x_wconf 76' lang='grc' dir='ltr'>συνημμένους</span> <span class='ocrx_word' id='word_1_322' title='bbox 3280 1862 3336 1911; x_wconf 78' lang='grc' dir='ltr'><strong>ἐν</strong></span> <span class='ocrx_word' id='word_1_323' title='bbox 3373 1860 3448 1927; x_wconf 82' lang='grc' dir='ltr'>τῷ</span> <span class='ocrx_word' id='word_1_324' title='bbox 3477 1862 3697 1930; x_wconf 82' lang='grc' dir='ltr'>Χριστῷ</span> <span class='ocrx_word' id='word_1_325' title='bbox 3749 1862 4015 1927; x_wconf 79' lang='grc' dir='ltr'>γίνεσθαι.</span> 
     </span>
    </p>
   </div>
   <div class='ocr_carea' id='block_1_48' title="bbox 2518 2032 4019 2106">
    <p class='ocr_par' dir='ltr' id='par_1_48' title="bbox 2518 2032 4019 2106">
     <span class='ocr_line' id='line_1_48' title="bbox 2518 2032 4019 2106; baseline 0 -16"><span class='ocrx_word' id='word_1_326' title='bbox 2518 2039 2652 2106; x_wconf 80' lang='grc' dir='ltr'>Περὶ</span> <span class='ocrx_word' id='word_1_327' title='bbox 2694 2037 2796 2106; x_wconf 83' lang='grc' dir='ltr'><strong>μὲν</strong></span> <span class='ocrx_word' id='word_1_328' title='bbox 2841 2032 2934 2089; x_wconf 75' lang='grc' dir='ltr'>οὖν</span> <span class='ocrx_word' id='word_1_329' title='bbox 2964 2036 3074 2088; x_wconf 84' lang='grc' dir='ltr'><strong>τῶν</strong></span> <span class='ocrx_word' id='word_1_330' title='bbox 3127 2040 3241 2099; x_wconf 81' lang='grc' dir='ltr'>τοῖς</span> <span class='ocrx_word' id='word_1_331' title='bbox 3287 2038 3461 2104; x_wconf 83' lang='grc' dir='ltr'>ἁγίοις</span> <span class='ocrx_word' id='word_1_332' title='bbox 3516 2039 3822 2105; x_wconf 80' lang='grc' dir='ltr'>εἰρημένων</span> <span class='ocrx_word' id='word_1_333' title='bbox 3874 2039 4019 2090; x_wconf 79' lang='grc' dir='ltr'>οὕτω</span> 
     </span>
    </p>
   </div>
   <div class='ocr_carea' id='block_1_49' title="bbox 2446 2121 4019 2200">
    <p class='ocr_par' dir='ltr' id='par_1_49' title="bbox 2446 2121 4019 2200">
     <span class='ocr_line' id='line_1_49' title="bbox 2446 2121 4019 2200; baseline 0.001 -21"><span class='ocrx_word' id='word_1_334' title='bbox 2446 2129 2551 2200; x_wconf 80' lang='grc' dir='ltr'><strong>χρὴ</strong></span> <span class='ocrx_word' id='word_1_335' title='bbox 2579 2130 2802 2196; x_wconf 85' lang='grc' dir='ltr'>γνώμης</span> <span class='ocrx_word' id='word_1_336' title='bbox 2836 2129 2998 2196; x_wconf 75' lang='grc' dir='ltr'>ἔχειν,</span> <span class='ocrx_word' id='word_1_337' title='bbox 3029 2129 3121 2180; x_wconf 77' lang='grc' dir='ltr'>καὶ</span> <span class='ocrx_word' id='word_1_338' title='bbox 3151 2129 3376 2195; x_wconf 83' lang='grc' dir='ltr'>τοιούτῳ</span> <span class='ocrx_word' id='word_1_339' title='bbox 3409 2121 3641 2196; x_wconf 68' lang='grc' dir='ltr'>χρῆσθαι</span> <span class='ocrx_word' id='word_1_340' title='bbox 3669 2131 3759 2180; x_wconf 82' lang='grc' dir='ltr'>ἐπὶ</span> <span class='ocrx_word' id='word_1_341' title='bbox 3801 2131 4019 2182; x_wconf 81' lang='grc' dir='ltr'>πάντων</span> 
     </span>
    </p>
   </div>
   <div class='ocr_carea' id='block_1_50' title="bbox 2448 2221 4019 2291">
    <p class='ocr_par' dir='ltr' id='par_1_50' title="bbox 2448 2221 4019 2291">
     <span class='ocr_line' id='line_1_50' title="bbox 2448 2221 4019 2291; baseline -0.001 -15"><span class='ocrx_word' id='word_1_342' title='bbox 2448 2224 2653 2278; x_wconf 80' lang='grc' dir='ltr'>κανόνι,</span> <span class='ocrx_word' id='word_1_343' title='bbox 2681 2224 2743 2274; x_wconf 82' lang='grc' dir='ltr'>Εἰ</span> <span class='ocrx_word' id='word_1_344' title='bbox 2769 2223 2825 2275; x_wconf 88' lang='grc' dir='ltr'>δὲ</span> <span class='ocrx_word' id='word_1_345' title='bbox 2863 2223 2959 2291; x_wconf 79' lang='grc' dir='ltr'>μὴ,</span> <span class='ocrx_word' id='word_1_346' title='bbox 2990 2221 3211 2289; x_wconf 81' lang='grc' dir='ltr'>ἄμεινον</span> <span class='ocrx_word' id='word_1_347' title='bbox 3237 2224 3412 2288; x_wconf 86' lang='grc' dir='ltr'>λέγειν</span> <span class='ocrx_word' id='word_1_348' title='bbox 3440 2221 3541 2290; x_wconf 80' lang='grc' dir='ltr'><strong>τὴν</strong></span> <span class='ocrx_word' id='word_1_349' title='bbox 3570 2222 3679 2273; x_wconf 82' lang='grc' dir='ltr'>τῶν</span> <span class='ocrx_word' id='word_1_350' title='bbox 3710 2222 4019 2291; x_wconf 86' lang='grc' dir='ltr'>λεγομένων</span> 
     </span>
    </p>
   </div>
   <div class='ocr_carea' id='block_1_51' title="bbox 2449 2310 4019 2383">
    <p class='ocr_par' dir='ltr' id='par_1_51' title="bbox 2449 2310 4019 2383">
     <span class='ocr_line' id='line_1_51' title="bbox 2449 2310 4019 2383; baseline -0.004 -16"><span class='ocrx_word' id='word_1_351' title='bbox 2449 2314 2526 2383; x_wconf 83' lang='grc' dir='ltr'>μὴ</span> <span class='ocrx_word' id='word_1_352' title='bbox 2562 2313 2802 2365; x_wconf 79' lang='grc' dir='ltr'>συνιέναι</span> <span class='ocrx_word' id='word_1_353' title='bbox 2852 2312 3091 2364; x_wconf 82' lang='grc' dir='ltr'>διάνοιαν</span> <span class='ocrx_word' id='word_1_354' title='bbox 3129 2311 3161 2379; x_wconf 82' lang='grc' dir='ltr'>ἢ</span> <span class='ocrx_word' id='word_1_355' title='bbox 3213 2311 3538 2379; x_wconf 79' lang='grc' dir='ltr'>ἀνατρέπειν</span> <span class='ocrx_word' id='word_1_356' title='bbox 3565 2310 3663 2374; x_wconf 87' lang='grc' dir='ltr'><strong>τὰς</strong></span> <span class='ocrx_word' id='word_1_357' title='bbox 3706 2310 4019 2376; x_wconf 82' lang='grc' dir='ltr'>ἀξιολόγους</span> 
     </span>
    </p>
   </div>
   <div class='ocr_carea' id='block_1_52' title="bbox 2446 2400 4019 2472">
    <p class='ocr_par' dir='ltr' id='par_1_52' title="bbox 2446 2400 4019 2472">
     <span class='ocr_line' id='line_1_52' title="bbox 2446 2400 4019 2472; baseline -0.001 -16"><span class='ocrx_word' id='word_1_358' title='bbox 2446 2406 2576 2472; x_wconf 79' lang='grc' dir='ltr'>περὶ</span> <span class='ocrx_word' id='word_1_359' title='bbox 2609 2404 2746 2456; x_wconf 82' lang='grc' dir='ltr'>Θεοῦ</span> <span class='ocrx_word' id='word_1_360' title='bbox 2788 2403 3110 2472; x_wconf 63' lang='grc' dir='ltr'>ὑπολήψεις,</span> <span class='ocrx_word' id='word_1_361' title='bbox 3148 2402 3222 2465; x_wconf 87' lang='grc' dir='ltr'>ὼς</span> <span class='ocrx_word' id='word_1_362' title='bbox 3264 2405 3292 2455; x_wconf 99' lang='lat'><strong>6</strong></span> <span class='ocrx_word' id='word_1_363' title='bbox 3338 2402 3511 2470; x_wconf 81' lang='grc' dir='ltr'>μέγας</span> <span class='ocrx_word' id='word_1_364' title='bbox 3558 2400 3661 2469; x_wconf 76' lang='grc' dir='ltr'>ἔφη</span> <span class='ocrx_word' id='word_1_365' title='bbox 3715 2402 4019 2457; x_wconf 76' lang='grc' dir='ltr'>Βασίλειος.</span> 
     </span>
    </p>
   </div>
   <div class='ocr_carea' id='block_1_53' title="bbox 2457 2494 4019 2563">
    <p class='ocr_par' dir='ltr' id='par_1_53' title="bbox 2457 2494 4019 2563">
     <span class='ocr_line' id='line_1_53' title="bbox 2457 2494 4019 2563; baseline -0.003 -14"><span class='ocrx_word' id='word_1_366' title='bbox 2457 2495 2731 2550; x_wconf 85' lang='grc' dir='ltr'>Ἐνταῦθα</span> <span class='ocrx_word' id='word_1_367' title='bbox 2762 2496 2817 2548; x_wconf 80' lang='grc' dir='ltr'>δὲ</span> <span class='ocrx_word' id='word_1_368' title='bbox 2846 2494 2959 2547; x_wconf 79' lang='grc' dir='ltr'>ἐστι</span> <span class='ocrx_word' id='word_1_369' title='bbox 2988 2494 3190 2561; x_wconf 88' lang='grc' dir='ltr'>λέγειν,</span> <span class='ocrx_word' id='word_1_370' title='bbox 3222 2496 3297 2556; x_wconf 82' lang='grc' dir='ltr'>ὡς</span> <span class='ocrx_word' id='word_1_371' title='bbox 3324 2494 3385 2546; x_wconf 80' lang='grc' dir='ltr'><strong>τὸ</strong></span> <span class='ocrx_word' id='word_1_372' title='bbox 3408 2495 3539 2547; x_wconf 77' lang='grc' dir='ltr'>αὐτὸ</span> <span class='ocrx_word' id='word_1_373' title='bbox 3561 2495 3703 2546; x_wconf 82' lang='grc' dir='ltr'>κατὰ</span> <span class='ocrx_word' id='word_1_374' title='bbox 3728 2495 4019 2563; x_wconf 79' lang='grc' dir='ltr'>διαφόρους</span> 
     </span>
    </p>
   </div>
   <div class='ocr_carea' id='block_1_54' title="bbox 2445 2585 4018 2655">
    <p class='ocr_par' dir='ltr' id='par_1_54' title="bbox 2445 2585 4018 2655">
     <span class='ocr_line' id='line_1_54' title="bbox 2445 2585 4018 2655; baseline -0.004 -13"><span class='ocrx_word' id='word_1_375' title='bbox 2445 2587 2770 2655; x_wconf 79' lang='grc' dir='ltr'>ἀποϐλέψεις</span> <span class='ocrx_word' id='word_1_376' title='bbox 2796 2586 2971 2647; x_wconf 73' lang='grc' dir='ltr'>ἄλλως</span> <span class='ocrx_word' id='word_1_377' title='bbox 3002 2586 3097 2638; x_wconf 76' lang='grc' dir='ltr'>καὶ</span> <span class='ocrx_word' id='word_1_378' title='bbox 3118 2585 3295 2646; x_wconf 79' lang='grc' dir='ltr'>ἄλλως</span> <span class='ocrx_word' id='word_1_379' title='bbox 3324 2585 3547 2651; x_wconf 70' lang='grc' dir='ltr'>οἰᾶγιοι</span> <span class='ocrx_word' id='word_1_380' title='bbox 3573 2585 3920 2637; x_wconf 79' lang='grc' dir='ltr'>ἀποδιδόασιν</span> <span class='ocrx_word' id='word_1_381' title='bbox 3938 2601 3953 2615; x_wconf 77' lang='grc' dir='ltr'><strong>ο</strong></span> <span class='ocrx_word' id='word_1_382' title='bbox 3989 2588 4018 2636; x_wconf 89' lang='lat'><strong>6</strong></span> 
     </span>
    </p>
   </div>
   <div class='ocr_carea' id='block_1_55' title="bbox 2449 2668 4015 2750">
    <p class='ocr_par' dir='ltr' id='par_1_55' title="bbox 2449 2668 4015 2750">
     <span class='ocr_line' id='line_1_55' title="bbox 2449 2668 4015 2750; baseline -0.004 -17"><span class='ocrx_word' id='word_1_383' title='bbox 2449 2680 2550 2750; x_wconf 81' lang='grc' dir='ltr'><strong>μὲν</strong></span> <span class='ocrx_word' id='word_1_384' title='bbox 2591 2680 2699 2747; x_wconf 82' lang='grc' dir='ltr'><strong>γὰρ</strong></span> <span class='ocrx_word' id='word_1_385' title='bbox 2732 2678 2858 2739; x_wconf 79' lang='grc' dir='ltr'><strong>Υἱὸς</strong></span> <span class='ocrx_word' id='word_1_386' title='bbox 2895 2679 2959 2728; x_wconf 89' lang='grc' dir='ltr'><strong>ἐκ</strong></span> <span class='ocrx_word' id='word_1_387' title='bbox 2997 2676 3091 2729; x_wconf 89' lang='grc' dir='ltr'><strong>τοῦ</strong></span> <span class='ocrx_word' id='word_1_388' title='bbox 3138 2668 3350 2746; x_wconf 80' lang='grc' dir='ltr'>Πατρός</span> <span class='ocrx_word' id='word_1_389' title='bbox 3394 2678 3560 2739; x_wconf 86' lang='grc' dir='ltr'>ἐστιν,</span> <span class='ocrx_word' id='word_1_390' title='bbox 3607 2677 3682 2738; x_wconf 83' lang='grc' dir='ltr'>ὡς</span> <span class='ocrx_word' id='word_1_391' title='bbox 3735 2676 3906 2742; x_wconf 86' lang='grc' dir='ltr'>Λόγος</span> <span class='ocrx_word' id='word_1_392' title='bbox 3950 2676 4015 2727; x_wconf 86' lang='grc' dir='ltr'><strong>ἐκ</strong></span> 
     </span>
    </p>
   </div>
   <div class='ocr_carea' id='block_1_56' title="bbox 2449 2766 4017 2837">
    <p class='ocr_par' dir='ltr' id='par_1_56' title="bbox 2449 2766 4017 2837">
     <span class='ocr_line' id='line_1_56' title="bbox 2449 2766 4017 2837; baseline -0.003 -13"><span class='ocrx_word' id='word_1_393' title='bbox 2449 2771 2581 2825; x_wconf 88' lang='grc' dir='ltr'>Νοῦ.</span> <span class='ocrx_word' id='word_1_394' title='bbox 2627 2770 2783 2823; x_wconf 83' lang='grc' dir='ltr'>Κατὰ</span> <span class='ocrx_word' id='word_1_395' title='bbox 2826 2770 2982 2822; x_wconf 85' lang='grc' dir='ltr'>τοῦτο</span> <span class='ocrx_word' id='word_1_396' title='bbox 3020 2769 3115 2822; x_wconf 76' lang='grc' dir='ltr'>καὶ</span> <span class='ocrx_word' id='word_1_397' title='bbox 3152 2769 3375 2837; x_wconf 74' lang='grc' dir='ltr'>θέλησιν</span> <span class='ocrx_word' id='word_1_398' title='bbox 3419 2772 3481 2821; x_wconf 88' lang='grc' dir='ltr'><strong>ἐκ</strong></span> <span class='ocrx_word' id='word_1_399' title='bbox 3531 2770 3796 2836; x_wconf 78' lang='grc' dir='ltr'>θελήσεως</span> <span class='ocrx_word' id='word_1_400' title='bbox 3839 2766 4017 2834; x_wconf 81' lang='grc' dir='ltr'>εἶπον,</span> 
     </span>
    </p>
   </div>
   <div class='ocr_carea' id='block_1_57' title="bbox 2446 2860 4017 2929">
    <p class='ocr_par' dir='ltr' id='par_1_57' title="bbox 2446 2860 4017 2929">
     <span class='ocr_line' id='line_1_57' title="bbox 2446 2860 4017 2929; baseline -0.004 -14"><span class='ocrx_word' id='word_1_401' title='bbox 2446 2863 2521 2924; x_wconf 86' lang='grc' dir='ltr'>ὼς</span> <span class='ocrx_word' id='word_1_402' title='bbox 2545 2865 2571 2914; x_wconf 92' lang='lat'><strong>6</strong></span> <span class='ocrx_word' id='word_1_403' title='bbox 2600 2861 2858 2927; x_wconf 82' lang='grc' dir='ltr'>Θεολόγος</span> <span class='ocrx_word' id='word_1_404' title='bbox 2887 2860 3184 2927; x_wconf 85' lang='grc' dir='ltr'>Γρηγόριος</span> <span class='ocrx_word' id='word_1_405' title='bbox 3202 2861 3370 2927; x_wconf 84' lang='grc' dir='ltr'>λέγει,</span> <span class='ocrx_word' id='word_1_406' title='bbox 3395 2879 3413 2906; x_wconf 79' lang='grc' dir='ltr'><strong><em>σ</em></strong></span> <span class='ocrx_word' id='word_1_407' title='bbox 3442 2861 3530 2929; x_wconf 83' lang='grc' dir='ltr'><strong>Τῷ</strong></span> <span class='ocrx_word' id='word_1_408' title='bbox 3555 2861 3728 2928; x_wconf 80' lang='grc' dir='ltr'>Πατρὶ</span> <span class='ocrx_word' id='word_1_409' title='bbox 3761 2860 4017 2928; x_wconf 80' lang='grc' dir='ltr'>γέννησίς</span> 
     </span>
    </p>
   </div>
   <div class='ocr_carea' id='block_1_58' title="bbox 2448 2951 4021 3021">
    <p class='ocr_par' dir='ltr' id='par_1_58' title="bbox 2448 2951 4021 3021">
     <span class='ocr_line' id='line_1_58' title="bbox 2448 2951 4021 3021; baseline -0.003 -19"><span class='ocrx_word' id='word_1_410' title='bbox 2448 2953 2596 3004; x_wconf 88' lang='grc' dir='ltr'>ἐστιν</span> <span class='ocrx_word' id='word_1_411' title='bbox 2689 2952 2782 3003; x_wconf 84' lang='grc' dir='ltr'><strong>τοῦ</strong></span> <span class='ocrx_word' id='word_1_412' title='bbox 2823 2952 3016 3019; x_wconf 79' lang='grc' dir='ltr'>γεννᾷν</span> <span class='ocrx_word' id='word_1_413' title='bbox 3044 2951 3282 3018; x_wconf 80' lang='grc' dir='ltr'>θέλησις,</span> <span class='ocrx_word' id='word_1_414' title='bbox 3313 2952 3403 3001; x_wconf 78' lang='grc' dir='ltr'>καὶ</span> <span class='ocrx_word' id='word_1_415' title='bbox 3440 2951 3693 3019; x_wconf 75' lang='grc' dir='ltr'>βούλησις</span> <span class='ocrx_word' id='word_1_416' title='bbox 3722 2954 3784 3001; x_wconf 77' lang='grc' dir='ltr'><strong>ἐκ</strong></span> <span class='ocrx_word' id='word_1_417' title='bbox 3827 2951 4021 3018; x_wconf 74' lang='grc' dir='ltr'>βουλή-</span> 
     </span>
    </p>
   </div>
   <div class='ocr_carea' id='block_1_59' title="bbox 760 3033 2509 3111">
    <p class='ocr_par' dir='ltr' id='par_1_59' title="bbox 760 3033 2509 3105">
     <span class='ocr_line' id='line_1_59' title="bbox 760 3033 2509 3105; baseline -0.004 -16"><span class='ocrx_word' id='word_1_418' title='bbox 760 3036 914 3105; x_wconf 80' lang='lat' dir='ltr'><strong>logus</strong></span> <span class='ocrx_word' id='word_1_419' title='bbox 947 3054 961 3090; x_wconf 91' lang='lat'><strong>:</strong></span> <span class='ocrx_word' id='word_1_420' title='bbox 995 3034 1169 3091; x_wconf 73' lang='lat' dir='ltr'><strong>«Patri</strong></span> <span class='ocrx_word' id='word_1_421' title='bbox 1204 3036 1507 3105; x_wconf 88' lang='lat' dir='ltr'><strong>generatio,</strong></span> <span class='ocrx_word' id='word_1_422' title='bbox 1536 3033 1797 3103; x_wconf 82' lang='lat' dir='ltr'><strong>gignendi</strong></span> <span class='ocrx_word' id='word_1_423' title='bbox 1826 3033 2082 3087; x_wconf 86' lang='lat' dir='ltr'><strong>voluntas</strong></span> <span class='ocrx_word' id='word_1_424' title='bbox 2127 3039 2233 3094; x_wconf 87' lang='lat' dir='ltr'><strong>est,</strong></span> <span class='ocrx_word' id='word_1_425' title='bbox 2272 3044 2335 3083; x_wconf 83' lang='lat' dir='ltr'><strong>ac</strong></span> <span class='ocrx_word' id='word_1_426' title='bbox 2428 3038 2509 3099; x_wconf 48' lang='grc' dir='ltr'>ιε</span> 
     </span>
    </p>
   </div>
   <div class='ocr_carea' id='block_1_60' title="bbox 2270 3033 4019 3111">
    <p class='ocr_par' dir='ltr' id='par_1_60' title="bbox 2272 3038 4019 3111">
     <span class='ocr_line' id='line_1_60' title="bbox 2272 3038 4019 3111; baseline -0.005 -12"><span class='ocrx_word' id='word_1_427' title='bbox 2272 3044 2335 3083; x_wconf 58' lang='lat' dir='ltr'><strong>ac</strong></span> <span class='ocrx_word' id='word_1_428' title='bbox 2428 3038 2589 3108; x_wconf 56' lang='grc' dir='ltr'><strong>Ἰἣεως</strong></span> <span class='ocrx_word' id='word_1_429' title='bbox 2611 3060 2627 3076; x_wconf 80' lang='grc'><strong><em>⁸</em></strong></span> <span class='ocrx_word' id='word_1_430' title='bbox 2654 3044 2778 3096; x_wconf 80' lang='grc' dir='ltr'>καθ’</span> <span class='ocrx_word' id='word_1_431' title='bbox 2804 3044 2861 3095; x_wconf 91' lang='grc' dir='ltr'><strong>ὃν</strong></span> <span class='ocrx_word' id='word_1_432' title='bbox 2908 3042 2972 3111; x_wconf 83' lang='grc' dir='ltr'>δὴ</span> <span class='ocrx_word' id='word_1_433' title='bbox 3000 3044 3199 3109; x_wconf 87' lang='grc' dir='ltr'>τρόπον</span> <span class='ocrx_word' id='word_1_434' title='bbox 3227 3038 3379 3093; x_wconf 82' lang='grc' dir='ltr'>εἶπον</span> <span class='ocrx_word' id='word_1_435' title='bbox 3399 3042 3591 3108; x_wconf 85' lang='grc' dir='ltr'>σοφίαν</span> <span class='ocrx_word' id='word_1_436' title='bbox 3615 3044 3677 3093; x_wconf 86' lang='grc' dir='ltr'><strong>ἐκ</strong></span> <span class='ocrx_word' id='word_1_437' title='bbox 3707 3042 3898 3107; x_wconf 79' lang='grc' dir='ltr'>σοφίας</span> <span class='ocrx_word' id='word_1_438' title='bbox 3926 3042 4019 3091; x_wconf 81' lang='grc' dir='ltr'><strong>τὸν</strong></span> 
     </span>
    </p>
   </div>
   <div class='ocr_carea' id='block_1_61' title="bbox 760 3124 2332 3194">
    <p class='ocr_par' dir='ltr' id='par_1_61' title="bbox 760 3124 2332 3194">
     <span class='ocr_line' id='line_1_61' title="bbox 760 3124 2332 3194; baseline -0.004 -11"><span class='ocrx_word' id='word_1_439' title='bbox 760 3130 1015 3183; x_wconf 85' lang='lat' dir='ltr'><strong>voluntas</strong></span> <span class='ocrx_word' id='word_1_440' title='bbox 1067 3144 1128 3181; x_wconf 80' lang='lat' dir='ltr'><strong>ex</strong></span> <span class='ocrx_word' id='word_1_441' title='bbox 1172 3128 1468 3180; x_wconf 80' lang='lat' dir='ltr'><strong>voluntate.</strong></span> <span class='ocrx_word' id='word_1_442' title='bbox 1507 3145 1525 3176; x_wconf 74' lang='grc' dir='ltr'><strong>ι</strong></span> <span class='ocrx_word' id='word_1_443' title='bbox 1563 3125 1874 3179; x_wconf 90' lang='lat' dir='ltr'><strong>Secundum</strong></span> <span class='ocrx_word' id='word_1_444' title='bbox 1933 3140 2091 3194; x_wconf 87' lang='lat' dir='ltr'><strong>quem</strong></span> <span class='ocrx_word' id='word_1_445' title='bbox 2144 3124 2332 3192; x_wconf 89' lang='lat' dir='ltr'><strong>utique</strong></span> 
     </span>
    </p>
   </div>
   <div class='ocr_carea' id='block_1_62' title="bbox 762 3217 2336 3286">
    <p class='ocr_par' dir='ltr' id='par_1_62' title="bbox 762 3217 2336 3286">
     <span class='ocr_line' id='line_1_62' title="bbox 762 3217 2336 3286; baseline -0.003 -12"><span class='ocrx_word' id='word_1_446' title='bbox 762 3221 1006 3283; x_wconf 89' lang='lat' dir='ltr'><strong>modum,</strong></span> <span class='ocrx_word' id='word_1_447' title='bbox 1040 3219 1235 3272; x_wconf 79' lang='lat' dir='ltr'><strong>Filium</strong></span> <span class='ocrx_word' id='word_1_448' title='bbox 1270 3220 1591 3286; x_wconf 84' lang='lat' dir='ltr'><strong>sapientiam</strong></span> <span class='ocrx_word' id='word_1_449' title='bbox 1616 3233 1680 3272; x_wconf 82' lang='lat' dir='ltr'><strong>ex</strong></span> <span class='ocrx_word' id='word_1_450' title='bbox 1741 3217 2013 3285; x_wconf 80' lang='lat' dir='ltr'><strong>sapientia</strong></span> <span class='ocrx_word' id='word_1_451' title='bbox 2061 3218 2336 3282; x_wconf 77' lang='lat' dir='ltr'><strong>dixerunt,</strong></span> 
     </span>
    </p>
   </div>
   <div class='ocr_carea' id='block_1_63' title="bbox 764 3308 2338 3377">
    <p class='ocr_par' dir='ltr' id='par_1_63' title="bbox 764 3308 2338 3377">
     <span class='ocr_line' id='line_1_63' title="bbox 764 3308 2338 3377; baseline -0.002 -12"><span class='ocrx_word' id='word_1_452' title='bbox 764 3328 829 3366; x_wconf 92' lang='lat' dir='ltr'><strong>ac</strong></span> <span class='ocrx_word' id='word_1_453' title='bbox 852 3313 1111 3365; x_wconf 88' lang='lat' dir='ltr'><strong>virtutem</strong></span> <span class='ocrx_word' id='word_1_454' title='bbox 1136 3326 1197 3365; x_wconf 80' lang='lat' dir='ltr'><strong>ex</strong></span> <span class='ocrx_word' id='word_1_455' title='bbox 1223 3310 1440 3364; x_wconf 74' lang='lat' dir='ltr'><strong>virtute.</strong></span> <span class='ocrx_word' id='word_1_456' title='bbox 1463 3310 1731 3364; x_wconf 63' lang='lat' dir='ltr'><strong>Caeterum</strong></span> <span class='ocrx_word' id='word_1_457' title='bbox 1768 3308 2012 3377; x_wconf 86' lang='lat' dir='ltr'><strong>Spiritus</strong></span> <span class='ocrx_word' id='word_1_458' title='bbox 2034 3318 2255 3361; x_wconf 89' lang='lat' dir='ltr'><strong>sanctus</strong></span> <span class='ocrx_word' id='word_1_459' title='bbox 2273 3323 2338 3362; x_wconf 82' lang='lat' dir='ltr'><strong>ex</strong></span> 
     </span>
    </p>
   </div>
   <div class='ocr_carea' id='block_1_64' title="bbox 762 3398 2337 3466">
    <p class='ocr_par' dir='ltr' id='par_1_64' title="bbox 762 3398 2337 3466">
     <span class='ocr_line' id='line_1_64' title="bbox 762 3398 2337 3466; baseline -0.003 -11"><span class='ocrx_word' id='word_1_460' title='bbox 762 3401 924 3456; x_wconf 84' lang='lat' dir='ltr'><strong>Patre</strong></span> <span class='ocrx_word' id='word_1_461' title='bbox 950 3409 1053 3466; x_wconf 91' lang='lat' dir='ltr'><strong>est,</strong></span> <span class='ocrx_word' id='word_1_462' title='bbox 1090 3402 1235 3454; x_wconf 91' lang='lat' dir='ltr'><strong>velut</strong></span> <span class='ocrx_word' id='word_1_463' title='bbox 1267 3401 1483 3454; x_wconf 89' lang='lat' dir='ltr'><strong>dilectio</strong></span> <span class='ocrx_word' id='word_1_464' title='bbox 1516 3416 1545 3454; x_wconf 88' lang='lat' dir='ltr'><strong>a</strong></span> <span class='ocrx_word' id='word_1_465' title='bbox 1577 3401 1856 3453; x_wconf 87' lang='lat' dir='ltr'><strong>voluntate</strong></span> <span class='ocrx_word' id='word_1_466' title='bbox 1887 3416 1901 3452; x_wconf 90' lang='lat'><strong>:</strong></span> <span class='ocrx_word' id='word_1_467' title='bbox 1937 3398 2141 3453; x_wconf 89' lang='lat' dir='ltr'><strong>idcirco</strong></span> <span class='ocrx_word' id='word_1_468' title='bbox 2175 3399 2337 3452; x_wconf 89' lang='lat' dir='ltr'><strong>etiam</strong></span> 
     </span>
    </p>
   </div>
   <div class='ocr_carea' id='block_1_65' title="bbox 761 3487 2343 3559">
    <p class='ocr_par' dir='ltr' id='par_1_65' title="bbox 761 3487 2343 3559">
     <span class='ocr_line' id='line_1_65' title="bbox 761 3487 2343 3559; baseline -0.002 -15"><span class='ocrx_word' id='word_1_469' title='bbox 761 3491 1020 3545; x_wconf 90' lang='lat' dir='ltr'><strong>distincta</strong></span> <span class='ocrx_word' id='word_1_470' title='bbox 1053 3489 1330 3559; x_wconf 89' lang='lat' dir='ltr'><strong>processio</strong></span> <span class='ocrx_word' id='word_1_471' title='bbox 1375 3499 1475 3542; x_wconf 91' lang='lat' dir='ltr'><strong>est.</strong></span> <span class='ocrx_word' id='word_1_472' title='bbox 1507 3488 1770 3542; x_wconf 89' lang='lat' dir='ltr'><strong>Creatura</strong></span> <span class='ocrx_word' id='word_1_473' title='bbox 1796 3503 1946 3552; x_wconf 90' lang='lat' dir='ltr'><strong>vero,</strong></span> <span class='ocrx_word' id='word_1_474' title='bbox 1978 3496 2237 3555; x_wconf 84' lang='lat' dir='ltr'><strong>tanquam</strong></span> <span class='ocrx_word' id='word_1_475' title='bbox 2275 3487 2343 3541; x_wconf 91' lang='lat' dir='ltr'><strong>ab</strong></span> 
     </span>
    </p>
   </div>
   <div class='ocr_carea' id='block_1_66' title="bbox 763 3578 2341 3649">
    <p class='ocr_par' dir='ltr' id='par_1_66' title="bbox 763 3578 2341 3649">
     <span class='ocr_line' id='line_1_66' title="bbox 763 3578 2341 3649; baseline -0.003 -13"><span class='ocrx_word' id='word_1_476' title='bbox 763 3599 872 3637; x_wconf 88' lang='lat' dir='ltr'><strong>una</strong></span> <span class='ocrx_word' id='word_1_477' title='bbox 905 3582 1203 3647; x_wconf 89' lang='lat' dir='ltr'><strong>voluntate,</strong></span> <span class='ocrx_word' id='word_1_478' title='bbox 1232 3596 1262 3634; x_wconf 93' lang='lat' dir='ltr'><strong>a</strong></span> <span class='ocrx_word' id='word_1_479' title='bbox 1295 3578 1458 3634; x_wconf 81' lang='lat' dir='ltr'><strong>Patre</strong></span> <span class='ocrx_word' id='word_1_480' title='bbox 1486 3588 1569 3633; x_wconf 91' lang='lat' dir='ltr'><strong>est</strong></span> <span class='ocrx_word' id='word_1_481' title='bbox 1593 3589 1647 3634; x_wconf 92' lang='lat' dir='ltr'><strong>et</strong></span> <span class='ocrx_word' id='word_1_482' title='bbox 1676 3580 1814 3633; x_wconf 87' lang='lat' dir='ltr'><strong>Filio</strong></span> <span class='ocrx_word' id='word_1_483' title='bbox 1849 3588 1906 3634; x_wconf 89' lang='lat' dir='ltr'><strong>et</strong></span> <span class='ocrx_word' id='word_1_484' title='bbox 1954 3580 2156 3649; x_wconf 84' lang='lat' dir='ltr'><strong>Spiritu</strong></span> <span class='ocrx_word' id='word_1_485' title='bbox 2214 3594 2341 3633; x_wconf 89' lang='lat' dir='ltr'><strong>san-</strong></span> 
     </span>
    </p>
   </div>
   <div class='ocr_carea' id='block_1_67' title="bbox 760 3671 2346 3742">
    <p class='ocr_par' dir='ltr' id='par_1_67' title="bbox 760 3671 2346 3742">
     <span class='ocr_line' id='line_1_67' title="bbox 760 3671 2346 3742; baseline -0.004 -12"><span class='ocrx_word' id='word_1_486' title='bbox 760 3686 873 3730; x_wconf 91' lang='lat' dir='ltr'><strong>cto.</strong></span> <span class='ocrx_word' id='word_1_487' title='bbox 910 3674 1027 3729; x_wconf 88' lang='lat' dir='ltr'><strong>Una</strong></span> <span class='ocrx_word' id='word_1_488' title='bbox 1090 3673 1235 3727; x_wconf 90' lang='lat' dir='ltr'><strong>enim</strong></span> <span class='ocrx_word' id='word_1_489' title='bbox 1258 3683 1341 3727; x_wconf 90' lang='lat' dir='ltr'><strong>est</strong></span> <span class='ocrx_word' id='word_1_490' title='bbox 1401 3676 1563 3726; x_wconf 89' lang='lat' dir='ltr'><strong>trium</strong></span> <span class='ocrx_word' id='word_1_491' title='bbox 1612 3687 1993 3742; x_wconf 89' lang='lat' dir='ltr'><strong>personarum,</strong></span> <span class='ocrx_word' id='word_1_492' title='bbox 2052 3671 2196 3741; x_wconf 68' lang='lat' dir='ltr'><strong>quvd</strong></span> <span class='ocrx_word' id='word_1_493' title='bbox 2220 3671 2346 3725; x_wconf 89' lang='lat' dir='ltr'><strong>atti-</strong></span> 
     </span>
    </p>
   </div>
   <div class='ocr_carea' id='block_1_68' title="bbox 767 3766 1645 3830">
    <p class='ocr_par' dir='ltr' id='par_1_68' title="bbox 767 3766 1645 3830">
     <span class='ocr_line' id='line_1_68' title="bbox 767 3766 1645 3830; baseline -0.005 -10"><span class='ocrx_word' id='word_1_494' title='bbox 767 3777 858 3820; x_wconf 90' lang='lat' dir='ltr'><strong>net</strong></span> <span class='ocrx_word' id='word_1_495' title='bbox 891 3767 958 3820; x_wconf 91' lang='lat' dir='ltr'><strong>ad</strong></span> <span class='ocrx_word' id='word_1_496' title='bbox 1010 3777 1289 3819; x_wconf 85' lang='lat' dir='ltr'><strong>creaturas</strong></span> <span class='ocrx_word' id='word_1_497' title='bbox 1325 3805 1340 3830; x_wconf 94' lang='lat'><strong>,</strong></span> <span class='ocrx_word' id='word_1_498' title='bbox 1375 3766 1645 3819; x_wconf 87' lang='lat' dir='ltr'><strong>voluntas.</strong></span> 
     </span>
    </p>
   </div>
   <div class='ocr_carea' id='block_1_69' title="bbox 834 3871 2345 3946">
    <p class='ocr_par' dir='ltr' id='par_1_69' title="bbox 834 3871 2345 3946">
     <span class='ocr_line' id='line_1_69' title="bbox 834 3871 2345 3946; baseline 0 -17"><span class='ocrx_word' id='word_1_499' title='bbox 834 3876 892 3931; x_wconf 74' lang='grc' dir='ltr'><strong>ιιι</strong></span> <span class='ocrx_word' id='word_1_500' title='bbox 959 3892 1089 3929; x_wconf 86' lang='lat' dir='ltr'><strong>vero</strong></span> <span class='ocrx_word' id='word_1_501' title='bbox 1121 3888 1229 3941; x_wconf 86' lang='lat' dir='ltr'><strong>est,</strong></span> <span class='ocrx_word' id='word_1_502' title='bbox 1260 3877 1403 3946; x_wconf 89' lang='lat' dir='ltr'><strong>quod</strong></span> <span class='ocrx_word' id='word_1_503' title='bbox 1438 3884 1491 3930; x_wconf 91' lang='lat' dir='ltr'><strong>et</strong></span> <span class='ocrx_word' id='word_1_504' title='bbox 1549 3876 1743 3931; x_wconf 87' lang='lat' dir='ltr'><strong>beatus</strong></span> <span class='ocrx_word' id='word_1_505' title='bbox 1800 3871 2071 3934; x_wconf 74' lang='lat' dir='ltr'><strong>Maximus</strong></span> <span class='ocrx_word' id='word_1_506' title='bbox 2123 3880 2221 3941; x_wconf 89' lang='lat' dir='ltr'><strong>ait,</strong></span> <span class='ocrx_word' id='word_1_507' title='bbox 2290 3876 2345 3930; x_wconf 91' lang='lat' dir='ltr'><strong>in</strong></span> 
     </span>
    </p>
   </div>
   <div class='ocr_carea' id='block_1_70' title="bbox 761 3968 2345 4039">
    <p class='ocr_par' dir='ltr' id='par_1_70' title="bbox 761 3968 2345 4039">
     <span class='ocr_line' id='line_1_70' title="bbox 761 3968 2345 4039; baseline -0.003 -16"><span class='ocrx_word' id='word_1_508' title='bbox 761 3969 1133 4039; x_wconf 83' lang='lat' dir='ltr'><strong>disputatione</strong></span> <span class='ocrx_word' id='word_1_509' title='bbox 1167 3983 1289 4022; x_wconf 92' lang='lat' dir='ltr'><strong>cum</strong></span> <span class='ocrx_word' id='word_1_510' title='bbox 1321 3969 1605 4021; x_wconf 71' lang='lat' dir='ltr'><strong>Anommo.</strong></span> <span class='ocrx_word' id='word_1_511' title='bbox 1634 3968 1768 4021; x_wconf 81' lang='lat' dir='ltr'><strong>Nam</strong></span> <span class='ocrx_word' id='word_1_512' title='bbox 1796 3984 1920 4024; x_wconf 90' lang='lat' dir='ltr'><strong>cum</strong></span> <span class='ocrx_word' id='word_1_513' title='bbox 1953 3969 2041 4023; x_wconf 90' lang='lat' dir='ltr'><strong>ille</strong></span> <span class='ocrx_word' id='word_1_514' title='bbox 2095 3969 2345 4033; x_wconf 81' lang='lat' dir='ltr'><strong>dixisset,</strong></span> 
     </span>
    </p>
   </div>
   <div class='ocr_carea' id='block_1_71' title="bbox 769 4058 2348 4129">
    <p class='ocr_par' dir='ltr' id='par_1_71' title="bbox 769 4058 2348 4129">
     <span class='ocr_line' id='line_1_71' title="bbox 769 4058 2348 4129; baseline 0.001 -17"><span class='ocrx_word' id='word_1_515' title='bbox 769 4060 857 4115; x_wconf 65' lang='lat' dir='ltr'><strong>«Si</strong></span> <span class='ocrx_word' id='word_1_516' title='bbox 890 4058 1034 4114; x_wconf 87' lang='lat' dir='ltr'><strong>Deus</strong></span> <span class='ocrx_word' id='word_1_517' title='bbox 1069 4058 1193 4112; x_wconf 88' lang='lat' dir='ltr'><strong>aliis</strong></span> <span class='ocrx_word' id='word_1_518' title='bbox 1218 4058 1414 4128; x_wconf 86' lang='lat' dir='ltr'><strong>gignit,</strong></span> <span class='ocrx_word' id='word_1_519' title='bbox 1449 4068 1614 4127; x_wconf 88' lang='lat' dir='ltr'><strong>atque</strong></span> <span class='ocrx_word' id='word_1_520' title='bbox 1653 4061 1776 4115; x_wconf 87' lang='lat' dir='ltr'><strong>aliis</strong></span> <span class='ocrx_word' id='word_1_521' title='bbox 1825 4062 2032 4125; x_wconf 89' lang='lat' dir='ltr'><strong>condit,</strong></span> <span class='ocrx_word' id='word_1_522' title='bbox 2072 4062 2348 4129; x_wconf 86' lang='lat' dir='ltr'><strong>composi-</strong></span> 
     </span>
    </p>
   </div>
   <div class='ocr_carea' id='block_1_72' title="bbox 768 4149 2349 4223">
    <p class='ocr_par' dir='ltr' id='par_1_72' title="bbox 768 4149 2349 4223">
     <span class='ocr_line' id='line_1_72' title="bbox 768 4149 2349 4223; baseline 0 -18"><span class='ocrx_word' id='word_1_523' title='bbox 768 4162 858 4206; x_wconf 89' lang='lat' dir='ltr'><strong>tus</strong></span> <span class='ocrx_word' id='word_1_524' title='bbox 887 4161 970 4206; x_wconf 84' lang='lat' dir='ltr'><strong>est</strong></span> <span class='ocrx_word' id='word_1_525' title='bbox 998 4169 1013 4217; x_wconf 89' lang='lat'><strong>;</strong></span> <span class='ocrx_word' id='word_1_526' title='bbox 1045 4171 1063 4203; x_wconf 73' lang='grc' dir='ltr'><strong>ι</strong></span> <span class='ocrx_word' id='word_1_527' title='bbox 1090 4149 1408 4219; x_wconf 84' lang='lat' dir='ltr'><strong>respondet,</strong></span> <span class='ocrx_word' id='word_1_528' title='bbox 1436 4168 1454 4201; x_wconf 81' lang='grc' dir='ltr'><strong>ι</strong></span> <span class='ocrx_word' id='word_1_529' title='bbox 1477 4149 1592 4205; x_wconf 86' lang='lat' dir='ltr'><strong>Non</strong></span> <span class='ocrx_word' id='word_1_530' title='bbox 1615 4153 1741 4206; x_wconf 90' lang='lat' dir='ltr'><strong>dico</strong></span> <span class='ocrx_word' id='word_1_531' title='bbox 1764 4154 1887 4209; x_wconf 82' lang='lat' dir='ltr'><strong>aliis</strong></span> <span class='ocrx_word' id='word_1_532' title='bbox 1911 4152 2148 4223; x_wconf 80' lang='lat' dir='ltr'><strong>gignere,</strong></span> <span class='ocrx_word' id='word_1_533' title='bbox 2186 4163 2349 4223; x_wconf 87' lang='lat' dir='ltr'><strong>atque</strong></span> 
     </span>
    </p>
   </div>
   <div class='ocr_carea' id='block_1_73' title="bbox 764 4243 2343 4315">
    <p class='ocr_par' dir='ltr' id='par_1_73' title="bbox 764 4243 2343 4315">
     <span class='ocr_line' id='line_1_73' title="bbox 764 4243 2343 4315; baseline 0 -18"><span class='ocrx_word' id='word_1_534' title='bbox 764 4243 888 4297; x_wconf 87' lang='lat' dir='ltr'><strong>aliis</strong></span> <span class='ocrx_word' id='word_1_535' title='bbox 920 4243 1179 4308; x_wconf 89' lang='lat' dir='ltr'><strong>condere,</strong></span> <span class='ocrx_word' id='word_1_536' title='bbox 1238 4243 1354 4309; x_wconf 84' lang='lat' dir='ltr'><strong>sed,</strong></span> <span class='ocrx_word' id='word_1_537' title='bbox 1380 4244 1537 4299; x_wconf 83' lang='lat' dir='ltr'><strong>aliter</strong></span> <span class='ocrx_word' id='word_1_538' title='bbox 1585 4244 1829 4315; x_wconf 86' lang='lat' dir='ltr'><strong>gignere,</strong></span> <span class='ocrx_word' id='word_1_539' title='bbox 1882 4244 2343 4299; x_wconf 64' lang='lat' dir='ltr'><strong>alitercondere.»</strong></span> 
     </span>
    </p>
   </div>
   <div class='ocr_carea' id='block_1_74' title="bbox 765 4334 2350 4406">
    <p class='ocr_par' dir='ltr' id='par_1_74' title="bbox 765 4334 2350 4406">
     <span class='ocr_line' id='line_1_74' title="bbox 765 4334 2350 4406; baseline -0.001 -16"><span class='ocrx_word' id='word_1_540' title='bbox 765 4335 1040 4390; x_wconf 63' lang='lat' dir='ltr'><strong>(laterum</strong></span> <span class='ocrx_word' id='word_1_541' title='bbox 1066 4336 1287 4390; x_wconf 88' lang='lat' dir='ltr'><strong>divinus</strong></span> <span class='ocrx_word' id='word_1_542' title='bbox 1312 4335 1572 4404; x_wconf 86' lang='lat' dir='ltr'><strong>Spiritus.</strong></span> <span class='ocrx_word' id='word_1_543' title='bbox 1614 4337 1705 4406; x_wconf 90' lang='lat' dir='ltr'><strong>qui</strong></span> <span class='ocrx_word' id='word_1_544' title='bbox 1730 4337 1800 4391; x_wconf 91' lang='lat' dir='ltr'><strong>sit</strong></span> <span class='ocrx_word' id='word_1_545' title='bbox 1840 4351 1869 4390; x_wconf 88' lang='lat' dir='ltr'><strong>a</strong></span> <span class='ocrx_word' id='word_1_546' title='bbox 1926 4334 2085 4391; x_wconf 82' lang='lat' dir='ltr'><strong>Patre</strong></span> <span class='ocrx_word' id='word_1_547' title='bbox 2131 4335 2350 4390; x_wconf 90' lang='lat' dir='ltr'><strong>dilectio</strong></span> 
     </span>
    </p>
   </div>
   <div class='ocr_carea' id='block_1_75' title="bbox 763 4428 2350 4497">
    <p class='ocr_par' dir='ltr' id='par_1_75' title="bbox 763 4428 2350 4497">
     <span class='ocr_line' id='line_1_75' title="bbox 763 4428 2350 4497; baseline -0.001 -15"><span class='ocrx_word' id='word_1_548' title='bbox 763 4439 820 4482; x_wconf 87' lang='lat' dir='ltr'><strong>et</strong></span> <span class='ocrx_word' id='word_1_549' title='bbox 852 4429 1113 4486; x_wconf 80' lang='lat' dir='ltr'><strong>eliaritas.</strong></span> <span class='ocrx_word' id='word_1_550' title='bbox 1165 4428 1423 4495; x_wconf 89' lang='lat' dir='ltr'><strong>peculiari</strong></span> <span class='ocrx_word' id='word_1_551' title='bbox 1480 4431 1717 4497; x_wconf 88' lang='lat' dir='ltr'><strong>quodam</strong></span> <span class='ocrx_word' id='word_1_552' title='bbox 1786 4428 1948 4482; x_wconf 86' lang='lat' dir='ltr'><strong>modo</strong></span> <span class='ocrx_word' id='word_1_553' title='bbox 1986 4428 2205 4483; x_wconf 92' lang='lat' dir='ltr'><strong>dicitur.</strong></span> <span class='ocrx_word' id='word_1_554' title='bbox 2251 4428 2350 4483; x_wconf 77' lang='lat' dir='ltr'><strong>Est</strong></span> 
     </span>
    </p>
   </div>
   <div class='ocr_carea' id='block_1_76' title="bbox 2447 3132 4020 3204">
    <p class='ocr_par' dir='ltr' id='par_1_76' title="bbox 2447 3132 4020 3204">
     <span class='ocr_line' id='line_1_76' title="bbox 2447 3132 4020 3204; baseline -0.003 -14"><span class='ocrx_word' id='word_1_555' title='bbox 2447 3137 2596 3202; x_wconf 68' lang='grc' dir='ltr'>Υίὸν,</span> <span class='ocrx_word' id='word_1_556' title='bbox 2628 3139 2722 3188; x_wconf 73' lang='grc' dir='ltr'>καὶ</span> <span class='ocrx_word' id='word_1_557' title='bbox 2748 3135 2979 3204; x_wconf 78' lang='grc' dir='ltr'>δύναμιν</span> <span class='ocrx_word' id='word_1_558' title='bbox 3011 3136 3073 3184; x_wconf 84' lang='grc' dir='ltr'>ὲκ</span> <span class='ocrx_word' id='word_1_559' title='bbox 3097 3133 3401 3199; x_wconf 85' lang='grc' dir='ltr'>δυνάμεως.</span> <span class='ocrx_word' id='word_1_560' title='bbox 3425 3133 3497 3185; x_wconf 75' lang='grc' dir='ltr'>Τὸ</span> <span class='ocrx_word' id='word_1_561' title='bbox 3524 3132 3580 3185; x_wconf 72' lang='grc' dir='ltr'>δὲ</span> <span class='ocrx_word' id='word_1_562' title='bbox 3610 3133 3764 3199; x_wconf 84' lang='grc' dir='ltr'>ἆγιον</span> <span class='ocrx_word' id='word_1_563' title='bbox 3794 3132 4020 3201; x_wconf 81' lang='grc' dir='ltr'>Πνεῦμα</span> 
     </span>
    </p>
   </div>
   <div class='ocr_carea' id='block_1_77' title="bbox 2444 3225 4017 3295">
    <p class='ocr_par' dir='ltr' id='par_1_77' title="bbox 2444 3225 4017 3295">
     <span class='ocr_line' id='line_1_77' title="bbox 2444 3225 4017 3295; baseline -0.004 -14"><span class='ocrx_word' id='word_1_564' title='bbox 2444 3232 2509 3282; x_wconf 83' lang='grc' dir='ltr'><strong>ἐκ</strong></span> <span class='ocrx_word' id='word_1_565' title='bbox 2550 3229 2642 3280; x_wconf 86' lang='grc' dir='ltr'><strong>τοῦ</strong></span> <span class='ocrx_word' id='word_1_566' title='bbox 2700 3228 2915 3295; x_wconf 80' lang='grc' dir='ltr'>Πατρός</span> <span class='ocrx_word' id='word_1_567' title='bbox 2955 3227 3125 3290; x_wconf 85' lang='grc' dir='ltr'>ἐστιν,</span> <span class='ocrx_word' id='word_1_568' title='bbox 3160 3226 3235 3287; x_wconf 86' lang='grc' dir='ltr'><strong>ὡς</strong></span> <span class='ocrx_word' id='word_1_569' title='bbox 3277 3226 3386 3277; x_wconf 80' lang='grc' dir='ltr'>ἀπὸ</span> <span class='ocrx_word' id='word_1_570' title='bbox 3419 3225 3689 3293; x_wconf 85' lang='grc' dir='ltr'>θελήσεως</span> <span class='ocrx_word' id='word_1_571' title='bbox 3733 3227 3766 3295; x_wconf 78' lang='grc' dir='ltr'>ἡ</span> <span class='ocrx_word' id='word_1_572' title='bbox 3804 3225 4017 3291; x_wconf 77' lang='grc' dir='ltr'>ἀγάπη.</span> 
     </span>
    </p>
   </div>
   <div class='ocr_carea' id='block_1_78' title="bbox 2445 3316 4019 3387">
    <p class='ocr_par' dir='ltr' id='par_1_78' title="bbox 2445 3316 4019 3387">
     <span class='ocr_line' id='line_1_78' title="bbox 2445 3316 4019 3387; baseline -0.004 -15"><span class='ocrx_word' id='word_1_573' title='bbox 2445 3319 2544 3372; x_wconf 85' lang='grc' dir='ltr'>Διά</span> <span class='ocrx_word' id='word_1_574' title='bbox 2576 3319 2735 3371; x_wconf 88' lang='grc' dir='ltr'>τοῦτο</span> <span class='ocrx_word' id='word_1_575' title='bbox 2786 3318 2895 3387; x_wconf 78' lang='grc' dir='ltr'><strong>γάρ</strong></span> <span class='ocrx_word' id='word_1_576' title='bbox 2941 3320 3059 3369; x_wconf 87' lang='grc' dir='ltr'>ἐστι</span> <span class='ocrx_word' id='word_1_577' title='bbox 3101 3320 3196 3368; x_wconf 79' lang='grc' dir='ltr'>καὶ</span> <span class='ocrx_word' id='word_1_578' title='bbox 3250 3317 3477 3385; x_wconf 75' lang='grc' dir='ltr'>πρόοδος</span> <span class='ocrx_word' id='word_1_579' title='bbox 3505 3317 3784 3385; x_wconf 78' lang='grc' dir='ltr'>διάφορος.</span> <span class='ocrx_word' id='word_1_580' title='bbox 3849 3316 3913 3369; x_wconf 82' lang='grc' dir='ltr'><strong>Ἠ</strong></span> <span class='ocrx_word' id='word_1_581' title='bbox 3961 3316 4019 3367; x_wconf 68' lang='grc' dir='ltr'>δὲ</span> 
     </span>
    </p>
   </div>
   <div class='ocr_carea' id='block_1_79' title="bbox 2445 3407 4020 3479">
    <p class='ocr_par' dir='ltr' id='par_1_79' title="bbox 2445 3407 4020 3479">
     <span class='ocr_line' id='line_1_79' title="bbox 2445 3407 4020 3479; baseline -0.003 -14"><span class='ocrx_word' id='word_1_582' title='bbox 2445 3413 2646 3477; x_wconf 89' lang='grc' dir='ltr'>κτίσις,</span> <span class='ocrx_word' id='word_1_583' title='bbox 2680 3412 2755 3473; x_wconf 85' lang='grc' dir='ltr'>ὡς</span> <span class='ocrx_word' id='word_1_584' title='bbox 2786 3411 2894 3462; x_wconf 76' lang='grc' dir='ltr'><strong>ἀπὸ</strong></span> <span class='ocrx_word' id='word_1_585' title='bbox 2928 3412 3065 3479; x_wconf 75' lang='grc' dir='ltr'>μιᾶς,</span> <span class='ocrx_word' id='word_1_586' title='bbox 3091 3410 3394 3478; x_wconf 80' lang='grc' dir='ltr'>βουλήσεως</span> <span class='ocrx_word' id='word_1_587' title='bbox 3418 3409 3758 3477; x_wconf 85' lang='grc' dir='ltr'>τοῦ¹Πατρδς</span> <span class='ocrx_word' id='word_1_588' title='bbox 3799 3408 3895 3461; x_wconf 82' lang='grc' dir='ltr'>καὶ</span> <span class='ocrx_word' id='word_1_589' title='bbox 3922 3407 4020 3460; x_wconf 84' lang='grc' dir='ltr'><strong>τοῦ</strong></span> 
     </span>
    </p>
   </div>
   <div class='ocr_carea' id='block_1_80' title="bbox 2448 3501 4025 3575">
    <p class='ocr_par' dir='ltr' id='par_1_80' title="bbox 2448 3501 4025 3575">
     <span class='ocr_line' id='line_1_80' title="bbox 2448 3501 4025 3575; baseline 0 -19"><span class='ocrx_word' id='word_1_590' title='bbox 2448 3504 2581 3556; x_wconf 83' lang='grc' dir='ltr'>Υίοῦ</span> <span class='ocrx_word' id='word_1_591' title='bbox 2623 3504 2716 3555; x_wconf 77' lang='grc' dir='ltr'>καὶ</span> <span class='ocrx_word' id='word_1_592' title='bbox 2748 3506 2840 3555; x_wconf 82' lang='grc' dir='ltr'><strong>τοῦ</strong></span> <span class='ocrx_word' id='word_1_593' title='bbox 2866 3504 3024 3569; x_wconf 91' lang='grc' dir='ltr'>ἀγίου</span> <span class='ocrx_word' id='word_1_594' title='bbox 3058 3503 3374 3569; x_wconf 74' lang='grc' dir='ltr'>Πνεύματος</span> <span class='ocrx_word' id='word_1_595' title='bbox 3400 3516 3413 3531; x_wconf 70' lang='grc' dir='ltr'><strong>ο</strong></span> <span class='ocrx_word' id='word_1_596' title='bbox 3459 3502 3556 3571; x_wconf 89' lang='grc' dir='ltr'><strong>μία</strong></span> <span class='ocrx_word' id='word_1_597' title='bbox 3579 3504 3687 3571; x_wconf 76' lang='grc' dir='ltr'><strong>γὰρ</strong></span> <span class='ocrx_word' id='word_1_598' title='bbox 3714 3503 3824 3556; x_wconf 85' lang='grc' dir='ltr'><strong>τῶν</strong></span> <span class='ocrx_word' id='word_1_599' title='bbox 3854 3501 4025 3575; x_wconf 83' lang='grc' dir='ltr'>τριῶν</span> 
     </span>
    </p>
   </div>
   <div class='ocr_carea' id='block_1_81' title="bbox 2444 3597 3345 3668">
    <p class='ocr_par' dir='ltr' id='par_1_81' title="bbox 2444 3597 3345 3668">
     <span class='ocr_line' id='line_1_81' title="bbox 2444 3597 3345 3668; baseline -0.001 -18"><span class='ocrx_word' id='word_1_600' title='bbox 2444 3598 2537 3650; x_wconf 69' lang='grc' dir='ltr'>ἐπὶ</span> <span class='ocrx_word' id='word_1_601' title='bbox 2563 3597 2671 3651; x_wconf 86' lang='grc' dir='ltr'>τῶν</span> <span class='ocrx_word' id='word_1_602' title='bbox 2701 3598 3017 3667; x_wconf 85' lang='grc' dir='ltr'>κτισμάτων</span> <span class='ocrx_word' id='word_1_603' title='bbox 3044 3600 3076 3668; x_wconf 78' lang='grc' dir='ltr'>ἡ</span> <span class='ocrx_word' id='word_1_604' title='bbox 3108 3598 3345 3666; x_wconf 87' lang='grc' dir='ltr'>θέλησις.</span> 
     </span>
    </p>
   </div>
   <div class='ocr_carea' id='block_1_82' title="bbox 2520 3855 4017 3931">
    <p class='ocr_par' dir='ltr' id='par_1_82' title="bbox 2520 3855 4017 3931">
     <span class='ocr_line' id='line_1_82' title="bbox 2520 3855 4017 3931; baseline -0.009 -11"><span class='ocrx_word' id='word_1_605' title='bbox 2520 3867 2690 3919; x_wconf 88' lang='grc' dir='ltr'>Τοῦτο</span> <span class='ocrx_word' id='word_1_606' title='bbox 2720 3865 2777 3918; x_wconf 89' lang='grc' dir='ltr'><strong>δέ</strong></span> <span class='ocrx_word' id='word_1_607' title='bbox 2808 3865 2979 3923; x_wconf 84' lang='grc' dir='ltr'>ἐστιν.</span> <span class='ocrx_word' id='word_1_608' title='bbox 3022 3864 3157 3931; x_wconf 83' lang='grc' dir='ltr'>ὅπερ</span> <span class='ocrx_word' id='word_1_609' title='bbox 3196 3862 3289 3913; x_wconf 79' lang='grc' dir='ltr'>καὶ</span> <span class='ocrx_word' id='word_1_610' title='bbox 3324 3861 3351 3912; x_wconf 93' lang='lat'><strong>6</strong></span> <span class='ocrx_word' id='word_1_611' title='bbox 3392 3859 3535 3921; x_wconf 85' lang='grc' dir='ltr'>θεῖος</span> <span class='ocrx_word' id='word_1_612' title='bbox 3577 3857 3830 3925; x_wconf 77' lang='grc' dir='ltr'>Μάξιμος</span> <span class='ocrx_word' id='word_1_613' title='bbox 3859 3857 3917 3907; x_wconf 89' lang='grc' dir='ltr'><strong>ἐν</strong></span> <span class='ocrx_word' id='word_1_614' title='bbox 3948 3855 4017 3923; x_wconf 78' lang='grc' dir='ltr'>τῇ</span> 
     </span>
    </p>
   </div>
   <div class='ocr_carea' id='block_1_83' title="bbox 2449 3944 4020 4027">
    <p class='ocr_par' dir='ltr' id='par_1_83' title="bbox 2449 3944 4020 4027">
     <span class='ocr_line' id='line_1_83' title="bbox 2449 3944 4020 4027; baseline -0.01 -18"><span class='ocrx_word' id='word_1_615' title='bbox 2449 3958 2587 4027; x_wconf 74' lang='grc' dir='ltr'>πρὸς</span> <span class='ocrx_word' id='word_1_616' title='bbox 2632 3955 2909 4025; x_wconf 79' lang='grc' dir='ltr'>Ἀνόμοιον</span> <span class='ocrx_word' id='word_1_617' title='bbox 2964 3951 3198 4017; x_wconf 77' lang='grc' dir='ltr'>διαλέξει</span> <span class='ocrx_word' id='word_1_618' title='bbox 3248 3950 3411 4019; x_wconf 74' lang='grc' dir='ltr'>φησίν</span> <span class='ocrx_word' id='word_1_619' title='bbox 3448 3947 3579 4017; x_wconf 71' lang='grc'><strong>(49).</strong></span> <span class='ocrx_word' id='word_1_620' title='bbox 3637 3945 3873 3999; x_wconf 87' lang='grc' dir='ltr'>Ἐκείνου</span> <span class='ocrx_word' id='word_1_621' title='bbox 3911 3944 4020 4014; x_wconf 76' lang='grc' dir='ltr'><strong>γὰρ</strong></span> 
     </span>
    </p>
   </div>
   <div class='ocr_carea' id='block_1_84' title="bbox 2449 4037 4026 4110">
    <p class='ocr_par' dir='ltr' id='par_1_84' title="bbox 2449 4037 4026 4110">
     <span class='ocr_line' id='line_1_84' title="bbox 2449 4037 4026 4110; baseline -0.011 -7"><span class='ocrx_word' id='word_1_622' title='bbox 2449 4050 2715 4110; x_wconf 85' lang='grc' dir='ltr'>εἰπόντος,</span> <span class='ocrx_word' id='word_1_623' title='bbox 2781 4065 2799 4097; x_wconf 85' lang='grc' dir='ltr'><strong>ι</strong></span> <span class='ocrx_word' id='word_1_624' title='bbox 2864 4046 2924 4097; x_wconf 83' lang='grc' dir='ltr'>Εἰ</span> <span class='ocrx_word' id='word_1_625' title='bbox 2975 4044 3154 4105; x_wconf 79' lang='grc' dir='ltr'>ἄλλοις</span> <span class='ocrx_word' id='word_1_626' title='bbox 3200 4046 3227 4095; x_wconf 86' lang='grc' dir='ltr'>ὁ</span> <span class='ocrx_word' id='word_1_627' title='bbox 3280 4043 3409 4102; x_wconf 79' lang='grc' dir='ltr'>Θεὸς</span> <span class='ocrx_word' id='word_1_628' title='bbox 3456 4041 3643 4109; x_wconf 83' lang='grc' dir='ltr'>γεννᾷ.</span> <span class='ocrx_word' id='word_1_629' title='bbox 3696 4040 3791 4091; x_wconf 71' lang='grc' dir='ltr'>καὶ</span> <span class='ocrx_word' id='word_1_630' title='bbox 3840 4037 4026 4101; x_wconf 82' lang='grc' dir='ltr'>ἄλλοις</span> 
     </span>
    </p>
   </div>
   <div class='ocr_carea' id='block_1_85' title="bbox 2452 4126 4025 4203">
    <p class='ocr_par' dir='ltr' id='par_1_85' title="bbox 2452 4126 4025 4203">
     <span class='ocr_line' id='line_1_85' title="bbox 2452 4126 4025 4203; baseline -0.008 -12"><span class='ocrx_word' id='word_1_631' title='bbox 2452 4139 2650 4203; x_wconf 79' lang='grc' dir='ltr'>κτίζει,</span> <span class='ocrx_word' id='word_1_632' title='bbox 2685 4136 2939 4197; x_wconf 84' lang='grc' dir='ltr'>σύνθετός</span> <span class='ocrx_word' id='word_1_633' title='bbox 2987 4136 3168 4184; x_wconf 84' lang='grc' dir='ltr'>ἐστιν·</span> <span class='ocrx_word' id='word_1_634' title='bbox 3214 4150 3232 4183; x_wconf 77' lang='grc' dir='ltr'><strong>ι</strong></span> <span class='ocrx_word' id='word_1_635' title='bbox 3270 4133 3653 4201; x_wconf 80' lang='grc' dir='ltr'>ἀποκρίνεται,</span> <span class='ocrx_word' id='word_1_636' title='bbox 3707 4147 3726 4180; x_wconf 80' lang='grc' dir='ltr'><strong>ι</strong></span> <span class='ocrx_word' id='word_1_637' title='bbox 3769 4126 3845 4182; x_wconf 86' lang='grc' dir='ltr'><strong>Οὐ</strong></span> <span class='ocrx_word' id='word_1_638' title='bbox 3880 4128 4025 4194; x_wconf 86' lang='grc' dir='ltr'>λέγω</span> 
     </span>
    </p>
   </div>
   <div class='ocr_carea' id='block_1_86' title="bbox 2451 4218 4026 4296">
    <p class='ocr_par' dir='ltr' id='par_1_86' title="bbox 2451 4218 4026 4296">
     <span class='ocr_line' id='line_1_86' title="bbox 2451 4218 4026 4296; baseline -0.013 -9"><span class='ocrx_word' id='word_1_639' title='bbox 2451 4232 2633 4293; x_wconf 78' lang='grc' dir='ltr'>ἄλλοις</span> <span class='ocrx_word' id='word_1_640' title='bbox 2691 4229 2879 4296; x_wconf 77' lang='grc' dir='ltr'>γεννᾷ,</span> <span class='ocrx_word' id='word_1_641' title='bbox 2941 4226 3037 4279; x_wconf 72' lang='grc' dir='ltr'>καὶ</span> <span class='ocrx_word' id='word_1_642' title='bbox 3094 4223 3275 4285; x_wconf 80' lang='grc' dir='ltr'>ἄλλοις</span> <span class='ocrx_word' id='word_1_643' title='bbox 3332 4222 3541 4284; x_wconf 76' lang='grc' dir='ltr'>κτίζειο</span> <span class='ocrx_word' id='word_1_644' title='bbox 3601 4218 3762 4283; x_wconf 86' lang='grc' dir='ltr'>ἀλλά,</span> <span class='ocrx_word' id='word_1_645' title='bbox 3816 4218 4026 4278; x_wconf 75' lang='grc' dir='ltr'>Ἄλλως</span> 
     </span>
    </p>
   </div>
   <div class='ocr_carea' id='block_1_87' title="bbox 2451 4308 4026 4391">
    <p class='ocr_par' dir='ltr' id='par_1_87' title="bbox 2451 4308 4026 4391">
     <span class='ocr_line' id='line_1_87' title="bbox 2451 4308 4026 4391; baseline -0.01 -16"><span class='ocrx_word' id='word_1_646' title='bbox 2451 4322 2638 4391; x_wconf 79' lang='grc' dir='ltr'>γεννᾷ,</span> <span class='ocrx_word' id='word_1_647' title='bbox 2668 4319 2764 4372; x_wconf 68' lang='grc' dir='ltr'><strong>καὶ</strong></span> <span class='ocrx_word' id='word_1_648' title='bbox 2790 4318 2964 4380; x_wconf 79' lang='grc' dir='ltr'>ἄλλως</span> <span class='ocrx_word' id='word_1_649' title='bbox 2994 4315 3190 4379; x_wconf 77' lang='grc' dir='ltr'>κτίζει.</span> <span class='ocrx_word' id='word_1_650' title='bbox 3225 4333 3242 4364; x_wconf 76' lang='grc' dir='ltr'><strong>ι</strong></span> <span class='ocrx_word' id='word_1_651' title='bbox 3270 4314 3343 4366; x_wconf 87' lang='grc' dir='ltr'><strong>Τὸ</strong></span> <span class='ocrx_word' id='word_1_652' title='bbox 3376 4314 3565 4381; x_wconf 79' lang='grc' dir='ltr'>μέντοι</span> <span class='ocrx_word' id='word_1_653' title='bbox 3602 4311 3745 4363; x_wconf 82' lang='grc' dir='ltr'>θεῖον</span> <span class='ocrx_word' id='word_1_654' title='bbox 3777 4308 4026 4378; x_wconf 87' lang='grc' dir='ltr'>Πνεῦμα,</span> 
     </span>
    </p>
   </div>
   <div class='ocr_carea' id='block_1_88' title="bbox 2451 4402 4025 4481">
    <p class='ocr_par' dir='ltr' id='par_1_88' title="bbox 2451 4402 4025 4481">
     <span class='ocr_line' id='line_1_88' title="bbox 2451 4402 4025 4481; baseline -0.009 -14"><span class='ocrx_word' id='word_1_655' title='bbox 2451 4414 2527 4478; x_wconf 85' lang='grc' dir='ltr'><strong>ὡς</strong></span> <span class='ocrx_word' id='word_1_656' title='bbox 2592 4413 2810 4479; x_wconf 77' lang='grc' dir='ltr'>’Λγάπη</span> <span class='ocrx_word' id='word_1_657' title='bbox 2858 4410 3008 4481; x_wconf 83' lang='grc' dir='ltr'><strong>παρὰ</strong></span> <span class='ocrx_word' id='word_1_658' title='bbox 3053 4407 3148 4460; x_wconf 88' lang='grc' dir='ltr'><strong>τοῦ</strong></span> <span class='ocrx_word' id='word_1_659' title='bbox 3201 4406 3413 4477; x_wconf 80' lang='grc' dir='ltr'>Πατρδς</span> <span class='ocrx_word' id='word_1_660' title='bbox 3457 4403 3536 4469; x_wconf 83' lang='grc' dir='ltr'><strong>ὃν,</strong></span> <span class='ocrx_word' id='word_1_661' title='bbox 3585 4402 3874 4468; x_wconf 85' lang='grc' dir='ltr'>ἰδιαίτερόν</span> <span class='ocrx_word' id='word_1_662' title='bbox 3902 4417 4025 4453; x_wconf 88' lang='grc' dir='ltr'>τινα</span> 
     </span>
    </p>
   </div>
   <div class='ocr_carea' id='block_1_89' title="bbox 769 4494 2518 4600">
    <p class='ocr_par' dir='ltr' id='par_1_89' title="bbox 769 4504 2518 4600">
     <span class='ocr_line' id='line_1_89' title="bbox 769 4504 2518 4600; baseline -0.001 -25"><span class='ocrx_word' id='word_1_663' title='bbox 769 4522 916 4582; x_wconf 88' lang='lat' dir='ltr'><strong>enim</strong></span> <span class='ocrx_word' id='word_1_664' title='bbox 938 4521 1165 4575; x_wconf 79' lang='lat' dir='ltr'><strong>dilectio</strong></span> <span class='ocrx_word' id='word_1_665' title='bbox 1197 4536 1261 4575; x_wconf 90' lang='lat' dir='ltr'><strong>ae</strong></span> <span class='ocrx_word' id='word_1_666' title='bbox 1297 4521 1540 4575; x_wconf 76' lang='lat' dir='ltr'><strong>Charitas</strong></span> <span class='ocrx_word' id='word_1_667' title='bbox 1558 4535 1755 4574; x_wconf 91' lang='lat' dir='ltr'><strong>nomen</strong></span> <span class='ocrx_word' id='word_1_668' title='bbox 1775 4520 2094 4574; x_wconf 87' lang='lat' dir='ltr'><strong>relationem</strong></span> <span class='ocrx_word' id='word_1_669' title='bbox 2122 4519 2348 4586; x_wconf 85' lang='lat' dir='ltr'><strong>habens;</strong></span> <span class='ocrx_word' id='word_1_670' title='bbox 2386 4546 2428 4600; x_wconf 74' lang='grc' dir='ltr'><strong>ι)</strong></span> <span class='ocrx_word' id='word_1_671' title='bbox 2455 4504 2518 4600; x_wconf 64' lang='grc' dir='ltr'>λέ</span> 
     </span>
    </p>
   </div>
   <div class='ocr_carea' id='block_1_90' title="bbox 2272 4494 4021 4600">
    <p class='ocr_par' dir='ltr' id='par_1_90' title="bbox 2272 4494 4021 4600">
     <span class='ocr_line' id='line_1_90' title="bbox 2272 4494 4021 4600; baseline -0.007 -44"><span class='ocrx_word' id='word_1_672' title='bbox 2272 4536 2348 4586; x_wconf 64' lang='lat' dir='ltr'><strong>ns;</strong></span> <span class='ocrx_word' id='word_1_673' title='bbox 2386 4546 2428 4600; x_wconf 65' lang='grc' dir='ltr'><strong>Β</strong></span> <span class='ocrx_word' id='word_1_674' title='bbox 2455 4504 2675 4600; x_wconf 73' lang='grc' dir='ltr'>λέγεται</span> <span class='ocrx_word' id='word_1_675' title='bbox 2714 4502 2942 4600; x_wconf 59' lang='grc' dir='ltr'><strong>’τρόπονἶ</strong></span> <span class='ocrx_word' id='word_1_676' title='bbox 2984 4499 3339 4600; x_wconf 43' lang='grc' dir='ltr'>’ἀναφορικὺν</span> <span class='ocrx_word' id='word_1_677' title='bbox 3359 4496 3479 4600; x_wconf 46' lang='grc' dir='ltr'>γάρ</span> <span class='ocrx_word' id='word_1_678' title='bbox 3511 4497 3660 4548; x_wconf 88' lang='grc' dir='ltr'>ἐστιν</span> <span class='ocrx_word' id='word_1_679' title='bbox 3678 4494 3980 4600; x_wconf 47' lang='grc' dir='ltr'><strong>.ἠ.’Δγὰπη</strong></span> <span class='ocrx_word' id='word_1_680' title='bbox 4005 4508 4021 4524; x_wconf 89' lang='grc'><strong>·</strong></span> 
     </span>
    </p>
   </div>
   <div class='ocr_carea' id='block_1_91' title="bbox 774 4586 2523 4681">
    <p class='ocr_par' dir='ltr' id='par_1_91' title="bbox 774 4586 2523 4681">
     <span class='ocr_line' id='line_1_91' title="bbox 774 4586 2523 4681; baseline -0.001 -18"><span class='ocrx_word' id='word_1_681' title='bbox 774 4612 920 4666; x_wconf 89' lang='lat' dir='ltr'><strong>unde</strong></span> <span class='ocrx_word' id='word_1_682' title='bbox 979 4624 1034 4665; x_wconf 91' lang='lat' dir='ltr'><strong>et</strong></span> <span class='ocrx_word' id='word_1_683' title='bbox 1103 4627 1337 4681; x_wconf 86' lang='lat' dir='ltr'><strong>persona</strong></span> <span class='ocrx_word' id='word_1_684' title='bbox 1371 4621 1473 4665; x_wconf 87' lang='lat' dir='ltr'><strong>est.</strong></span> <span class='ocrx_word' id='word_1_685' title='bbox 1498 4611 1615 4666; x_wconf 79' lang='lat' dir='ltr'><strong>Non</strong></span> <span class='ocrx_word' id='word_1_686' title='bbox 1638 4612 1782 4665; x_wconf 91' lang='lat' dir='ltr'><strong>enim</strong></span> <span class='ocrx_word' id='word_1_687' title='bbox 1820 4612 1957 4666; x_wconf 87' lang='lat' dir='ltr'><strong>sicut</strong></span> <span class='ocrx_word' id='word_1_688' title='bbox 1990 4611 2223 4675; x_wconf 87' lang='lat' dir='ltr'><strong>bonitas,</strong></span> <span class='ocrx_word' id='word_1_689' title='bbox 2260 4618 2355 4663; x_wconf 87' lang='lat' dir='ltr'><strong>aut</strong></span> <span class='ocrx_word' id='word_1_690' title='bbox 2387 4586 2426 4600; x_wconf 60' lang='grc' dir='ltr'><em>υ</em></span> <span class='ocrx_word' id='word_1_691' title='bbox 2455 4598 2523 4650; x_wconf 60' lang='grc' dir='ltr'>διδ</span> 
     </span>
    </p>
   </div>
   <div class='ocr_carea' id='block_1_92' title="bbox 2277 4586 4026 4681">
    <p class='ocr_par' dir='ltr' id='par_1_92' title="bbox 2277 4586 4026 4676">
     <span class='ocr_line' id='line_1_92' title="bbox 2277 4586 4026 4676; baseline -0.009 -25"><span class='ocrx_word' id='word_1_692' title='bbox 2277 4618 2355 4663; x_wconf 78' lang='grc' dir='ltr'>ιυι</span> <span class='ocrx_word' id='word_1_693' title='bbox 2387 4586 2426 4600; x_wconf 63' lang='grc' dir='ltr'><em>υ</em></span> <span class='ocrx_word' id='word_1_694' title='bbox 2455 4598 2537 4650; x_wconf 82' lang='grc' dir='ltr'>διὸ</span> <span class='ocrx_word' id='word_1_695' title='bbox 2561 4597 2655 4649; x_wconf 78' lang='grc' dir='ltr'>καὶ</span> <span class='ocrx_word' id='word_1_696' title='bbox 2682 4592 2974 4676; x_wconf 79' lang='grc' dir='ltr'>πρόσωπόν</span> <span class='ocrx_word' id='word_1_697' title='bbox 3006 4594 3175 4644; x_wconf 90' lang='grc' dir='ltr'>ἐστιν.</span> <span class='ocrx_word' id='word_1_698' title='bbox 3207 4590 3283 4641; x_wconf 83' lang='grc' dir='ltr'><strong>Οὐ</strong></span> <span class='ocrx_word' id='word_1_699' title='bbox 3311 4588 3421 4658; x_wconf 80' lang='grc' dir='ltr'><strong>γὰρ</strong></span> <span class='ocrx_word' id='word_1_700' title='bbox 3448 4588 3638 4655; x_wconf 81' lang='grc' dir='ltr'>ὥσπερ</span> <span class='ocrx_word' id='word_1_701' title='bbox 3670 4589 3701 4656; x_wconf 81' lang='grc' dir='ltr'>ἠ</span> <span class='ocrx_word' id='word_1_702' title='bbox 3728 4586 4026 4654; x_wconf 88' lang='grc' dir='ltr'>ἀγαοότης,</span> 
     </span>
    </p>
   </div>
   <div class='ocr_carea' id='block_1_93' title="bbox 769 4704 2349 4773">
    <p class='ocr_par' dir='ltr' id='par_1_93' title="bbox 769 4704 2349 4773">
     <span class='ocr_line' id='line_1_93' title="bbox 769 4704 2349 4773; baseline -0.001 -17"><span class='ocrx_word' id='word_1_703' title='bbox 769 4704 853 4757; x_wconf 83' lang='lat' dir='ltr'><strong>vis</strong></span> <span class='ocrx_word' id='word_1_704' title='bbox 881 4714 1078 4759; x_wconf 78' lang='lat' dir='ltr'><strong>tenens</strong></span> <span class='ocrx_word' id='word_1_705' title='bbox 1110 4708 1294 4759; x_wconf 87' lang='lat' dir='ltr'><strong>omnia</strong></span> <span class='ocrx_word' id='word_1_706' title='bbox 1318 4722 1384 4760; x_wconf 89' lang='lat' dir='ltr'><strong>ac</strong></span> <span class='ocrx_word' id='word_1_707' title='bbox 1422 4721 1782 4769; x_wconf 86' lang='lat' dir='ltr'><strong>conservans,</strong></span> <span class='ocrx_word' id='word_1_708' title='bbox 1853 4716 1952 4759; x_wconf 90' lang='lat' dir='ltr'><strong>aut</strong></span> <span class='ocrx_word' id='word_1_709' title='bbox 2005 4705 2349 4773; x_wconf 89' lang='lat' dir='ltr'><strong>providentia</strong></span> 
     </span>
    </p>
   </div>
   <div class='ocr_carea' id='block_1_94' title="bbox 769 4794 2351 4865">
    <p class='ocr_par' dir='ltr' id='par_1_94' title="bbox 769 4794 2351 4865">
     <span class='ocr_line' id='line_1_94' title="bbox 769 4794 2351 4865; baseline -0.001 -16"><span class='ocrx_word' id='word_1_710' title='bbox 769 4812 894 4865; x_wconf 67' lang='lat' dir='ltr'><strong>qum</strong></span> <span class='ocrx_word' id='word_1_711' title='bbox 921 4796 1238 4863; x_wconf 79' lang='lat' dir='ltr'><strong>relationem</strong></span> <span class='ocrx_word' id='word_1_712' title='bbox 1268 4798 1471 4852; x_wconf 80' lang='lat' dir='ltr'><strong>habent</strong></span> <span class='ocrx_word' id='word_1_713' title='bbox 1503 4798 1570 4851; x_wconf 92' lang='lat' dir='ltr'><strong>ad</strong></span> <span class='ocrx_word' id='word_1_714' title='bbox 1609 4807 1942 4861; x_wconf 88' lang='lat' dir='ltr'><strong>creaturam,</strong></span> <span class='ocrx_word' id='word_1_715' title='bbox 1976 4810 2077 4850; x_wconf 91' lang='lat' dir='ltr'><strong>nee</strong></span> <span class='ocrx_word' id='word_1_716' title='bbox 2120 4803 2249 4849; x_wconf 91' lang='lat' dir='ltr'><strong>sunt</strong></span> <span class='ocrx_word' id='word_1_717' title='bbox 2298 4794 2351 4847; x_wconf 91' lang='lat' dir='ltr'><strong>in</strong></span> 
     </span>
    </p>
   </div>
   <div class='ocr_carea' id='block_1_95' title="bbox 769 4885 2351 4959">
    <p class='ocr_par' dir='ltr' id='par_1_95' title="bbox 769 4885 2351 4959">
     <span class='ocr_line' id='line_1_95' title="bbox 769 4885 2351 4959; baseline -0.003 -17"><span class='ocrx_word' id='word_1_718' title='bbox 769 4891 889 4959; x_wconf 87' lang='lat' dir='ltr'><strong>ipso</strong></span> <span class='ocrx_word' id='word_1_719' title='bbox 929 4890 1069 4954; x_wconf 89' lang='lat' dir='ltr'><strong>Deo;</strong></span> <span class='ocrx_word' id='word_1_720' title='bbox 1099 4891 1192 4945; x_wconf 86' lang='lat' dir='ltr'><strong>sed</strong></span> <span class='ocrx_word' id='word_1_721' title='bbox 1222 4891 1303 4945; x_wconf 89' lang='lat' dir='ltr'><strong>sic</strong></span> <span class='ocrx_word' id='word_1_722' title='bbox 1344 4900 1426 4945; x_wconf 85' lang='lat' dir='ltr'><strong>est</strong></span> <span class='ocrx_word' id='word_1_723' title='bbox 1456 4890 1677 4944; x_wconf 86' lang='lat' dir='ltr'><strong>dilectio</strong></span> <span class='ocrx_word' id='word_1_724' title='bbox 1705 4904 1769 4943; x_wconf 92' lang='lat' dir='ltr'><strong>ac</strong></span> <span class='ocrx_word' id='word_1_725' title='bbox 1799 4889 2063 4954; x_wconf 85' lang='lat' dir='ltr'><strong>charitas,</strong></span> <span class='ocrx_word' id='word_1_726' title='bbox 2082 4885 2227 4956; x_wconf 84' lang='lat' dir='ltr'><strong>quod</strong></span> <span class='ocrx_word' id='word_1_727' title='bbox 2261 4900 2351 4938; x_wconf 83' lang='lat' dir='ltr'><strong>re-</strong></span> 
     </span>
    </p>
   </div>
   <div class='ocr_carea' id='block_1_96' title="bbox 768 4975 2348 5052">
    <p class='ocr_par' dir='ltr' id='par_1_96' title="bbox 768 4975 2348 5052">
     <span class='ocr_line' id='line_1_96' title="bbox 768 4975 2348 5052; baseline -0.004 -17"><span class='ocrx_word' id='word_1_728' title='bbox 768 4983 876 5036; x_wconf 80' lang='lat' dir='ltr'><strong>late</strong></span> <span class='ocrx_word' id='word_1_729' title='bbox 906 4984 1171 5052; x_wconf 74' lang='lat' dir='ltr'><strong>procedit.</strong></span> <span class='ocrx_word' id='word_1_730' title='bbox 1199 4984 1276 5037; x_wconf 85' lang='lat' dir='ltr'><strong>Ac</strong></span> <span class='ocrx_word' id='word_1_731' title='bbox 1308 4983 1453 5037; x_wconf 92' lang='lat' dir='ltr'><strong>sicut</strong></span> <span class='ocrx_word' id='word_1_732' title='bbox 1487 4983 1712 5037; x_wconf 87' lang='lat' dir='ltr'><strong>verbum</strong></span> <span class='ocrx_word' id='word_1_733' title='bbox 1748 4996 1813 5035; x_wconf 82' lang='lat' dir='ltr'><strong>ex</strong></span> <span class='ocrx_word' id='word_1_734' title='bbox 1850 4990 2031 5034; x_wconf 88' lang='lat' dir='ltr'><strong>mente</strong></span> <span class='ocrx_word' id='word_1_735' title='bbox 2062 4979 2227 5032; x_wconf 91' lang='lat' dir='ltr'><strong>relate</strong></span> <span class='ocrx_word' id='word_1_736' title='bbox 2265 4975 2348 5029; x_wconf 88' lang='lat' dir='ltr'><strong>di-</strong></span> 
     </span>
    </p>
   </div>
   <div class='ocr_carea' id='block_1_97' title="bbox 763 5068 2352 5144">
    <p class='ocr_par' dir='ltr' id='par_1_97' title="bbox 763 5068 2352 5144">
     <span class='ocr_line' id='line_1_97' title="bbox 763 5068 2352 5144; baseline -0.005 -15"><span class='ocrx_word' id='word_1_737' title='bbox 763 5076 907 5129; x_wconf 88' lang='lat' dir='ltr'><strong>citur</strong></span> <span class='ocrx_word' id='word_1_738' title='bbox 939 5093 955 5141; x_wconf 90' lang='lat'><strong>;</strong></span> <span class='ocrx_word' id='word_1_739' title='bbox 984 5090 1319 5144; x_wconf 87' lang='lat' dir='ltr'><strong>quamquam</strong></span> <span class='ocrx_word' id='word_1_740' title='bbox 1348 5076 1570 5129; x_wconf 88' lang='lat' dir='ltr'><strong>verbum</strong></span> <span class='ocrx_word' id='word_1_741' title='bbox 1605 5089 1701 5129; x_wconf 92' lang='lat' dir='ltr'><strong>seu</strong></span> <span class='ocrx_word' id='word_1_742' title='bbox 1733 5087 1915 5127; x_wconf 88' lang='lat' dir='ltr'><strong>sermo</strong></span> <span class='ocrx_word' id='word_1_743' title='bbox 1940 5072 2007 5125; x_wconf 85' lang='lat' dir='ltr'><strong>de</strong></span> <span class='ocrx_word' id='word_1_744' title='bbox 2068 5078 2181 5123; x_wconf 89' lang='lat' dir='ltr'><strong>toto</strong></span> <span class='ocrx_word' id='word_1_745' title='bbox 2245 5068 2352 5122; x_wconf 93' lang='lat' dir='ltr'><strong>Deo</strong></span> 
     </span>
    </p>
   </div>
   <div class='ocr_carea' id='block_1_98' title="bbox 766 5161 2354 5223">
    <p class='ocr_par' dir='ltr' id='par_1_98' title="bbox 766 5161 2354 5223">
     <span class='ocr_line' id='line_1_98' title="bbox 766 5161 2354 5223; baseline -0.006 0"><span class='ocrx_word' id='word_1_746' title='bbox 766 5168 1143 5223; x_wconf 88' lang='lat' dir='ltr'><strong>communiter</strong></span> <span class='ocrx_word' id='word_1_747' title='bbox 1163 5180 1216 5221; x_wconf 92' lang='lat' dir='ltr'><strong>et</strong></span> <span class='ocrx_word' id='word_1_748' title='bbox 1240 5168 1489 5223; x_wconf 89' lang='lat' dir='ltr'><strong>absolute</strong></span> <span class='ocrx_word' id='word_1_749' title='bbox 1518 5167 1736 5221; x_wconf 90' lang='lat' dir='ltr'><strong>dicatur</strong></span> <span class='ocrx_word' id='word_1_750' title='bbox 1776 5182 1790 5219; x_wconf 92' lang='lat'>:</span> <span class='ocrx_word' id='word_1_751' title='bbox 1816 5164 1978 5218; x_wconf 89' lang='lat' dir='ltr'><strong>etiam</strong></span> <span class='ocrx_word' id='word_1_752' title='bbox 2008 5161 2234 5216; x_wconf 89' lang='lat' dir='ltr'><strong>dilectio</strong></span> <span class='ocrx_word' id='word_1_753' title='bbox 2291 5173 2354 5213; x_wconf 90' lang='lat' dir='ltr'><strong>ac</strong></span> 
     </span>
    </p>
   </div>
   <div class='ocr_carea' id='block_1_99' title="bbox 767 5252 2355 5324">
    <p class='ocr_par' dir='ltr' id='par_1_99' title="bbox 767 5252 2355 5324">
     <span class='ocr_line' id='line_1_99' title="bbox 767 5252 2355 5324; baseline -0.008 -9"><span class='ocrx_word' id='word_1_754' title='bbox 767 5263 1009 5315; x_wconf 79' lang='lat' dir='ltr'><strong>cliaritas</strong></span> <span class='ocrx_word' id='word_1_755' title='bbox 1071 5262 1297 5315; x_wconf 90' lang='lat' dir='ltr'><strong>dicitur.</strong></span> <span class='ocrx_word' id='word_1_756' title='bbox 1334 5279 1352 5310; x_wconf 80' lang='grc' dir='ltr'><strong>ι</strong></span> <span class='ocrx_word' id='word_1_757' title='bbox 1404 5260 1543 5313; x_wconf 88' lang='lat' dir='ltr'><strong>Deus</strong></span> <span class='ocrx_word' id='word_1_758' title='bbox 1608 5259 1780 5324; x_wconf 88' lang='lat' dir='ltr'><strong>enim,</strong></span> <span class='ocrx_word' id='word_1_759' title='bbox 1843 5255 2054 5324; x_wconf 87' lang='lat' dir='ltr'><strong>inquit,</strong></span> <span class='ocrx_word' id='word_1_760' title='bbox 2116 5252 2355 5304; x_wconf 78' lang='lat' dir='ltr'><strong>cliaritas</strong></span> 
     </span>
    </p>
   </div>
   <div class='ocr_carea' id='block_1_100' title="bbox 765 5341 2357 5424">
    <p class='ocr_par' dir='ltr' id='par_1_100' title="bbox 765 5341 2357 5424">
     <span class='ocr_line' id='line_1_100' title="bbox 765 5341 2357 5424; baseline -0.009 -13"><span class='ocrx_word' id='word_1_761' title='bbox 765 5367 850 5411; x_wconf 83' lang='lat' dir='ltr'><strong>est</strong></span> <span class='ocrx_word' id='word_1_762' title='bbox 871 5357 937 5409; x_wconf 77' lang='lat'><strong>“.</strong></span> <span class='ocrx_word' id='word_1_763' title='bbox 986 5375 1005 5407; x_wconf 71' lang='grc' dir='ltr'><strong>ι</strong></span> <span class='ocrx_word' id='word_1_764' title='bbox 1042 5353 1270 5424; x_wconf 88' lang='lat' dir='ltr'><strong>Pr0prie</strong></span> <span class='ocrx_word' id='word_1_765' title='bbox 1300 5363 1480 5408; x_wconf 89' lang='lat' dir='ltr'><strong>tamen</strong></span> <span class='ocrx_word' id='word_1_766' title='bbox 1512 5366 1578 5407; x_wconf 92' lang='lat' dir='ltr'><strong>ac</strong></span> <span class='ocrx_word' id='word_1_767' title='bbox 1599 5351 1790 5413; x_wconf 90' lang='lat' dir='ltr'><strong>relate,</strong></span> <span class='ocrx_word' id='word_1_768' title='bbox 1828 5348 2055 5401; x_wconf 90' lang='lat' dir='ltr'><strong>alterum</strong></span> <span class='ocrx_word' id='word_1_769' title='bbox 2077 5343 2144 5396; x_wconf 90' lang='lat' dir='ltr'><strong>de</strong></span> <span class='ocrx_word' id='word_1_770' title='bbox 2194 5341 2357 5396; x_wconf 86' lang='lat' dir='ltr'><strong>Patre</strong></span> 
     </span>
    </p>
   </div>
   <div class='ocr_carea' id='block_1_101' title="bbox 763 5433 2351 5515">
    <p class='ocr_par' dir='ltr' id='par_1_101' title="bbox 763 5433 2351 5515">
     <span class='ocr_line' id='line_1_101' title="bbox 763 5433 2351 5515; baseline -0.011 -11"><span class='ocrx_word' id='word_1_771' title='bbox 763 5448 991 5511; x_wconf 89' lang='lat' dir='ltr'><strong>dicitur,</strong></span> <span class='ocrx_word' id='word_1_772' title='bbox 1020 5461 1214 5515; x_wconf 84' lang='lat' dir='ltr'><strong>nempe</strong></span> <span class='ocrx_word' id='word_1_773' title='bbox 1234 5459 1426 5509; x_wconf 88' lang='lat' dir='ltr'><strong>mens;</strong></span> <span class='ocrx_word' id='word_1_774' title='bbox 1455 5443 1686 5496; x_wconf 92' lang='lat' dir='ltr'><strong>alterum</strong></span> <span class='ocrx_word' id='word_1_775' title='bbox 1715 5440 1781 5495; x_wconf 91' lang='lat' dir='ltr'><strong>de</strong></span> <span class='ocrx_word' id='word_1_776' title='bbox 1799 5438 1960 5501; x_wconf 88' lang='lat' dir='ltr'><strong>Filio,</strong></span> <span class='ocrx_word' id='word_1_777' title='bbox 1982 5435 2191 5490; x_wconf 78' lang='lat' dir='ltr'><strong>scilicet</strong></span> <span class='ocrx_word' id='word_1_778' title='bbox 2217 5433 2351 5488; x_wconf 82' lang='lat' dir='ltr'><strong>Ver-</strong></span> 
     </span>
    </p>
   </div>
   <div class='ocr_carea' id='block_1_102' title="bbox 847 5628 1329 5694">
    <p class='ocr_par' dir='ltr' id='par_1_102' title="bbox 847 5628 1329 5694">
     <span class='ocr_line' id='line_1_102' title="bbox 847 5628 1329 5694; baseline -0.01 -9"><span class='ocrx_word' id='word_1_779' title='bbox 847 5631 891 5662; x_wconf 74' lang='lat'><strong>“</strong></span> <span class='ocrx_word' id='word_1_780' title='bbox 924 5630 940 5684; x_wconf 98' lang='lat'>|</span> <span class='ocrx_word' id='word_1_781' title='bbox 969 5629 1133 5686; x_wconf 80' lang='lat' dir='ltr'><strong>Joan.</strong></span> <span class='ocrx_word' id='word_1_782' title='bbox 1168 5645 1243 5694; x_wconf 85' lang='lat' dir='ltr'><strong>tv,</strong></span> <span class='ocrx_word' id='word_1_783' title='bbox 1273 5628 1329 5681; x_wconf 79' lang='lat'><strong>&#39;5.</strong></span> 
     </span>
    </p>
   </div>
   <div class='ocr_carea' id='block_1_103' title="bbox 842 5801 2044 5887">
    <p class='ocr_par' dir='ltr' id='par_1_103' title="bbox 842 5801 2044 5887">
     <span class='ocr_line' id='line_1_103' title="bbox 842 5801 2044 5887; baseline -0.017 -15"><span class='ocrx_word' id='word_1_784' title='bbox 842 5817 956 5887; x_wconf 69' lang='lat' dir='ltr'><strong>(t9)</strong></span> <span class='ocrx_word' id='word_1_785' title='bbox 993 5814 1130 5867; x_wconf 88' lang='lat' dir='ltr'><strong>Dial.</strong></span> <span class='ocrx_word' id='word_1_786' title='bbox 1167 5828 1183 5868; x_wconf 86' lang='grc' dir='ltr'><strong>ι</strong></span> <span class='ocrx_word' id='word_1_787' title='bbox 1215 5811 1309 5882; x_wconf 81' lang='grc' dir='ltr'>(ιιιί</span> <span class='ocrx_word' id='word_1_788' title='bbox 1342 5821 1394 5864; x_wconf 83' lang='lat' dir='ltr'><strong>et</strong></span> <span class='ocrx_word' id='word_1_789' title='bbox 1421 5806 1726 5863; x_wconf 77' lang='lat' dir='ltr'><strong>Athanasio</strong></span> <span class='ocrx_word' id='word_1_790' title='bbox 1762 5801 2044 5857; x_wconf 83' lang='lat' dir='ltr'><strong>tribuitur.</strong></span> 
     </span>
    </p>
   </div>
   <div class='ocr_carea' id='block_1_104' title="bbox 2455 4678 4031 4759">
    <p class='ocr_par' dir='ltr' id='par_1_104' title="bbox 2455 4678 4031 4759">
     <span class='ocr_line' id='line_1_104' title="bbox 2455 4678 4031 4759; baseline -0.015 -18"><span class='ocrx_word' id='word_1_791' title='bbox 2455 4690 2486 4759; x_wconf 76' lang='grc' dir='ltr'>ἦ</span> <span class='ocrx_word' id='word_1_792' title='bbox 2512 4691 2543 4757; x_wconf 78' lang='grc' dir='ltr'>ἡ</span> <span class='ocrx_word' id='word_1_793' title='bbox 2571 4684 3034 4752; x_wconf 77' lang='grc' dir='ltr'>παντοκρατορία,</span> <span class='ocrx_word' id='word_1_794' title='bbox 3062 4682 3096 4752; x_wconf 83' lang='grc' dir='ltr'>ἢ</span> <span class='ocrx_word' id='word_1_795' title='bbox 3133 4682 3166 4749; x_wconf 76' lang='grc' dir='ltr'><strong>ἡ</strong></span> <span class='ocrx_word' id='word_1_796' title='bbox 3208 4680 3458 4749; x_wconf 85' lang='grc' dir='ltr'>πρόνοια,</span> <span class='ocrx_word' id='word_1_797' title='bbox 3494 4679 3530 4731; x_wconf 71' lang='grc' dir='ltr'>ἃ</span> <span class='ocrx_word' id='word_1_798' title='bbox 3557 4680 3695 4747; x_wconf 69' lang='grc' dir='ltr'>πρὸς</span> <span class='ocrx_word' id='word_1_799' title='bbox 3729 4679 3829 4747; x_wconf 70' lang='grc' dir='ltr'><strong>τὴν</strong></span> <span class='ocrx_word' id='word_1_800' title='bbox 3852 4678 4031 4728; x_wconf 69' lang='grc' dir='ltr'>κτίσιν</span> 
     </span>
    </p>
   </div>
   <div class='ocr_carea' id='block_1_105' title="bbox 2450 4765 4029 4849">
    <p class='ocr_par' dir='ltr' id='par_1_105' title="bbox 2450 4765 4029 4849">
     <span class='ocr_line' id='line_1_105' title="bbox 2450 4765 4029 4849; baseline -0.009 -18"><span class='ocrx_word' id='word_1_801' title='bbox 2450 4779 2549 4849; x_wconf 83' lang='grc' dir='ltr'>τὴν</span> <span class='ocrx_word' id='word_1_802' title='bbox 2582 4776 2864 4845; x_wconf 65' lang='grc' dir='ltr'>ἀναφορὰν</span> <span class='ocrx_word' id='word_1_803' title='bbox 2895 4774 3101 4843; x_wconf 78' lang='grc' dir='ltr'>έχουσι,</span> <span class='ocrx_word' id='word_1_804' title='bbox 3124 4772 3215 4823; x_wconf 78' lang='grc' dir='ltr'><strong>καὶ</strong></span> <span class='ocrx_word' id='word_1_805' title='bbox 3237 4771 3336 4822; x_wconf 83' lang='grc' dir='ltr'>οὐκ</span> <span class='ocrx_word' id='word_1_806' title='bbox 3364 4768 3450 4821; x_wconf 79' lang='grc' dir='ltr'><strong>ἐπ’</strong></span> <span class='ocrx_word' id='word_1_807' title='bbox 3478 4768 3645 4821; x_wconf 84' lang='grc' dir='ltr'>αὐτοῦ</span> <span class='ocrx_word' id='word_1_808' title='bbox 3664 4783 3681 4799; x_wconf 78' lang='grc' dir='ltr'><strong><em>ο</em></strong></span> <span class='ocrx_word' id='word_1_809' title='bbox 3716 4765 3829 4819; x_wconf 84' lang='grc' dir='ltr'>ἀλλ’</span> <span class='ocrx_word' id='word_1_810' title='bbox 3855 4766 4029 4825; x_wconf 80' lang='grc' dir='ltr'>οὕτως</span> 
     </span>
    </p>
   </div>
   <div class='ocr_carea' id='block_1_106' title="bbox 2452 4852 4031 4935">
    <p class='ocr_par' dir='ltr' id='par_1_106' title="bbox 2452 4852 4031 4935">
     <span class='ocr_line' id='line_1_106' title="bbox 2452 4852 4031 4935; baseline -0.009 -13"><span class='ocrx_word' id='word_1_811' title='bbox 2452 4871 2602 4922; x_wconf 68' lang='grc' dir='ltr'>ἐστὶν</span> <span class='ocrx_word' id='word_1_812' title='bbox 2646 4852 2863 4935; x_wconf 77' lang='grc' dir='ltr'>’Δγὰπη</span> <span class='ocrx_word' id='word_1_813' title='bbox 2906 4865 2968 4917; x_wconf 82' lang='grc' dir='ltr'>τὸ</span> <span class='ocrx_word' id='word_1_814' title='bbox 3010 4863 3452 4934; x_wconf 73' lang='grc' dir='ltr'>ἐκπορευόμενον</span> <span class='ocrx_word' id='word_1_815' title='bbox 3491 4857 3881 4928; x_wconf 78' lang='grc' dir='ltr'>ἀναφορικῶς·</span> <span class='ocrx_word' id='word_1_816' title='bbox 3937 4864 4031 4908; x_wconf 74' lang='grc' dir='ltr'>καὶ</span> 
     </span>
    </p>
   </div>
   <div class='ocr_carea' id='block_1_107' title="bbox 2452 4950 4029 5029">
    <p class='ocr_par' dir='ltr' id='par_1_107' title="bbox 2452 4950 4029 5029">
     <span class='ocr_line' id='line_1_107' title="bbox 2452 4950 4029 5029; baseline -0.01 -15"><span class='ocrx_word' id='word_1_817' title='bbox 2452 4962 2643 5029; x_wconf 74' lang='grc' dir='ltr'>ὥσπερ</span> <span class='ocrx_word' id='word_1_818' title='bbox 2672 4962 2699 5013; x_wconf 90' lang='lat'><strong>6</strong></span> <span class='ocrx_word' id='word_1_819' title='bbox 2727 4959 2885 5024; x_wconf 83' lang='grc' dir='ltr'>λόγος</span> <span class='ocrx_word' id='word_1_820' title='bbox 2939 4958 3003 5009; x_wconf 87' lang='grc' dir='ltr'><strong>ἐκ</strong></span> <span class='ocrx_word' id='word_1_821' title='bbox 3031 4954 3125 5008; x_wconf 82' lang='grc' dir='ltr'><strong>νοῦ</strong></span> <span class='ocrx_word' id='word_1_822' title='bbox 3177 4954 3529 5021; x_wconf 78' lang='grc' dir='ltr'>ἀναφορικῶς</span> <span class='ocrx_word' id='word_1_823' title='bbox 3576 4952 3818 5017; x_wconf 84' lang='grc' dir='ltr'>λέγεται,</span> <span class='ocrx_word' id='word_1_824' title='bbox 3850 4950 4029 5002; x_wconf 86' lang='grc' dir='ltr'>καίτοι</span> 
     </span>
    </p>
   </div>
   <div class='ocr_carea' id='block_1_108' title="bbox 2450 5040 4030 5109">
    <p class='ocr_par' dir='ltr' id='par_1_108' title="bbox 2450 5040 4030 5109">
     <span class='ocr_line' id='line_1_108' title="bbox 2450 5040 4030 5109; baseline -0.012 -2"><span class='ocrx_word' id='word_1_825' title='bbox 2450 5055 2547 5107; x_wconf 85' lang='grc' dir='ltr'><strong>τοῦ</strong></span> <span class='ocrx_word' id='word_1_826' title='bbox 2602 5054 2727 5105; x_wconf 81' lang='grc' dir='ltr'>ὅλου</span> <span class='ocrx_word' id='word_1_827' title='bbox 2784 5048 2924 5102; x_wconf 75' lang='grc' dir='ltr'>θεοῦ</span> <span class='ocrx_word' id='word_1_828' title='bbox 2981 5047 3180 5107; x_wconf 87' lang='grc' dir='ltr'>κοινῶς</span> <span class='ocrx_word' id='word_1_829' title='bbox 3234 5048 3327 5097; x_wconf 79' lang='grc' dir='ltr'>καὶ</span> <span class='ocrx_word' id='word_1_830' title='bbox 3389 5042 3809 5109; x_wconf 82' lang='grc' dir='ltr'>ἀπολελυμένως</span> <span class='ocrx_word' id='word_1_831' title='bbox 3868 5040 4030 5103; x_wconf 77' lang='grc' dir='ltr'>λόγου</span> 
     </span>
    </p>
   </div>
   <div class='ocr_carea' id='block_1_109' title="bbox 2453 5130 4030 5215">
    <p class='ocr_par' dir='ltr' id='par_1_109' title="bbox 2453 5130 4030 5215">
     <span class='ocr_line' id='line_1_109' title="bbox 2453 5130 4030 5215; baseline -0.014 -15"><span class='ocrx_word' id='word_1_832' title='bbox 2453 5148 2749 5215; x_wconf 80' lang='grc' dir='ltr'>λεγομένου</span> <span class='ocrx_word' id='word_1_833' title='bbox 2788 5144 2884 5195; x_wconf 75' lang='grc' dir='ltr'>καὶ</span> <span class='ocrx_word' id='word_1_834' title='bbox 2918 5139 3047 5193; x_wconf 88' lang='grc' dir='ltr'>νοῦ·</span> <span class='ocrx_word' id='word_1_835' title='bbox 3092 5140 3183 5190; x_wconf 73' lang='grc' dir='ltr'>καὶ</span> <span class='ocrx_word' id='word_1_836' title='bbox 3242 5137 3459 5203; x_wconf 77' lang='grc' dir='ltr'>Ἀγᾶπη</span> <span class='ocrx_word' id='word_1_837' title='bbox 3512 5134 3569 5186; x_wconf 81' lang='grc' dir='ltr'>δὲ</span> <span class='ocrx_word' id='word_1_838' title='bbox 3615 5134 3855 5200; x_wconf 81' lang='grc' dir='ltr'>λέγεται.</span> <span class='ocrx_word' id='word_1_839' title='bbox 3909 5149 3926 5179; x_wconf 81' lang='grc' dir='ltr'><strong>ι</strong></span> <span class='ocrx_word' id='word_1_840' title='bbox 3972 5130 4030 5179; x_wconf 84' lang='lat'><strong>&#39;0</strong></span> 
     </span>
    </p>
   </div>
   <div class='ocr_carea' id='block_1_110' title="bbox 2454 5222 4032 5311">
    <p class='ocr_par' dir='ltr' id='par_1_110' title="bbox 2454 5222 4032 5311">
     <span class='ocr_line' id='line_1_110' title="bbox 2454 5222 4032 5311; baseline -0.015 -19"><span class='ocrx_word' id='word_1_841' title='bbox 2454 5240 2565 5311; x_wconf 85' lang='grc' dir='ltr'><strong>γὰρ</strong></span> <span class='ocrx_word' id='word_1_842' title='bbox 2596 5237 2753 5301; x_wconf 84' lang='grc' dir='ltr'>Θεὸς,</span> <span class='ocrx_word' id='word_1_843' title='bbox 2800 5253 2819 5286; x_wconf 73' lang='grc' dir='ltr'><strong>ι</strong></span> <span class='ocrx_word' id='word_1_844' title='bbox 2869 5232 3058 5304; x_wconf 74' lang='grc' dir='ltr'>φησὶν,</span> <span class='ocrx_word' id='word_1_845' title='bbox 3105 5249 3123 5282; x_wconf 81' lang='grc' dir='ltr'><strong>ι</strong></span> <span class='ocrx_word' id='word_1_846' title='bbox 3178 5230 3389 5297; x_wconf 77' lang='grc' dir='ltr'>Ἀγάπη</span> <span class='ocrx_word' id='word_1_847' title='bbox 3424 5227 3593 5279; x_wconf 85' lang='grc' dir='ltr'>ἐστίν.</span> <span class='ocrx_word' id='word_1_848' title='bbox 3642 5244 3662 5275; x_wconf 72' lang='grc' dir='ltr'><strong>ι</strong></span> <span class='ocrx_word' id='word_1_849' title='bbox 3714 5223 3851 5276; x_wconf 83' lang='grc' dir='ltr'>Ἀλλ’</span> <span class='ocrx_word' id='word_1_850' title='bbox 3883 5222 4032 5287; x_wconf 86' lang='grc' dir='ltr'>ὅμως</span> 
     </span>
    </p>
   </div>
   <div class='ocr_carea' id='block_1_111' title="bbox 2459 5314 4032 5395">
    <p class='ocr_par' dir='ltr' id='par_1_111' title="bbox 2459 5314 4032 5395">
     <span class='ocr_line' id='line_1_111' title="bbox 2459 5314 4032 5395; baseline -0.015 -9"><span class='ocrx_word' id='word_1_851' title='bbox 2459 5332 2605 5394; x_wconf 83' lang='grc' dir='ltr'>ἰδίως</span> <span class='ocrx_word' id='word_1_852' title='bbox 2636 5331 2730 5382; x_wconf 79' lang='grc' dir='ltr'>καὶ</span> <span class='ocrx_word' id='word_1_853' title='bbox 2762 5322 3113 5395; x_wconf 84' lang='grc' dir='ltr'>ἀναφορικῶς</span> <span class='ocrx_word' id='word_1_854' title='bbox 3134 5321 3197 5373; x_wconf 80' lang='grc' dir='ltr'>τὸ</span> <span class='ocrx_word' id='word_1_855' title='bbox 3226 5321 3326 5389; x_wconf 73' lang='grc' dir='ltr'><strong>μὲν</strong></span> <span class='ocrx_word' id='word_1_856' title='bbox 3352 5318 3443 5370; x_wconf 77' lang='grc' dir='ltr'>ἐπὶ</span> <span class='ocrx_word' id='word_1_857' title='bbox 3472 5317 3564 5369; x_wconf 89' lang='grc' dir='ltr'><strong>τοῦ</strong></span> <span class='ocrx_word' id='word_1_858' title='bbox 3594 5314 3803 5385; x_wconf 82' lang='grc' dir='ltr'>Πατρὸς</span> <span class='ocrx_word' id='word_1_859' title='bbox 3829 5317 4032 5375; x_wconf 80' lang='grc' dir='ltr'>κεῖται,</span> 
     </span>
    </p>
   </div>
   <div class='ocr_carea' id='block_1_112' title="bbox 2455 5405 4033 5486">
    <p class='ocr_par' dir='ltr' id='par_1_112' title="bbox 2455 5405 4033 5486">
     <span class='ocr_line' id='line_1_112' title="bbox 2455 5405 4033 5486; baseline -0.015 -7"><span class='ocrx_word' id='word_1_860' title='bbox 2455 5427 2517 5480; x_wconf 84' lang='grc' dir='ltr'><strong>τδ</strong></span> <span class='ocrx_word' id='word_1_861' title='bbox 2568 5422 2735 5486; x_wconf 85' lang='grc' dir='ltr'>Νοῦς,</span> <span class='ocrx_word' id='word_1_862' title='bbox 2782 5418 2844 5473; x_wconf 77' lang='grc' dir='ltr'>τὸ</span> <span class='ocrx_word' id='word_1_863' title='bbox 2873 5417 2928 5470; x_wconf 71' lang='grc' dir='ltr'>δὲ</span> <span class='ocrx_word' id='word_1_864' title='bbox 2982 5414 3152 5483; x_wconf 82' lang='grc' dir='ltr'>Λόγος</span> <span class='ocrx_word' id='word_1_865' title='bbox 3183 5412 3276 5466; x_wconf 69' lang='grc' dir='ltr'>ἐπὶ</span> <span class='ocrx_word' id='word_1_866' title='bbox 3320 5409 3415 5463; x_wconf 89' lang='grc' dir='ltr'><strong>τοῦ</strong></span> <span class='ocrx_word' id='word_1_867' title='bbox 3449 5406 3603 5461; x_wconf 76' lang='grc' dir='ltr'>Υίοῦο</span> <span class='ocrx_word' id='word_1_868' title='bbox 3634 5408 3668 5477; x_wconf 83' lang='grc' dir='ltr'>ἡ</span> <span class='ocrx_word' id='word_1_869' title='bbox 3698 5407 3754 5460; x_wconf 86' lang='grc' dir='ltr'>δὲ</span> <span class='ocrx_word' id='word_1_870' title='bbox 3793 5405 4033 5473; x_wconf 80' lang='grc' dir='ltr'>Ἀγάπη,</span> 
     </span>
    </p>
   </div>
  </div>
