4428 6444
408 408 517 470 553

1400 407 1497 466 DE
1540 405 1957 465 PRINCIPIIS
1997 403 2208 462 FlDEl
2235 400 2697 462 CATIIOLlC/E.

3539 403 3642 465 554

413 525 510 576 επὶ
543 521 638 576 τοῦ
663 521 1002 591 Πνεῦματος.
1035 523 1189 575 Κατά
1218 522 1373 576 τοῦτο
1400 524 1494 575 καὶ
1518 522 1638 584 νοῦς
1666 524 1725 574 τὸ
1755 520 1977 588 Πνεῦμα
2009 529 2050 580 Α
2087 518 2162 571 but

1902 536 1977 588 μα
2009 529 2050 580 Α
2087 518 2210 571 bum
2239 535 2254 582 ;
2285 517 2516 570 alterum
2557 517 2622 568 de
2653 513 2882 582 Spiritu,
2948 510 3198 564 nimirum
3222 510 3458 565 eltaritas
3484 524 3535 564 et
3562 515 3645 564 ili-

407 611 614 678 λίτοιτ’
649 613 714 666 ἂν
747 614 820 674 ὼς
853 613 1014 675 Θεός·
1050 613 1126 674 ὡς
1162 612 1274 680 ἔχει
1313 613 1373 665 τὸ
1412 614 1668 682 ᾀδόμενον
1705 613 1899 662 ἐκεῖνο.

792 869 874 921 Σὺ
899 867 1032 936 ζωὴ,
1062 870 1227 934 ἔρως,
1258 866 1402 935 φῶς,
1424 866 1590 931 νοῦς.

486 961 760 1023 ὀσαύτως
814 959 932 1013 καὶ⁸
963 962 990 1013 ὁ
1042 960 1189 1020 Υἱός.
1239 959 1376 1012 Ἀλλ’
1423 961 1483 1010 οὐ
1526 961 1760 1025 ,λέγεται
1802 959 1971 1021 οὕτως

400 1052 754 1123 ἀναφορικῶς
807 1052 949 1104 κατά
997 1053 1064 1102 τὰ
1099 1041 1236 1120 πρός
1270 1068 1344 1113 τι,
1380 1050 1522 1102 ὥστε
1577 1050 1671 1102 καὶ
1704 1051 1877 1117 Λόγον
1906 1050 1970 1102 ὲκ

401 1145 500 1196 τοῦ
534 1142 662 1195 Υίοῦ
697 1142 730 1213 ἢ
767 1144 830 1195 ὲκ
870 1141 965 1195 τοῦ
1018 1141 1334 1210 Πνεύματος
1369 1141 1639 1208 προιέναι.
1667 1141 1729 1193 Et
1762 1142 1839 1210 μὴ
1865 1143 1974 1210 γάρ

397 1236 578 1297 οὕτως
628 1231 716 1305 ἦν,
772 1234 924 1287 οὐδὲν
958 1232 1195 1286 ἐκώλυεν
1235 1233 1314 1296 είς
1367 1233 1537 1286 πολλά
1569 1233 1835 1303 πρόσωπα
1883 1235 1973 1285 τὸν

400 1325 500 1376 ἕνα
553 1325 683 1378 Θεὸν
718 1327 1048 1395 προχωρεῖν,
1100 1325 1238 1394 ὅπερ
1291 1323 1368 1392 τῷ
1412 1325 1510 1393 τῆς
1569 1323 1795 1393 Τριάδος
1831 1323 1973 1392 λόγῳ

401 1414 774 1469 εναπιοῦται.
811 1418 928 1469 Καὶ
959 1417 1069 1469 πᾶν
1101 1414 1130 1467 ὃ
1168 1415 1259 1467 τὸν
1285 1414 1382 1482 τῆς
1413 1413 1644 1483 Τριάδος
1671 1412 1705 1483 ἢ
1738 1413 1828 1467 τὸν
1876 1413 1972 1481 τῆς

400 1505 644 1568 Μονάδος
671 1505 893 1557 διασείει
924 1504 1100 1572 λόγον,
1125 1503 1510 1574 ἀπορριπτὲον.

483 1595 760 1658 Ὦσαύτως
781 1597 809 1648 ό
830 1597 964 1658 Θεὸς
985 1595 1078 1649 καὶ
1097 1596 1269 1663 Σοφία
1285 1595 1504 1662 λέγεται
1529 1596 1968 1661 ἀπολελυμένως’

400 1689 498 1740 καὶ
529 1689 588 1739 τι
631 1688 801 1755 όνομα
831 1687 991 1740 τοῦτο
1023 1686 1238 1756 ἀνάγκη
1282 1689 1458 1739 κοινὸν
1486 1682 1631 1739 εἶναι
1675 1688 1849 1755 Πατρὶ
1881 1688 1972 1738 καὶ

406 1775 546 1842 Υίῷ,
591 1777 684 1828 καὶ
725 1776 790 1846 δὴ
827 1777 920 1828 καὶ
958 1776 1260 1845 Πνεύματι.
1302 1775 1367 1828 Ἦ
1402 1776 1510 1847 γὰρ
1546 1775 1632 1829 διὰ
1668 1776 1762 1831 τοῦ
1801 1778 1970 1843 Λόγου

2083 606 2260 658 lectio.
2295 605 2395 657 Per
2434 607 2578 656 hunc
2611 595 2831 655 modum
2896 602 3056 655 etiam
3089 598 3323 668 Spiritus
3379 615 3530 654 mens
3549 603 3645 653 di-

2079 706 2256 755 catur,
2281 708 2342 745 ca
2377 696 2582 743 ratione
2610 704 2817 758 quaest
2854 690 2994 744 Deus
3027 708 3039 742 :
3087 692 3226 744 velut
3247 701 3330 744 est
3364 691 3646 745 istudtno~

2080 784 2214 836 duli.

2536 865 2612 919 Tu
2641 865 2779 931 Vita,
2812 869 2988 930 Amor,
3029 867 3162 931 Lux,
3214 865 3381 922 Hem.

2151 957 2430 1018 Similiter,
2463 958 2626 1011 etiam
2658 956 2848 1011 Filius.
2883 957 2997 1010 Non
3024 968 3202 1012 tamen
3245 961 3322 1013 sic
3353 960 3516 1014 relate
3570 962 3651 1014 di-

2079 1049 2242 1113 citur,
2266 1058 2323 1103 ut
2347 1065 2408 1102 ea
2430 1064 2550 1117 qua:
2579 1061 2706 1102 sunt
2735 1051 2798 1100 ad
2826 1049 3031 1118 aliquid
3065 1067 3079 1114 ;
3118 1050 3188 1103 ita
3216 1051 3470 1104 nimirum
3508 1063 3568 1106 ut
3599 1063 3653 1105 et

2082 1137 2315 1191 Verbum
2344 1155 2407 1192 ex
2431 1137 2563 1191 Filio
2593 1141 2870 1208 procedat,
2903 1143 2981 1193 vel
3018 1156 3082 1192 ex
3111 1138 3344 1209 Spiritu.
3378 1140 3486 1197 Nisi
3506 1145 3650 1197 enim

2079 1229 2157 1282 sic
2179 1243 2238 1282 se
2287 1244 2372 1282 res
2394 1229 2635 1294 haberet,
2669 1241 2877 1282 vetaret
2907 1230 3034 1281 nihil
3070 1233 3199 1298 quin
3232 1247 3370 1285 unus
3414 1231 3553 1288 Deus
3600 1237 3652 1288 in

2081 1318 2262 1385 plures
2325 1333 2589 1387 personas
2619 1321 2947 1388 procederet,
2978 1321 3120 1389 quod
3165 1323 3449 1377 Trinitatis
3487 1325 3653 1378 ratio-

2082 1409 2134 1460 ni
2158 1410 2494 1463 adversatur.
2526 1410 2792 1479 Quicquid
2827 1427 2952 1464 vero
2979 1412 3059 1464 vel
3084 1411 3388 1479 Trinitatis,
3419 1417 3498 1470 vel
3522 1417 3655 1471 Uni-

2084 1503 2210 1555 tatis
2241 1504 2507 1555 rationem
2557 1503 2841 1564 convellit,
2877 1506 3062 1569 procul
3099 1506 3502 1559 amunlaudum
3536 1518 3639 1560 est.

2150 1594 2412 1646 Similiter
2472 1592 2613 1648 Deus
2658 1593 2935 1660 Sapientia
2984 1595 3230 1648 absnlute
3284 1597 3533 1659 dicitur;
3592 1613 3656 1650 ac

2082 1695 2304 1736 necesse
2327 1691 2412 1735 est
2455 1682 2599 1734 istud
2638 1697 2828 1734 nomen
2855 1697 3141 1736 commune
3165 1698 3283 1737 esse
3307 1684 3452 1738 Patri
3481 1697 3534 1738 ct
3567 1685 3656 1739 Fi-

2082 1775 2173 1837 lio,
2208 1789 2438 1827 necnon
2467 1774 2629 1827 etiam
2663 1771 2909 1841 Spiritui.
2940 1772 3072 1837 Qua:
3101 1775 3247 1827 enim
3283 1790 3377 1844 per
3417 1777 3652 1830 Verbum

401 1867 760 1936 ὲκλάμπουσα
817 1867 999 1936 σοφία,
1048 1869 1168 1937 ἥτις
1229 1867 1391 1928 αὐτὸς
1431 1871 1458 1920 ό
1517 1869 1687 1934 Λόγος
1736 1869 1905 1930 ἐστὶν,
1937 1869 1971 1937 ἡ
2005 1864 2045 1919 Β
2076 1880 2150 1932 sal

1937 1869 1971 1937 ἡ
2005 1864 2045 1919 Β
2076 1863 2338 1932 sapientia
2372 1865 2569 1926 elucet,
2610 1879 2732 1930 quae
2787 1873 2868 1918 est
2926 1865 3102 1933 ipsum
3168 1864 3424 1931 Veritum,
3481 1868 3657 1924 Patris

402 1960 499 2012 τοῦ
553 1960 770 2030 Πατρός
820 1961 968 2013 ἐστιν
1019 1960 1197 2013 οὐσία.
1249 1958 1314 2012 Ἠ
1340 1959 1385 2011 δ’
1419 1959 1575 2012 οὐσία
1627 1959 1721 2011 τοῦ
1760 1959 1972 2028 Πατρός

403 2050 555 2120 αὐτῷ
585 2055 679 2106 καὶ
705 2053 781 2122 τῷ
811 2052 926 2122 Υίῷ
953 2056 1069 2106 ἐστι
1105 2053 1278 2122 κοινή.
1330 2052 1468 2106 Ἀλλ’
1496 2054 1647 2122 ὅμως
1683 2052 1972 2123 ἰδιαίτερόν

402 2160 524 2196 τινα
554 2144 754 2214 τρόπον
802 2146 1112 2200 ἀποδίδοται
1161 2144 1236 2215 τῷ
1271 2145 1380 2215 Υίῷ
1421 2147 1454 2216 ή
1491 2145 1687 2214 σοφία⁸
1738 2147 1830 2198 καὶ
1873 2145 1971 2213 μία

402 2231 539 2288 οὖσα
560 2237 634 2305 τῷ
660 2236 880 2307 ἀριθμῷ
914 2236 1098 2303 σοφία,
1131 2236 1205 2298 ὡς
1235 2237 1472 2305 εἴρηται,
1506 2235 1600 2287 τοῦ
1643 2237 1851 2304 Πατρὸς
1880 2238 1972 2287 καὶ

402 2326 500 2380 τοῦ
535 2326 690 2391 Υίοῦ,
751 2329 900 2395 ὅμως
955 2329 1055 2381 οὑκ
1112 2329 1258 2381 ἐστιν
1291 2330 1323 2397 ἡ
1357 2328 1672 2398 γεννωμένη
1723 2327 1886 2397 σοφία
1939 2329 1972 2398 ἡ

404 2417 546 2489 αὐτὴ
573 2421 640 2488 τῇ
669 2419 937 2492 γεννὼσῃ,
968 2419 1168 2490 δηλαδὴ
1195 2418 1336 2473 κατά
1364 2419 1423 2472 τὸ
1446 2419 1762 2486 γεννᾶσθαι.
1790 2417 1973 2472 Ταῦτα

404 2511 464 2564 δὲ
492 2513 585 2565 καὶ
622 2513 885 2583 πρότερον
924 2516 1159 2584 είρηται.

483 2608 606 2660 Ὀτι
636 2607 694 2661 δὲ
741 2611 970 2674 εῐπομεν
1000 2609 1060 2661 τὸ
1088 2609 1183 2664 τοῦ
1220 2611 1588 2679 Δὺγουστίνου
1623 2611 1974 2679 παράδειγμα

405 2696 471 2746 ἐκ
505 2697 602 2764 τῆς
653 2697 877 2768 Γραφῆς
906 2697 1052 2766 ἔχειν
1084 2700 1181 2761 τὰς
1231 2700 1555 2761 ἀποδείξεις.
1587 2699 1783 2773 ἀληθές
1815 2703 1930 2752 ἐστι
1958 2715 1974 2730 ’

406 2785 587 2856 σωλλῷ
639 2790 749 2858 γὰρ
797 2787 964 2842 αὐτοῦ
1018 2788 1281 2859 πρότερον
1329 2791 1362 2858 ἡ
1414 2790 1534 2841 Θεία
1584 2790 1772 2857 Γραφῇ
1819 2789 1976 2840 τοῦτό

409 2893 598 2945 φησιν,
633 2878 690 2929 ὲν
727 2871 808 2940 οἷς
854 2879 882 2931 ό
915 2877 1175 2946 Θεολόγος
1217 2878 1472 2946 Ἰωάννης
1499 2878 1762 2930 διδάσκει.
1800 2871 1971 2938 Οὗτος

407 2969 520 3038 γὰρ
549 2967 739 3033 εἰπὼν,
785 2986 804 3020 ε
867 2968 927 3022 '0
975 2969 1104 3031 Θεὸς
1152 2969 1365 3036 ’Λγάπη
1396 2959 1539 3031 ἐστὶξ
1595 2986 1614 3019 ι
1673 2969 1819 3020 δοκεί
1878 2967 1977 3036 μὲν

407 3058 582 3122 οὕτως
620 3060 803 3123 ἁπλῶς
845 3061 1173 3131 ἀδιακρίτως
1215 3062 1307 3112 τὸν
1339 3060 1470 3113 Θεὸν
1500 3061 1805 3130 εἰρηκέναι,
1841 3061 1986 3129 ὄπερπ

405 3151 475 3205 ἂν
522 3152 726 3220 ιλεγεν,
763 3152 977 3222 ἀληθῶς
1029 3153 1095 3206 ἂν
1126 3148 1270 3216 εἷπε,
1307 3152 1596 3223 σύμφωνον
1651 3154 1760 3222 γάρ
1821 3152 1977 3205 τοῦτο

407 3247 475 3312 τῇ
509 3247 657 3313 κοινῇ
691 3247 821 3314 περὶ
851 3243 984 3296 Θεοῦ
1020 3245 1146 3314 δόξῃ
1166 3261 1180 3276 ⁸
1213 3246 1377 3306 αὐτὸς
1401 3247 1510 3314 γάρ
1537 3247 1652 3297 ἔστι
1674 3246 1762 3297 καὶ
1790 3246 1980 3313 ἀγάπη

407 3334 506 3386 καὶ
529 3332 692 3402 σοφία
725 3337 818 3388 καὶ
845 3336 952 3390 πᾶν
991 3337 1196 3403 ἀγαθόν
1217 3354 1231 3368 ο
1261 3338 1409 3406 ὅμως
1449 3336 1776 3406 βουλόμενος
1807 3340 1979 3391 καθα-

410 3422 647 3494 ρώτερον
697 3426 796 3494 τὴν
858 3407 1052 3480 ε-αυτοῦ
1114 3427 1341 3496 γνώμην
1397 3429 1652 3497 ἐκφῆναι,
1726 3429 1803 3492 ὃν¹
1846 3431 1979 3482 Θεὸν

409 3517 839 3588 ἀπροδιορίστως
888 3514 1042 3571 εἶπεν
1091 3520 1362 3589 Ἀγάπην,
1401 3519 1588 3572 τοῦτον
1636 3523 1726 3573 καὶ
1775 3524 1841 3574 ὲκ
1883 3520 1978 3573 τοῦ

409 3608 544 3660 Θεοῦ
581 3605 719 3662 εἶναι
769 3611 1144 3679 προστίθησιν.
1193 3610 1381 3664 Εἰπὼν
1414 3614 1545 3682 γὰρ,
1587 3631 1604 3662 ι
1660 3613 1977 3682 Ἀγαπητοὶ,

409 3701 717 3768 ἀγαπῶμεν
771 3700 1059 3770 ἀλλήλους,
1109 3702 1190 3754 ὅτι
1247 3705 1278 3771 η
1329 3703 1518 3771 ἀγάπη
1578 3705 1641 3755 ὲκ
1700 3703 1794 3754 τοῦ
1842 3703 1978 3753 Θεοῦ

411 3792 583 3855 ἔστιν,
626 3810 644 3841 ι
680 3792 900 3858 ἐπάγει,
938 3810 956 3842 ι
998 3792 1107 3844 Καὶ
1143 3793 1248 3854 πᾶς
1287 3794 1314 3845 ὁ
1345 3793 1576 3860 ἀγαπῶν
1608 3795 1672 3846 ἐκ
1701 3793 1794 3846 τοῦ
1843 3792 1978 3845 Θεοῦ

413 3879 784 3948 γεγέννηται·
825 3897 844 3930 ι
884 3882 947 3931 ὲκ
1007 3879 1210 3932 τούτων
1237 3880 1502 3948 ἐδήλωσεν
1555 3883 1746 3934 ἑαυτὸν
1812 3884 1979 3951 αὐτὴν

414 3969 696 4037 εἰρηκέναι
739 3969 987 4038 Ἀγάπ-ην
1037 3969 1127 4022 τὸν
1157 3969 1313 4033 Θεὸν,
1349 3972 1414 4041 ἦν
1446 3973 1511 4024 εκ
1548 3972 1638 4024 τοῦ
1671 3971 1802 4024 Θεοῦ
1834 3970 1975 4026 εἷπε.

412 4060 545 4121 81b;
565 4058 658 4111 οὖν
685 4061 748 4111 ἐκ
777 4056 913 4112 Θεοῦ
937 4063 1082 4112 ἐστιν
1109 4063 1141 4129 ἡ
1187 4063 1420 4133 ’Δγάπη.
1460 4059 1592 4114 Eine
1635 4065 1763 4132 γὰρ,
1796 4083 1813 4116 ι
1857 4065 1980 4117 Ὅτι

415 4151 442 4201 ὁ
468 4150 599 4212 Θεὸς
653 4151 867 4219 ’Δγάπη
891 4151 1028 4218 ἐστὶ,
1063 4169 1080 4202 ι
1117 4153 1231 4220 καὶ,
1277 4171 1295 4204 ε
1329 4153 1503 4222 Ὀτιὴ
1547 4155 1758 4226 Ἀγάλη
1797 4159 1857 4208 ὲκ
1885 4156 1979 4207 τοῦ

413 4239 547 4292 Θεοῦ
589 4243 706 4292 ἐστι
732 4257 746 4271 ·
803 4259 823 4291 ι
877 4243 992 4306 καὶ,
1034 4261 1051 4293 ι
1097 4242 1219 4296 Ὅτι
1260 4246 1287 4297 ό
1338 4245 1566 4311 ἀγαπῶν
1611 4248 1673 4298 ὲκ
1712 4247 1804 4299 τοῦ
1843 4246 1979 4298 Θεοῦ

413 4335 760 4404 γεγέννηται.
820 4353 838 4385 ι
888 4336 1013 4398 Πῶς
1052 4337 1106 4388 δὲ
1144 4340 1401 4404 γεννᾶται
1434 4342 1460 4390 ὁ
1493 4340 1726 4407 ἀγαπῶν
1780 4344 1844 4392 ὲκ
1885 4341 1980 4393 τοῦ

414 4423 576 4485 Θεοῦ,
611 4425 750 4493 μετά
780 4427 975 4494 μικρὸν
998 4428 1131 4495 ἐρεῖ.
1168 4427 1330 4481 Ἀλλὰ.
1359 4427 1440 4490 τὸ,
1469 4446 1486 4478 ι
1516 4429 1651 4491 Θεὸς
1681 4433 1743 4481 ὲκ
1766 4429 1924 4494 Θεοῦ,
1952 4449 1970 4481 ι

2074 1957 2375 2010 substantia
2405 1967 2507 2010 est.
2536 1955 2712 2011 Patris
2734 1967 2912 2010 autem
2937 1958 3256 2020 substantia.
3284 1974 3378 2013 seu
3394 1963 3654 2025 essentia,

2085 2047 2184 2113 ipsi
2240 2046 2482 2117 Filioque
2512 2050 2822 2103 communis
2847 2059 2948 2103 est.
2983 2048 3320 2104 Peculiarius
3355 2063 3533 2106 tamen
3559 2051 3657 2106 Su-

2077 2138 2274 2205 pientia
2298 2140 2552 2192 tribuitur
2587 2139 2724 2192 Filio
2750 2157 2764 2202 ;
2789 2154 3024 2206 cumquo
3052 2156 3157 2195 una
3183 2157 3413 2196 numero
3444 2144 3534 2205 sit,
3583 2149 3657 2197 uti

2073 2230 2276 2281 dictum
2326 2240 2426 2293 esl,
2455 2229 2626 2282 Pati-is
2654 2229 2882 2298 Filiique
2911 2225 3196 2297 sapientia,
3231 2247 3338 2285 non
3369 2244 3546 2286 tamen
3568 2251 3660 2302 ge.

2077 2317 2187 2370 uita
2215 2317 2480 2386 sapientia
2509 2321 2694 2372 eadem
2724 2329 2804 2373 est
2829 2330 2990 2387 atque
3013 2322 3263 2390 gignens,
3295 2324 3435 2388 quod
3463 2339 3656 2393 nempe

2074 2409 2139 2462 ad
2195 2409 2296 2461 hoc
2341 2410 2526 2462 allittel
2554 2411 2696 2475 quod
2740 2420 2822 2465 est
2882 2412 3115 2480 genitam
3177 2425 3314 2467 esse.
3352 2411 3467 2468 lloc
3531 2430 3659 2470 vero

2077 2506 2241 2556 etiam
2264 2514 2387 2556 ante
2422 2503 2627 2556 dictum
2654 2513 2758 2557 est.
2812 2495 2820 2503 ’

2149 2593 2307 2658 Quod
2337 2609 2464 2648 vero
2487 2593 2723 2647 diximus
2791 2595 3077 2661 Augustini
3139 2600 3471 2668 exemplum.
3531 2617 3661 2655 suas

2078 2705 2142 2743 ex
2170 2690 2445 2760 Scriptura
2467 2691 2816 2759 probationes
2846 2691 3064 2746 habere.
3093 2710 3280 2747 verum
3313 2704 3414 2749 est.
3472 2695 3660 2765 Longe

2076 2782 2221 2835 enim
2255 2790 2381 2835 ante
2412 2781 2774 2851 Augustinum
2833 2782 3010 2835 divina
3067 2785 3344 2853 Scriptura
3382 2787 3483 2840 hoc
3522 2788 3660 2840 dixit

2081 2875 2137 2927 in
2170 2872 2448 2928 Catholica
2476 2870 2702 2926 Joannis
2731 2871 3014 2942 Theologi.
3045 2875 3142 2928 Hic
3199 2876 3344 2928 enim
3397 2877 3655 2932 dicendae

2084 2984 2102 3017 ε
2117 2965 2258 3018 Deus
2281 2963 2526 3018 Charitas
2546 2972 2627 3018 est
2645 2963 2709 3029 ",
2725 2982 2742 3014 ι
2768 2964 2975 3018 videtur
3001 2967 3218 3033 quidem
3245 2967 3324 3020 sic
3343 2968 3664 3035 simpliciter

2076 3067 2126 3112 et
2157 3063 2364 3128 ah5que
2399 3057 2746 3112 distinctione
2781 3056 2949 3109 Deum
2986 3057 3211 3121 dixisse,
3247 3076 3308 3112 ac
3339 3062 3381 3112 si
3432 3062 3660 3124 diceret,

2085 3170 2208 3209 vere
2241 3167 2364 3208 eum
2411 3150 2634 3205 dixisse.
2660 3149 2936 3202 Consonat
2967 3150 3110 3201 enim
3150 3151 3250 3202 hoc
3278 3154 3554 3204 communi
3595 3154 3663 3207 tle

2087 3246 2174 3300 Dei
2203 3242 2613 3299 existimationi.
2643 3241 2765 3310 Ipse
2797 3243 2941 3293 enim
2976 3249 3031 3292 et
3060 3241 3299 3294 charitas
3332 3255 3385 3296 et
3446 3247 3665 3310 sapien-

2084 3342 2153 3392 tia
2181 3347 2235 3392 ct
2259 3351 2419 3392 omne
2452 3336 2652 3390 bonum
2680 3334 2923 3386 οιηὶδιίι.
2977 3331 3171 3387 Volens
3223 3343 3401 3389 tamen
3459 3339 3663 3392 clarius

2083 3441 2312 3484 mentem
2340 3443 2493 3482 suam
2531 3427 2762 3496 aperire,
2792 3439 2953 3492 quem
2992 3423 3154 3477 Deutn
3212 3427 3524 3484 indistincto
3577 3432 3661 3483 di-

2083 3535 2232 3574 xerat
2263 3520 2606 3579 cliaritatem,
2638 3530 2764 3570 eum
2796 3512 2959 3568 etiam
2988 3529 3048 3566 ex
3071 3513 3178 3568 Deo
3212 3533 3331 3572 esse
3383 3519 3656 3590 atijungit.

2085 3613 2235 3666 Dicto
2258 3607 2814 3671 enitnnCharissimi,
2871 3607 3160 3673 diligamus
3230 3611 3482 3677 invict-m,
3529 3615 3658 3683 quia

2080 3707 2312 3757 charitas
2328 3719 2391 3756 ex
2426 3701 2531 3755 Deo
2555 3709 2638 3753 est
2665 3717 2713 3763 ,ι
2760 3697 2954 3764 adjecit
2983 3715 3028 3748 ει
3067 3699 3319 3758 Etosnnis
3347 3707 3436 3771 qui
3461 3706 3634 3773 diligit

2081 3813 2144 3851 ex
2180 3798 2287 3850 Deo
2318 3804 2476 3848 natus
2499 3792 2903 3858 est“.iQuibus
2935 3793 3124 3844 ostcnil
3155 3802 3192 3856 t,
3229 3811 3345 3849 eam
3376 3814 3433 3851 se
3473 3801 3657 3852 chari-

2082 3898 2243 3942 tatein
2278 3887 2443 3940 Deum
2468 3885 2692 3948 dixisse,
2726 3899 2887 3953 quam
2913 3900 2974 3938 ex
3015 3886 3124 3939 Deo
3146 3887 3374 3940 dixerat.
3419 3889 3508 3941 Esi.
3561 3892 3678 3960 ἱεὶς·

2083 3993 2167 4034 tur
2193 3980 2451 4039 Charitas,
2482 3977 2699 4030 Deusex
2738 3976 2867 4029 Deo.
2906 3981 2995 4033 Ait
3039 3981 3182 4033 8.2illl
3219 3997 3230 4030 :
3275 3996 3292 4028 t
3336 3978 3486 4043 Quoi
3521 3979 3658 4036 Deus

2082 4087 2162 4128 est
2193 4075 2486 4134 Charitas,»
2517 4081 2601 4123 et:
2632 4079 2707 4135 CQ
2733 4074 2816 4123 ιο]
2841 4074 3078 4126 Charitas
3109 4089 3174 4124 ex
3194 4073 3301 4125 Deo
3320 4084 3456 4130 εει.»
3489 4079 3662 4128 acde-

2083 4166 2243 4233 nique
2268 4164 2450 4229 «Quod
2477 4163 2564 4230 qui
2589 4162 2780 4230 dil;gil,
2816 4179 2878 4214 ex
2905 4163 3014 4216 Deo
3078 4173 3238 4215 natus
3269 4163 3660 4228 est.»Q:mnam

2085 4272 2210 4307 vero
2243 4255 2422 4317 modo,
2454 4255 2499 4305 is
2541 4254 2631 4320 qui
2667 4253 2842 4321 diligit
2893 4270 2958 4306 ex
3021 4253 3128 4308 Deo
3187 4269 3444 4308 nascatur
3503 4259 3663 4324 paulo

2085 4357 2202 4416 pust
2237 4347 2388 4400 dicit.
2425 4343 2626 4398 Verum
2656 4345 2806 4409 illud,
2845 4344 3018 4399 «Deus
3045 4361 3105 4398 ex
3154 4346 3294 4398 Dem
3359 4364 3480 4401 esse
3515 4365 3576 4401 ex
3609 4367 3665 4402 a-

2087 4441 2236 4507 liquo
2279 4437 2570 4505 signiﬁcat.
2631 4435 2684 4489 Id
2743 4452 2868 4490 vero
2938 4437 3084 4490 Patri
3139 4441 3361 4492 minime
3383 4447 3660 4511 congruit,

416 4515 477 4566 τὸ
515 4509 658 4565 εἶναι
718 4515 781 4567 ἐκ
816 4532 960 4578 τινος
995 4516 1162 4584 δηλοῖ.
1227 4517 1395 4570 Τοῦτο
1437 4519 1493 4570 δὲ
1543 4521 1622 4590 τῷ
1677 4522 1848 4590 Πατρὶ
1884 4522 1980 4591 οὐχ
2012 4533 2059 4590 υ
2086 4546 2155 4600 qu

1916 4522 1980 4591 ὗχ
2012 4533 2059 4590 D
2086 4532 2282 4600 quippe
2307 4544 2429 4580 eum
2460 4528 2718 4580 immunis
2742 4543 2769 4579 a
2802 4543 2965 4580 causa
2991 4528 3102 4593 sit;
3135 4528 3233 4580 hoc
3266 4542 3368 4593 est,
3430 4547 3458 4583 a
3518 4551 3584 4586 nu
3615 4536 3663 4587 In

415 4607 683 4673 ἁρμόζειο
717 4608 957 4669 ἀναίτιος
993 4611 1098 4676 γάρ
1127 4611 1243 4661 ἐστι
1265 4625 1278 4638 ·
1316 4612 1595 4663 τουτέστιν
1627 4612 1718 4663 ἀπ’
1749 4613 1981 4675 οὐδενός.

417 4700 678 4749 Λείπεται
703 4698 736 4766 ἢ
775 4699 853 4768 τῷ
883 4699 996 4765 Υίῴ
1023 4699 1055 4767 ἢ
1091 4701 1164 4769 τῷ
1197 4701 1336 4770 ἁγίῳ
1361 4702 1634 4771 Πνεύματι
1663 4705 1980 4772 προσήκειν.

430 4789 592 4840 Ἀλλὰ
639 4789 747 4855 μὴν
790 4789 863 4858 τῷ
897 4791 1038 4860 ἁγίῳ
1075 4791 1350 4860 Πνεῦματι
1382 4792 1538 4843 τοῦτο
1593 4793 1980 4861 προστίθησιν·

416 4876 579 4944 δῆλον
638 4878 718 4932 δέ.
791 4878 1018 4948 Ἐφεξῆς
1083 4880 1189 4947 γὰρ
1256 4880 1354 4949 τὴν
1414 4881 1635 4948 ἀγάπην
1701 4881 1793 4932 τοῦ
1848 4883 1984 4934 Θεοῦ

415 4973 763 5042 ἀναμνήσας,
795 4975 856 5025 οῦ
894 4973 1018 5026 καθ’
1063 4977 1128 5044 ἢν
1181 4977 1339 5044 ἡμεῖς
1385 4977 1566 5041 αὐτὸν,
1602 4977 1731 5028 ἀλλὰ
1768 4979 1887 5046 καθ’
1917 4980 1984 5047 ἣν

418 5066 703 5132 ἠγάπησεν
758 5068 924 5134 ἡμᾶς,
965 5084 983 5116 ε
1039 5068 1348 5118 Ἀπέστειλε
1401 5067 1488 5118 τὸν
1547 5069 1671 5120 Υἰὸν
1722 5069 1910 5133 αὑτοῦ,
1959 5088 1977 5120 ι

418 5158 605 5223 φησὶν,
671 5175 690 5206 ι
753 5158 978 5226 ἱλασμὸν
1029 5158 1170 5222 ὑπὲρ
1215 5159 1320 5212 τῶν
1372 5160 1657 5227 ἁμαρτιῶν
1715 5161 1892 5229 ἡμῶν.
1959 5181 1975 5212 ι

435 5246 720 5299 Ἐντεῦθεν
755 5247 956 5311 ἐδίδαξε
996 5251 1109 5305 πῶς
1141 5250 1232 5300 καὶ
1262 5250 1425 5317 ἡμεῖς
1451 5250 1712 5320 ἀλλήλους
1753 5253 1985 5316 ἀγαπῶ-

425 5353 524 5404 μεν
551 5353 564 5366 ’
601 5338 861 5406 ἀλλήλους
897 5338 951 5388 δὲ
975 5338 1319 5405 ἀγαπῶντεξ,
1347 5343 1371 5391 ό
1398 5340 1527 5402 Θεὸς
1554 5343 1609 5391 ἐν
1633 5344 1763 5410 ἡμῖν
1797 5345 1862 5410 μέ
1880 5361 1947 5393 κει
1968 5360 1984 5376 ο

423 5429 520 5480 καὶ
575 5431 966 5499 ἀντιστρόφως,
1009 5432 1099 5482 τὸν
1143 5431 1273 5482 De?»
1330 5433 1673 5506 ἀγαπῶντες,
1727 5437 1988 5503 ἀλλήλους

422 5523 753 5590 ἀγαπῶμεν,
778 5526 871 5575 καὶ
896 5521 1064 5585 οὕτως
1093 5525 1146 5575 ἐν
1168 5524 1243 5592 τῴ
1267 5505 1383 5593 Θεῷ
1415 5505 1668 5593 μένομεν.
1716 5527 1986 5579 'Ewouuv-

427 5630 512 5674 te;
534 5616 641 5683 γὰρ
658 5616 850 5667 ὁπόσον
871 5617 898 5666 ὁ
915 5617 1047 5678 Θεὶς
1062 5617 1344 5684 ἠγάπησεν
1365 5619 1528 5686 ἡμᾶς,
1547 5620 1908 5691 ἐπιστρεφόμε
1921 5624 1986 5674 (ια

502 5797 546 5826 ³’
574 5796 590 5850 Ι
623 5795 777 5850 Joan.
827 5813 899 5859 iv,
941 5798 990 5849 8.
1075 5799 1116 5828 ³⁸
1176 5800 1302 5852 ἰίιίιί.
1344 5802 1393 5856 7.
1473 5804 1513 5834 ³⁷
1551 5803 1682 5855 ibid.
1721 5803 1802 5855 lt).

675 5897 948 5957 ΡΔτιιυι..
989 5897 1103 5956 Gtt.
1166 5901 1332 5962 CLll.

2088 4637 2203 4672 esse
2245 4617 2454 4670 haheat.
2503 4615 2764 4684 Superest
2793 4617 2956 4684 igitur
2986 4629 3042 4668 ut
3074 4619 3155 4670 vel
3192 4617 3328 4670 Filio
3368 4623 3446 4674 vel
3486 4620 3662 4691 Spiri-

2091 4710 2166 4763 tui
2208 4720 2398 4762 sancto
2428 4706 2743 4759 conveniat.
2778 4699 2940 4775 Atqui
2978 4707 3205 4775 Spiritui
3238 4723 3435 4765 sancto
3466 4714 3516 4766 id
3571 4733 3661 4768 as-

2089 4800 2268 4873 cribit.
2305 4801 2379 4850 Ac
2406 4799 2598 4865 liquet.
2630 4797 2996 4865 Sequentibus
3039 4801 3184 4851 enim
3212 4800 3349 4853 facta
3390 4806 3662 4859 mentione

2091 4891 2181 4941 Dei
2219 4889 2550 4947 dilectionis,
2584 4903 2690 4940 non
2721 4903 2824 4956 qua
2861 4905 2959 4940 nos
3011 4905 3136 4942 eum
3196 4892 3509 4959 diligamus,
3568 4899 3659 4950 sed

2089 4996 2193 5048 qua
2225 4982 2339 5046 ipse
2361 4979 2552 5032 dilexit
2588 4977 2896 5031 nosthisit
2965 4979 3166 5032 Filium
3222 4998 3402 5044 suum,
3460 4985 3658 5053 inquit,

2092 5071 2526 5140 pt'upitiatiottetn
2555 5086 2652 5138 pro
2689 5071 2922 5137 peccatis
2955 5073 3178 5126 nostris.
3203 5075 3278 5126 ³⁷»
3313 5074 3448 5130 llinc
3477 5080 3663 5141 docuit

2088 5176 2139 5218 et
2169 5163 2406 5225 modum,
2443 5177 2551 5228 quo
2583 5178 2679 5213 nos
2706 5161 2932 5214 invicem
2967 5162 3291 5231 diligamus:
3327 5182 3392 5222 ac
3417 5172 3564 5235 quod
3587 5171 3667 5225 sic

2087 5258 2374 5325 diligamus
2401 5255 2563 5306 Deum
2587 5255 2637 5305 in
2663 5253 3058 5309 nobistnanere
3085 5271 3099 5319 ;
3130 5259 3478 5330 vicissimque
3498 5264 3663 5318 Deum

2089 5349 2396 5415 diligentes,
2439 5346 2668 5398 invicem
2721 5345 2946 5415 diligere
2998 5358 3161 5415 atque
3223 5351 3275 5404 in
3319 5368 3386 5406 eo
3422 5370 3664 5413 manere.

2091 5439 2405 5506 Cogitantes
2501 5438 2644 5490 enim
2713 5449 2980 5506 quantum
3057 5457 3155 5494 nos
3197 5443 3338 5497 Deus
3401 5427 3668 5503 dilexerit

2093 5531 2461 5584 convertimur
2492 5539 2547 5580 ut
2578 5545 2702 5582 eum
2738 5531 2999 5596 vicissim,
3032 5531 3243 5604 aliique
3270 5542 3407 5592 alios
3473 5541 3670 5607 diliga-

2101 5639 2237 5675 inus.
2280 5621 2391 5675 Non
2427 5624 2570 5676 enim
2602 5621 2716 5676 liet'i
2751 5633 2948 5692 potest,
3015 5633 3185 5701 utqui
3247 5633 3415 5685 Deum
3468 5633 3670 5703 diligit,

3277 5904 3345 5966 13
