4428 6444
784 397 888 457 555

2044 395 2093 452 Μ
2109 402 2145 451 .-\
2161 396 2440 453 NUELIS
2480 399 2779 457 (ΣΑιΕΟίΕ

3920 383 4021 458 5'56

784 516 1069 569 nonetiam
1091 508 1585 581 proxiumamiriiin
1614 507 1891 575 jungatur.
1919 504 2118 559 Idcirco
2137 506 2313 559 aiebat
2340 524 2354 560 :
2386 523 2429 577 Α
2461 528 2533 581 πρ

2270 514 2313 557 at
2340 524 2354 560 :
2386 523 2429 577 Α
2461 513 2595 581 πρὸς
2635 512 2695 563 τὸ
2738 514 3060 581 ἀνταγαπᾷν
3099 512 3260 564 αὐτόν
3290 527 3303 540 ⁶
3365 513 3457 564 καὶ
3509 511 3679 571 οὕτως
3721 512 4019 576 ἀγαπῶμεν

790 627 807 657 «
839 606 1143 671 Quidiligit.
1173 619 1235 656 ex
1261 603 1368 653 Deo
1391 600 1594 652 nutus"
1615 609 1732 660 est;
1761 615 1779 648 ι
1802 611 1994 664 nempe
2009 612 2072 649 ex
2092 598 2358 650 cbarftatc

784 714 945 765 «tuam
974 698 1105 750 dixit
1130 708 1249 748 esse
1281 692 1444 745 Deum
1464 705 1527 743 ex
1559 689 1688 741 Deo.
1721 685 1872 739 Unde
1899 695 1951 739 et
1969 689 2042 739 ait
2075 686 2240 740 :uVos
2265 701 2358 739 au-

786 803 890 846 tem
930 790 1240 854 diligamus,
1272 785 1398 853 quia
1434 784 1544 850 ipse
1600 786 1747 849 prior
1789 781 1978 833 dilexit
2006 794 2104 832 nos
2135 778 2197 832 ".
2228 799 2246 829 ο

856 1052 1046 1107 Docuit
1081 1050 1242 1120 igitur
1288 1063 1351 1101 ex
1391 1047 1457 1098 iis
1489 1060 1606 1113 qua:
1641 1044 1781 1097 dicta
1822 1040 2066 1104 sunt,Dei
2112 1037 2360 1092 dilectio-

784 1158 906 1197 nem
938 1142 1041 1193 hoc
1100 1146 1376 1206 prastare,
1428 1144 1486 1188 ut
1532 1148 1630 1187 nos
1686 1132 1854 1185 Deum
1908 1140 2071 1197 atque
2123 1128 2354 1180 invicem

782 1234 1091 1302 diligamus,
1125 1241 1286 1298 atque
1322 1231 1377 1280 in
1430 1241 1553 1281 eum
1595 1225 1815 1278 modum
1871 1224 1922 1276 in
1971 1220 2080 1275 Deo
2133 1234 2356 1273 manea-

783 1342 926 1388 mus,
958 1334 1010 1378 et
1046 1323 1187 1375 Deus
1213 1322 1269 1375 in
1297 1320 1471 1372 nobis.
1508 1318 1561 1370 ld
1596 1331 1723 1370 vero
1768 1315 1970 1368 clarius
2014 1314 2067 1365 in
2120 1326 2355 1380 sequen-

783 1417 926 1466 tibus
948 1411 1190 1479 exponit.
1241 1407 1377 1463 Cum
1412 1407 1553 1460 enim
1600 1406 1851 1467 dixisset,
1904 1403 2070 1455 Deum
2119 1401 2358 1453 Charita-

784 1514 889 1558 tem
930 1517 1074 1564 esse,
1104 1500 1380 1568 subjungit
1426 1514 1439 1550 :
1481 1514 1501 1548 «
1533 1496 1588 1549 In
1655 1496 1758 1549 hoc
1801 1494 2182 1561 cognoscimus
2220 1502 2358 1558 quo-

783 1597 927 1645 niam
960 1595 1014 1645 in
1049 1607 1115 1644 eo
1138 1604 1441 1651 manemus,
1459 1596 1513 1640 et
1543 1588 1657 1655 ipse
1698 1586 1752 1638 in
1786 1584 1965 1649 nobis,
1994 1582 2253 1651 quoniam
2287 1580 2357 1633 de

782 1684 988 1752 Spiritu
1021 1696 1119 1736 suo
1145 1681 1293 1734 dedit
1326 1680 1481 1732 nobis
1507 1678 1571 1730 ⁸ο.
1600 1695 1619 1728 ι
1658 1676 1815 1743 Igitur
1848 1675 2085 1752 Spiritus
2108 1683 2353 1729 sanctus,

780 1750 844 1829 cx
877 1790 986 1843 quo
1042 1774 1193 1828 dedit
1231 1771 1408 1833 nobis,
1442 1768 1569 1823 facit
1611 1767 1746 1820 utin
1788 1750 2267 1823 Dco‘maneamus,
2300 1766 2356 1812 et

2459 602 2740 669 ἀλλήλους.
2784 603 3073 655 ’Λδύνατον
3097 604 3202 671 γάρ
3228 604 3319 654 τὸν
3346 601 3641 667 ἀγαπῶντα
3668 603 3759 651 τὸν
3790 601 3920 650 Θεὸν
3946 602 4023 666 μὴ

2460 695 2552 744 καὶ
2581 692 2669 741 τὸν
2702 692 2925 757 πλησίον
2948 694 3142 758 φιλεῖν.
3174 694 3265 743 Διὸ
3290 694 3381 742 καί
3413 693 3618 755 ἔλεγεν,
3653 710 3670 741 «
3714 691 3770 740 '0
3795 690 4021 754 ἀγαπῶν

2448 784 2522 833 ,ἐκ
2559 782 2650 834 τοῦ
2681 783 2815 835 Θεοῦ
2849 786 3173 853 γεγέννηται
3201 799 3215 812 ο
3276 801 3295 834 ι
3338 785 3434 850 τῆς
3478 784 3720 849 ’Λγάπης
3754 782 4020 848 δηλονότι,

2457 872 2524 940 ἢν
2550 874 2613 923 ὲκ
2642 871 2776 924 Θεοῦ
2802 873 2933 924 Θεὸν
2965 873 3090 941 ἔφη.
3126 875 3233 926 Καὶ
3270 878 3455 940 φησὶν,
3498 891 3516 923 ι
3570 871 3760 940 Ἡμεῖς
3789 871 3845 923 δὲ
3881 873 4019 934 ἀγα-

2459 964 2675 1029 πῶμεν,
2707 965 2786 1014 ὅτι
2815 964 2977 1026 αὐτὸς
3011 966 3273 1033 πρότερον
3297 966 3583 1031 ἠγάπησεν
3619 964 3783 1030 ἡμᾶς.
3827 981 3845 1012 ι

2541 1056 2810 1119 Ἐδίδαξεν
2858 1054 2951 1110 οὖν
2985 1060 3049 1109 ὲκ
3096 1058 3204 1109 τῶν
3261 1057 3569 1125 εἰρημένων
3617 1057 3698 1106 ὅτι
3727 1057 3760 1121 ὴ
3805 1054 4022 1120 Ἀγάπη

2458 1145 2556 1198 τοῦ
2594 1146 2730 1198 Θεοῦ
2774 1150 2919 1199 ποιεῖ
2957 1148 3103 1217 ἡμᾶς
3135 1147 3298 1198 αὐτὸν
3325 1148 3417 1198 τὸν
3455 1146 3586 1198 Θεὸν
3635 1145 3730 1198 καὶ
3762 1145 4023 1211 ἀλλήλους

2457 1238 2701 1307 ἀγαπᾷν,
2739 1238 2834 1291 καὶ
2874 1239 3048 1301 οὕτως
3091 1242 3150 1291 ὲν
3183 1238 3258 1306 τῷ
3290 1238 3409 1305 Θεῷ
3447 1238 3627 1304 μένειν
3656 1239 3750 1288 καὶ
3780 1235 3940 1287 αὑτὸν
3968 1237 4022 1285 ὲν

2460 1325 2611 1391 ὑμῖν.
2638 1324 2808 1378 Τοῦτο
2840 1326 2896 1377 δὲ
2928 1326 3022 1378 καὶ
3062 1325 3265 1378 κατιὼν
3296 1324 3682 1395 καθαρώτερον
3711 1324 4020 1392 σαφηνίζει.

2456 1414 2708 1483 Είρηκὼς
2763 1415 2872 1485 γάρ
2928 1418 3018 1467 τὸν
3082 1416 3217 1468 Θεὸν
3268 1417 3538 1487 Ἀγάπην,
3580 1421 3803 1485 επάγει,
3856 1434 3875 1467 ι
3936 1416 4024 1466 Ἐν

2454 1505 2632 1573 τούτῳ
2663 1504 3004 1575 γινώσκομεν
3031 1507 3114 1558 ὅτι
3158 1507 3216 1557 tv
3257 1507 3423 1576 “ul
3451 1508 3709 1576 μένομεν,
3743 1510 3837 1561 xat
3865 1508 4023 1567 αὐτὸς

2459 1596 2517 1646 tv
2541 1596 2693 1662 ἡμῖν,
2714 1597 2796 1648 ὃτι
2821 1599 2885 1647 ὲκ
2906 1570 3001 1648 τοῦ
3024 1596 3343 1664 Πνεῦματος
3365 1570 3529 1649 αῦτοῦ
3561 1570 3794 1650 δέδωκεν
3815 1600 3966 1666 ἡμῖν.
4001 1617 4018 1647 ι

2456 1685 2529 1735 Τὸ
2579 1685 2799 1753 Πνεῦμα
2848 1687 3026 1740 τοίνυν
3072 1689 3131 1740 τὸ
3182 1689 3360 1755 ἀγιον,
3398 1691 3456 1754 ἐξ
3502 1684 3565 1744 οὗ
3604 1688 3833 1740 δέδωκεν
3868 1689 4021 1755 ἡμῖν.

2457 1779 2600 1828 ποιεῖ
2632 1778 2777 1845 ἡμᾶς
2808 1779 2863 1827 tv
2898 1778 2975 1847 τῷ
3005 1778 3123 1845 Θεῷ
3174 1780 3378 1847 μένειν,
3432 1780 3526 1830 καὶ
3577 1780 3737 1831 αὐτὸν
3774 1780 3831 1829 tv
3870 1781 4021 1846 ημῖν.

779 1867 979 1934 ipsein
1021 1863 1201 1918 nobis.
1251 1859 1614 1926 Quamobrem
1653 1857 1797 1924 quod
1858 1855 2006 1923 prius
2053 1850 2183 1904 dixit
2225 1850 2355 1903 cha-
2388 1851 2430 1905 Β
2462 1857 2528 1913 Ὢ

2272 1862 2355 1902 1³·
2388 1851 2430 1905 Β
2462 1857 2623 1914 Ὥστε
2664 1863 2693 1914 ὃ
2722 1864 2985 1933 πρότερον
3018 1864 3117 1933 τῆς
3155 1867 3400 1937 ’Λγάπης
3426 1868 3586 1935 ἔργον
3637 1868 3838 1935 ἔφησεν
3862 1864 4021 1927 εἶναι,

780 1960 956 2011 ritatis
1012 1970 1149 2025 opus
1212 1959 1444 2021 (nempe
1500 1957 1558 2002 ut
1628 1949 1682 2000 in
1742 1946 1851 1998 Deo
1911 1954 2244 2005 tuancamuS,
2289 1952 2353 1991 ac

779 2050 1017 2105 vicissim
1040 2047 1181 2100 Dcus
1208 2046 1259 2097 in
1285 2043 1485 2109 nobis),
1513 2042 1614 2093 hoc
1646 2051 1789 2089 nunc
1819 2044 1991 2089 sancti
2014 2033 2249 2100 Spiritus
2274 2030 2356 2083 di-

783 2144 881 2202 xit.
915 2142 1055 2208 lii-go
1095 2136 1332 2205 Spiritus
1359 2143 1581 2185 sanctus
1603 2127 1965 2189 cstcharitas,
2001 2137 2162 2191 quant
2185 2122 2352 2174 Deum

781 2249 903 2288 esse
932 2242 985 2286 ct
1016 2246 1081 2284 ex
1114 2232 1221 2281 Deo
1249 2229 1475 2279 dixerat.
1509 2223 1624 2290 lpse
1660 2221 1821 2285 igitur
1865 2218 2101 2285 Spiritus
2133 2220 2354 2267 sanctus

780 2308 1136 2393 signiﬁcatur,
1177 2317 1269 2371 ubi
1300 2314 1550 2385 legimus,
1580 2330 1598 2362 «
1629 2310 1768 2365 Deus
1800 2308 2041 2363 charitas
2068 2316 2172 2360 est.
2197 2322 2217 2355 ι

852 2593 991 2645 Deus
1031 2587 1195 2658 igitur
1225 2581 1462 2653 Spiritus
1514 2588 1735 2632 sanctus
1769 2590 1834 2630 ex
1886 2574 1997 2628 Deo
2032 2569 2353 2643 procedcns,

778 2701 902 2739 rum
941 2679 1148 2735 homini
1200 2677 1359 2730 datus
1387 2669 1729 2738 l‘uerit(dari
1755 2667 1899 2721 enim
1949 2678 2074 2718 eum
2108 2672 2164 2717 et
2214 2662 2354 2715 mitti

782 2791 947 2832 nemo
977 2782 1066 2827 eat
1093 2769 1324 2831 inficias,
1361 2766 1575 2819 dicente
1628 2760 1896 2815 Domino:
1933 2776 1954 2810 «
1984 2757 2119 2811 Cum
2148 2764 2357 2809 venerit

780 2870 1116 2929 Paractetus,
1147 2875 1309 2931 quem
1342 2874 1440 2927 ego
1474 2858 1682 2910 mittam
1702 2855 1784 2918 ";
1817 2870 1834 2902 ι
1856 2862 1930 2917 ct,
1954 2849 2155 2915 «Quem
2182 2847 2357 2901 mittet

783 2964 937 3015 l'ater
984 2959 1036 3010 in
1094 2953 1315 3008 nomine
1350 2964 1469 3003 nco
1494 2950 1537 2978 δ’
1560 2965 1607 3013 ;»
1640 2960 1789 3008 cum,
1825 2944 2069 3010 inquam,
2121 2938 2359 3009 Spiritus

782 3050 987 3109 homini
1014 3049 1171 3101 datus
1196 3044 1378 3107 fuerit,
1404 3050 1461 3095 ut
1492 3040 1640 3094 novit
1674 3038 1789 3105 ipse
1811 3035 1903 3104 qui
1936 3033 2124 3096 mittit,
2157 3044 2209 3084 et
2241 3029 2359 3098 ipse

780 3150 873 3215 qui
948 3142 1200 3196 mittitur,
1267 3132 1504 3201 Spiritus
1569 3141 1815 3187 sanctus,
1873 3123 2025 3188 «Qui
2090 3122 2179 3174 ubi
2245 3120 2360 3172 vult

777 3190 952 3307 sxpirat
972 3233 1038 3296 ",
1079 3248 1096 3282 ι
1132 3229 1188 3281 in
1219 3190 1323 3279 Dei.
1348 3238 1411 3276 ac
1443 3220 1672 3291 proximi
1707 3217 2055 3271 dilectionem
2083 3212 2358 3265 hominem
2387 3190 2432 3249 ο

777 3327 1062 3389 accendit;
1098 3332 1333 3388 tuncque
1388 3328 1513 3369 vere
1547 3329 1613 3366 ex
1665 3313 1775 3364 Deo
1825 3309 2087 3371 nascitur,
2134 3301 2362 3372 Spirilali

777 3420 988 3473 scitir-ct
1052 3409 1486 3480 regeneratione,
1532 3402 1626 3472 qui
1683 3402 1957 3455 neminem
2019 3396 2217 3459 oderit,
2264 3407 2364 3447 nec

779 3513 978 3579 cogitet
1009 3505 1209 3558 malum
1238 3502 1307 3554 ⁸⁵.
1338 3502 1511 3567 Atque
1546 3497 1598 3548 id
1629 3492 1774 3562 quod
1801 3491 1870 3545 ab
1924 3488 2131 3558 Spiritu
2180 3486 2362 3550 datur,

778 3578 1022 3656 charitas
1064 3605 1184 3650 est:
1224 3591 1525 3653 «Charitas,
1579 3585 1748 3647 enim,
1798 3582 1975 3650 inquit
2046 3578 2363 3648 Apostolus,

780 3694 947 3747 etl'usa
979 3700 1062 3742 est
1089 3689 1140 3741 in
1162 3684 1419 3739 cordibus
1447 3678 1782 3745 nostris,pcr
1809 3673 2068 3743 Spiritum
2096 3679 2366 3729 sanctum,

778 3786 871 3855 qui
921 3784 1081 3837 datus
1116 3789 1196 3831 est
1230 3775 1473 3828 nobis".
1502 3789 1520 3820 ι
1560 3769 1768 3823 Idcirco
1808 3767 1993 3824 etiam,
2032 3771 2085 3815 ut
2146 3761 2219 3812 ait
2258 3761 2367 3810 Au-

780 3851 1057 3943 gustinus,
1104 3868 1371 3936 «Spiritus
1424 3874 1672 3927 sanetus,
1696 3858 1790 3912 Dei
1816 3858 2023 3909 donum
2066 3851 2368 3921 :ippi-llatur

779 3941 924 4036 tcum
979 3964 1051 4017 sit
1111 3960 1274 4020 Deus)
1325 3966 1381 4011 et
1440 3952 1745 4015 charisma,
1795 3967 1814 4001 ι
1869 3947 2013 4017 quod
2074 3945 2236 3998 etiam
2292 3941 2370 3993 ait

782 4072 1013 4128 magnus
1056 4052 1311 4107 Basilius.
1366 4045 1607 4100 Gratiam
1667 4042 1811 4096 enim
1880 4037 2249 4109 perﬁcientem
2315 4041 2369 4086 et

784 4148 1103 4217 adoptionis
1141 4142 1418 4196 charisma
1455 4146 1634 4199 vocat,
1661 4149 1723 4187 ac
1760 4132 1957 4185 lutum
2003 4129 2367 4182 arrhabonrm

781 4237 1113 4297 ha’rcditatis
1146 4274 1161 4289 .
1196 4232 1430 4303 Cyrillus
1474 4241 1709 4298 quoque,
1736 4224 1853 4276 Filii
1896 4224 2099 4275 donum
2120 4220 2366 4273 vocavit:

786 4333 993 4398 «Quod
1052 4329 1241 4397 utique
1300 4329 1527 4385 donum,
1564 4320 1743 4388 inquit
1802 4316 1940 4370 idem
2005 4313 2366 4385 Augustinus,

780 4426 1038 4494 quidnam
1099 4418 1246 4473 aliud
1292 4415 1511 4486 proprie
1543 4411 1897 4479 intelligatur,
1937 4420 2100 4474 quam
2152 4404 2370 4458 dilectio

2462 1954 2627 2022 (λέγω
2661 1954 2758 2022 τὴν
2797 1953 2889 2005 τοῦ
2925 1953 3064 2007 Θεοῦ
3106 1956 3200 2009 καὶ
3240 1957 3397 2023 ἡμῶν
3428 1958 3485 2008 tv
3512 1957 3769 2026 ἀλλήλοις
3813 1957 4021 2026 μονὴν),

2457 2045 2616 2097 τοῦτο
2644 2046 2739 2098 νῦν
2768 2045 2861 2099 τοῦ
2919 2047 3072 2113 ἁγίου
3123 2049 3437 2117 Πνεῦματος
3485 2044 3657 2103 εἶπεν.
3691 2049 3765 2103 Τὸ
3801 2048 4022 2117 Πνεῦμα

2458 2138 2567 2207 άρα
2600 2136 2659 2188 τὸ
2705 2137 2862 2204 ἆγιον
2918 2140 3067 2192 ἐστὶν
3105 2142 3140 2207 ἡ
3181 2140 3420 2210 Ἀγάπη,
3467 2141 3534 2211 ἢν
3577 2141 3712 2193 Θεὸν
3750 2136 3891 2193 εἶναι
3932 2144 4025 2194 καὶ

2462 2230 2526 2283 ἐκ
2572 2247 2666 2281 του
2706 2231 2840 2284 Θεοῦ
2895 2231 3139 2301 εἴρηκεν,
3191 2234 3285 2285 καὶ
3334 2230 3394 2296 ἐξ
3453 2229 3519 2295 ἦς
3560 2232 3849 2297 γεννᾶσθαι
3900 2231 4027 2295 τοὺς

2460 2322 2787 2390 ἀγαπῶντας
2834 2318 3010 2377 εἶπεν.
3049 2323 3190 2377 Αὐτὸ
3235 2324 3329 2377 οῦν
3377 2323 3439 2376 τὸ
3486 2322 3710 2391 Πνεῦμα
3757 2322 3819 2376 τὸ
3869 2324 4027 2391 ᾰγιον

2459 2414 2737 2485 δηλοῦται,
2789 2415 2915 2469 ἔνθα
2950 2416 3422 2487 ἀναγινώσκομεν,
3460 2435 3478 2467 «
3534 2418 3593 2470 Ὀ
3630 2417 3761 2478 Θεὸς
3806 2416 4025 2485 Ἀγάπη

2461 2508 2628 2560 ἐστίν.
2663 2527 2681 2558 ι

2542 2598 2600 2653 ’0
2630 2598 2762 2659 Θεὸς
2784 2600 2966 2653 τοίνυν
2987 2600 3049 2652 τὸ
3066 2599 3293 2668 Πνεῦμα
3311 2600 3369 2651 τὸ
3395 2599 3548 2667 ἅγιον
3574 2601 3632 2652 τὸ
3661 2598 4030 2667 ἐκπορευόμε-

2461 2709 2552 2745 νον
2580 2692 2643 2743 ὲκ
2670 2691 2762 2743 τοῦ
2787 2690 2946 2753 Θεοῦ,
2983 2691 3200 2743 ἐπειδάν
3227 2690 3352 2759 δοθῇ
3389 2690 3466 2759 τῷ
3490 2689 3761 2759 ἀνθρώπῳ
3789 2690 3893 2755 (ὅτι
3920 2690 4031 2757 γάρ

2460 2781 2662 2835 δίδοται
2687 2781 2779 2834 καὶ
2807 2781 3218 2845 ἀποστέλλεται,
3241 2780 3415 2841 οὐδεὶς
3438 2781 3672 2845 ἀντερεῖ,
3705 2778 3798 2829 τοῦ
3826 2778 4030 2846 Κυρίου

2463 2872 2733 2939 λέγοντος,
2800 2888 2821 2923 ι
2885 2871 3055 2924 Ὅταν
3102 2870 3233 2941 ἔλθῃ
3287 2872 3316 2923 6
3368 2869 3745 2939 Παράκλητος,
3804 2867 3864 2920 ὂν
3921 2866 4033 2932 ἐγὼ

2463 2963 2693 3033 πέμψωο
2729 2979 2753 3017 ι
2783 2962 2897 3027 καὶ,
2946 2980 2965 3014 «
3005 2960 3103 3016 Ὃν
3123 2962 3325 3030 πέμψει
3357 2963 3384 3013 6
3412 2961 3600 3030 Πατὴρ
3621 2962 3681 3012 tv
3703 2959 3782 3025 τῷ
3806 2958 4033 3027 ὀνόματί

2468 3072 2601 3126 μουο
2644 3074 2663 3107 ι
2698 3056 2857 3108 τοῦτο
2903 3054 2997 3107 οῦν
3042 3053 3266 3107 ἐπειδάν
3316 3052 3393 3120 τῷ
3423 3050 3699 3120 ἀνθρώπῳ
3746 3049 3897 3119 δοθῇ,
3960 3048 4035 3110 ὡς

2466 3149 2628 3211 αὐτὸς
2660 3150 2689 3201 6
2720 3146 3068 3201 ἀποστέλλων
3096 3142 3227 3209 οἶδε,
3258 3145 3353 3197 καὶ
3382 3144 3513 3195 αὐτὸ
3543 3142 3604 3195 τὸ
3630 3141 4037 3208 ἀποστελλόμε·

2464 3258 2554 3292 νον
2588 3240 2746 3307 ἀγιον
2783 3237 3031 3306 Πνεῦμα,
3072 3238 3209 3306 ὅπερ
3251 3235 3383 3288 ὅπου
3423 3234 3568 3287 θέλει
3622 3234 3769 3296 πνεῖ,
3805 3232 4036 3284 ἀνάπτει

2462 3337 2553 3388 τὸν
2574 3334 2858 3405 ἄνθρωπον
2888 3335 2968 3396 εἰς
2999 3332 3097 3402 τὴν
3118 3332 3214 3385 τοῦ
3239 3330 3374 3383 Θεοῦ
3404 3330 3626 3398 ἀγάπην
3652 3330 3748 3382 καὶ
3775 3326 3871 3381 τοῦ
3899 3327 4035 3395 πλη-

2466 3429 2579 3480 σίον
2604 3444 2617 3457 ·
2667 3428 2763 3479 καὶ
2799 3427 2919 3479 τότε
2952 3424 3169 3492 ἀληθῶς
3218 3426 3283 3477 ὲκ
3332 3423 3427 3474 τοῦ
3458 3421 3593 3473 Θεοῦ
3624 3422 3905 3488 γεννᾶται,
3941 3420 4037 3483 τὴν

2465 3518 2845 3588 πνευματικὴν
2883 3518 3243 3584 ἀναγέννησιν
3268 3514 3534 3584 δηλονότι,
3590 3513 3782 3565 οὐδένα
3838 3511 4034 3580 μισῶν,

2464 3613 2583 3664 οὐδὲ
2612 3610 2959 3680 λογιζόμενος
2994 3610 3052 3660 τὸ
3082 3609 3271 3661 κακόν.
3304 3608 3413 3659 Καὶ
3437 3607 3567 3659 αὐτὸ
3588 3606 3863 3675 διδόμενον
3889 3604 4037 3673 παρὰ

2465 3701 2559 3754 τοῦ
2613 3702 2931 3769 Πνεύματος
2982 3699 3174 3767 ἀγάπη
3211 3698 3358 3750 ἐστίν
3389 3713 3404 3728 ο
3446 3715 3464 3747 «
3516 3695 3581 3747 Ἦ
3613 3695 3721 3763 γάρ
3761 3696 3975 3763 ἀγάπη,
4015 3711 4037 3745 ι

2468 3795 2634 3862 φησὶν
2663 3794 2691 3845 6
2731 3791 3079 3851 ’Λπὸστολο;,
3119 3808 3140 3841 ι
3185 3780 3495 3858 ἐκκέχυται
3536 3792 3594 3839 ὲν
3645 3788 3767 3847 ταῖς
3793 3785 4040 3855 καρδίαις

2468 3888 2647 3959 ἡμῶν,
2677 3887 2764 3939 διά
2789 3886 2881 3937 τοῦ
2914 3885 3235 3952 Πνεῦματος
3262 3882 3423 3948 ἁγίου
3442 3879 3538 3932 τοῦ
3562 3878 3805 3939 δοθέντος
3829 3880 3976 3946 ημῖν.
4019 3895 4037 3927 ι

2470 3981 2581 4043 Διὸ,
2626 3978 2808 4041 καθώς
2864 3992 3030 4045 φησιν
3088 3975 3469 4041 Αὑγουστῖνος,
3511 3989 3529 4022 ι
3573 3971 3682 4022 Καὶ
3728 3969 3901 4037 δῶρον
3947 3970 4041 4020 τεῦ

2469 4073 2604 4126 Θεοῦ
2646 4072 2914 4141 ὀρθότατα
2950 4069 3193 4121 καλεῖται
3230 4068 3291 4119 τὸ
3328 4066 3553 4129 Πνεῦμα
3601 4063 3661 4115 τὸ
3703 4062 3878 4126 ἅγιον,
3912 4060 4045 4121 Θεὸς

2469 4167 2529 4218 δν
2561 4166 2657 4217 καὶ
2686 4164 2929 4234 χάρισμα
2953 4176 2968 4191 ⁶
3014 4178 3033 4212 ι
3080 4160 3108 4212 ὃ
3141 4160 3234 4212 καὶ
3267 4161 3294 4212 6
3343 4158 3518 4225 μέγας
3572 4153 3854 4214 Βασίλειός
3887 4168 4045 4218 φησι,

2473 4259 2634 4327 χάριν
2687 4256 2794 4322 γάρ
2825 4250 3157 4306 τελειοποιὸν
3196 4252 3287 4304 καὶ
3320 4250 3568 4319 χάρισμα
3604 4246 3877 4306 υἱοθεσίας
3914 4241 4050 4296 αὐτό

2472 4366 2607 4417 φησι
2660 4348 2753 4398 καὶ
2802 4344 3101 4415 ἀρραϐῶνα
3151 4342 3253 4409 τῆς
3305 4341 3607 4411 μελλούσης
3659 4334 4045 4406 κληρονομίαε.

2476 4443 2584 4495 Καὶ
2617 4438 2711 4490 τοῦ
2766 4435 2898 4489 Υἱοῦ
2948 4435 3003 4487 δὲ
3054 4434 3265 4502 δωρεάν
3297 4436 3322 4485 6
3353 4433 3498 4493 θεῖος
3532 4429 3801 4499 Κῦριλλος
3855 4422 3905 4478 εἷ
3920 4442 4009 4475 πεν
4035 4441 4046 4451 ·

779 4520 845 4571 ad
874 4516 1042 4569 Deum
1067 4514 1436 4569 adducens,ac
1462 4513 1616 4559 extra
1649 4516 1836 4572 quam,
1855 4499 2081 4569 quodvis
2109 4497 2254 4550 aliud
2275 4498 2371 4548 do-
2402 4534 2448 4591 D
2482 4553 2498 4585 ‘

2299 4498 2371 4548 l0-
2402 4534 2448 4591 D
2482 4553 2498 4585 ι
2541 4533 2607 4584 Ὃ
2658 4530 2722 4600 δὴ
2772 4530 3028 4598 δῶρον,·›
3063 4528 3091 4580 6
3124 4497 3287 4587 αὐτὸς
3342 4497 3710 4591 Αὑγουστίνος
3744 4518 3898 4586 φησὶ,
3943 4533 3960 4564 «
4002 4515 4048 4564 τί

781 4625 909 4663 unm
933 4622 995 4661 ac
1020 4603 1291 4659 charisma
1315 4599 1538 4663 dixeris,
1561 4597 1627 4652 ad
1655 4592 1823 4649 Deum
1856 4608 1963 4647 non
1991 4589 2232 4645 adducit.
2267 4606 2287 4640 ι

850 4896 1004 4964 Quod
1040 4912 1168 4951 vero
1215 4893 1449 4964 Spiritus
1497 4901 1719 4945 sanctus
1759 4886 2011 4942 Charitas
2066 4896 2120 4941 et
2162 4886 2363 4940 donum

782 5005 1096 5057 munusque
1152 4986 1477 5056 appelletur,
1516 4984 1714 5035 multas
1752 4998 1813 5034 ex
1881 4980 2164 5050 Scriptura
2207 4978 2363 5031 adert

780 5093 1156 5145 auctoritates,
1193 5096 1257 5135 ac
1287 5079 1501 5132 tandem
1532 5076 1609 5130 sic
1642 5076 1710 5129 ad
1743 5073 1964 5128 verbum
1992 5072 2177 5126 addit:
2212 5069 2367 5123 «Val-

780 5181 847 5232 de
875 5179 1095 5246 longum
1128 5188 1319 5227 omnes
1368 5184 1670 5224 recensere.
1709 5167 1975 5221 l'rzctcrea
2028 5179 2173 5229 vero,
2217 5162 2367 5232 quid-

783 5286 907 5324 nam
939 5272 1105 5323 etiam
1142 5268 1207 5320 iis
1243 5264 1409 5334 pussit
1443 5264 1712 5325 sullicere,
1745 5261 1945 5330 quibus
1974 5273 2035 5312 ea
2075 5273 2195 5327 ουλε
2226 5257 2367 5310 dixi-

844 5379 907 5417 us
939 5376 1045 5415 non
1101 5356 1417 5413 subiciant?
1456 5376 1474 5406 ι
1516 5353 1646 5409 lliud
1704 5357 1985 5408 enimvero
2034 5350 2089 5404 lii
2142 5348 2364 5403 docendi

788 5465 930 5522 τειιιι,
958 5466 1017 5509 ιιι
1044 5453 1220 5524 siquid
1246 5468 1310 5505 -m
1347 5452 1439 5504 Dei
1470 5451 1672 5503 donum
1700 5450 1809 5519 jam
1844 5447 2050 5501 dictum
2102 5444 2364 5515 Spiritum

782 5564 1034 5605 sanctum
1076 5547 1404 5616 intelligunt,
1438 5560 1561 5597 cum
1592 5542 1815 5596 audient
1886 5539 2157 5610 «Spiritus
2191 5536 2367 5594 sancti

2477 4624 2599 4677 ποθ’
2624 4623 2815 4692 ἕτερον
2848 4619 3055 4690 κυρίως
3088 4619 3307 4685 νοητέον
3339 4616 3385 4665 εἰ
3420 4615 3495 4683 μὴ
3525 4614 3623 4680 τὴν
3668 4611 3917 4677 Ἀγάπην
3953 4606 4049 4674 τὴν

2477 4716 2615 4785 πρὸς
2667 4714 2801 4767 Θεὸν
2834 4711 3251 4783 προσάγουσαν,
3304 4709 3402 4760 καὶ
3434 4702 3503 4778 ἦς
3534 4706 3703 4774 χωρὶς
3739 4704 3846 4753 πᾶν
3872 4700 4050 4752 ὁτιοῦν

2474 4806 2613 4860 Θεοῦ
2645 4804 2895 4875 χάρισμα
2924 4802 2985 4855 οῦ
3020 4800 3287 4869 προσάγει
3325 4798 3460 4867 πρὸς
3496 4798 3586 4848 τὸν
3614 4794 3778 4859 Θεόνς
3817 4814 3836 4842 ο

2550 4896 2685 4965 Περὶ
2715 4893 2771 4946 δὲ
2814 4892 2909 4945 τοῦ
2933 4933 2947 4957 ,
2977 4891 3062 4944 ὅτι
3094 4890 3281 4957 ἀγάπη
3319 4890 3411 4941 καὶ
3441 4886 3616 4954 δῶρον
3660 4887 3752 4937 καὶ
3780 4881 3959 4951 δωρεά
3992 4880 4051 4931 τὸ

2475 4986 2703 5055 Πνεῦμα
2734 4986 2795 5038 τὸ
2825 4983 2980 5052 ἅγιον
3013 4982 3288 5046 καλεῖται,
3321 4980 3523 5041 πολλάς
3556 4978 3740 5046 τίθησι
3775 4978 3923 5042 παρὰ
3952 4974 4048 5040 τῆς

2470 5077 2698 5148 Γραφῆς
2722 5076 3050 5145 μαρτυρίας,
3086 5074 3182 5125 καὶ
3214 5073 3363 5133 τέλος
3403 5068 3581 5140 ῥητῶς
3609 5067 3780 5129 οὕτως
3813 5066 4008 5131 ἐπάγει
4037 5080 4049 5093 ·

2481 5191 2499 5223 «
2556 5172 2770 5239 Σφόδρα
2825 5169 3034 5239 μακρὸν
3060 5165 3424 5233 ἀναλέγεσθαι
3463 5162 3666 5222 πάσας.
3731 5161 3840 5209 Καὶ
3879 5155 4054 5237 άλλως

2473 5264 2528 5316 δὲ
2574 5231 2628 5316 τί
2681 5231 3303 5329 ποτ’νᾶν-ἀποχρὴσειε
3348 5257 3461 5317 τοῖς
3520 5255 3664 5322 άπερ
3712 5231 3923 5319 ἔφημεν
3980 5248 4054 5316 μὴ

2474 5356 2838 5425 άποχρῶντα;
2882 5372 2900 5403 ι
2935 5350 3107 5404 Τοῦτὸ
3143 5367 3208 5418 γε
3251 5349 3358 5419 μὴν
3397 5347 3504 5418 χρὴ
3553 5346 3778 5405 τούιους
3821 5339 4052 5403 διδάξαι,

2474 5448 2549 5511 ὡς
2583 5448 2742 5502 ὁπότε
2777 5446 2953 5517 δῶρον
2983 5442 3119 5498 Θεοῦ
3173 5442 3278 5512 ἤδη
3340 5440 3645 5509 συνορῶσιν
3700 5433 3953 5505 εἰρῆσθαι
3996 5433 4056 5482 τὸ

2480 5542 2706 5610 Πνεῦμα
2734 5543 2792 5591 τὸ
2824 5538 3001 5607 ᾰγιον,
3032 5534 3253 5590 ἐπειδὰν
3287 5533 3529 5587 ἀκούωσι
3558 5530 3731 5601 δῶρον
3763 5526 3858 5581 τοῦ
3894 5526 4052 5591 ἀξίου

849 5756 894 5789 ⁸⁸
936 5752 1113 5809 lloan
1169 5756 1311 5823 t\',7.
1387 5754 1431 5786 ³⁸
1463 5755 1591 5811 ibid.
1621 5755 1705 5809 l9.
1782 5754 1827 5785 ⁸ο
1859 5754 1989 5808 ibid.
2021 5753 2103 5808 l3.
2182 5753 2222 5784 δ’
2248 5751 2404 5808 Joan.
2440 5767 2531 5817 xv,
2566 5748 2598 5802 Ξ

2303 5768 2404 5808 ian.
2440 5767 2531 5817 xv,
2566 5748 2656 5804 S6.
2733 5750 2778 5781 δ’
2802 5747 2958 5803 Joan.
2984 5760 3094 5811 xiv,
3128 5743 3222 5799 9.6.
3297 5743 3342 5775 ⁸³
3367 5740 3523 5797 Joan.
3569 5754 3646 5804 tu,
3679 5738 3733 5791 5.
3809 5738 3851 5769 δ”
3877 5735 3895 5789 l
3925 5733 4052 5789 Cor.

780 5844 901 5893 xm,
934 5828 991 5886 5.
1067 5827 1110 5857 "
1154 5826 1309 5881 ltum.
1343 5841 1396 5892 v,
1422 5826 1474 5879 ὖ.
