4428 6444
748 400 857 461 559

2026 411 2421 470 AlANUiCLlS
2445 416 2745 474 CALECE

3884 391 3987 491 sa

750 527 976 581 tumque
1001 526 1340 582 nuncupatur
1370 532 1380 566 :
1417 515 1664 582 quodque
1724 516 1945 568 titiliter
1971 535 2031 569 :ti:
2091 520 2315 577 fortiter,
2351 524 2390 577 Α
2424 524 2479 571 τὸ

2240 537 2315 577 er,
2351 524 2390 577 Α
2424 524 2479 571 τ’)
2505 524 2768 592 ἀνδρείως
2800 525 2985 594 ἀνδρία
3008 543 3019 554 ·
3060 530 3151 580 καὶ
3190 532 3310 584 καθ’
3337 535 3459 586 ὅλου
3518 536 3577 589 τὸ
3635 538 3753 589 κατ’
3787 544 3986 609 ἀρετὴν

2611 585 2617 592 .
2900 585 2911 594 ι
3387 585 3452 586 νίί
3529 585 3572 589 "
3637 585 3731 589 ""‘
3789 585 3837 609 *δ

750 602 934 655 l'urtitn
960 606 1007 656 lo
1053 620 1152 657 :ac
1184 607 1498 665 ttniversitn,
1534 608 1726 670 virtus,
1777 622 1895 675 qua!
1932 608 2154 661 honeste
2179 612 2313 660 linnt

746 710 921 760 exque
956 693 1170 745 virtutis
1211 695 1439 746 ratione.
1468 694 1775 748 Secundum
1813 695 1955 748 hunc
1992 698 2171 761 ἰιάεμη
2201 716 2309 749 mo-

746 788 897 844 dnm,
929 789 1092 837 etiam
1138 786 1278 851 quod
1335 786 1611 850 sapienter
1661 785 1996 853 intelligitur,
2048 789 2306 851 sapit-tilia

745 878 1025 944 cujusdam
1064 886 1419 943 nuncupatur.
1486 876 1886 944 llincqueadeo
1947 876 2234 943 Apostolus
2297 895 2310 928 :

752 968 1058 1020 «Christum
1095 966 1183 1018 Dei
1210 968 1573 1034 Sapientiam.
1610 968 1931 1033 appellat‘”,
1971 965 2302 1034 Sapientiam

748 1073 927 1127 itaque
958 1061 1009 1111 in
1040 1057 1145 1110 l)eo
1178 1059 1422 1109 dicamus
1447 1072 1661 1110 necesse
1682 1067 1785 1121 est,
1843 1066 2111 1124 quatenus
2165 1059 2308 1123 seip-

749 1164 866 1199 smn
900 1146 1202 1214 cognoscit,
1236 1146 1327 1197 sed
1363 1161 1457 1211 per
1489 1160 1641 1197 suum
1680 1146 1939 1197 duntaxat
1971 1146 2264 1197 essmttiatn
2293 1162 2303 1194 :

752 1238 926 1291 «Deus
971 1239 1138 1298 enim,
1174 1237 1367 1304 inquit,
1402 1237 1512 1302 ipse
1537 1237 1745 1300 seipum
1777 1249 1837 1287 ex
1876 1237 2029 1286 beata
2062 1250 2157 1286 sua
2220 1250 2306 1287 es-

745 1331 917 1383 sentia
952 1328 1284 1393 cognost‘itp
1316 1328 1403 1378 ltei
1431 1325 1761 1392 Sapientiam
1792 1326 2028 1377 habitum
2061 1325 2305 1377 esseitn-

747 1421 1001 1487 possibile
1035 1426 1114 1471 est
1146 1436 1159 1481 ;
1193 1422 1282 1470 sed
1317 1428 1398 1469 est
1422 1418 1542 1483 ejus
1573 1416 1826 1469 essentia.
1852 1416 2036 1482 Neque
2054 1416 2194 1467 enim
2218 1430 2307 1468 res

748 1511 966 1577 patitur,
998 1508 1200 1576 aliquid
1238 1524 1343 1560 non
1373 1522 1496 1559 vere
1543 1507 1831 1569 exsistens,
1885 1514 1977 1557 aut
2052 1506 2305 1559 accidens

748 1604 799 1654 in
833 1602 940 1653 Deo
965 1600 1092 1653 dici.
1128 1599 1305 1665 Ipsum
1333 1612 1490 1662 porro
1511 1598 1562 1648 in
1584 1599 1688 1649 Deo
1710 1605 2027 1662 conceptum
2066 1594 2262 1663 Sapien
2285 1624 2308 1633 -

747 1696 832 1747 tia:
865 1692 1121 1752 Verbum,
1160 1690 1278 1757 ejus
1307 1689 1397 1755 qui
1430 1687 1682 1755 intelligit
1748 1685 2039 1754 Sapientia
2083 1683 2312 1770 manife-

750 1785 913 1837 statio
947 1781 1161 1836 exsistit
1185 1819 1199 1842 ,
1228 1781 1304 1832 uti
1341 1795 1397 1834 se
1427 1793 1511 1832 res
1542 1778 1701 1831 habet
1727 1778 1777 1829 in
1802 1778 1980 1838 nobis,
2012 1777 2151 1844 apud
2174 1791 2310 1841 quos

744 1878 958 1929 habitus
997 1886 1185 1924 omnes
1241 1868 1653 1923 manifestantnr
1702 1885 1797 1936 per
1854 1878 2022 1921 actus.
2081 1867 2310 1920 Necesse

738 1969 880 2020 enim
908 1976 988 2018 est
1023 1973 1080 2017 ut
1107 1963 1253 2015 velut
1277 1976 1369 2027 per
1393 1963 1623 2013 obscura
1655 1962 1899 2027 qmedam
1931 1960 2200 2027 exempla,
2244 1975 2308 2013 ex

741 2058 994 2113 humanis
1021 2056 1184 2107 rebus
1217 2053 1280 2105 ad
1317 2053 1482 2104 Deum
1530 2052 1917 2104 subvehantur.

805 2148 944 2213 Quia
1005 2142 1479 2214 igitur-sapientia
1520 2142 1687 2193 etiam
1742 2139 1829 2191 lux
1876 2137 2205 2206 appellatur,
2256 2138 2306 2189 in

738 2248 997 2309 quantum
1028 2237 1079 2289 in
1113 2236 1255 2288 clara
1295 2232 1539 2287 scientia:
1568 2231 1882 2298 operatione
1917 2238 2152 2295 actuque
2183 2244 2310 2282 con-

738 2331 923 2395 sistit;
963 2320 1099 2383 lucis
1132 2340 1261 2379 vero
1295 2323 1691 2386 manifestatio,
1742 2322 1863 2389 ejus
1900 2320 2156 2389 splendor
2201 2327 2306 2381 est,

737 2436 790 2479 et
820 2442 885 2479 ex
910 2424 996 2478 illa
1028 2419 1289 2491 procedit,
1324 2417 1487 2471 etiam
1520 2416 1720 2470 divina:
1750 2414 2027 2484 sapientia:
2070 2413 2304 2467 Verbum

740 2516 1132 2579 cout'enicnler
1180 2511 1318 2564 lucis
1370 2508 1623 2577 Splendor
1679 2507 1991 2561 nominatur
2047 2506 2308 2574 quemad-

740 2608 962 2663 modum
1016 2604 1311 2672 Apostolus
1358 2602 1424 2656 de
1475 2599 1612 2654 l-‘ilio
1663 2600 1795 2653 dicit
1830 2617 1842 2651 :
1883 2615 1902 2649 ι
1944 2596 2045 2662 Qui
2079 2612 2201 2650 cum
2238 2596 2307 2650 sit

735 2698 994 2769 splendor
1060 2695 1243 2764 gloria:
1273 2694 1338 2745 “.
1385 2712 1400 2741 ι
1471 2690 1624 2745 Unde
1673 2690 1838 2743 etiam
1892 2686 2083 2751 Filius,
2132 2685 2307 2739 Patris

733 2788 1225 2845 manifestatioaiem
1280 2784 1381 2838 sibi
1437 2784 1551 2852 ipse
1600 2781 1789 2836 tribuit
1827 2780 2012 2832 dicens
2065 2796 2079 2831 :
2143 2795 2159 2828 ι
2202 2775 2305 2830 Pa-

731 2895 833 2947 ter,
873 2879 1213 2935 manifestavi
1249 2892 1445 2932 nomen
1476 2886 1626 2930 tuum
1660 2872 1975 2928 hominibus
2014 2870 2079 2923 “.
2119 2889 2137 2922 ι
2175 2872 2307 2935 Quae

730 2974 896 3028 etiam
939 2974 989 3025 in
1024 2978 1334 3025 creaturam
1375 2970 1515 3023 dona
1560 2977 1691 3021 sunt
1721 2981 1783 3019 ac
1822 2964 2032 3022 elfecta.
2068 2961 2307 3015 inveniet

727 3068 853 3135 quis
896 3065 1033 3119 Filio
1085 3079 1147 3116 ac
1198 3061 1422 3131 Spiritui
1470 3068 1660 3113 sancto
1713 3076 1739 3111 τι
1786 3057 1969 3111 divina
2022 3055 2303 3122 Scriptura

728 3158 1005 3223 adscribi;
1055 3154 1211 3208 alteri
1257 3151 1499 3220 quidem,
1539 3165 1601 3203 ea
1655 3150 1865 3203 ratione
1909 3163 2014 3217 qua
2064 3144 2298 3199 Verbum
2330 3165 2373 3221 ο

723 3262 810 3308 est
834 3270 848 3317 ;
876 3250 1053 3317 alteri,
1076 3263 1181 3316 qua
1214 3244 1441 3300 Dilectio
1482 3253 1534 3298 et
1564 3242 1815 3297 Charitas
1840 3240 2077 3297 exsistit.

801 3344 917 3394 Huc
966 3341 1246 3395 euin‘tvero
1288 3334 1636 3389 manifestum
1684 3344 1789 3395 est,
1842 3349 1938 3402 per
1976 3349 2039 3388 ea
2076 3351 2297 3391 munera

725 3450 848 3503 qua:
884 3431 1200 3487 hominibus
1223 3445 1252 3482 a
1287 3428 1394 3481 Deo
1424 3427 1760 3489 tribuuntur,
1780 3425 1881 3479 hoc
1912 3441 2011 3480 nos
2033 3429 2297 3491 nancisci,

728 3536 789 3579 ut
830 3523 1245 3579 similitudinem
1287 3534 1411 3572 cum
1455 3533 1519 3571 eo
1557 3517 1824 3570 ineamus.
1860 3516 1971 3569 Illis
2001 3519 2146 3570 enim
2181 3534 2301 3586 per-

726 3618 873 3679 l'ecti,
901 3616 969 3671 ad
1010 3616 1204 3677 Deum,
1242 3614 1335 3677 qui
1365 3609 1795 3678 perfectissimus
1821 3618 1925 3672 est,
1966 3610 2295 3666 accedimus.

724 3710 855 3772 Quae
891 3707 1053 3775 igitur
1083 3703 1368 3773 sapientiae
1397 3701 1669 3754 exsistunt
1698 3710 1749 3752 et
1778 3715 1900 3769 qua:
1941 3702 2202 3763 veritatis,
2237 3716 2301 3754 ac

723 3798 1071 3868 potissimum
1108 3807 1468 3864 quarcnmque
1495 3791 1615 3846 lidei
1653 3790 1860 3844 luerent
1891 3790 2217 3847 documenta
2248 3802 2302 3847 et

721 3887 1237 3958 contemplationes,
1263 3884 1683 3967 convenientius
1714 3883 1835 3953 quis
1856 3883 1908 3937 in
1946 3881 2036 3937 Dei
2068 3883 2298 3940 Verbum

721 3985 952 4053 ejusque
988 3979 1323 4047 Sapientiam
1361 3976 1577 4031 referat.
1606 3975 1810 4030 Omnes
1834 3976 1979 4030 enim
2013 3978 2298 4031 hominum

722 4088 1005 4132 sermones
1040 4072 1413 4137 rationesque,
1438 4069 1723 4138 sapientiae
1761 4069 1891 4121 item
1925 4083 1988 4122 ac
2020 4070 2297 4133 veritates,

723 4166 881 4237 primi
930 4164 1079 4217 illius
1129 4161 1401 4215 sermonis
1432 4175 1496 4213 ac
1527 4159 1757 4212 rationis
1808 4159 2080 4228 Verbique
2108 4170 2160 4213 et
2198 4160 2301 4213 Sa-

720 4255 941 4325 pientiae
980 4252 1244 4322 imagines
1282 4258 1431 4311 sunt,
1467 4249 1685 4316 ﬁxaque
1737 4247 1792 4301 in
1826 4248 1934 4302 Deo
1966 4248 2168 4302 habent
2201 4265 2299 4303 sua

717 4345 1070 4414 exemplaria.
1123 4343 1273 4397 Unde
1324 4342 1489 4395 etiam
1542 4340 1821 4408 Scriptura
1863 4356 2044 4393 rerum
2093 4340 2297 4396 forma-

719 4442 924 4493 tionem
961 4452 1025 4490 ac
1056 4434 1463 4489 distinctionem
1492 4431 1587 4486 Dei
1625 4431 1799 4485 Verbo
1836 4433 2046 4495 tribuit,
2070 4435 2300 4489 dicendo

2423 615 2610 682 ἀρετή.
2650 618 2805 670 Κατὰ
2834 621 3020 672 τοῦτον
3054 624 3229 674 τοίνυν
3257 626 3345 676 τὸν
3373 628 3568 693 τρόπον
3594 632 3683 679 καὶ
3718 632 3774 680 τῗι
3807 636 3984 697 σοφῶς

2425 704 2710 771 νοούμενον
2746 714 2902 773 σοφία
2931 711 3073 773 τινὸς
3106 715 3343 778 λέγεται.
3380 716 3541 767 Ὀθεν
3571 720 3599 769 6
3669 720 3986 783 ’Λπόστολος

2427 811 2443 840 ο
2486 795 2575 844 τον
2612 796 2844 861 Χριστὸν
2874 798 3006 851 Θεοῦ
3040 803 3237 869 Σοφίαν
3294 808 3569 874 ὀνομάζει.
3614 829 3630 859 ι
3674 812 3871 875 Σοφίαν
3889 815 3986 875 μὲν

2420 879 2513 933 οὖν
2542 886 2633 935 ἐπὶ
2656 886 2790 937 Θεοῦ
2818 888 3076 953 λέγεσθαι
3111 895 3340 960 ἀνάγκη,
3400 898 3532 948 καθὸ
3584 901 3776 951 ἑαυτὸν
3827 904 3986 965 γινώ-

2422 989 2539 1024 σκει
2568 991 2579 1003 ·
2616 974 2732 1024 ἀὶλ⁹
2771 978 2892 1028 ἐπεὶ
2931 980 3120 1030 ἑαυτὸν
3149 982 3208 1031 οὐ
3237 982 3304 1033 δι’
3345 985 3533 1053 ἑτέρου
3592 988 3766 1038 εἴδους
3828 990 3986 1054 γνὼ-

2419 1078 2560 1121 σκει.
2612 1064 2745 1116 ἀλλὰ
2768 1065 2856 1117 διὰ
2903 1067 3071 1134 μόνης
3120 1070 3219 1136 τῆς
3267 1072 3461 1124 ἑαυτοῦ
3485 1076 3694 1135 οὐσίας.
3729 1079 3829 1129 «⁸0
3879 1084 3985 1146 γὰρ

2419 1150 2570 1212 Θεὸς,
2607 1170 2625 1200 ι
2663 1153 2844 1218 φησὶν,
2895 1172 2911 1203 ι
2948 1157 3110 1217 αὐτὸς
3136 1157 3327 1209 ἐαυτὲν
3362 1161 3621 1226 γινώσκει
3662 1168 3723 1215 ἐκ
3752 1166 3850 1234 τῆς
3886 1186 3987 1234 μα-

2421 1242 2619 1309 καρίας
2649 1246 2834 1305 οὐσίας
2865 1247 3031 1298 αὐτοῦ
3062 1265 3075 1277 ·
3112 1267 3129 1298 ι
3162 1250 3260 1316 τὴν
3291 1251 3384 1302 τοῦ
3416 1253 3550 1304 θεοῦ
3616 1254 3817 1318 Σοφίαν
3869 1257 3986 1319 ἕξιν

2424 1328 2563 1383 εἶναι
2598 1334 2889 1386 ἀδύνατονο
2924 1336 3039 1388 ἀλλ’
3072 1338 3220 1389 ἔστιν
3248 1342 3279 1408 ή
3311 1342 3467 1393 οὐσία
3496 1344 3678 1396 αὐτοῦ.
3721 1344 3853 1396 Οὐδὲ
3878 1349 3985 1411 γὰρ

2418 1423 2789 1476 ἀνυπόστατόν
2828 1441 2880 1475 τι
2917 1426 2947 1492 ἢ
3001 1428 3348 1497 συμϐεϐηκὸς
3414 1432 3684 1501 ἐνδέχεται
3716 1436 3894 1500 λέγειν
3928 1443 3986 1489 ἐν

2417 1511 2586 1579 αὐτῷ.
2620 1513 2790 1575 Αὐτὸς
2819 1514 2894 1577 δὲ,
2921 1518 2949 1567 6
2977 1520 3072 1586 τῆς
3106 1519 3303 1586 Σοφίας
3332 1521 3502 1587 Λόγος
3526 1526 3583 1574 ὲν
3613 1526 3688 1593 τῷ
3713 1528 3833 1595 θεῷ
3858 1530 3978 1580 συὶ-

2417 1602 2643 1668 ).ηφοεὶς
2676 1606 2980 1673 φανέρωσις
3036 1610 3117 1670 τίς
3154 1612 3268 1663 ἐστι
3322 1619 3419 1684 τῆς
3461 1620 3553 1671 τοῦ
3590 1623 3834 1682 νοοῦντος
3884 1624 3982 1673 Σο-

2417 1692 2542 1756 φίας
2572 1708 2585 1723 ο
2616 1692 2805 1761 ὥσπερ
2836 1698 2927 1746 καὶ
2962 1699 3016 1748 αί
3043 1700 3097 1749 ἐν
3132 1701 3261 1769 ἡμῖν
3313 1709 3485 1758 πᾶσαι
3540 1707 3684 1773 ἕξεις
3740 1712 3827 1761 διὰ
3874 1713 3982 1762 τῶν

2418 1781 2712 1849 ἐνεργειῶν
2738 1784 3119 1853 φανεροῦνται.
3145 1791 3235 1840 Δεῖ
3260 1792 3370 1861 γὰρ
3411 1795 3517 1846 ἀπὸ
3543 1798 3650 1847 τῶν
3681 1798 3801 1849 καθ’
3836 1799 3981 1864 ἠμῖς

2418 1874 2793 1941 πραγμάτων,
2824 1874 2898 1937 ὡς
2927 1874 2993 1928 δι’
3023 1877 3436 1950 ὑποδειγμάτων
3459 1887 3735 1956 ἀμυδρῶν,
3771 1888 3864 1939 ἐπὶ
3889 1888 3979 1940 τὸν

2412 1963 2541 2013 θεὸν
2570 1965 2670 2017 ἀνά
2685 1965 2887 2029 [εσθαι.

2492 2138 2646 2191 Ἐπεὶ
2682 2134 2775 2191 οὖν
2806 2140 2899 2193 καὶ
2954 2142 3069 2209 φῶς
3100 2143 3314 2211 λέγεται
3354 2147 3382 2216 ἡ
3434 2147 3625 2216 Σοφία,
3665 2151 3896 2205 καθόσον
3923 2156 3981 2207 ὲν

2410 2229 2629 2298 καθαρᾷ
2654 2229 2904 2297 γνώσεως
2933 2235 3185 2305 ἐνεργείᾳ
3216 2239 3530 2291 συνίσταται
3557 2257 3570 2270 ⁸
3607 2244 3639 2312 ἡ
3671 2243 3725 2295 δὲ
3750 2246 3842 2297 τοῦ
3868 2265 3984 2314 φω-

2407 2320 2497 2381 τὸς
2531 2322 2836 2390 φανέρωσις
2869 2324 3210 2391 ἀπαύγασμά
3235 2330 3381 2380 ἐστιν
3413 2331 3577 2383 αὐτοῦ
3610 2334 3705 2386 καὶ
3734 2335 3789 2399 ἐξ
3809 2337 3975 2389 αὑτοῦ

2411 2412 2649 2479 πρόεισι,
2673 2415 2765 2465 καὶ
2786 2416 2813 2467 6
2834 2414 2930 2481 τῆς
2961 2415 3111 2479 θείας
3139 2418 3340 2486 Σοφίας
3371 2423 3540 2489 Λόγος
3563 2426 3781 2487 οἰκείως
3804 2428 3981 2480 ἀπαύ-

2408 2517 2601 2570 γασμα
2635 2504 2812 2569 φωτὸς
2843 2505 3190 2576 ὀνομάζεται,
3219 2511 3399 2574 καθὼς
3425 2516 3453 2565 6
3496 2516 3817 2580 ’Λπὸστολος
3853 2524 3979 2590 περὶ

2406 2592 2500 2646 τοῦ
2527 2594 2658 2647 Ποῦ
2712 2613 2899 2664 φησιν,
2943 2616 2962 2650 ι
3000 2601 3096 2662 Ὃς
3148 2600 3224 2652 ὣν
3245 2603 3586 2672 ἀπαύγασμα
3612 2608 3709 2677 τῆς
3742 2609 3918 2679 δόξης.
3955 2631 3973 2661 ι

2409 2686 2572 2737 Ὅθεν
2607 2687 2700 2738 καὶ
2725 2686 2753 2736 6
2796 2687 2921 2751 Υἱὸς
2952 2688 3044 2742 τοῦ
3083 2692 3292 2761 [ἰατρὸς
3323 2694 3424 2761 τὴν
3451 2696 3763 2766 φανέρωσιν
3798 2703 3977 2773 ἑαυτῴ

2407 2776 2724 2846 ἐπιγράφει,
2762 2777 2952 2845 λέγων,
2986 2800 3003 2830 ι
3038 2782 3237 2852 Πάτερ,
3262 2786 3579 2855 ὲφανέρωσὰ
3616 2806 3709 2840 σου
3733 2791 3790 2843 τὸ
3810 2793 3979 2861 ὄνομα

2406 2868 2520 2929 τοῖς
2571 2867 2903 2937 ἀνθρώποις.
2935 2886 2951 2919 ι
2994 2871 3104 2922 Καὶ
3134 2874 3199 2923 τὰ
3225 2875 3361 2944 πρὸς
3389 2877 3489 2948 τὴν
3528 2880 3706 2932 κτίσιν
3735 2881 3790 2934 δὲ
3831 2886 3978 2950 γινό-

2410 2975 2548 3028 μενα
2578 2959 2892 3031 χαρίσματα
2920 2961 3013 3013 καὶ
3042 2963 3465 3033 ἀποτελέσματα
3489 2971 3712 3039 εὑρήσει
3735 2990 3817 3037 τις
3849 2976 3981 3028 ἀνα-

2408 3051 2665 3119 τιθέμενα
2725 3052 2873 3120 παρά
2908 3054 3003 3117 τῆς
3036 3052 3256 3122 Γραφῆς
3305 3058 3381 3127 τῷ
3442 3059 3554 3129 Tit?)
3605 3064 3698 3115 καὶ
3727 3066 3806 3134 τῷ
3840 3067 3978 3136 ἁγίῳ

2408 3142 2683 3211 Πνεύματι
2705 3158 2716 3170 ·
2755 3144 2832 3209 τῷ
2864 3144 2961 3211 μὲν
2994 3145 3067 3206 ὠς
3090 3147 3273 3216 Λόγῳ,
3298 3149 3375 3219 τῷ
3406 3150 3461 3202 δὲ
3486 3151 3559 3214 ὼ,
3598 3154 3834 3228 ’Λγάπῃ.

2479 3318 2651 3373 Τοῦτο
2684 3320 2781 3388 μὲν
2815 3321 2923 3391 γάρ
2956 3323 3137 3391 δῆλον,
3162 3326 3245 3377 ὅτι
3277 3326 3363 3379 διὰ
3382 3329 3495 3382 τῶν
3523 3333 3673 3399 παρά
3697 3331 3831 3386 Θεοῦ
3864 3336 3978 3398 τοῖς

2407 3412 2718 3483 ἀνθρώποις
2744 3413 3043 3490 διδομένων,
3063 3419 3299 3488 χαρίτων
3323 3422 3352 3489 ἡ
3385 3422 3523 3490 πρὸς
3544 3426 3750 3479 ἐκεῖνον
3780 3428 3980 3496 ὁμοίω-

2412 3528 2495 3573 σις
2526 3514 2659 3580 ἡμῖν
2695 3514 3057 3580 περιγίνεται.
3082 3515 3322 3580 Ταύταις
3348 3521 3453 3588 γάρ
3483 3520 3870 3590 τελειούμενοι,
3902 3525 3982 3595 τῷ

2407 3604 2733 3673 τελειοτάτῳ
2774 3605 2893 3672 Θεῷ
2922 3609 3376 3678 προσχωροῦμεν.
3403 3611 3482 3663 Τά
3519 3614 3616 3680 μὲν
3639 3610 3732 3667 οὖν
3758 3616 3856 3684 τῆς
3894 3634 3982 3668 σο-

2410 3693 2538 3758 φίας
2567 3693 2659 3745 καὶ
2690 3694 2968 3763 ἀληθείας,
2996 3697 3090 3749 καὶ
3117 3698 3355 3766 μάλιστα
3383 3701 3483 3754 ὅσα
3504 3702 3830 3771 Θεογνωσίας
3864 3707 3982 3777 ἔχε-

2407 3801 2498 3837 ται
2521 3785 2876 3855 θεωρήματα,
2902 3790 3233 3858 οἰκειότερον
3262 3791 3329 3843 άν
3358 3810 3438 3854 τις
3475 3795 3567 3845 ἐπὶ
3599 3796 3690 3849 τὸν
3723 3798 3817 3849 τοῦ
3844 3800 3980 3853 Θεοῦ

2409 3877 2582 3946 Λόγον
2618 3881 2713 3931 καὶ
2742 3881 2842 3949 τὴν
2874 3881 3037 3935 αὑτοῦ
3062 3884 3265 3952 Σοφίαν
3301 3886 3514 3953 ἀνάγοι.
3548 3888 3654 3941 Τοῦ
3689 3890 3796 3959 γὰρ
3827 3894 3981 3959 πρῶ-

2408 3986 2501 4022 του
2536 3970 2712 4038 Λόγου
2735 3973 2829 4025 καὶ
2850 3973 2948 4043 τῆς
2974 3976 3088 4027 ἐκεῖ
3118 3976 3316 4045 Σοφίας
3346 3980 3547 4043 πάντες
3572 3982 3620 4033 οί
3641 3981 3749 4036 τῶν
3771 3982 3981 4054 ἀνθρὼ-

2409 4080 2527 4116 πων
2554 4064 2721 4131 λόγοι,
2750 4066 2933 4133 σοφίαι
2965 4083 3023 4120 τε
3056 4070 3149 4119 καὶ
3188 4068 3461 4139 ἀλήθειαι,
3498 4072 3708 4138 εἰκόνες
3735 4077 3862 4138 εἰσὶ,
3891 4081 3983 4131 καὶ

2410 4155 2528 4206 ἐκεῖ
2560 4154 2767 4206 τούτων
2795 4156 3005 4226 ἵδρυται
3028 4159 3088 4210 τὸ
3110 4160 3477 4229 παράδειγμα.
3511 4164 3602 4215 Διδ
3619 4166 3767 4234 καὶὴ
3794 4166 3983 4236 Γραφῇ

2409 4246 2509 4315 τὴν
2541 4246 2872 4316 είδοποίησιν
2924 4248 3030 4299 τῶν
3059 4248 3229 4301 ὄντων
3256 4251 3333 4319 τῷ
3366 4251 3463 4304 τοῦ
3496 4254 3629 4306 Θεοῦ
3661 4256 3816 4325 Λόγῳ
3850 4260 3983 4309 ἀνα-

2408 4336 2611 4407 τίθησι,
2651 4341 2826 4391 πάντα
2861 4339 2929 4391 δι’
2959 4341 3127 4393 αὐτοῦ
3159 4342 3391 4409 λέγουσα
3433 4346 3611 4412 σοφῶς
3641 4347 3977 4418 δημιουργη-

2412 4430 2591 4497 θῆναι.
2630 4429 2801 4481 Τοῦτο
2832 4430 2886 4481 δέ
2909 4432 3078 4493 ἐστιν,
3110 4432 3207 4501 οὐχ
3228 4434 3307 4484 ὅτι
3335 4435 3408 4504 μὴ
3448 4452 3466 4485 ι
3493 4436 3603 4487 Πᾶν
3637 4437 3867 4506 δώρημα
3900 4441 3985 4491 τέ-

716 4537 913 4582 cuncta
949 4540 1043 4593 per
1075 4525 1248 4592 ipsum
1282 4521 1555 4589 sapienter
1585 4520 1801 4574 condita
1839 4535 1963 4575 esse
1991 4524 2055 4575 ".
2083 4522 2139 4577 ld
2174 4540 2300 4577 vero
2335 4516 2378 4571 Ι)
2407 4519 2463 4571 λε

2233 4540 2300 4577 τυ
2335 4516 2378 4571 Ι)
2407 4519 2549 4572 λειον
2599 4521 2803 4574 ἀνωθέν
2857 4524 2995 4583 ἐστι,
3029 4523 3360 4576 καταϐαῖνον
3409 4527 3472 4577 ὲκ
3504 4526 3598 4578 τοῦ
3632 4528 3839 4596 Πατρὶς
3877 4530 3982 4580 τῶν

717 4629 821 4679 est,
858 4635 964 4671 nun
1000 4616 1127 4684 quin
1163 4632 1180 4664 ι
1210 4613 1383 4667 Omne
1407 4615 1608 4668 donum
1639 4612 1937 4682 perfectum
1971 4614 2033 4668 de
2052 4617 2304 4684 supernis

718 4709 1171 4772 sit,desCendens
1213 4720 1243 4757 a
1268 4703 1426 4757 Patre
1465 4704 1734 4757 luminum
1757 4705 1803 4735 “
1830 4722 1846 4755 ι
1890 4706 2118 4774 (omnia,
2156 4708 2299 4761 enim

718 4802 862 4855 illius
901 4814 994 4869 per
1031 4796 1265 4850 Verbum
1296 4805 1349 4849 et
1389 4796 1441 4848 in
1484 4796 1685 4863 Spiritu
1720 4796 1892 4863 sunt),
1928 4798 2019 4850 sed
2047 4802 2188 4866 quod
2220 4799 2303 4852 di-

717 4906 869 4946 versa
912 4869 1180 4944 donorum
1209 4902 1431 4955 genera,
1463 4887 1721 4956 majorem
1765 4889 2039 4957 quandam
2070 4891 2303 4944 atlinita-

716 4996 824 5039 tem
870 5000 993 5037 cum
1045 4981 1278 5036 diversis
1335 4994 1694 5049 personarum
1737 4981 2163 5049 proprietatibus
2216 4982 2298 5035 vi-

714 5062 917 5131 dentur
938 5076 1161 5129 habere.
1202 5071 1411 5125 Etenim
1446 5072 1730 5141 sapientia:
1763 5087 1967 5139 sermo,
1995 5088 2107 5143 quo
2132 5074 2297 5128 Deum

717 5167 1127 5236 cognoscimus,
1163 5180 1193 5218 a
1252 5164 1362 5218 Deo
1409 5164 1567 5218 nobis
1610 5164 1975 5231 contraditur,
2006 5181 2131 5219 cum
2166 5181 2297 5235 pro-

713 5262 893 5331 prium
950 5258 1021 5311 sit
1080 5266 1489 5325 repraesentans
1556 5253 1779 5311 Filium.
1842 5254 2110 5310 Similiter
2167 5272 2299 5311 vero

710 5351 878 5405 etiam
915 5349 1180 5410 charitas,
1226 5362 1335 5416 qua
1396 5345 1564 5400 Deum
1597 5347 1897 5415 diligimus,
1945 5348 2296 5417 peculiariter

708 5442 1040 5512 proprieque
1087 5448 1440 5510 repraesentat
1468 5438 1733 5508 Spiritum
1772 5448 2043 5494 sanctum.
2095 5440 2295 5509 Sicque

710 5534 847 5587 adeo
878 5546 1000 5601 qua;
1032 5533 1086 5584 in
1116 5532 1277 5586 nobis
1305 5541 1388 5587 cst
1421 5530 1683 5595 Charitas,
1722 5545 2039 5601 quanquam
2070 5533 2293 5587 ellectus

708 5632 795 5676 est
831 5620 1010 5675 Patris
1042 5630 1096 5676 et
1150 5620 1270 5675 Filii
1323 5631 1377 5675 et
1420 5620 1658 5691 Spiritus
1704 5624 1902 5686 sancti,
1954 5625 2171 5693 propria
2211 5634 2290 5677 ta-

781 5805 850 5837 ⁶¹’
891 5802 1066 5858 ιαοτ.
1102 5816 1142 5869 t,
1180 5801 1274 5857 24.
1356 5802 1403 5835 "
1436 5798 1602 5858 Hebr.
1668 5819 1705 5869 I.
1749 5804 1804 5858 5·

1885 5805 1928 5837 ⁸⁵
1951 5802 2108 5860 Joan.
2144 5821 2272 5869 xvn,
2303 5806 2355 5862 6.

2410 4612 2606 4679 φώτων
2639 4630 2657 4663 ι
2702 4614 2919 4696 (πάντα
2972 4614 3079 4683 γὰρ
3115 4614 3326 4667 ἐκείνου
3356 4616 3440 4668 διὰ
3476 4618 3647 4683 Λόγου
3683 4619 3776 4670 καὶ
3809 4621 3863 4670 ἐν
3908 4619 3985 4688 τῷ

2410 4702 2751 4771 Πνεύματι).
2811 4701 2927 4755 ἀλλ’
2978 4704 3061 4755 ὅτι
3092 4704 3157 4755 τὰ
3192 4704 3300 4755 τῶν
3352 4706 3569 4771 δωρεῶν
3589 4706 3824 4775 διάφορα
3867 4710 3982 4775 εἴδη

2407 4800 2519 4858 τοῖς
2559 4797 2840 4864 διαφόροις
2863 4795 2970 4849 τῶν
3011 4797 3319 4865 προσώπων
3347 4796 3631 4864 ίδιώμασιν
3654 4799 3984 4863 οἰκειότεροῖν

2407 4905 2523 4949 πως
2558 4888 2702 4955 ἔχειν
2722 4888 2891 4940 δοκεῖ.
2935 4886 2994 4938 Ὀ
3023 4888 3121 4956 μὲν
3146 4888 3254 4957 γὰρ
3281 4887 3381 4955 τῆς
3414 4890 3605 4954 σοφίας
3628 4889 3803 4956 λόγος,
3836 4889 3902 4940 δι’
3924 4883 3984 4940 οὗ

2404 4981 2497 5033 τὸν
2531 4980 2664 5033 Θεὸν
2688 4979 3053 5049 γινώσκομεν,
3089 4981 3240 5049 παρά
3272 4979 3406 5032 Θεοῦ
3437 4983 3568 5050 ἡμῖν
3591 4981 3814 5043 δίδοται,
3857 4982 3935 5033 (riu
3958 5000 3986 5035 ν

2406 5072 2816 5141 παραστατικὸν
2848 5071 2907 5123 ὃν
2943 5072 3038 5123 τοῦ
3095 5072 3224 5123 Υίοῦ
3244 5088 3255 5100 ·
3280 5072 3481 5142 ὁμοίως
3507 5072 3562 5125 δὲ
3593 5076 3688 5124 καὶ
3719 5073 3984 5142 ήάγάπη,

2405 5160 2437 5237 ᾖ
2470 5164 2558 5217 τὸν
2593 5163 2724 5215 Θεῆν
2771 5163 3096 5231 ἀγαπῶμεν,
3127 5162 3273 5225 ίδίως
3298 5166 3415 5215 ἐστὶ
3440 5167 3854 5233 παραστατικὸν
3888 5167 3982 5217 τοῦ

2403 5256 2560 5321 ἁγίου
2620 5254 2958 5322 Πνεύματος.
3012 5253 3261 5325 Οὕτωςή
3298 5255 3356 5307 ὲν
3387 5256 3519 5324 ἡμῖν
3544 5255 3758 5325 ἀγάπη,
3792 5260 3838 5308 εί
3878 5259 3983 5309 καὶ

2403 5347 2751 5414 ἀποτέλεσμὰ
2799 5348 2915 5398 ἐστι
2965 5345 3059 5398 τοῦ
3097 5347 3308 5417 [ἰατρὸς
3356 5350 3447 5401 καὶ
3478 5348 3570 5400 τοῦ
3600 5348 3731 5401 Υίοῦ
3765 5351 3855 5401 καὶ
3888 5348 3984 5400 τοῦ

2406 5440 2565 5506 ἀγίου
2629 5439 2969 5507 Πνεύματος,
3022 5439 3174 5509 ὅμως
3230 5439 3385 5510 ἰδικῷ
3416 5456 3526 5491 τινι
3577 5439 3719 5511 λόγῳ
3766 5440 3851 5492 διὰ
3890 5440 3983 5492 τοῦ

2410 5532 2721 5600 ΙΙνεύματο,
2744 5533 2899 5598 ἀγίου
2928 5529 3224 5597 λέγεταιὲν
3258 5532 3391 5601 ἡμῖν
3415 5526 3579 5584 εἶναι.
3614 5530 3718 5584 Καὶ
3751 5529 3984 5583 καθόλου

2409 5627 2442 5693 ἡ
2481 5626 2588 5675 ἀπὸ
2626 5623 2733 5677 τῶν
2788 5623 3147 5694 χαρισμάτων
3187 5623 3503 5694 τελειότης,
3550 5625 3633 5676 ὅτι
3666 5624 3753 5677 διὰ
3782 5622 3985 5692 ταύτης

2433 5808 2477 5838 "
2500 5805 2658 5869 Juan,
2694 5821 2731 5870 ι,
2756 5806 2809 5859 3.
2886 5804 2931 5837 "
2954 5800 3071 5859 Jac.
3100 5820 3139 5869 I,
3168 5804 3254 5859 l7.
