4428 6444
776 389 883 450 563

777 502 974 547 itm-tur
1029 512 1248 563 quoque
1307 498 1426 549 libri
1490 497 1913 554 Prnwrbiurnm

771 588 979 652 «aperiet
1006 588 1407 639 tnuititud'mem
1442 600 1783 654 peccatorum
1820 592 1885 640 ⁷³.
1929 608 1945 637 ι
1992 592 2127 653 Quia
2177 592 2338 656 igitur

774 693 865 742 per
898 676 1159 742 Spiritum
1192 687 1440 728 sanctum
1469 679 1626 730 amici
1664 678 1752 731 Dei
1776 680 2174 740 constituitnur,
2205 697 2337 731 cnn-

776 784 1013 837 seqnens
1043 779 1126 819 est
1166 779 1221 819 ιιι
1251 778 1298 819 et
1342 782 1559 834 peccata
1593 785 1685 835 per
1707 784 1828 821 enm
1866 771 2021 821 nobis
2049 772 2334 823 dimittan-

776 868 881 909 tur.
940 858 1147 911 Idcirco
1207 860 1281 911 ait
1340 859 1643 915 Don-iuns:
1700 880 1716 909 ι
1783 862 2023 928 Accipite
2073 864 2334 928 Spiritum

772 960 1018 1001 sanetum
1057 968 1069 1000 :
1110 966 1342 1016 quorum
1388 951 1707 1002 remisi-ritis
1755 964 1994 1017 peccata,
2052 956 2337 1005 remittun—

771 1048 856 1086 tttt'
881 1037 961 1089 eis
994 1038 1057 1088 7’.
1102 1058 1119 1086 ι
1158 1039 1225 1090 lis
1268 1054 1486 1105 quoque
1520 1040 1610 1104 qui
1667 1040 2044 1106 blasphemant
2076 1043 2126 1092 in
2160 1041 2334 1107 Spiri-

768 1135 879 1174 tum
913 1136 1182 1187 sanctum,
1210 1136 1440 1189 negatur
1472 1129 1622 1179 venia
1650 1140 1991 1192 peccatorum
2025 1130 2089 1191 ⁷⁸,
2118 1146 2174 1182 ιιι
2199 1146 2334 1197 quos

767 1215 1002 1275 deﬁciat,
1058 1231 1153 1282 per
1198 1233 1360 1284 quem
1420 1216 1742 1271 delictorum
1811 1221 1969 1274 venia
2022 1221 2333 1274 hominibus

768 1314 1079 1369 przestatur.

839 1398 977 1449 Ilii-e
1018 1399 1180 1451 etiam
1214 1411 1317 1461 est,
1346 1401 1489 1467 quod
1528 1416 1621 1464 per
1651 1401 1912 1468 Spiritum
1957 1416 2207 1457 sanetum
2247 1421 2334 1457 re-

768 1487 954 1537 novari
1011 1497 1065 1539 et
1105 1492 1413 1552 emundari,
1460 1506 1553 1543 seu
1588 1492 1731 1542 ablui
1775 1493 2043 1556 dicamur,
2071 1498 2332 1563 quemad-

765 1576 983 1625 mntlum
1017 1576 1090 1628 ait
1118 1574 1385 1644 l’mpheta
1417 1596 1428 1629 :
1467 1597 1482 1625 ι
1519 1578 1743 1633 Ειιιίιιεε
1781 1582 2041 1649 Spiritum
2078 1594 2251 1644 tuum,
2280 1594 2332 1636 et

770 1666 1125 1729 rreabnntttr,
1165 1676 1215 1720 et
1246 1671 1531 1723 renovabis
1566 1670 1755 1722 facient
1796 1683 1953 1725 terra:
1982 1675 2044 1726 ⁷⁸.
2088 1691 2105 1722 ι
2146 1674 2245 1727 Sed
2279 1685 2331 1727 et

771 1757 913 1821 quod
939 1758 1186 1812 homines
1216 1759 1303 1811 alii
1334 1760 1451 1814 aliis
1484 1761 1650 1813 w-lint
1682 1772 1889 1815 secreta
1922 1765 2234 1817 communia
2269 1780 2330 1819 ac

762 1849 1009 1909 consilia,
1049 1851 1172 1903 inde
1218 1862 1323 1914 est,
1358 1853 1498 1918 quod
1533 1853 1644 1905 sint
1693 1853 1850 1906 amici
1880 1868 1943 1907 ac
1982 1868 2039 1906 se
2075 1855 2325 1924 diligant,

757 1940 900 2005 quod
927 1950 975 1992 et
1008 1940 1262 1994 Christus
1299 1941 1382 1993 liis
1408 1942 1588 1996 verbis
1618 1942 1914 1996 declaravit
1946 1962 1958 1997 :
2006 1961 2024 1994 ι
2055 1944 2171 1996 Jam
2218 1960 2323 1997 non

759 2029 935 2081 dicam
989 2047 1082 2082 vos
1127 2046 1333 2095 servos,
1388 2034 1479 2086 sed
1516 2033 1760 2099 amicas;
1818 2035 1946 2103 quia
1987 2036 2168 2088 omnia
2205 2051 2325 2103 quae

759 2119 939 2172 audivi
974 2136 1002 2173 a
1053 2122 1230 2185 Patre,
1286 2125 1442 2175 retuli
1490 2125 1640 2178 vobis
1676 2127 1764 2179 7°:
1813 2144 1831 2175 ι
1882 2127 2028 2180 velut
2066 2128 2205 2181 idem
2254 2131 2324 2183 sit

756 2209 993 2259 amicum
1017 2225 1136 2263 esse
1166 2223 1217 2264 et
1258 2212 1513 2266 adhibere
1550 2230 1875 2269 arcanorum
1928 2218 2157 2270 socium.
2186 2220 2323 2282 Quia

757 2299 922 2357 igitur
959 2296 1195 2369 Spiritus
1225 2305 1397 2355 sancti
1446 2320 1687 2369 munere,
1730 2322 1824 2373 per
1868 2321 2027 2373 quem
2061 2310 2320 2362 Charitas

758 2390 846 2442 Dei
879 2392 1047 2444 causa
1074 2403 1153 2445 est
1185 2395 1235 2444 in
1265 2394 1520 2447 cordibus
1555 2398 1779 2461 nostris,
1807 2399 1967 2450 amici
2004 2400 2092 2452 Dei
2123 2400 2324 2455 consti-

756 2483 981 2547 tuiinur,
1015 2486 1407 2541 convenienter
1459 2490 1535 2541 ait
1576 2487 1857 2559 Scriptura
1906 2507 2002 2556 per
2055 2492 2321 2561 Spiritum

755 2582 1004 2626 sanctum
1040 2576 1268 2629 revelari
1304 2576 1618 2631 hominibus
1652 2579 1834 2632 divina
1865 2582 2142 2649 mysteria.
2176 2580 2321 2635 Pau-

757 2662 843 2719 lus
872 2665 1013 2717 enim
1043 2667 1131 2721 ubi
1174 2668 1426 2722 dixerat:
1474 2686 1491 2719 ι
1545 2666 1818 2737 Scriptum
1868 2682 1969 2733 est,
2005 2672 2148 2741 quod
2188 2687 2323 2726 ocu-

762 2756 846 2809 lus
880 2771 985 2809 non
1024 2757 1177 2821 vidit,
1221 2773 1322 2812 nec
1368 2760 1518 2812 auris
1567 2762 1795 2825 audivit,
1838 2778 1958 2830 quae
2005 2766 2326 2833 prmparavit

760 2846 901 2898 lleus
929 2846 1032 2910 his,
1065 2850 1154 2913 qui
1190 2850 1423 2913 diligunt
1468 2866 1635 2915 eum;
1676 2870 1693 2901 ι
1724 2853 2008 2923 subjungit
2046 2873 2058 2909 :
2097 2875 2114 2906 ι
2158 2855 2327 2913 Nobis

754 2944 934 2986 autem
988 2938 1243 2990 revelavit
1280 2939 1419 2993 Deus
1466 2955 1560 3009 per
1608 2941 1869 3011 Spiritum
1915 2957 2162 2999 sanctum
2195 2948 2261 2999 ⁷⁷.
2299 2966 2316 2998 ι

756 3028 817 3079 Ει
863 3028 965 3081 Ιιοε
1015 3029 1178 3097 igitur
1221 3043 1598 3100 argumentum
1650 3045 1752 3100 est,
1790 3052 1908 3105 qure
1951 3054 2015 3090 ex
2069 3039 2178 3093 Deo
2218 3050 2323 3103 est,

2039 392 2086 447 Μ
2102 396 2133 446 ,ι
2150 393 2192 448 Ν
2209 392 2433 449 UEHS
2466 392 2552 447 CA
2567 392 2786 451 LECE.

1969 517 1981 551 :
2024 519 2040 547 ι
2093 500 2342 549 Charitas
2373 502 2412 551 A
2452 519 2468 548 ι
2521 500 2580 549 ἸΙ
2611 502 2795 566 ἀγάπη
2832 498 3060 565 καλύψει
3092 495 3293 563 πλῆθος
3322 494 3626 562 ἁμαρτιῶν.
3666 509 3682 542 ι
3733 492 3884 543 Ἐπεὶ
3914 493 4015 543 τοί·

3908 382 4011 447 564

2443 608 2536 641 νυν
2565 592 2653 642 διὰ
2704 589 2796 641 τοῦ
2850 590 3005 653 ἁγίου
3040 586 3355 655 Πνεῦματος
3416 586 3559 647 φίλοι
3593 582 3687 635 τοῦ
3714 583 3850 634 Θεοῦ
3884 583 4015 634 καθ-

2443 680 2733 747 ιστάμεθα,
2793 682 3055 744 ἑπόμενον
3087 680 3203 730 ὲστι
3266 678 3361 729 καὶ
3395 676 3462 727 δι’
3514 674 3679 725 αὑτοῦ
3732 675 3868 741 ἡμῖν
3915 673 4014 731 τὰς

2442 773 2717 838 ἁμαρτίας
2762 771 3016 836 ἀφίεσθαι
3043 785 3056 798 ⁸
3092 768 3183 819 καὶ
3239 767 3327 819 διὰ
3349 766 3506 817 τοῦτο
3547 765 3712 831 φησὶν
3733 764 3762 813 6
3787 760 4011 828 Κύριος,

2444 881 2461 912 ι
2503 862 2707 913 Λάϐετε
2751 860 2972 927 Πνεῦμα
3003 860 3157 924 ἆγιον
3180 873 3194 887 °
3230 858 3294 908 ἄν
3317 874 3479 907 τινων
3501 854 3673 920 ἀφῆτε
3704 851 3803 913 τὰς
3830 853 4011 918 (ίιμαρ⁴

2437 954 2578 1014 τίας,
2613 954 2860 1017 ἀφίενται
2914 951 3098 1011 αὐτοῖς
3125 965 3140 980 ⁸
3182 966 3199 998 ι
3258 949 3353 998 καὶ
3373 948 3453 997 ὅτι
3488 948 3601 1003 τοῖς
3630 940 4010 1012 βλασφημοῦσι

2438 1045 2517 1104 εἰς
2549 1044 2609 1092 τὸ
2632 1043 2852 1109 Πνεῦμα
2872 1041 2929 1092 τὸ
2950 1041 3106 1105 ἆγιον
3126 1041 3160 1108 ἡ
3192 1038 3300 1090 τῶν
3328 1036 3616 1105 ἁμαρτιῶν
3643 1035 3838 1098 ἄφεσις
3863 1031 4012 1084 ἀπείο

2439 1152 2620 1202 ρηται,
2670 1133 2743 1194 ὼς
2804 1133 2869 1184 ἂν
2927 1133 3026 1183 οὐκ
3077 1133 3291 1197 ἔχουσιν
3330 1130 3525 1189 ἐκεῖνο,
3560 1125 3628 1176 δι’
3662 1118 3722 1177 οῦ
3748 1124 3848 1190 τῆς
3900 1123 4009 1173 τῶν

2437 1225 2720 1293 ἁμαρτιῶν
2750 1223 2994 1288 ἀφέσεως
3024 1222 3284 1289 τυγχάνει
3306 1221 3332 1271 6
3360 1218 3666 1286 ἄνθρωπος.

2522 1405 2801 1457 Ἕντεῦθέν
2855 1403 2971 1454 ἐστι
3018 1404 3114 1454 καὶ
3169 1403 3229 1452 τδ
3258 1400 3346 1451 διὰ
3372 1398 3467 1450 τοῦ
3502 1399 3658 1465 ἁγίου
3689 1397 4009 1463 Πνεύματος

2434 1497 2581 1564 ἡμᾶς
2616 1495 3064 1557 ἀνακαινίζεσθαι
3120 1490 3376 1558 λέγεσθαι
3437 1491 3530 1541 καὶ
3584 1486 4006 1555 καθαίρεσθαιῆ

2435 1584 2818 1646 ἀπολούεσθαι,
2880 1584 2955 1647 ὡς
3008 1585 3036 1635 6
3070 1582 3380 1648 Προφήτης,
3426 1598 3445 1629 ι
3493 1576 3905 1640 Ἐξαποστελεῖς
3947 1575 4007 1626 τὸ

2435 1672 2661 1742 Πνεῦμά
2691 1691 2805 1739 σου,
2836 1675 2932 1726 καὶ
2990 1674 3394 1740 κτισὺήσονται,
3424 1672 3521 1722 καὶ
3572 1670 3911 1727 ἀνακαινιεῖς
3946 1667 4010 1717 τὸ

2435 1765 2722 1833 πρόσωπον
2744 1764 2837 1833 τῆς
2869 1764 2991 1831 γῆς.
3037 1781 3054 1812 ι
3095 1762 3170 1813 Οὐ
3207 1760 3313 1829 μὴν
3351 1758 3488 1811 ἀλλᾶ
3536 1759 3630 1809 καὶ
3652 1760 3698 1807 σί
3729 1756 4008 1822 ἄνθρωποι

2440 1855 2785 1906 κοινωνοῦσιν
2804 1853 3053 1919 ἀλλήλοις
3083 1845 3158 1903 ὧν
3185 1850 3400 1917 ἔχουσιν
3437 1849 3766 1916 ἀπορρήτων
3798 1846 3886 1898 διὰ
3919 1862 4008 1910 φι-

2439 1945 2558 1997 λίαν
2586 1945 2680 1996 καὶ
2709 1945 2949 2012 ἀγάπην,
2973 1942 3001 1993 ὃ
3028 1944 3118 1994 καὶ
3144 1943 3172 1994 6
3202 1940 3440 2009 Χριστος
3488 1939 3776 2007 ἐδήλωσεν.
3811 1934 4004 1997 εἰπὼν,

2445 2054 2464 2087 ι
2500 2036 2695 2089 Οὐκέτι
2753 2036 2897 2104 ὑμᾶς
2954 2034 3108 2086 καλῶ
3152 2034 3393 2094 δούλους,
3428 2032 3565 2083 ἀλλά
3626 2030 3843 2096 φίλους’
3882 2026 4004 2079 ἐπεὶ

2440 2131 2614 2181 πάντα
2636 2128 2668 2181 ἂ
2691 2128 2901 2196 ἥκουσα
2920 2126 3070 2192 παρᾶ
3094 2124 3189 2177 τοῦ
3214 2124 3426 2192 Πατρός
3449 2140 3549 2190 μου
3572 2120 3869 2187 ἀνήγγειλα
3890 2117 4003 2186 (50)

2439 2220 2598 2287 ὑμῖνο
2642 2237 2658 2267 ι
2708 2217 2781 2279 ὡς
2808 2216 2963 2268 ταῦτ’
2999 2215 3284 2283 ἄνθρωπον
3318 2214 3468 2280 φίλον
3502 2231 3559 2263 τε
3608 2205 3746 2262 εἶναι
3776 2211 3868 2261 καὶ
3892 2225 4005 2261 κοι-

2437 2308 2603 2362 νωνὸν
2635 2308 2980 2377 ἀπορρήτων.
3050 2306 3200 2356 Ἐπεὶ
3227 2299 3318 2356 οὖν
3346 2304 3431 2355 διὰ
3475 2301 3786 2368 Πνεύματος
3818 2300 4000 2365 ἁγίου,

2435 2398 2502 2450 δι’
2531 2402 2592 2451 οὑ
2618 2400 2648 2466 ἡ
2674 2397 2862 2464 ἀγάπη
2892 2395 2984 2448 τοῦ
3015 2395 3147 2449 Θεοῦ
3183 2393 3472 2462 ἐκκέχυται
3503 2395 3562 2444 ἐν
3590 2393 3710 2452 ταῖς
3745 2390 3996 2458 καρδίαις

2435 2491 2615 2557 ἡμῶν,
2652 2490 2799 2556 φίλοι
2847 2487 2982 2540 Θεοῦ
3046 2485 3450 2554 καθιστάμεθα,
3508 2484 3734 2545 εἰκότως
3788 2483 3878 2534 διὰ
3906 2479 3999 2534 τοῦ

2434 2580 2591 2647 ἁγίου
2626 2579 2937 2646 Πνεύματος
2967 2579 2999 2646 ἡ
3032 2577 3221 2647 Γραφὴ
3275 2576 3422 2642 λέγει
3449 2575 3518 2626 τά
3551 2574 3671 2627 θεῖα
3725 2573 4000 2643 μυστήρια

2431 2675 2544 2736 τοῖς
2576 2670 2882 2740 ἀνθρώποις
2909 2668 3418 2724 ἀποκαλύπτεσθαι.
3448 2664 3632 2718 Εἰπὼν
3667 2664 3775 2734 γὰρ
3806 2665 3833 2716 6
3858 2662 4005 2715 Παῦ-

2440 2764 2553 2828 λος,
2610 2781 2628 2814 ι
2665 2762 2979 2831 Γέγραπται
3031 2761 3109 2813 ὅτι
3146 2758 3421 2829 ὀφθαλμὸς
3450 2758 3549 2811 οὐκ
3579 2752 3710 2820 εἶδε,
3761 2754 3858 2808 καὶ
3911 2753 4004 2815 οῦς

2432 2856 2531 2908 οὐκ
2560 2854 2814 2924 ἤκουσεν,
2844 2853 2879 2908 ἃ
2908 2852 3205 2923 ἡτοίμασεν
3234 2852 3261 2903 6
3290 2849 3421 2911 Θεὸς
3450 2850 3561 2911 τοῖς
3592 2847 3883 2914 ἀγαπῶσιν
3912 2846 4006 2900 αῦ-

2431 2950 2544 3011 τὸν,
2590 2967 2609 3000 ι
2668 2947 2887 3013 ἐπάγει,
2927 2965 2945 2996 ι
2997 2945 3158 3013 Ἡμῖν
3193 2944 3249 2997 δὲ
3309 2942 3661 3010 ἀπεκάλυψεν
3695 2942 3722 2993 6
3754 2940 3882 3002 Θεδς
3915 2940 4001 2992 διὰ

2434 3039 2742 3104 Πνεῦματος
2776 3038 2952 3101 ἁγίου.
2984 3054 3001 3087 ι
3034 3035 3144 3089 Καὶ
3171 3034 3327 3087 τοῦτο
3348 3033 3441 3087 οῦν
3466 3033 3764 3103 μαρτύριον
3786 3032 3876 3085 τοῦ
3904 3033 4003 3103 τὴν

751 3116 1070 3169 eharitatem
1102 3118 1279 3185 ipsum
1315 3136 1433 3174 esse
1465 3121 1726 3189 Spiritum
1760 3136 2033 3188 sanctum,
2068 3141 2189 3180 cum
2232 3144 2323 3195 per
2352 3142 2395 3200 ο
2425 3129 2487 3180 ὲκ

2247 3144 2323 3182 )ει·
2352 3142 2395 3200 ο
2425 3129 2487 3180 ὲκ
2509 3127 2602 3179 τοῦ
2623 3126 2757 3179 Θεοῦ
2803 3126 3048 3195 ’Λγάπην
3070 3125 3204 3178 αὖτ’)
3230 3119 3370 3176 εἶναι
3400 3122 3460 3176 τὸ
3490 3121 3713 3191 Πνεῦμα
3741 3122 3801 3174 τὸ
3822 3122 3996 3190 ἆγιον,

752 3208 901 3259 illum
946 3209 1126 3261 divina
1187 3213 1442 3279 mysteria
1497 3215 1704 3267 sanctis
1765 3216 2105 3281 reveleutur;
2173 3220 2323 3287 quod

751 3314 945 3355 omnes
970 3300 1167 3369 ubique
1194 3303 1475 3358 charitatis
1512 3320 1650 3374 opus
1679 3321 1800 3361 esse
1834 3319 2059 3364 norunt.

816 3458 954 3524 Quia
1003 3476 1132 3513 vero
1174 3462 1337 3513 etiam
1388 3474 1576 3515 cetum
1613 3478 1732 3530 quae
1764 3474 1911 3518 intus
1965 3467 2144 3519 animo
2174 3472 2324 3540 cogi-

749 3559 954 3611 tantur,
1006 3549 1276 3615 interpres
1315 3559 1418 3613 est,
1451 3567 1569 3619 qua:
1607 3567 1699 3620 per
1740 3553 1978 3623 linguam
2012 3561 2318 3615 enuntiatio

745 3650 852 3700 εει,
886 3654 1063 3707 opera:
1090 3641 1322 3708 pretium
1378 3656 1480 3710 est,
1532 3655 1589 3701 ut
1643 3646 1950 3712 linguarum
1989 3648 2191 3702 donum
2243 3652 2318 3704 illi

746 3735 1107 3797 ascribamus,
1170 3738 1262 3806 qui
1330 3737 1613 3791 scientiam
1664 3739 1864 3791 revelat
1908 3739 2316 3807 mysteriorum.

742 3829 922 3893 Atque
955 3826 1004 3878 id
1040 3842 1258 3881 rursum
1292 3830 1532 3881 ostendit
1558 3830 1670 3896 ipse
1702 3829 1976 3885 Christus.
2014 3832 2311 3904 Martyrum

744 3923 888 3971 enim
932 3917 999 3969 ad
1043 3933 1195 3989 reges
1235 3928 1290 3971 et
1316 3920 1577 3988 przesides
1608 3935 1713 3988 pro
1757 3923 1859 3975 [ide
1894 3926 2312 3992 responsionum

744 4007 1059 4061 instantiam
1095 4024 1158 4063 ac
1208 4010 1512 4073 solertiam,
1561 4009 1787 4078 Spiritui
1832 4024 2023 4069 saneto
2070 4018 2317 4086 assigna-

743 4102 821 4154 vit
873 4119 885 4154 :
933 4120 950 4152 ι
980 4100 1097 4153 Non
1135 4102 1303 4166 enim,
1334 4102 1534 4170 inquit,
1569 4119 1665 4157 vos
1697 4106 1829 4159 estis
1859 4108 1950 4174 qui
2007 4108 2314 4176 loquimini,

742 4193 836 4246 sed
880 4192 1118 4257 Spiritus
1169 4190 1344 4247 Patris
1407 4195 1594 4260 vestri,
1666 4198 1757 4263 qui
1812 4197 2058 4266 loquitur
2103 4201 2156 4253 in
2224 4216 2315 4254 vo-

745 4285 855 4339 bis.
909 4306 926 4337 ι
972 4285 1126 4340 Unde
1181 4287 1345 4339 etiam
1402 4288 1455 4340 in
1500 4288 1764 4358 Symbqu
1815 4292 2079 4359 scriptum
2134 4304 2217 4348 est
2246 4296 2313 4352 de

730 4378 946 4445 Spiritu
977 4386 1171 4432 sancto
1198 4394 1211 4430 :
1250 4378 1380 4443 «Qui
1406 4380 1623 4433 loeutus
1650 4390 1733 4434 est
1757 4396 1852 4449 per
1880 4383 2181 4452 Prophetas
2209 4387 2307 4441 ⁷⁸.»

2425 3217 2584 3286 εἴπερ
2624 3217 2712 3268 διὸ.
2746 3217 2937 3269 τούτου
2964 3218 3074 3278 τοῖς
3107 3214 3286 3280 ἁγίοις
3322 3212 3773 3265 ἀποκαλύπτεται
3799 3212 3865 3264 τά
3884 3212 4003 3263 θεῖα

2426 3309 2737 3381 μυστήρια“
2790 3308 2818 3360 6
2861 3306 3137 3377 πανταχοῦ
3169 3308 3370 3370 πάντες
3423 3306 3643 3374 ἀγάπης
3675 3304 3835 3374 ἔργον
3888 3304 4002 3356 ἰσα-

2425 3417 2507 3452 σιν
2537 3400 2616 3451 δν.

2507 3490 2663 3543 Ἐπεὶ
2690 3490 2743 3542 δὲ
2779 3493 2874 3544 καὶ
2921 3486 3033 3542 τῶν
3086 3491 3234 3543 ἔνδον
3272 3489 3579 3560 νοουμένων
3607 3490 4000 3560 ἑρμηνευτικὸν

2421 3582 2568 3633 ἔστιν
2620 3584 2651 3650 ἡ
2710 3581 2799 3635 διὰ
2836 3582 3080 3651 γλώττης
3109 3583 3442 3650 ἀπαγγελία,
3477 3584 3744 3651 προσήκει
3794 3581 3871 3650 τῷ
3900 3581 3996 3647 τὴν

2422 3686 2623 3736 γνωσιν
2682 3671 2791 3722 τῶν
2831 3672 3151 3740 μυστηρίων
3200 3671 3643 3727 ἀποκαλύπτοντι
3675 3670 3855 3724 καὶτὸ
3888 3669 3998 3723 τῶν

2420 3762 2680 3829 γλωσσῶν
2711 3765 2961 3833 χάρισμα
2988 3763 3329 3832 λογισθῆναι.
3377 3764 3486 3816 Καὶ
3515 3764 3675 3816 τοῦτο
3708 3761 3871 3815 πάλιν
3897 3762 4001 3815 αὖ-

2417 3854 2508 3916 τὸς
2534 3853 2733 3920 ἔδειξεν
2762 3857 2789 3906 6
2817 3855 3070 3923 Χριστός.
3104 3854 3214 3917 Τὰς
3244 3854 3354 3922 γὰρ
3386 3855 3498 3908 τῶν
3533 3852 3831 3923 μαρτύρων
3862 3853 4000 3922 πρὸς

2418 3946 2546 4005 τοὺς
2578 3946 2820 4015 βασιλεῖς
2851 3948 2945 4000 καὶ
2997 3949 3275 4017 ἡγεμόνας
3335 3948 3476 4011 ὑπὲρ
3522 3947 3620 4016 τῆς
3652 3946 3885 4008 πίστεως
3914 3946 3999 3996 ὲνο

2422 4038 2642 4101 στάσεις
2683 4040 2781 4091 καὶ
2830 4039 3096 4104 διαλέξεις
3127 4041 3205 4109 τῷ
3244 4040 3386 4108 ἀγίῳ
3426 4042 3701 4107 ῐινεύματι
3729 4039 3999 4091 ἀποδέδω-

2420 4146 2536 4183 κεν.
2601 4147 2619 4179 ‹
2680 4130 2753 4181 Οὐ
2804 4130 2911 4200 γὰρ
2944 4131 3101 4201 ὑμεῖς
3155 4133 3277 4183 ὶστε
3308 4133 3358 4183 οἱ
3408 4128 3720 4193 λαλοῦντες,
3756 4149 3773 4180 ι
3808 4131 3995 4197 φησὶν,

2425 4234 2443 4267 ι
2481 4218 2616 4271 ἀλλὰ
2673 4218 2734 4271 τὸ
2790 4219 3013 4288 Πνεῦμα
3041 4219 3137 4273 τοῦ
3188 4221 3402 4290 Πατρδς
3432 4219 3584 4287 ὑμῶν
3616 4218 3676 4271 τὸ
3705 4217 3901 4271 λαλοῦν
3939 4218 3998 4269 ὲν

2419 4308 2567 4377 ὑμῖν.
2614 4327 2632 4358 ι
2671 4309 2837 4361 Ὅθεν
2868 4310 2963 4361 καὶ
3000 4310 3059 4362 ὲν
3090 4310 3169 4380 τῷ
3212 4309 3469 4379 συμϐόλῳ
3498 4311 3810 4378 γέγραπται
3868 4307 3998 4376 περὶ

2419 4397 2513 4451 τοῦ
2540 4399 2696 4467 ἀγίου
2737 4399 3079 4467 Πνεύματος,
3137 4418 3155 4451 ι
3194 4400 3267 4454 Τὸ
3313 4401 3557 4469 λαλῆσαν
3589 4402 3676 4455 διὰ
3708 4401 3817 4454 τῶν
3866 4417 4000 4470 προ-

739 4470 856 4524 Non
885 4473 1060 4524 solum
1083 4483 1261 4523 autem
1294 4470 1360 4522 ad
1393 4471 1644 4524 ιιιιιὶειιὶεε
1674 4473 2045 4541 ριόριίιεὶιιτιι
2073 4488 2308 4545 spectat,
2348 4482 2390 4536 υ
2419 4507 2488 4557 φη

2249 4489 2308 4545 ιι,
2348 4482 2390 4536 D
2419 4491 2627 4558 φητῶν.
2667 4509 2684 4541 ι
2750 4491 2824 4542 Οὐ
2861 4493 3023 4559 μόνον
3055 4491 3109 4544 δὲ
3162 4492 3218 4545 τὸ
3274 4493 3341 4546 τὰ
3369 4493 3658 4563 ἀπόρρητα
3690 4492 3887 4545 ἑαυτοῦ
3922 4493 3998 4562 τῷ

740 4574 800 4616 ιιι
830 4579 936 4631 qua
961 4562 1246 4616 aﬂeetiune
1277 4563 1487 4615 amicus
1520 4578 1685 4615 unum
1722 4566 1899 4619 amico
1928 4565 2183 4632 cllicitur,
2214 4587 2311 4625 sua

736 4659 810 4710 illi
851 4667 1057 4710 secreta
1083 4656 1295 4722 detegat
1331 4671 1345 4717 ;
1378 4670 1565 4708 verum
1596 4656 1760 4724 exigit
1792 4658 1986 4711 eadem
2015 4661 2216 4722 unitas,
2253 4672 2313 4715 ut

739 4752 879 4803 inter
913 4749 1118 4802 amicos
1146 4748 1213 4801 sit
1245 4762 1424 4801 rerum
1449 4749 1767 4799 communio
1794 4763 1857 4801 ac
1886 4751 2140 4803 societas.
2176 4751 2310 4806 Cum

736 4842 880 4895 enim
919 4842 1103 4905 homo,
1137 4841 1302 4895 alium
1337 4857 1417 4905 se,
1451 4841 1688 4893 amicum
1726 4842 1942 4905 habeat,
1978 4859 2201 4898 necesse
2233 4854 2315 4899 est

738 4944 796 4988 nt
825 4936 971 4989 velut
1002 4935 1129 4995 sibi,
1171 4935 1246 4988 illi
1282 4935 1603 5004 opituletur,
1650 4951 1755 5003 qua
1792 4936 2006 4988 ratione
2036 4936 2153 4991 suis
2187 4954 2310 4992 eum

738 5028 1090 5083 facultatibus
1152 5028 1482 5096 impertitnr.
1536 5027 1904 5094 Quamobrem
1968 5031 2131 5082 etiam
2189 5044 2317 5097 pro-

737 5127 915 5196 prium
948 5136 1031 5179 est
1061 5125 1321 5179 amicitia:
1351 5126 1579 5187 bonum,
1620 5135 1676 5179 ut
1714 5125 1915 5177 boimm
1950 5125 2131 5178 amico
2163 5126 2311 5191 velit,

735 5234 801 5275 ις
832 5223 879 5274 ei
910 5219 1235 5274 benefaciat.
1265 5219 1416 5274 Unde
1443 5229 1496 5272 et
1523 5219 1761 5272 Joannes
1800 5218 2138 5286 Evangelista
2191 5219 2267 5272 ait
2296 5236 2310 5271 :

743 5333 759 5362 ι
798 5314 899 5379 Qui
954 5313 1115 5366 habet
1165 5312 1529 5367 substantiam
1584 5312 1765 5364 mttndi
1817 5310 2001 5380 hujus,
2047 5319 2101 5364 et
2169 5310 2313 5365 videt

809 5482 852 5513 ν’
880 5485 1035 5533 l‘iuv.
1061 5497 1114 5542 χ,
1144 5480 1228 5533 12.
1307 5481 1354 5511 ⁷³
1376 5480 1537 5532 Joan.
1566 5496 1655 5540 xx,
1678 5478 1769 5534 9.2.

737 5569 793 5615 it,
840 5556 891 5605 9.
970 5552 1014 5583 ⁷⁸
1039 5551 1229 5605 Matth.
1280 5552 1446 5615 x,‘20.

804 5726 840 5778 ΙΙ
863 5725 917 5775 Ol
957 5722 1111 5791 Vulg.
1142 5720 1438 5787 ἐγνώρισα,
1469 5733 1591 5773 nota
1622 5721 1741 5772 fori.

810 5797 922 5862 tbi)
970 5790 1089 5862 Τὴν
1140 5793 1362 5847 οὐσίαν
1405 5794 1509 5846 τεῦ
1556 5796 1790 5859 κόσμου
1836 5792 2071 5845 τούτου.
2128 5790 2316 5846 Craca

1875 5481 1921 5509 ⁷⁵
1949 5477 2134 5534 Matth.
2184 5493 2276 5543 xu,
2316 5481 2403 5533 3t.

2419 4580 2561 4647 φίλῳ
2610 4582 3026 4653 ἀποκαλύπτειν
3075 4583 3206 4634 ἴδιόν
3261 4586 3378 4635 ὲστι
3435 4583 3620 4650 φιλίας
3652 4584 3739 4637 διά
3778 4583 3875 4651 τὴν
3900 4585 3993 4653 τῆς

2415 4668 2707 4733 διαθέσεως
2740 4652 2989 4742 ἑνότητα,
3033 4672 3148 4724 ἀλλ’
3201 4674 3235 4742 ἡ
3285 4673 3423 4743 αὐτὴ
3466 4674 3657 4743 ἑνότης
3698 4678 3917 4726 ἀπαιτεῖ
3937 4676 3996 4725 τὸ

2420 4765 2697 4814 κοινωνεῖν
2755 4764 2866 4815 1:th
2900 4763 3070 4815 ὄντων
3128 4765 3243 4826 τοῖς
3285 4764 3481 4831 φίλοις.
3528 4765 3683 4817 Ἐπεὶ
3720 4766 3877 4836 γάρό
3906 4767 3998 4819 ἇν-

2422 4854 2642 4921 θρωπος
2665 4853 2826 4907 ἀλλον
2856 4855 3050 4907 ἑαυτὸν
3080 4855 3193 4927 ἔχει
3220 4857 3310 4908 τὸν
3339 4857 3512 4922 φίλον,
3543 4857 3755 4926 ἀνάγκη
3783 4857 3996 4928 βοηθεῖν

2421 4943 2568 5013 αὑτῷ
2601 4944 2673 5006 ὡς
2701 4944 2900 5014 ἐαυτῷ,
2927 4944 3002 5014 τῷ
3034 4946 3140 4997 τῶν
3163 4947 3335 4999 ὄντων
3368 4949 3662 5002 κοινωνεῖν.
3697 4948 3861 4999 Ὅθεν
3901 4951 3996 5002 καὶ

2419 5036 2580 5089 τοῦτο
2607 5036 2737 5089 ίὸιόν
2775 5037 2895 5089 ἔστι
2930 5038 3030 5107 τῆς
3064 5038 3246 5105 φιλίας
3290 5040 3514 5108 ἀγαθὸν,
3542 5042 3620 5111 τῷ
3649 5042 3790 5112 φίλῳ
3814 5041 3997 5111 βούλε-

2423 5128 2546 5181 σθαι
2593 5128 2799 5195 ἀγαθὸν
2830 5131 2925 5182 καὶ
2958 5132 3152 5186 ποιεῖν.
3190 5131 3281 5184 Διὸ
3314 5134 3406 5185 καὶ
3437 5135 3604 5204 φησὶν
3634 5137 3661 5186 6
3698 5136 3997 5203 Εὑαγγελι-

2422 5219 2550 5288 στὴς
2611 5221 2884 5290 Ἰωάννης,
2943 5241 2961 5271 ι
3011 5221 3071 5274 Ὀ
3109 5223 3249 5292 ἔχων
3298 5224 3396 5293 τὴν
3428 5227 3618 5279 οὐσίαν
3650 5226 3744 5280 τοῦ
3786 5228 3994 5295 κόσμου

2421 5311 2609 5364 τούτου
2642 5311 2777 5375 (Si),
2804 5314 2898 5365 καὶ
2919 5312 3132 5381 βλέπων
3166 5314 3255 5367 τὸν
3285 5316 3511 5384 ἀδελφὺν
3548 5319 3713 5372 αὑτοῦ
3745 5321 3994 5390 ἀνάγκην

2507 5477 2552 5507 ⁷³
2580 5473 2726 5530 Psal.
2759 5491 2871 5538 cm,
2910 5476 2997 5529 50.

3111 5478 3157 5509 "
3211 5476 3370 5533 Juan.
3411 5494 3497 5544 xv,
3532 5480 3617 5535 15.
3723 5481 3770 5513 ⁷⁷
3814 5483 3828 5535 1
3862 5480 3989 5536 Cur.

2432 5715 2588 5782 \‘nlg.
2639 5710 2895 5786 16‘)__Biov
2940 5710 3295 5786 toﬁ-aridum:
3336 5729 3348 5742 -
3392 5714 3605 5783 aliaque
3635 5717 3714 5771 sic
3765 5720 3989 5786 variata,

2428 5797 2483 5841 ut
2513 5787 2711 5855 liqueat
2736 5783 2983 5836 Calecam
3021 5783 3217 5836 citasse
3254 5792 3309 5835 ut
3340 5786 3614 5841 memoria:
3647 5783 3986 5858 occurrebat,
