4428 6444
834 399 938 456 567

2104 411 2488 468 ΝΙᾹᾺΙῙΕΗΒ
2529 414 2829 471 ClLE‘IE
2916 464 2919 467 .

3954 394 4063 482 $68

830 510 1025 564 elucet)
1064 509 1203 558 \elnt
1241 528 1266 558 ιι
1303 510 1484 560 divina
1521 512 1821 572 (ibatitate,
1856 515 1922 564 ab
1960 516 2163 581 Spiritu
2208 526 2400 566 saneto
2434 520 2473 571 Λ
2504 516 2579 565 sla

2312 526 2400 565 ctu
2434 520 2473 571 Λ
2504 516 2709 579 εἰκόνος
2736 519 2984 582 εὐγένεια
3017 518 3430 584 καταφαίνεται,
3460 519 3534 579 ὡς
3566 520 3710 587 παρὰ
3736 520 3885 583 θείας
3903 520 4060 588 Ἀγά-

831 600 1121 663 pra-betur,
1160 599 1261 654 bis.
1297 602 1388 663 qui
1451 615 1544 666 per
1585 601 1809 666 gratiam
1849 613 1905 655 ut
1941 603 2032 655 lilii
2082 602 2171 656 Dei
2210 605 2311 655 sint
2348 616 2399 655 et

829 690 1077 740 (llt‘ﬂltllll'
1107 692 1383 741 consecuti
1412 702 1537 743 sunt
1573 707 1586 742 :
1624 692 1995 759 «Quituntque
2024 696 2190 755 enim,
2227 695 2400 759 inquit

833 779 1053 836 l‘aulus.
1086 778 1287 845 Spiritu
1336 780 1424 832 Dei
1456 793 1708 842 aguntur,
1746 785 1795 834 Ιιί
1836 796 1960 838 sont
1994 787 2085 838 lilii
2139 784 2230 835 Dei
2265 782 2333 835 ⁸⁸.
2373 802 2390 832 ι

835 890 852 920 ι
904 870 962 921 Et
1021 885 1285 922 rursum:
1355 870 1454 923 Ubi
1513 871 1747 937 Spiritus
1806 874 2037 933 Domini.
2111 877 2179 927 ibi
2239 876 2398 927 liber-

834 968 914 1008 tas
946 957 1013 1009 3‘.
1055 976 1073 1007 ι
1114 958 1174 1011 Et
1208 977 1219 1010 :
1262 978 1279 1007 ι
1322 958 1378 1011 Si
1413 959 1618 1028 Spitittt
1655 963 1941 1027 ducimiui,
1985 978 2090 1015 non
2120 965 2253 1016 estis
2292 964 2395 1014 sub

826 1053 944 1119 lege
981 1053 1048 1107 ὀ.
1087 1074 1105 1103 ι

900 1144 1035 1197 llinc
1075 1155 1157 1198 est
1204 1159 1256 1199 et
1281 1146 1423 1209 quod
1462 1146 1723 1215 Spiritus.
1766 1147 1948 1200 carnis
1980 1161 2144 1215 Opera
2192 1146 2394 1200 dicitur

826 1238 1177 1302 mortiﬁcare,
1230 1250 1505 1306 quatenus
1562 1255 1656 1307 per
1705 1241 1886 1292 carnis
1945 1240 2197 1292 libidines
2233 1248 2394 1306 atque

825 1327 952 1379 \itia
984 1342 1014 1379 a
1054 1343 1181 1379 vero
1218 1328 1361 1381 bono
1392 1330 1716 1390 recedimus,
1743 1330 1807 1381 ad
1842 1329 1986 1397 quod
2025 1345 2122 1382 nos
2156 1328 2392 1395 Spiritus

824 1430 1051 1472 sanctus
1103 1436 1198 1487 per
1245 1420 1583 1471 Cbaritatem
1644 1420 1849 1484 dirigit,
1884 1420 1960 1470 uti
2001 1419 2295 1486 Apostolus
2323 1417 2389 1469 ad

824 1510 1098 1561 "(nuntios
1131 1510 1335 1572 scribit,
1374 1528 1392 1560 t
1429 1508 1487 1562 Si
1516 1508 1726 1577 Spiritu
1785 1524 1945 1577 Opera
1986 1510 2169 1562 carnis
2203 1508 2393 1559 morti—

824 1600 1117 1653 lieaverltis
1142 1639 1157 1659 ,
1192 1599 1385 1651 rivetis
1411 1599 1477 1652 ".
1521 1617 1539 1649 ι
1581 1599 1741 1651 Multa
1772 1613 1898 1651 vero
1930 1599 2092 1651 etiam
2127 1598 2229 1649 alia
2256 1610 2383 1664 pos-

819 1692 888 1741 sit
918 1690 1038 1754 quis
1075 1689 1343 1750 invenire,
1375 1688 1575 1755 quibus
1605 1703 1767 1753 opera
1814 1688 2109 1755 Cltaritatis
2166 1686 2385 1753 proprie

822 1779 1043 1845 Spiritui
1082 1788 1274 1833 saneto
1304 1778 1709 1832 accommodari
1744 1786 2119 1841 monstretur;
2154 1786 2212 1829 ut
2262 1777 2388 1829 inde

819 1870 997 1934 pilam
1034 1869 1145 1930 ﬁat,
1189 1868 1453 1937 Spiritum
1517 1878 1769 1923 sanetum
1827 1884 1892 1921 ex
1929 1866 2038 1920 Deo
2094 1868 2387 1934 procedere

822 1967 879 2009 nt
912 1956 1253 2021 citaritatetn,
1315 1958 1770 2025 quemadmodum
1808 1958 1976 2011 Filius
2032 1967 2090 2010 ut
2150 1956 2386 2009 Verbum

822 2050 1033 2110 notitia,
1065 2063 1160 2102 seu
1211 2063 1334 2099 eum
1395 2049 1557 2101 ambo
1608 2063 1672 2102 ex
1718 2048 1899 2100 divina
1938 2056 2116 2101 mente
2146 2057 2197 2099 et
2233 2046 2389 2099 Patre

816 2140 1191 2194 assistentium
1222 2139 1478 2193 habeant.

884 2226 1065 2295 Atque
1091 2227 1205 2281 lucc
1238 2228 1524 2283 hactenus.
1573 2228 1728 2280 Alius
1760 2241 1888 2279 vero
1913 2227 2135 2295 quidam
2172 2236 2391 2279 saneto-

814 2333 958 2380 rum,
998 2302 1109 2372 boc‘
1130 2328 1401 2386 satagens,
1438 2328 1497 2371 ut
1531 2318 1703 2371 solum
1757 2320 2009 2372 unionem
2064 2335 2128 2373 ac
2198 2320 2391 2373 distin-

815 2408 1057 2464 etinnem
1128 2411 1400 2479 tantisper
1442 2410 1765 2472 declararet,
1798 2420 1905 2463 tres
1967 2410 2112 2466 fares
2141 2413 2285 2467 inter
2332 2427 2389 2465 se

798 2502 1048 2568 ':Pqualt‘s
1086 2503 1267 2555 animo
1296 2504 1575 2571 cogitavit,
1602 2503 1655 2556 in
1687 2519 1790 2556 una
1831 2517 2089 2557 accensas
2120 2504 2305 2557 domo.
2332 2503 2388 2556 In

813 2609 876 2647 ea
909 2607 1143 2661 namque
1187 2594 1348 2647 trium
1406 2594 1588 2646 lumen
1637 2600 1898 2661 tauquam
1937 2607 2001 2645 ex
2052 2608 2182 2655 una,
2220 2607 2389 2643 unum

814 2684 1222 2751 conspicimus;
1257 2698 1473 2751 unaque
1520 2684 1759 2744 sublata,
1793 2683 1917 2751 ejus
1953 2684 2133 2736 lumen
2185 2682 2259 2735 illi
2302 2697 2393 2734 co-

812 2792 930 2827 mes
972 2776 1239 2844 sequitur,
1285 2789 1410 2827 cum
1454 2774 1565 2829 duo
1598 2774 1803 2841 reliqua
1840 2774 2042 2827 lumina
2092 2774 2389 2827 secundum

815 2882 877 2923 se
906 2882 1005 2920 nec
1037 2866 1335 2934 quidquam
1371 2867 1686 2918 minuantur
1737 2881 1913 2932 neque
1941 2874 2264 2935 augeantur.
2298 2863 2391 2917 Li-

810 2971 940 3028 quet
997 2960 1158 3026 igitur
1189 2958 1288 3009 tria
1322 2962 1435 3010 tunc
1479 2957 1643 3010 trium
1709 2956 1905 3010 facium
1940 2956 2167 3020 lumina,
2208 2971 2329 3009 cum
2362 2971 2389 3008 a

810 3052 971 3105 nobis
1008 3066 1175 3103 unum
1209 3048 1677 3115 conspicerentur,
1721 3046 2015 3100 secundum
2057 3060 2116 3098 se
2154 3045 2389 3100 discreta

807 3156 861 3198 et
895 3160 1000 3196 uon
1039 3142 1265 3196 confusa
1302 3142 1601 3195 exstitisse.
1655 3140 1842 3208 Neque
1886 3140 2031 3192 enim
2068 3137 2268 3207 alioqui
2307 3138 2389 3190 in-
2416 3167 2459 3227 ϐ

806 3237 1090 3290 τοιηιιιίειε
1146 3251 1209 3289 ac
1260 3236 1406 3287 Vt'ltll
1445 3248 1541 3302 per
1605 3247 1663 3293 se
1718 3230 1991 3287 exsistens
2022 3245 2189 3282 unum
2233 3230 2383 3293 illud,

809 3340 1166 3399 posteaquam
1210 3326 1537 3380 subductum
1571 3334 1676 3385 est,
1713 3330 2058 3375 cerneretur.
2093 3319 2184 3374 Sic
2222 3320 2388 3387 igitur

804 3424 968 3474 etiam
1024 3431 1133 3471 tres
1192 3432 1477 3479 personas,
1532 3415 1595 3465 ad
1652 3413 1949 3467 essentiam
1991 3413 2135 3479 quod
2174 3412 2383 3473 attinet,

804 3529 971 3566 unum
1012 3511 1340 3579 cogitamus,
1376 3522 1494 3577 qua:
1524 3517 1727 3566 tamen,
1767 3504 1962 3572 quibus
2016 3502 2120 3554 illis
2176 3503 2385 3554 incom-

806 3601 984 3655 tnistzn
1020 3615 1084 3652 ac
1122 3596 1423 3651 inconfusre
1457 3594 1818 3664 proprietates
1859 3601 2112 3655 maueut,
2153 3591 2295 3643 inter
2326 3604 2385 3645 se

804 3693 951 3745 vt-lut
1004 3691 1234 3745 circuitu
1294 3686 1471 3741 redire
1514 3701 1577 3741 ac
1630 3697 1941 3738 commeare
1980 3680 2382 3749 intelligantur;

802 3786 901 3838 et~i
946 3799 1098 3837 meus
1123 3791 1332 3843 nostra,
1384 3795 1479 3849 pro
1509 3794 1575 3831 eo
1602 3792 1665 3832 ac
1701 3777 1881 3839 decet,
1915 3789 2021 3829 non
2067 3774 2201 3828 satis
2233 3788 2382 3827 asse-

802 3885 1022 3942 quatur.

876 3968 1102 4036 Magnus
1135 3972 1315 4017 autem
1352 3959 1605 4022 Basilius,
1632 3957 1695 4010 ad
1749 3972 1869 4010 eam
1920 3970 2033 4009 rem
2100 3953 2387 4008 declarano

801 4066 926 4115 dam
958 4074 1147 4115 arcum
1178 4057 1457 4111 emlestem
1494 4051 1745 4106 assumit.
1790 4050 1840 4104 ls
1875 4048 2016 4103 etelo
2070 4046 2246 4116 pluvia
2302 4060 2389 4098 ro-

801 4164 980 4213 mute,
1018 4163 1251 4217 aereque
1278 4146 1621 4207 circumﬂuo,
1667 4142 1907 4209 solisque
1940 4138 2089 4192 radio
2125 4154 2187 4191 ex
2250 4137 2388 4189 obli-

804 4259 915 4315 quo
945 4243 1171 4297 nubium
1213 4241 1535 4295 densitatem
1590 4237 1878 4299 subeunte,
1913 4250 1978 4288 ac
2024 4242 2135 4285 tum
2198 4230 2385 4282 orbem

800 4351 963 4392 suom
998 4334 1214 4387 cuidam
1269 4331 1498 4385 nubium
1555 4330 1761 4383 directe
1822 4329 2113 4399 deligente.
2170 4326 2389 4395 conspi-

800 4443 939 4481 enus
973 4431 1221 4493 apparet.
1268 4420 1741 4487 Quemadmodum
1818 4420 1963 4474 enim
2020 4434 2204 4482 arcus,
2261 4434 2385 4473 cum

2501 619 2631 670 πης.
2691 605 2785 657 τοῦ
2820 606 2976 670 ἁγίου
3028 606 3366 674 Πνεύματος.
3405 606 3608 657 δίδοται
3641 612 3750 665 τοῖς
3781 609 3877 673 τῆς
3909 609 4061 672 θείας

2498 694 2742 759 υῐότητος
2763 696 2900 747 κατὰ
2931 695 3090 762 χάριν
3110 695 3440 759 ἀξιωθεῖσιν.
3477 715 3494 745 ι
3532 697 3688 748 Ὀσοι
3712 698 3840 765 γὰρ,
3881 716 3900 749 ο
3926 683 4063 765 (arm.

2500 784 2732 846 Παῦλος.
2771 804 2789 835 t
2829 785 3105 852 Πνεύματι
3145 786 3282 839 Θεοῦ
3304 787 3547 852 ἄγονται,
3574 780 3720 839 οὗτοί
3770 790 3908 839 εἰσιν
3957 789 4064 841 υἱοὶ

2498 874 2654 926 θεοῦ.
2688 894 2705 924 ι
2749 876 2859 927 Kal.
2888 876 3070 939 πάλιν,
3103 895 3120 924 ι
3154 876 3329 928 Ὅπου
3356 877 3415 929 τὸ
3440 877 3665 944 Πνεῦμα
3694 878 3921 945 Κυρίου,
3944 878 4063 930 uel

2496 962 2804 1027 ἐλευθερία.
2843 979 2861 1011 ι
2901 962 3029 1025 Καὶ,
3072 981 3089 1013 t
3130 963 3188 1016 Ei
3234 964 3510 1032 Πνεύματι
3548 964 3768 1033 ἄγεσθε,
3796 966 3898 1018 οὑκ
3937 965 4060 1017 ἐστὲ

2498 1053 2526 1101 ὑ
2539 1051 2603 1101 πὸ
2634 1052 2816 1118 νόμον.
2856 1070 2874 1103 ι

2581 1139 2860 1196 Ἐντεῦθεν
2885 1144 3004 1195 ἐστὶ
3042 1146 3103 1196 τδ
3131 1144 3223 1197 καὶ
3252 1144 3317 1197 τὰ
3367 1144 3467 1210 τῆς
3503 1145 3702 1214 σαρκδς
3724 1145 3862 1214 ἔργα
3895 1145 4058 1197 θανα-

2496 1231 2621 1284 τοῦν
2642 1232 2701 1285 τὸ
2725 1234 2949 1302 Πνεῦμα
2974 1234 3249 1300 λέγεσθαι,
3275 1235 3463 1286 καθότι
3490 1235 3580 1286 δα
3611 1235 3719 1285 τῶν
3752 1234 3938 1287 παθῶν
3962 1235 4061 1301 τῆς

2497 1323 2697 1389 σαρκὸς
2732 1324 3124 1393 ἀποχωροῦμεν
3158 1326 3221 1377 tr.
3263 1324 3357 1376 τοῦ
3389 1325 3605 1392 άληθῶς
3654 1322 3885 1391 ἀγαθοῦ,
3923 1324 4059 1391 πρὸς

2494 1415 2520 1466 ὑ
2553 1414 2620 1466 δι’
2646 1415 2868 1482 ἀγάπης
2890 1416 3036 1482 ἡμᾶς
3069 1415 3129 1467 τὸ
3158 1412 3380 1483 Πνεῦμα
3412 1415 3470 1464 τὸ
3511 1414 3668 1480 ἆγιον
3695 1416 3902 1475 τάττει,
3930 1414 4005 1475 ὼς
4032 1416 4061 1465 ὁ

2506 1504 2827 1563 Ἀπόστολος
2848 1504 2981 1571 πρὸς
3017 1504 3342 1573 Ῥωμαίους,
3375 1522 3394 1554 t
3430 1504 3491 1555 Ei
3524 1503 3800 1570 Πνεύματι
3826 1502 3890 1554 τὰ
3922 1502 4059 1569 ἔργα

2492 1594 2591 1660 τῆς
2627 1594 2824 1662 σαρκὸς
2852 1593 3211 1662 ὲνεκρώσατε,
3241 1595 3495 1662 ζήσεσθε.
3542 1614 3559 1645 ι
3612 1594 3785 1647 Πολλὰ
3812 1591 3858 1645 δ’
3883 1594 3947 1646 ἄν
3976 1610 4059 1655 τις

2492 1684 2641 1754 εὖροι
2676 1687 2772 1736 καὶ⁵
2798 1682 2955 1745 ἄλλα,
3008 1684 3074 1737 δι’
3102 1678 3176 1735 ὦν
3203 1685 3270 1736 ἂν
3304 1686 3449 1747 ίδίως
3486 1684 3564 1753 τῷ
3598 1684 3739 1751 ἁγίῳ
3773 1684 4054 1750 Πνεύματι

2494 1776 2980 1845 προσαρμοζόμενα
3024 1778 3091 1829 τά
3121 1776 3220 1844 τῆς
3254 1775 3498 1842 Ἀγάπης
3548 1774 3684 1840 ἔργα
3713 1772 4016 1825 δεικνύοιτο
4043 1788 4057 1801 ο

2487 1866 2563 1928 ὡς
2601 1868 2761 1934 δῆλον
2808 1867 3059 1935 ὲντεῦθ-εν
3109 1867 3356 1935 γίνεσθαι
3408 1866 3483 1927 ὡς
3524 1867 3772 1935 Ἀγάπην
3819 1867 3883 1916 ἐκ
3915 1862 4053 1916 Θεοῦ

2491 1932 2735 2025 προϊέναι
2762 1958 2820 2010 τὸ
2846 1932 3009 2025 ἅγιον
3027 1932 3271 2026 Πνεῦμα,
3297 1956 3484 2023 ὥσπερ
3506 1956 3597 2006 τὸν
3629 1932 3756 2006 Υίδν
3784 1954 3857 2016 ὡς
3886 1954 4059 2019 Λόγον

2490 2050 2522 2119 ἢ
2556 2050 2778 2117 Νόησιν,
2808 2051 3151 2119 ἀμφοτέρους
3184 2050 3334 2117 παρὰ
3364 2047 3458 2100 τοῦ
3498 2046 3634 2100 Θεοῦ
3667 2046 3778 2099 Νσῦ
3814 2046 3909 2097 καὶ⁵
3950 2045 4061 2097 Πα-

2489 2142 2619 2211 τρὸς
2650 2144 2747 2212 τὴν
2778 2141 3080 2194 ὑπόστασιν
3112 2139 3359 2208 ἔχοντας.

2563 2232 2745 2284 Ταῦτα
2777 2232 2833 2284 δὲ
2860 2231 3232 2283 ὲπιτοσοῦτον.
3270 2230 3463 2291 Ἀλλος
3506 2228 3562 2280 δὲ
3605 2228 3713 2280 τῶν
3740 2228 3909 2294 ἁγίων
3962 2228 4063 2286 τὴν

2491 2323 2685 2375 ἕνωσιν
2742 2322 2907 2392 μόνην
2964 2322 3061 2376 καὶ
3092 2320 3193 2390 τὴν
3218 2319 3497 2388 διάκρισιν
3552 2319 3788 2387 μετρίως
3820 2318 4062 2387 δηλῶσαι

2478 2412 2799 2483 ⁸βουληθεὶς,
2855 2414 3004 2482 τρεῖς
3061 2413 3351 2481 λαμπάδας
3412 2410 3722 2479 ἐνεθυμήθη
3781 2409 4060 2477 ἀλλήλαις,

2494 2505 2806 2573 ἁπτομένας
2862 2507 2919 2558 ὲν
2968 2506 3051 2557 ἑνὶ
3103 2504 3258 2573 οἴκῳ.
3304 2504 3412 2557 Καὶ
3448 2502 3557 2571 γάρ
3604 2505 3661 2553 ἐν
3688 2501 3837 2568 αὑτῷ
3859 2502 3918 2552 τὸ
3947 2502 4061 2569 φῶς

2492 2596 2599 2648 τῶν
2627 2595 2795 2665 τριῶν
2838 2596 2914 2658 ὡς
2939 2598 3003 2650 ὲκ
3049 2597 3179 2664 μιᾶς
3215 2595 3272 2647 ἓν
3325 2594 3543 2664 ὁρῶμεν
3563 2608 3576 2623 ⁸
3612 2593 3705 2645 καὶ
3733 2593 3862 2661 μιᾶς
3884 2591 4065 2642 αὐτῶν

2494 2687 2989 2758 ὑπεξαιρουμένης,
3037 2687 3096 2739 τ’)
3140 2687 3257 2754 φῶς
3287 2687 3458 2754 αὐτῆς
3488 2687 3623 2754 αὑτῇ
3661 2682 4062 2747 συνακολουθεῖ,

2492 2781 2600 2831 τῶν
2632 2762 3095 2849 περιλειπομένων
3119 2779 3211 2830 δύο
3245 2778 3439 2845 φώτων
3474 2778 3595 2830 καθ’
3628 2778 3799 2829 ἑαυτὰ
3836 2774 4062 2844 μηδαμῆ

2498 2871 2623 2939 μήτ’
2656 2870 3066 2938 ἐλαττουμένων
3100 2870 3228 2938 μήτ’
3258 2868 3598 2936 αὐξομένων.
3645 2868 3817 2935 Δῆλον
3841 2865 3935 2918 οὑν
3980 2866 4063 2916 ὅτι

2493 2962 2560 3014 τὰ
2582 2962 2707 3031 τρία
2740 2961 2912 3015 ταῦτα
2938 2962 3047 3014 τῶν
3071 2961 3237 3031 τριῶν
3259 2961 3565 3030 λαμπάδων
3595 2961 3772 3027 φῶτα,
3807 2959 3894 3011 ὅτε
3932 2958 4064 3024 ἡμῖν

2491 3053 2568 3115 ὡς
2620 3053 2677 3108 ἒν
2734 3052 3003 3121 ἑωρῶντο,
3058 3051 3180 3105 καθ’
3231 3052 3400 3105 ἑαυτὰ
3444 3050 3842 3120 διακεκριμένα
3876 3048 3971 3100 καὶ⁸
3998 3046 4061 3098 οὑ

2494 3145 2877 3213 συγκεχυμένα
2917 3140 3078 3214 ἦσαν.
3134 3144 3268 3197 Οὐδὲ
3309 3144 3421 3211 γὰρ
3450 3143 3516 3195 ἂν
3567 3142 3785 3210 ἁμιγῶς
3813 3141 3901 3193 καὶ
3947 3135 4065 3191 οἷον

2492 3238 2622 3291 ίδισιῦ
2636 3238 2874 3290 πόστατα
2931 3236 3223 3307 ὲθεωρεῖτο
3255 3236 3315 3289 τὸ
3360 3235 3419 3287 ἓν
3454 3236 3593 3304 μετὰ
3624 3234 3721 3303 τὴν
3752 3233 4065 3301 ὑφαίρεσιν.

2488 3329 2675 3391 Οὕτως
2712 3326 2809 3383 οὖν
2860 3329 2955 3382 καὶ
3007 3329 3073 3381 τὰ
3105 3328 3231 3397 τρία
3268 3328 3536 3396 πρόσωπα
3585 3326 3971 3396 φανταζόμεθα
4007 3326 4067 3379 ἓν

2491 3422 2589 3489 μὲν
2622 3418 2759 3474 εἶναι
2811 3420 2952 3473 κατὰ
3008 3421 3106 3488 τὴν
3146 3419 3368 3471 οὑσίαν·
3414 3420 3636 3486 ἀμιγεῖς
3683 3419 3739 3471 δὲ
3784 3420 3933 3486 ὅμως
3972 3421 4068 3472 καὶ

2488 3512 2827 3580 ἀσυγχύτους
2868 3511 3162 3579 φυλάττειν
3216 3514 3314 3571 τάς
3377 3509 3669 3578 ἰδιότητας,
3697 3511 3778 3573 είς
3825 3510 4065 3579 ἀλλήλας

2488 3605 2657 3667 αὑτᾶς
2687 3604 2786 3665 τὰς
2821 3602 3151 3662 ὑποστάσεις
3191 3600 3604 3670 περιχωρούσας
3632 3616 3647 3632 ’
3704 3604 3753 3654 εί
3806 3603 3899 3654 καὶ
3937 3602 4070 3671 περὶ

2488 3696 2691 3749 τούτων
2723 3697 2755 3765 ἡ
2795 3694 3009 3749 διάνοια
3041 3694 3199 3765 ἡμῶν
3232 3694 3333 3748 οὑκ
3374 3694 3671 3761 ἐξικνεῖται
3705 3693 3782 3756 ὼς
3817 3693 3920 3747 δεῖ.

2570 3959 2629 4010 '0
2644 3959 2701 4012 δὲ
2723 3957 2895 4026 μέγας
2919 3958 3195 4020 Βασίλειος
3212 3958 3291 4020 είς
3307 3958 3539 4026 δήλωσιν
3562 3957 3653 4011 τοῦ
3683 3958 3923 4011 τοιούτου
3948 3958 4068 4027 (52)

2489 4051 2549 4103 τὸ
2607 4053 2663 4103 ὲν
2712 4050 2927 4119 οὐρανῷ
2980 4048 3134 4113 τόξον
3190 4049 3485 4118 λαμϐάνει,
3531 4050 3666 4119 ὅπερ
3697 4050 3826 4102 ὅταν
3858 4046 4069 4121 ὄμϐρος

2490 4140 2716 4209 γένηται
2740 4140 3013 4207 φαίνεται,
3046 4140 3347 4208 ὑγρότητος
3366 4140 3499 4208 περὶ
3526 4140 3616 4191 τδν
3646 4141 3781 4209 ἀέρα
3818 4159 4067 4195 συνιστα-

2493 4231 2682 4301 μένης,
2720 4231 2816 4283 καὶ
2863 4230 2961 4298 τῆς
2992 4231 3085 4282 τοῦ
3117 4232 3267 4299 ἡλίου
3298 4222 3519 4292 ἀκτῖνος
3563 4230 3705 4283 κατὰ
3745 4232 3807 4282 τὸ
3836 4233 4067 4299 πλάγιον

2494 4323 2895 4393 ὑποτρεχούσης
2924 4322 3022 4393 τὴν
3055 4322 3370 4390 πυκνότητα
3390 4322 3497 4374 τῶν
3527 4324 3735 4391 νεφῶν⁶
3778 4319 3898 4377 εἶτα
3923 4325 4062 4377 κατὰ

2491 4418 2551 4471 τὸ
2583 4418 2711 4470 εὑθὺ
2741 4418 2892 4485 νέφει
2917 4417 3022 4468 τινὶ
3048 4415 3139 4468 τὸν
3172 4414 3372 4468 κύκλον
3405 4416 3494 4467 τὸν
3527 4417 3659 4469 ἴδιον
3709 4418 4064 4488 ἐπερειδομέ-

802 4534 950 4572 unus
984 4517 1099 4585 ipse
1124 4515 1424 4568 secundum
1460 4514 1605 4564 aeris
1633 4508 1996 4563 substantiam
2032 4510 2121 4573 sit,
2186 4509 2386 4561 tltllllOS
2423 4522 2465 4576 ι)
2490 4527 2551 4579 νη

2326 4524 2386 4561 os
2423 4522 2465 4576 υ
2490 4526 2607 4579 νης.
2636 4509 2845 4577 Ὥσπερ
2880 4505 2986 4577 γὰρ
3017 4506 3191 4558 ἐκεῖν’)
3222 4504 3281 4556 ἓν
3310 4506 3406 4573 μὲν
3430 4504 3545 4556 ἔστι
3581 4504 3720 4557 κατὰ
3741 4508 3843 4573 τὴν
3873 4507 4068 4559 οὐσίαν

802 4612 950 4665 inse
1018 4613 1377 4676 reptasscntat
1454 4602 1687 4663 colores,
1745 4616 2048 4671 eorumque.
2092 4603 2270 4670 palam
2307 4602 2385 4653 di-

801 4701 1026 4755 slittclit)
1080 4698 1240 4751 uobis
1273 4695 1604 4757 iuuotescit;
1641 4708 1955 4762 quanquam
2022 4692 2111 4745 alii
2171 4692 2238 4744 ab
2264 4691 2384 4743 aliis

802 4793 1033 4851 sentsim
1068 4788 1292 4843 anubis
1340 4802 1504 4841 sensu
1572 4785 1774 4853 percipi
1840 4799 1946 4836 non
2000 4784 2231 4851 possint,
2290 4782 2385 4836 sed

799 4882 1204 4956 quodammodo
1225 4890 1277 4933 et
1302 4878 1598 4933 continuos
1631 4884 1680 4929 et
1722 4874 1995 4929 discretus
2025 4881 2130 4939 est,
2166 4888 2230 4928 ac
2253 4889 2388 4941 pene

801 4994 1023 5034 sensum
1060 4975 1217 5038 fallit,
1249 4982 1305 5027 ut
1363 4973 1510 5043 quod
1562 4970 1800 5025 medium
1865 4986 1927 5023 ex
1956 4985 2015 5023 se
2060 4969 2388 5023 commiscet

798 5070 1171 5135 discernitque
1196 5064 1484 5118 distinctos
1515 5062 1568 5114 in
1603 5075 1671 5115 eo
1694 5059 1933 5121 colores,
1968 5057 2217 5127 diguosci
2270 5070 2381 5110 non

798 5162 989 5233 possit.
1043 5158 1134 5212 Sic
1183 5166 1237 5210 et
1306 5156 1363 5208 in
1448 5153 1727 5208 communi
1805 5152 2032 5206 Deitatis
2115 5149 2379 5215 essentia,

804 5255 1166 5325 insignientes
1221 5250 1583 5319 preprietates
1615 5248 1851 5311 elucent,
1885 5260 2035 5305 cum,
2086 5243 2154 5296 ad
2188 5256 2381 5296 essen-

797 5347 931 5401 tiam
968 5341 1112 5412 quod
1147 5347 1381 5409 spectat,
1445 5339 1593 5393 nulla
1647 5339 1701 5392 in
1751 5335 2001 5407 personis
2052 5332 2387 5402 intelligatur

796 5438 1117 5500 distinctio;
1149 5432 1523 5503 eaqueomnis
1576 5434 1628 5488 in
1697 5428 2124 5502 proprietatibus
2174 5428 2381 5481 solum-

862 5626 910 5662 ⁸⁸
944 5624 1100 5677 Rom.
1142 5635 1261 5685 \‘tll,
1295 5617 1380 5675 15.

863 5817 973 5885 (3:)
1010 5814 1176 5885 tamn.
1212 5812 1299 5867 ιε.

2488 4601 2584 4655 τοῦ
2622 4602 2802 4670 ἀέρος,
2824 4655 2835 4665 ,
2859 4597 3029 4652 πολλὰ
3085 4596 3141 4650 δὲ
3189 4597 3247 4647 ἐν
3280 4597 3429 4667 αὑτῷ
3461 4595 3731 4665 χρώματα
3761 4598 4067 4664 φαίνονται⁹

2496 4697 2590 4748 γαὶ
2622 4691 2869 4760 φανερῶς
2901 4690 2998 4753 τὰς
3038 4689 3304 4757 διαφοράς
3355 4691 3561 4741 τούτων
3591 4688 4028 4759 διαγινώσκομεν
4051 4705 4067 4721 ⁸

2497 4784 2558 4838 οὑ
2588 4783 2809 4835 δυνατὸν
2834 4782 2889 4834 δὲ
2921 4783 2988 4850 τῇ
3020 4779 3272 4847 αἰσθήσει
3296 4778 3628 4832 καταλαϐεῖν
3664 4780 3764 4848 τὴν
3787 4781 4071 4836 διάστασιν

2496 4875 2591 4929 τοῦ
2630 4876 2818 4945 ἑτέρου
2852 4873 2988 4942 πρὸς
3035 4873 3095 4926 τὸ
3152 4872 3339 4941 ἕτερον
3365 4886 3381 4903 ·
3410 4872 3546 4923 ἀλλά
3594 4871 3794 4941 τρόπον
3824 4874 3947 4925 τινὰ
3973 4876 4071 4927 καὶ

2500 4966 2721 5032 συνεχές
2770 4965 2887 5017 ἐστι
2929 4964 3022 5017 καὶ
3053 4964 3455 5035 διαιρούμενον,
3490 4960 3588 5029 τὴν
3622 4961 3878 5018 αἴσθησιν
3906 4966 4071 5034 ἡμῶν

2485 5055 2846 5118 ὑποκλέπτον,
2876 5053 2950 5117 ὡς
2983 5054 3059 5122 μὴ
3093 5054 3480 5121 διαγινώσκειν
3510 5057 3601 5108 τὸν
3646 5055 3740 5107 τοῦ
3770 5054 3858 5112 διὰ
3894 5053 4064 5125 μέσου

2482 5146 2573 5199 τἰν
2623 5145 2918 5213 μιγνύοντα
2961 5144 3029 5197 δι’
3086 5145 3283 5197 ἑαυτοῦ
3319 5146 3415 5198 καὶ
3468 5146 3773 5215 χωρίζοντα
3833 5145 4071 5214 τὴντῶν

2482 5238 2660 5310 χροῶν
2691 5238 2989 5306 ἑτερότητα
3010 5254 3023 5267 ·
3065 5237 3211 5290 οὕτω
3235 5240 3330 5292 καὶ
3359 5240 3417 5291 ὲν
3447 5240 3513 5309 τῇ
3541 5238 3819 5310 κοινότητι
3850 5240 3949 5309 τῆς
3982 5240 4075 5293 οὑ-

2483 5332 2600 5396 σίας
2628 5329 2725 5384 τοῦ
2747 5330 2882 5383 Θεοῦ
2907 5332 2959 5383 αἱ
2983 5314 3344 5401 γνωριστικαὶ
3365 5330 3628 5403 ίδιότητες
3659 5333 4067 5404 ἐπιλάμπουσι,

2483 5426 2622 5479 κατὰ
2661 5423 2762 5494 μὲν
2817 5424 2918 5494 τὴν
2967 5420 3154 5476 οὐσίαν
3178 5421 3437 5493 οὐδεμιᾶς
3488 5423 3548 5477 ιν
3578 5426 3699 5489 ταῖς
3731 5424 4071 5482 ὑποστάσεσι

1464 5619 1506 5650 ’ν
1530 5614 1571 5671 ll
1605 5617 1729 5671 Cor.
1764 5630 1846 5681 ttt,
1881 5613 1963 5667 l7.
1996 5613 2041 5645 ⁹⁶
2074 5611 2193 5668 Gal.
2222 5627 2273 5675 ν,
2310 5610 2396 5666 18.
2472 5612 2514 5643 ⁹¹
2554 5607 2712 5669 ltom,
2752 5621 2870 5677 vui,
2910 5606 2996 5663 15.
