4428 6444
406 388 513 453 509

1386 389 1479 445 DE
1529 384 1943 445 l‘RlNClPllS
1973 390 2174 448 FlDle
2209 392 2671 452 C.\THOLIC.‘E.

3525 399 3630 460 570

403 492 726 565 νοουμένηςΔ
752 492 1039 561 διαφορᾶς,
1098 493 1236 546 κατὰ
1269 494 1324 545 δὲ
1361 496 1459 554 τὰς
1484 495 1664 546 αὐτῶν
1698 495 1958 561 ἰδιότητας
1995 500 2032 551 Α
2068 514 2152 548 ιιιι)

1876 512 1958 554 :1;
1995 500 2032 551 Α
2068 500 2227 549 modo
2256 512 2532 552 versetur:
2570 513 2621 551 ut
2664 512 2715 554 et
2744 502 2996 553 unionem
3032 504 3082 553 iu
3108 501 3372 565 essentia,
3418 512 3468 555 et
3510 504 3625 556 dis-

409 588 572 651 μὸνον
605 584 705 651 τῆς
742 584 1004 649 διαφορᾶς
1036 581 1199 650 οὔσης
1224 597 1238 611 ⁸
1278 585 1417 636 ὥστε
1466 589 1558 637 καὶ
1596 586 1654 636 το
1683 586 1961 651 συνημμέ-

402 674 497 725 ὖον
554 674 612 724 ἐν
664 675 729 741 τῇ
788 674 969 741 οὐσίᾳ,
1030 674 1121 725 καὶ
1176 678 1236 727 τὸ
1270 674 1672 744 κεχωρισμένον
1703 675 1841 726 κατά
1866 675 1962 731 τὰς

402 762 732 824 ὑποστάσεις
760 764 1134 826 διδάσκεσθαι,
1170 769 1216 817 εἰ
1254 766 1369 827 καὶ,
1403 765 1592 831 ὥσπερ
1629 765 1718 815 ἐπὶ
1745 762 1838 814 τοῦ
1877 763 1962 813 τό-

402 849 522 913 ξου,
554 852 615 901 οὐ
642 853 912 919 δυνάμεθα
949 855 1147 915 ίκανῶς
1187 857 1251 924 τῇ
1288 855 1538 924 αἰσθήσει
1568 855 1839 922 διακρῖναι
1869 851 1962 903 τοῦ

402 941 489 991 Et"
503 958 594 1010 pou
645 942 704 993 τὸ
733 943 950 1011 ἕτερον’
982 944 1123 996 οὕτω
1156 944 1433 997 κάνταῦθα
1473 945 1534 995 τὸ
1565 944 1621 995 ἓν
1651 942 1744 993 τοῦ
1778 943 1962 1008 ἑτέρου

401 1031 788 1099 διεζευγμένον
815 1036 912 1085 οὐκ
944 1035 1059 1085 ἐστι
1090 1035 1226 1085 νοεῖν
1260 1033 1347 1086 διὰ
1370 1033 1466 1101 τὴν
1496 1032 1802 1100 ἀκροτάτην
1823 1031 1961 1082 ἑνω-

402 1138 512 1173 σιν.
554 1123 612 1174 Εἰ
634 1123 690 1174 δὲ
724 1125 813 1174 ἐπὶ
844 1124 949 1175 τῶν
978 1125 1098 1177 καθ’
1140 1125 1286 1191 ἡμᾶς
1311 1124 1412 1175 οὐκ
1432 1121 1667 1190 ὲξισχύει
1699 1122 1796 1189 τὴν
1823 1119 1961 1172 ἔνω-

402 1230 490 1264 σιν
531 1215 623 1265 καὶ
675 1215 774 1281 τὴν
812 1214 1083 1281 διάκρισιν
1115 1213 1335 1275 τελείως
1377 1212 1722 1273 καταλαῦεϊν,
1753 1210 1868 1270 πῶς
1900 1209 1959 1261 οὐ

401 1303 584 1369 πολλῷ
626 1305 830 1370 μᾶλλον
862 1307 951 1355 ἐπὶ
980 1306 1078 1367 τῆς
1101 1305 1259 1369 ἁγίας
1280 1304 1504 1371 Τριάδος
1539 1301 1632 1353 τοῦ
1664 1303 1775 1353 ἑνὸς
1802 1298 1959 1359 Θεοῦ,

399 1393 500 1456 τῆς
531 1394 668 1461 ὑπὲρ
698 1394 873 1445 πάντα
902 1394 996 1445 καὶ
1032 1396 1212 1446 πᾶσαν
1247 1394 1428 1461 νόησιν
1464 1392 1809 1460 ἀσυγκρίτως
1836 1391 1960 1459 ὲεῃ-

405 1482 670 1551 ρημένης,
702 1484 734 1551 ἡ
766 1483 870 1534 τῶν
891 1482 1163 1549 λογισμῶν
1205 1481 1503 1549 κατάληψις
1530 1482 1884 1549 ἀδυνατήσει’;

998 1592 1237 1663 Recita.
1295 1594 1363 1646 E'.
1390 1640 1400 1647 .

404 1682 543 1749 Περὶ
588 1681 694 1749 τῆς
740 1684 1099 1749 σαρκώσεως
1122 1682 1229 1734 τοῦ
1272 1681 1417 1736 Θεοῦ
1445 1685 1636 1751 Λόγου
1662 1679 1812 1733 κατὰ
1851 1679 1957 1745 τὰς

947 1754 1110 1816 θείας
1138 1754 1167 1803 1
1173 1754 1261 1818 ’μα
1266 1751 1401 1818 φάς.

473 1843 691 1895 Τούτων
716 1843 769 1895 δὲ
802 1843 1185 1911 θεωρηθέντων
1210 1845 1349 1896 κατὰ
1380 1842 1476 1911 τὴν
1500 1842 1597 1910 τῆς
1620 1840 1837 1908 Γραφῆς
1865 1858 1896 1891 κ

398 1934 510 1986 τῶν
540 1933 709 1999 ἁγίων
737 1934 1098 1992 διδασκαλίαν,
1152 1934 1229 1985 ἔτι
1274 1933 1597 2001 πιστεύομεν
1636 1932 1731 1983 καὶ
1769 1932 1961 1998 ὁμολο-

400 2024 605 2092 γοῦμεν
634 2025 712 2076 ὅτι
734 2026 760 2076 6
793 2020 868 2084 εἷς
899 2024 992 2089 τῆς
1025 2023 1183 2090 ἁγίας
1231 2022 1454 2092 Τριάδος
1477 2026 1503 2075 6
1539 2024 1663 2083 Υίδς
1693 2022 1788 2074 τοῦ
1822 2022 1957 2075 Θεοῦ

401 2113 491 2166 ἐπ’
519 2116 762 2182 ἐσχάτων
781 2114 888 2165 τῶν
910 2102 1119 2166 αἰώνων
1144 2114 1229 2166 διὰ
1258 2116 1357 2183 τὴν
1380 2114 1655 2182 ἡμετέραν
1687 2115 1960 2182 σωτηρίαν

401 2203 815 2274 ὑπερϐαλλούσῃ
850 2204 1229 2273 φιλανθρωπίᾳ
1258 2204 1557 2272 προσέλαϐε
1582 2205 1640 2256 τὸ
1672 2205 1831 2273 σῶμα
1865 2205 1959 2256 ἀν-

402 2295 674 2363 θρώπινον
724 2296 786 2347 ἑκ
821 2295 921 2362 τῆς
957 2296 1116 2362 ἁγίας
1168 2295 1429 2347 Θεοτόκου
1481 2297 1572 2346 καὶ
1602 2295 1959 2363 ἀειπαρθὲνου

401 2385 638 2455 Μαρίας,
669 2387 760 2439 καὶ
791 2385 1053 2454 ἐγεννήθη
1086 2385 1144 2449 ἐξ
1172 2387 1340 2453 αὐτῆς
1361 2386 1433 2447 ὼς
1468 2386 1754 2453 ἄνθρωπος
1789 2388 1961 2455 χωρὶς

402 2478 697 2545 ἁμαρτίας,
752 2479 778 2529 6
831 2477 991 2538 αὐτὸς
1023 2475 1097 2528 ὢν
1126 2478 1256 2539 Θεὸς
1304 2478 1508 2539 τέλειος
1548 2481 1640 2529 καὶ
1673 2478 1961 2546 ἄνθρωπος

402 2569 624 2632 τέλειος,
656 2571 711 2621 ὲν
745 2570 841 2637 μιᾷ
872 2569 1165 2622 ὑποστάσει
1191 2568 1284 2623 δύο
1312 2572 1504 2635 φύσεις
1531 2569 1693 2637 ἔχων,
1732 2571 1825 2620 καὶ
1867 2570 1961 2621 δύο
2000 2622 2006 2633 ,

401 2662 634 2728 διάφορα
657 2661 936 2730 θελήματα
962 2662 1079 2720 ταῖς
1107 2660 1299 2727 φύσεσι
1331 2661 1637 2729 κατάλληλα
1672 2662 1766 2715 καὶ
1796 2678 1960 2730 προσ-

409 2753 643 2817 ήκονταο
701 2751 760 2802 τὸ
813 2752 907 2818 μὲν
934 2752 1075 2803 θεῖον
1103 2751 1360 2819 δηλονότι,
1414 2752 1475 2804 τδ
1504 2751 1559 2805 δὲ
1598 2752 1959 2818 ἀνθρώπινον.

403 2838 506 2891 Καὶ
528 2840 636 2907 γὰρ
660 2840 789 2891 ποτὲ
824 2841 922 2909 μὲν
950 2840 1024 2903 ὡς
1076 2841 1204 2902 Θεδς
1234 2843 1451 2910 ἐνήργει
1477 2859 1488 2871 ·
1528 2842 1656 2892 ποτὲ
1688 2842 1742 2893 δὲ
1772 2840 1846 2904 ὡς
1868 2843 1962 2895 ἄν-

402 2931 618 2997 ορωπος
644 2928 879 2997 ἐπραττέ
919 2945 976 2981 τε
1002 2929 1095 2982 καὶ
1117 2930 1344 2998 ἔπασχε.
1372 2929 1445 2980 Τὸ
1473 2930 1570 2997 μὲν
1596 2930 1706 2998 γὰρ
1737 2930 1962 2997 ἀνιστᾷν

400 3019 526 3077 τοὺς
564 3017 789 3085 νεκροὺς
822 3018 917 3068 καὶ
955 3017 1295 3087 παραλύτους
1334 3017 1678 3083 συσφίγγειν,
1714 3017 1962 3078 καὶτοὺς

1903 1807 2039 1890 αὶΒ

2067 591 2361 641 cretinnetn
2438 591 2489 640 itt
2567 592 2814 655 p"l’50llis
2886 593 3237 653 noverimus;
3311 606 3622 658 quanquam

2066 680 2207 731 sicut
2232 680 2283 730 in
2308 694 2437 731 arcu
2482 681 2712 732 alterum
2737 682 2804 733 ab
2836 682 3006 733 altero
3032 682 3170 733 hami
3226 684 3360 733 satis
3412 678 3623 733 discer-

2068 782 2196 819 nere
2222 782 2515 835 possumus
2549 785 2561 830 ;
2599 771 2676 821 sic
2708 785 2923 837 quoque
2950 773 3059 830 hic,
3099 771 3327 823 alterum
3368 771 3623 823 ahaltero

2064 856 2395 924 disjnnctum
2434 862 2653 914 minime
2676 861 3027 929 intelligatur,
3050 876 3155 929 qua
3184 876 3391 914 summa
3426 862 3624 913 unione

2065 955 2377 998 nectuntur.
2413 946 2506 998 Sin
2539 954 2717 999 autem
2750 948 2801 999 in
2836 948 2901 1001 iis
2928 964 3047 1016 qua:
3080 949 3315 1002 humano
3345 964 3441 1001 usu
3480 950 3621 1001 didi-

2063 1034 2258 1098 cimus,
2284 1036 2395 1103 ipsa
2424 1052 2451 1089 a
2476 1037 2629 1090 nobis
2650 1038 2779 1091 unio
2801 1052 2862 1090 ac
2884 1038 3135 1091 discretio
3166 1038 3307 1091 haud
3338 1039 3471 1101 satis
3500 1053 3624 1104 per-

2062 1123 2294 1190 cipitur;
2348 1126 2620 1193 quomodo
2657 1141 2759 1179 non
2791 1130 2947 1190 longe
2972 1126 3167 1194 potiori
3189 1128 3309 1194 jure
3337 1127 3390 1177 in
3435 1138 3622 1179 sancta

2064 1215 2329 1268 Trinitate
2356 1216 2516 1269 unius
2550 1219 2663 1275 Dei.
2699 1234 2819 1286 qua:
2844 1218 3096 1271 omnibus
3120 1220 3349 1281 eminet,
3383 1232 3622 1270 onmem-

2061 1318 2166 1369 que
2197 1306 2573 1373 cogitationem
2616 1309 3131 1377 incestrparahilibus
3162 1308 3333 1363 modis
3391 1306 3623 1368 excedit,

2060 1392 2329 1446 rationum
2357 1397 2769 1461 comprehensio
2796 1398 3145 1466 impossibilis
3169 1400 3307 1452 erit?

2684 1595 2908 1651 CAPUT
2944 1597 3008 1651 V.

2149 1681 2221 1733 De
2271 1682 2364 1735 Dei
2414 1682 2565 1737 Verbi
2614 1686 2971 1740 incarnatione
3018 1691 3171 1755 juxta
3232 1686 3549 1757 Scrip'ums.

2138 1835 2229 1888 llis
2259 1837 2329 1890 ita
2358 1838 2716 1892 consideratis
2771 1840 2924 1908 juxta
2959 1838 3259 1909 Scriptum.
3286 1856 3347 1895 ac
3412 1839 3625 1895 sancto-

2064 1942 2182 1977 rum
2217 1928 2539 1989 doctrinam,
2592 1930 2769 1982 adhuc
2823 1932 3098 1984 credimus
3156 1941 3211 1985 et
3280 1932 3623 1993 conﬁtemur,

2063 2033 2227 2069 unum
2260 2032 2322 2071 ex
2370 2029 2557 2073 sancta
2606 2020 2899 2079 Trinitate.
2956 2020 3152 2074 Filium
3226 2022 3339 2083 Dei,
3392 2023 3625 2076 novissi-

2064 2110 2163 2162 mis
2193 2109 2403 2163 saeculis
2424 2119 2643 2177 propter
2678 2120 2920 2164 nostram
2972 2111 3200 2164 salutem
3258 2111 3461 2165 eximia
3524 2128 3621 2165 sua

2061 2203 2345 2257 clementia
2380 2217 2443 2257 ac
2474 2202 2829 2271 benignitate,
2854 2202 3151 2255 humanum
3180 2217 3379 2271 corpus
3415 2218 3627 2256 assum-

2062 2292 2237 2361 psisse
2264 2308 2327 2347 ex
2358 2302 2543 2348 sancta
2578 2294 2671 2348 Dei
2704 2294 2976 2349 Genitrice
3019 2308 3344 2363 semperque
3404 2294 3625 2363 Virgine

2062 2382 2267 2446 Maria;
2302 2397 2478 2451 exque
2507 2397 2570 2437 ea
2606 2390 2793 2437 natum
2818 2384 3025 2452 absque
3076 2392 3323 2452 peccato,
3370 2383 3622 2437 eumdem

2063 2474 2228 2527 Deum
2258 2473 2555 2543 perfectum
2602 2488 2654 2530 et
2695 2476 2967 2530 hominem
3019 2476 3359 2545 perfectum:
3423 2475 3625 2543 duplici

2065 2571 2255 2615 natura
2287 2564 2341 2617 in
2391 2579 2496 2619 una
2536 2578 2792 2631 persona,
2850 2566 3163 2634 duplicique
3217 2566 3472 2618 distincta
3528 2581 3628 2633 pro

2065 2662 2380 2707 naturarum
2430 2655 2641 2709 ratione
2668 2655 2884 2724 illisque
2935 2665 3321 2713 consentanea,
3353 2656 3629 2708 voluntate

2066 2729 2345 2811 praeditum
2383 2761 2396 2797 :
2431 2745 2596 2798 altera
2632 2745 2872 2812 quidem.
2902 2748 3161 2799 nimirum
3190 2746 3372 2798 divina
3411 2763 3424 2798 :
3454 2748 3624 2800 altera

2064 2848 2216 2896 vero,
2277 2833 2538 2887 humana.
2605 2833 2945 2902 Quandoque
2994 2836 3136 2889 enim
3190 2836 3517 2903 operabatur
3573 2844 3631 2886 ut

2068 2922 2250 2978 Deus:
2296 2922 2621 2994 quandoque
2647 2939 2775 2979 vero
2824 2935 2883 2978 ut
2918 2925 3079 2980 homo
3145 2925 3339 2995 agebat
3396 2940 3459 2977 ac
3506 2939 3630 2992 per-

2067 3015 2387 3084 petiebatur.
2458 3013 2588 3069 Nam
2658 3025 2902 3070 mortuos
2953 3017 3167 3085 quidem
3229 3018 3513 3081 suscitare,
3578 3026 3633 3069 et

399 3103 636 3171 τυφλοὺς
686 3103 993 3171 ὀμματοῦν,
1023 3105 1117 3156 καὶ
1150 3106 1219 3156 τὰ
1262 3104 1424 3171 ὃμοια
1452 3103 1663 3166 τούτοις
1692 3104 1961 3172 ἐνεργεῖν.
1989 3130 2035 3192 C
2067 3120 2148 3174 pat

1879 3104 1961 3163 Iv,
1989 3130 2035 3192 Ο
2067 3105 2388 3175 paralyticos
2410 3106 2729 3175 astringere,
2781 3105 3057 3173 czecisque
3103 3105 3291 3159 oculos
3356 3120 3628 3174 reparare.

400 3195 655 3263 Θεότητος
680 3190 823 3263 ἦσαν
863 3194 958 3246 καὶ
1013 3193 1185 3262 ἀληθῆ
1220 3193 1351 3245 Θεὸν
1395 3195 1555 3246 αὑτὸν
1582 3194 1927 3265 ἐμαρτύρουν
1948 3209 1961 3225 ⁸

399 3287 463 3338 τὺ
498 3286 555 3338 δὲ
586 3287 776 3353 πεινῇν
807 3287 898 3336 καὶ
927 3283 1087 3353 διψῇν
1119 3284 1213 3337 καὶ⁵
1239 3285 1457 3354 κοπιᾷν,
1478 3284 1570 3338 καῖ
1600 3285 1817 3353 σταυρῷ
1854 3302 1963 3336 πα-

406 3376 811 3448 ραδοθῆναικαὶ
839 3378 982 3443 ταφῇ
1035 3377 1125 3427 καὶ
1176 3376 1414 3446 Θανάτῳ,
1466 3377 1637 3430 ταῦτα
1698 3377 1964 3443 δήπουθεν

401 3468 718 3537 ἀνθρώπινα
742 3462 900 3537 ἦσαν,
934 3465 1027 3518 καὶ
1059 3454 1271 3536 ἀληθῶς
1296 3468 1580 3537 ἄνθρωπον
1600 3469 1759 3520 αὐτὸν
1788 3471 1967 3537 ἐμαρ-

397 3558 599 3629 τύρουν

481 3653 547 3703 Ὅ
572 3651 632 3718 δὴ
666 3654 981 3721 μυστήριον,
1011 3652 1070 3702 τὸ
1096 3650 1185 3701 τὸν
1217 3649 1346 3702 Θεὸν
1376 3648 1662 3717 ἄνθρωπον
1687 3650 1963 3715 γενέσθαι,

399 3741 510 3792 τῶν
532 3743 588 3805 ἐξ
612 3743 804 3803 αἰῶνος
847 3742 1219 3795 ἁκουσϐἑνθων
1247 3739 1538 3807 θαυμάτων
1583 3742 1699 3791 ἐστὶ
1751 3740 1962 3805 θαυμα-

400 3834 683 3902 σιώτερον,
714 3834 831 3885 οὐδὲ
867 3835 973 3901 γὰρ
1008 3834 1064 3885 ὲν
1097 3832 1173 3899 τῷ
1199 3830 1413 3899 Χριστῷ
1439 3834 1610 3899 μόνην
1635 3835 1733 3899 μὲν
1757 3831 1964 3900 ἀνθρω-

400 3924 565 3991 πίνην
600 3924 759 3991 φύσιν
787 3924 820 3993 ἡ
850 3925 1111 3994 καθολικὴ
1145 3924 1323 3985 πίστις
1355 3923 1451 3990 τῆς
1486 3922 1809 3991 Ἐκκλησίας
1834 3925 1966 3989 ὁμο-

396 4014 572 4080 λογεῖ,
610 4013 708 4082 τὴν
768 4013 823 4065 δὲ
863 4011 1091 4081 Θεότητσ
1148 4012 1209 4062 οὺ
1268 4010 1406 4062 κατὰ
1432 4010 1612 4075 φύσιν,
1653 4008 1789 4060 ἀλλὰ
1828 4010 1965 4060 κατὰ

402 4104 636 4174 μετοχὴν
669 4104 725 4154 ὲν
753 4103 899 4170 αῦτῷ
929 4101 1200 4165 γενέσθαι,
1227 4099 1405 4161 καθὼς
1440 4100 1655 4168 ἐφρόνει
1701 4098 1963 4159 Φωτεινὸς

398 4196 491 4246 καὶ
519 4193 727 4255 Παῦλος
750 4196 775 4245 6
816 4190 1163 4258 Σιμοσατεύς
1185 4206 1198 4220 ’
1236 4191 1344 4241 οῦδ¹
1377 4192 1457 4242 ὅτι
1492 4191 1629 4241 κατὰ
1662 4187 1963 4255 φαντασίιν

397 4288 426 4338 6
474 4283 566 4336 τοῦ
592 4282 727 4335 θεοῦ
768 4282 892 4342 Υἱὸς
920 4280 1134 4347 ἐγένετο
1162 4280 1462 4346 ἄνθρωπος,
1489 4278 1675 4345 ὥσπερ
1709 4277 1966 4346 ἐφρόνουν

398 4378 451 4428 οἱ
484 4376 793 4443 δνιανιχαῖοι.
828 4372 960 4423 Οὐδὲ
1013 4370 1256 4423 διδάσκει
1290 4372 1323 4438 ἡ
1355 4370 1448 4421 τοῦ
1485 4368 1620 4420 Θεοῦ
1666 4367 1963 4435 Ἐκκλησία

2068 3205 2232 3265 atque
2262 3196 2315 3250 id
2340 3211 2510 3265 genus
2569 3211 2735 3265 opera
2806 3206 3067 3265 prmstare
3123 3196 3420 3249 divinitatis
3455 3206 3630 3256 erant.

2066 3303 2302 3357 eumque
2325 3302 2511 3340 verum
2548 3286 2717 3341 Deum
2743 3301 2885 3346 esse,
2922 3297 3068 3340 certa
3126 3299 3481 3365 argumenta;
3503 3302 3630 3342 esu-

2067 3378 2176 3431 rire
2199 3392 2322 3430 vero
2353 3384 2407 3429 et
2441 3377 2597 3431 sitire
2628 3385 2681 3429 et
2711 3375 2913 3430 (essum
2951 3392 3090 3437 esse,
3141 3377 3399 3445 crucique
3442 3388 3495 3431 ct
3545 3393 3634 3431 sc-

2068 3467 2295 3535 pnltura:
2334 3476 2388 3519 et
2430 3467 2593 3521 morti
2639 3465 2808 3521 fuisse
2848 3466 3131 3529 traditum,
3159 3468 3273 3520 h.ec
3339 3482 3470 3521 sane
3527 3469 3625 3522 hu-

2068 3574 2222 3612 tnana
2257 3567 2411 3612 erant
2444 3568 2498 3612 et
2545 3574 2665 3627 qua:
2683 3574 2805 3611 eum
2835 3573 2958 3612 vere
3003 3559 3274 3613 hominem
3316 3561 3632 3628 proderent.

2138 3647 2248 3702 Hoc
2274 3662 2408 3702 sane
2471 3647 2787 3717 mysterium
2858 3648 3048 3715 (Deum
3096 3649 3304 3702 scilicet
3362 3649 3631 3700 hominem

2067 3755 2188 3794 esse
2214 3740 2436 3808 factum)
2497 3739 2885 3793 miraculorum
2939 3756 3060 3809 qme
3114 3756 3143 3794 a
3189 3741 3391 3796 saeculo
3454 3741 3637 3792 audita

2065 3842 2212 3895 sunt,
2264 3845 2426 3886 omne
2482 3831 2654 3885 vincit
2725 3831 3068 3884 miraculum.
3131 3832 3312 3899 Neque
3370 3833 3514 3885 enim
3582 3848 3635 3885 ιιι

2066 3920 2284 3976 Christo
2335 3919 2625 3973 humanam
2679 3918 2848 3973 solum
2909 3928 3153 3973 naturam
3204 3919 3490 3973 conﬁtetur
3542 3918 3656 3973 Ec-‘

2066 4011 2245 4064 clesia:
2296 4008 2428 4063 fides
2481 4027 2495 4063 :
2545 4007 2806 4062 Deitatem
2878 4023 3006 4063 vero
3069 4024 3175 4061 non
3250 4020 3480 4071 natura,
3544 4011 3637 4062 sed

2069 4101 2481 4170 participatione
2517 4099 2570 4153 in
2594 4094 2671 4153 eo
2700 4098 2998 4164 exstitisse,
3035 4107 3094 4152 ut
3145 4110 3438 4153 sensuum
3495 4099 3636 4152 Pho-

2070 4196 2212 4246 tinus
2236 4202 2287 4246 et
2316 4192 2510 4245 Paulus
2538 4192 2923 4245 Samosatenus
2949 4208 2962 4243 :
2991 4205 3090 4243 nec
3121 4192 3405 4244 dumtaxat
3456 4191 3638 4259 specie

2069 4295 2222 4338 tenus
2248 4293 2302 4337 et
2344 4282 2656 4350 apparentia
2694 4282 2785 4335 Dei
2820 4278 3014 4333 Filium
3059 4281 3259 4333 factum
3288 4296 3407 4334 esse
3463 4282 3640 4333 homi-

2072 4390 2217 4434 nem,
2254 4375 2396 4441 quod
2433 4371 2713 4425 Manichzei
2746 4382 3061 4427 senserunt.
3111 4370 3219 4425 Nec
3244 4372 3402 4424 docet
3454 4371 3640 4424 Eccle-

396 4470 483 4521 ὅτι
533 4467 561 4517 ὁ
594 4469 687 4517 τοῦ
742 4462 877 4516 Θεοῦ
936 4463 1057 4523 Υἱὸς
1117 4462 1196 4522 είς
1224 4460 1593 4528 ίὰνθρωπίνην
1620 4518 1625 4526 ἠ
1657 4458 1958 4527 μελεὸλήῢη
1999 4459 2037 4512 D
2066 4467 2143 4520 εἰς.

1895 4459 1958 4523 θη
1999 4459 2037 4512 D
2066 4467 2143 4520 sin
2189 4466 2279 4519 Dei
2314 4465 2505 4519 Filium
2564 4464 2619 4517 in
2670 4464 2961 4516 humanam
3019 4478 3341 4516 conversum
3399 4477 3640 4525 Carnem,

399 4562 602 4627 σάρκα,
635 4556 709 4618 ὡς
736 4557 765 4606 6
808 4553 1214 4620 Ἀπολλινάριος
1257 4551 1441 4617 ἔλεγεν
1464 4564 1479 4577 ⁸
1532 4549 1640 4601 οὐδ’
1674 4550 1755 4600 ὅτι
1788 4550 1960 4617 μῦνην

402 4652 504 4718 μὲν
536 4649 758 4701 ἀνέλαϐε
808 4647 989 4709 σάρκα
1010 4661 1023 4675 ·
1058 4643 1263 4712 ἄψυχον
1301 4640 1480 4710 μέντοι
1528 4641 1620 4711 καὶ
1648 4641 1839 4705 ἄλογον
1871 4644 1963 4690 καὶ

400 4742 585 4802 ἄνουν,
618 4740 734 4791 ἀντὶ
762 4737 816 4788 δὲ
846 4736 1019 4805 ψυχῆς
1048 4735 1215 4804 μόνην
1240 4731 1386 4801 αὐτῷ
1418 4732 1515 4799 τὴν
1547 4732 1775 4798 θεότητα
1806 4748 1965 4797 γεγο-

401 4836 574 4894 ἰέναι,
608 4831 796 4898 ὥσπερ
824 4830 1040 4896 ’Λρειος
1071 4829 1199 4895 περὶ
1228 4825 1465 4894 Χριστοῦ
1496 4823 1770 4877 καὶτοῦτο
1797 4822 1958 4892 ἐφρό-

402 4942 556 4994 νησε,
592 4927 685 4975 καὶ
732 4922 1137 4988 Ἀπολλινὰριος
1176 4919 1528 4986 ἐλεγχόμενος
1561 4915 1664 4967 ὑπὸ
1700 4914 1797 4983 τῆς
1832 4916 1972 4982 Γρα-

404 5016 534 5085 φῆς,
564 5013 727 5066 ὅτιού
766 5010 1070 5081 μετεὸλήοη
1104 5012 1131 5062 6
1161 5009 1254 5062 τοῦ
1288 5008 1423 5060 Θεοῦ
1472 5008 1599 5069 Υἱὸς
1632 5008 1712 5068 εἰς
1762 5006 1973 5074 homo-

404 5105 568 5171 πίνην
599 5103 802 5171 σάρκα,
836 5101 931 5153 καὶ
970 5099 1313 5169 μεταϐαίνων
1358 5098 1438 5160 είς
1459 5096 1643 5161 τοῦτο,
1673 5096 1754 5148 ὅτι
1789 5095 1967 5165 ψυχὴν

403 5193 727 5263 αἰσθητικὴν
773 5192 935 5245 ἔλαϐε
997 5191 1176 5259 μόνον,
1221 5190 1349 5243 ἄνευ
1384 5189 1567 5259 μέντοι
1614 5186 1853 5249 διανοίας
1879 5188 1975 5240 καὶ

403 5287 522 5352 νοῦ,
543 5287 580 5341 ἃ
606 5286 700 5354 τῆς
740 5286 963 5353 λογικῆς
1002 5284 1181 5354 ψυχῆς
1211 5284 1361 5336 ἐστιν
1411 5282 1538 5347 ἴδια,
1588 5281 1664 5345 ὡς
1693 5281 1789 5333 καὶ
1816 5281 1977 5335 τοῦτο

416 5381 473 5433 Ἀ
486 5379 826 5447 πολλινὰριος
879 5378 961 5430 ἕλε
979 5393 1062 5444 (εν
1087 5389 1101 5405 ⁸
1146 5376 1252 5428 οὐδ’
1278 5375 1362 5429 ὅτι
1386 5376 1419 5445 ἡ
1444 5373 1535 5427 τοῦ
1567 5371 1803 5443 Χριστοῦ
1828 5371 1974 5441 ψυχὴ

406 5472 512 5541 πρὸ
544 5469 638 5524 τοῦ
678 5470 884 5537 κόσμου
933 5467 1179 5538 ἐκτίσθη,
1239 5468 1313 5530 ὡς
1354 5465 1635 5537 Ὢριγένης
1668 5467 1762 5516 καὶ
1814 5462 1972 5517 τοῦτο

406 5563 732 5631 ἐφρόνησεν.

480 5653 605 5707 Οὐδ’
645 5655 727 5706 ὅτι
776 5651 1091 5723 ἁνθρῶπίνη
1120 5651 1265 5722 ψυχὴ
1298 5652 1392 5705 καὶ
1440 5650 1599 5720 σῶμα
1631 5649 1972 5716 ἀνθρώπινον

411 5750 489 5811 είς
516 5746 574 5800 ἓν
608 5747 942 5815 συνέστησαν
965 5745 1053 5798 ὲπῖ
1105 5744 1198 5797 τοῦ
1253 5746 1487 5813 Χριστοῦ
1523 5744 1645 5798 καθ’
1680 5744 1973 5814 ὁμοιότητι

2075 4557 2147 4609 ιιιὶ
2182 4555 2358 4609 aieb-tt
2387 4552 2756 4622 Apollinarius
2792 4568 3002 4621 :neque
3050 4553 3219 4606 solam
3249 4568 3372 4605 eum
3431 4567 3644 4606 assum-

2075 4650 2247 4712 psisse
2280 4659 2525 4706 carnem,
2582 4642 2878 4714 inanimem
2950 4652 3129 4695 tamen
3177 4643 3513 4711 rationisque
3574 4658 3639 4696 ac

2079 4736 2270 4790 tnettlis
2310 4743 2690 4803 expertem,ac
2740 4733 2826 4787 cui
2872 4733 2990 4786 loco
3048 4734 3241 4785 anime
3293 4747 3399 4807 qna
3459 4732 3643 4786 Deitas

2078 4826 2393 4886 exstitisset.
2437 4825 2581 4893 quod
2614 4825 2794 4893 ipsum
2824 4825 2985 4878 Arius
3040 4824 3211 4877 sensit
3273 4823 3340 4876 de
3381 4824 3637 4877 Christo:

2081 4914 2443 4984 Apollinarius
2466 4928 2592 4968 vero
2617 4929 2681 4967 ex
2735 4912 3017 4982 Scriptura
3064 4914 3348 4968 convictus
3394 4929 3457 4968 ac
3523 4929 3646 4982 pcr-

2076 5022 2289 5067 suasns,
2318 5021 2421 5057 non
2448 5010 2711 5055 mutatum
2749 5017 2868 5056 esse
2900 5002 2989 5056 Dei
3029 5001 3221 5055 Filium
3259 5002 3314 5055 in
3352 5002 3646 5053 humanam

2080 5113 2318 5155 Carneltl.
2353 5111 2525 5165 coque
2565 5093 2859 5155 transiens,
2897 5094 3042 5162 quod
3087 5094 3431 5148 solummodo
3494 5092 3655 5147 senti-

2078 5200 2257 5244 entem
2290 5190 2528 5242 animam
2559 5187 2936 5257 assumpserit,
2964 5187 3167 5253 absque
3229 5195 3408 5239 tamen
3459 5185 3656 5238 intellio

2083 5282 2263 5353 gentia
2303 5291 2355 5335 et
2394 5289 2591 5341 mente,
2624 5293 2746 5348 qua:
2777 5286 2905 5333 sunt
2938 5276 3154 5346 propria
3209 5278 3406 5331 anima:
3458 5276 3660 5329 utentis

2092 5376 2317 5432 ratione.
2352 5372 2428 5426 uti
2457 5372 2559 5424 hoc
2618 5371 2791 5438 ipsum
2844 5370 3056 5423 dicebat
3104 5369 3494 5438 Apollinarius.
3545 5366 3655 5420 Nec

2087 5470 2227 5535 quod
2254 5467 2431 5519 anima
2465 5462 2820 5518 Christiante
2867 5463 3124 5516 mundum
3191 5462 3410 5515 condita
3471 5459 3657 5524 fuerit,

2087 5557 2233 5627 quod
2262 5557 2434 5626 ipsum
2464 5552 2728 5623 Origenes
2758 5553 2948 5608 sensit.

2149 5648 2254 5703 Nec
2285 5625 2430 5717 quod
2465 5647 2703 5701 hmnana
2747 5642 2928 5697 anima
2952 5625 3032 5697 ὀι
3081 5656 3282 5711 corpus
3334 5640 3652 5701 humanum,

2077 5747 2127 5797 in
2166 5742 2382 5798 Christo
2418 5738 2469 5793 iu
2521 5750 2687 5794 unum
2723 5734 3006 5797 coivcrint,
3036 5735 3118 5789 uti
3160 5748 3217 5789 se
3243 5748 3329 5787 res
3377 5731 3540 5786 habet
3598 5734 3651 5782 in
