4428 6444
757 400 856 463 571
2019 400 2411 461 M.\.\'UELIS
2447 398 2752 458 CALECE
3889 392 3992 454 572

759 511 983 578 reliquis
1013 509 1351 569 hominibus,
1380 509 1543 576 inque
1574 523 1641 562 eo
1678 510 1896 565 homine
1931 522 1988 565 ut
2034 513 2087 565 in
2127 513 2327 579 templo
2358 516 2402 568 Α
2429 509 2507 562 τῶ

2241 513 2327 579 plo
2358 516 2402 568 Α
2429 509 2538 562 τῶν
2593 509 2767 563 ἀλλων
2808 505 3132 575 ἀνθρώπων,
3182 502 3275 554 καὶ
3322 503 3379 553 ὲν
3416 502 3590 569 τούτῳ
3623 499 3698 569 τῷ
3718 500 3989 568 ἀνθρώπω

758 602 983 667 proprio
1021 600 1274 654 Christus
1304 600 1635 653 habitaverit
1673 603 1795 668 (per
1842 604 2073 669 gratiam
2099 605 2327 671 scilicet)
2429 598 2507 648 ὥσ

2238 605 2327 671 :et)
2429 598 2619 665 ὥσπερ
2654 598 2711 647 ὲν
2764 595 2877 663 ίδίῳ
2924 592 3037 659 ναῷ
3083 593 3109 643 6
3160 590 3393 657 Χριστὸς
3424 587 3739 655 κατῴκησεν
3773 587 3987 652 (χάριτι

760 690 904 743 velut
950 691 1001 743 in
1040 690 1263 757 reliquis
1291 691 1548 743 omnibus
1576 692 1803 755 sanctis,
1858 692 1933 744 uti
1984 693 2166 745 docuit
2227 692 2331 745 Ne-
2428 686 2509 754 δη]

2240 692 2331 745 ‘le-
2428 685 2733 754 δηλονότι),
2764 684 2837 745 ὼς
2865 684 2921 735 ὲν
2951 684 3063 742 τοῖς
3084 680 3271 739 ἀλλοις
3302 679 3464 731 πᾶσιν
3488 678 3687 743 ἁγίοις,
3723 677 3858 742 ὅπερ
3888 673 3989 724 Νε-

759 782 983 834 storius.
1014 780 1198 846 Neque
1224 782 1359 834 duas
1393 781 1715 850 hypostases
1752 796 1846 835 seu
1899 796 2182 849 personas.
2227 796 2328 835 nec

760 886 922 925 uuam
956 882 1203 924 naturam
1237 881 1331 924 aut
1361 874 1715 925 voluntatem.
1745 872 1888 925 Nihil
1918 875 2063 927 enim
2129 875 2325 926 horum

755 963 921 1013 sentit
957 962 1197 1015 Ecclesia
1228 963 1519 1023 catholica,
1552 976 1673 1029 qua:
1709 963 1991 1030 nugaciter
2022 965 2317 1017 commenti

758 1058 887 1102 sunt
919 1049 1181 1110 ItzrrClici,
1214 1049 1306 1115 qui
1348 1060 1400 1102 et
1429 1050 1695 1116 reprobati
1731 1057 1859 1103 sunt
1919 1049 1988 1103 ab
2043 1050 2327 1103 universa-

759 1140 898 1191 libus
935 1140 1180 1206 synodis,
1216 1141 1284 1192 ab
1319 1139 1422 1193 illis
1454 1139 1675 1205 abjecti,
1712 1148 1769 1193 ut
1796 1141 1889 1209 qui
1931 1140 2108 1193 aliena
2141 1157 2169 1193 a
2194 1155 2324 1194 sana

757 1231 861 1282 ﬁde
884 1232 949 1280 de
978 1231 1195 1283 tlhristo
1238 1230 1510 1284 senserint
1546 1248 1558 1282 :
1594 1231 1687 1283 sed
1724 1231 2010 1283 conﬁtetur
2041 1241 2094 1283 et
2136 1232 2326 1297 praedi-

755 1330 841 1373 cat
880 1321 931 1372 in
962 1321 1178 1373 Christo
1208 1322 1446 1373 divinam
1480 1330 1731 1374 naturam
1777 1320 2095 1389 perfectam,
2132 1331 2186 1374 et
2224 1328 2321 1371 hu-

757 1426 968 1461 manam
1015 1422 1263 1460 naturam
1303 1409 1620 1477 perfectam,
1656 1426 1717 1460 et
1763 1411 1938 1463 anima
1989 1412 2198 1465 scilicet
2244 1426 2327 1463 ra-

759 1500 950 1553 liuttzili
1014 1510 1066 1552 et
1123 1500 1356 1552 humana
1396 1515 1555 1552 carne
1589 1502 1967 1561 constitutam,
2031 1502 2324 1566 unitasque

754 1590 927 1642 fuisse
964 1592 1150 1642 ambas
1185 1592 1281 1643 has
1328 1600 1574 1651 naturas,
1614 1605 1721 1643 non
1750 1607 1844 1658 per
1888 1592 2056 1644 solam
2117 1593 2326 1645 inhabi-

753 1682 1041 1742 tatinnem,
1072 1697 1170 1733 nec
1214 1682 1511 1733 secundum
1564 1682 1783 1748 aliquod
1850 1682 2130 1743 accidens,
2180 1682 2325 1734 \‘clttt

755 1771 914 1821 homo
949 1772 1132 1821 unilur
1166 1773 1485 1822 testiincnlo
1515 1788 1526 1822 :
1567 1786 1664 1824 nec
1700 1773 1810 1824 sola
1842 1770 2116 1839 personali
2180 1772 2323 1825 rela-

751 1861 899 1912 tione
927 1874 987 1911 ac
1027 1861 1503 1929 proprietatct’hoc
1545 1872 1647 1921 est,
1704 1864 2125 1925 necessitudine,
2183 1865 2326 1917 solo-

749 1964 857 2015 que
914 1951 1177 2015 nomine),
1243 1953 1336 2003 sed
1443 1953 1745 2004 secundum
1789 1967 1949 2003 uuam
2002 1955 2323 2023 hypostasin

751 2054 1029 2107 unumque
1062 2042 1392 2108 subjectum.
1434 2044 1509 2095 Ac
1534 2044 1676 2096 sicut
1707 2044 1759 2096 in
1792 2043 2058 2098 Triuitate
2106 2047 2158 2098 in
2219 2060 2321 2097 una

752 2141 942 2183 natura
987 2133 1169 2200 plures
1206 2149 1449 2200 persona:
1488 2136 1841 2188 consistunt:
1896 2136 1975 2190 sic
2036 2136 2088 2189 in
2146 2136 2325 2189 incar-

752 2224 987 2275 nationis
1015 2224 1294 2292 mysterio,
1322 2225 1371 2277 iu
1403 2225 1648 2291 pluribus
1699 2228 1907 2281 naturis
1940 2228 2157 2295 (nempe
2191 2226 2325 2281 dua-

754 2313 876 2376 hus)
911 2328 1014 2364 una
1064 2314 1371 2368 consistens
1410 2330 1641 2383 persona
1684 2326 1789 2371 est.
1835 2316 2045 2370 Etenim
2085 2319 2186 2372 hoc
2239 2333 2324 2372 so-

749 2401 1029 2457 lummodo
1062 2412 1207 2457 stare
1231 2413 1458 2473 possunt
1483 2421 1603 2474 qua:
1627 2407 1677 2458 in
1711 2406 2011 2475 Scripturis
2042 2408 2109 2462 de
2142 2411 2322 2463 incar-

750 2496 971 2549 natione
1007 2497 1202 2551 tradita
1235 2508 1381 2552 sunt.
1442 2498 1574 2553 Cum
1627 2500 1774 2552 enim
1826 2499 2107 2569 Scriptura
2171 2504 2321 2557 nullo

747 2586 1067 2638 discrimine
1099 2601 1216 2654 qua:
1249 2587 1339 2640 Dci
1374 2597 1521 2649 sunt,
1578 2586 1791 2641 homini
1847 2590 2070 2652 tribuat,
2111 2601 2164 2643 et
2202 2606 2323 2661 qua:

748 2687 875 2729 sunt
910 2678 1168 2741 hominis,
1192 2678 1301 2731 Deo
1338 2697 1349 2732 :
1376 2689 1571 2732 utcum
1600 2680 1763 2733 dicit:
1800 2677 1895 2733 llic
1935 2680 2098 2732 homo
2124 2682 2321 2733 caelum

747 2791 757 2814 ι
785 2777 801 2817 ι
834 2778 1033 2821 terram
1058 2770 1348 2823 ﬁrmavit"
1376 2790 1386 2823 :
1425 2781 1498 2833 et,
1534 2771 1795 2825 Dominus
1825 2773 2010 2840 gloria:
2029 2772 2324 2825 cruciﬁxus

748 2868 801 2908 et
842 2868 1099 2911 mortuus
1126 2860 1296 2923 est”;
1354 2875 1574 2914 neci-sse
1603 2873 1687 2915 est
1744 2877 1910 2914 unum
1963 2862 2326 2930 eumdemque

746 2962 891 3007 esse.
919 2950 985 3003 tle
1020 2966 1127 3017 quo
1162 2960 1393 3020 utraque
1427 2953 1568 3007 dicta
1631 2954 1736 3007 sint
1772 2970 1786 3018 ;
1817 2963 1871 3008 et
1916 2954 2043 3024 quia
2091 2954 2159 3008 de
2230 2953 2323 3009 illo

746 3039 1004 3092 dicuntur
1033 3042 1329 3104 contraria,
1370 3052 1429 3097 ut
1457 3052 1604 3108 sunt,
1636 3043 1932 3096 obnoxium
1965 3043 2316 3112 passmnibus

746 3144 799 3183 et
826 3146 932 3183 non
953 3132 1273 3197 obnoxium,
1317 3136 1547 3187 mortale
1579 3143 1634 3187 et
1674 3135 1981 3189 immortale
2014 3153 2029 3199 ;
2071 3143 2122 3188 et
2162 3152 2174 3187 :
2213 3133 2318 3200 Qui
2349 3171 2393 3229 α

743 3227 848 3281 est,
894 3220 990 3274 ﬁt:
1021 3228 1073 3274 ct
1118 3219 1395 3276 lncrea’tus
1428 3234 1671 3287 creatur,
1710 3232 1765 3276 et
1824 3238 1946 3293 qua:
1994 3233 2124 3279 sunt
2178 3225 2322 3295 ejus-

745 3309 889 3362 modi
926 3327 940 3373 ;
974 3324 1077 3364 nec
1133 3310 1246 3364 ﬁeri
1288 3320 1484 3381 potest,
1524 3321 1583 3366 ut
1612 3312 1726 3365 hzcc
1751 3311 1820 3367 de
1848 3313 2042 3367 eodem
2108 3323 2162 3369 et
2239 3329 2325 3369 se-

742 3403 980 3453 cundum
1010 3401 1152 3455 idem
1185 3412 1314 3458 vere
1346 3402 1600 3457 dicantur
1630 3404 1747 3472 (qui
1779 3404 1926 3459 enim
1952 3404 2064 3471 ﬁat,
2091 3414 2145 3460 ut
2179 3406 2319 3461 idem

739 3492 1038 3543 Secundum
1074 3491 1215 3545 idem
1267 3492 1495 3547 mortale
1525 3491 1688 3547 simul
1720 3503 1773 3546 et
1802 3493 2130 3559 immortale,
2166 3510 2323 3549 crea-

744 3592 856 3634 tum
904 3592 958 3635 et
1004 3582 1308 3636 increatum
1338 3582 1638 3654 exsistat?)
1671 3585 1960 3639 conﬁtetur
1997 3584 2091 3640 Dei
2132 3584 2321 3639 Eccle-

738 3672 844 3733 sia.
898 3673 1197 3726 secundum
1224 3672 1392 3727 alium
1427 3672 1707 3743 aliumque
1737 3674 1960 3729 modum
2009 3674 2115 3729 dici
2139 3676 2321 3730 omnia

738 3778 858 3830 qme
888 3762 954 3816 de
973 3762 1192 3817 Christo
1215 3763 1476 3818 dicuntur
1512 3780 1527 3817 :
1563 3764 1636 3818 ita
1683 3764 1969 3828 nimirum,
2029 3774 2089 3819 ut
2133 3765 2320 3819 divina

733 3855 959 3923 quidem
1008 3855 1085 3908 illi
1122 3855 1473 3920 conveniant,
1504 3857 1807 3912 secundum
1838 3858 1991 3926 quod
2020 3866 2105 3912 est
2134 3858 2274 3912 Deus
2305 3874 2317 3911 :

741 3951 979 4000 humana
1016 3957 1222 4010 autem,
1251 3957 1524 4017 quatenus
1563 3948 1728 4003 homo
1761 3948 1940 4005 factus
1972 3959 2077 4006 est.
2100 3950 2313 4006 Etenim

737 4039 1039 4091 secundum
1079 4037 1173 4093 Dei
1211 4038 1440 4093 formam
1470 4057 1483 4094 :
1530 4058 1547 4091 ι
1582 4038 1778 4095 Omnia
1803 4056 1901 4111 per
1934 4042 2111 4111 ipsum
2177 4042 2318 4097 facta

733 4144 763 4181 ε
787 4130 961 4181 uit“:
1006 4146 1023 4179 ι
1068 4130 1288 4197 ipseque
1310 4138 1365 4184 et
1396 4131 1560 4184 Pater
1592 4146 1759 4185 unum
1793 4141 1941 4186 sunt.
1969 4132 2032 4185 Et
2064 4150 2077 4186 :
2114 4150 2132 4183 ι
2165 4132 2319 4187 Sicut

737 4221 895 4274 Pater
922 4221 1084 4276 habet
1116 4223 1282 4276 vitam
1320 4224 1371 4276 in
1404 4224 1718 4289 semetipso,
1764 4224 1844 4279 sic
1877 4224 2024 4279 dedit
2064 4233 2120 4279 et
2175 4224 2315 4280 Filio

734 4316 900 4366 vitam
930 4314 1129 4367 habere
1158 4316 1210 4367 in
1242 4314 1538 4383 semetipso
1564 4312 1611 4345 ”
1646 4332 1664 4365 ι
1734 4315 1950 4384 (nempe
1975 4314 2163 4383 genuit
2190 4330 2315 4369 eum

730 4410 920 4472 mam,
956 4408 1031 4462 uti
1060 4407 1284 4477 exponit
1304 4408 1523 4462 divinus
1556 4407 2026 4478 Clirysostomus).
2051 4408 2118 4463 Et
2149 4426 2168 4458 ι
2198 4408 2316 4475 ipse

2430 777 2639 844 στόριος
2696 775 3069 841 ἐδογμάτισεν.
3129 772 3265 825 Οόδὲ
3322 770 3417 821 δύο
3465 767 3811 826 ὑποστάσεις,
3865 763 3987 814 οὐδὲ

2432 869 2560 936 μίαν
2589 867 2749 935 φύσιν
2779 866 2811 934 ἦ
2860 866 3096 933 Θέλησιν.
3130 863 3298 916 Οὐδέν
3324 879 3376 913 τι
3404 862 3609 913 τούτων
3644 858 3678 924 ἡ
3727 853 3988 921 καθολικὴ

2438 957 2737 1025 Ἐκκλησία
2787 956 2993 1025 φρονεῖ,
3046 956 3190 1022 ἀπερ
3235 953 3586 1019 ιφλυάρησαν
3623 948 3672 998 οί
3704 944 3991 1013 αίρετικοὶ,

2426 1050 2476 1102 οἳ
2503 1050 2595 1103 καὶ
2639 1045 3158 1115 ἀπεδοκιμάσθησαν
3211 1043 3317 1095 ὑπὸ
3389 1037 3693 1093 καθολικῶν
3758 1034 3991 1087 συνόδων

2428 1139 2876 1209 ἀπορριφθέντες,
2900 1136 2974 1198 ὡς
2998 1135 3253 1201 ἀλλότρια
3267 1135 3365 1201 τῆς
3388 1130 3575 1197 ὑγιοῦς
3599 1127 3831 1187 πίστεως
3860 1124 3991 1189 περὶ

2427 1227 2521 1280 τοῦ
2559 1226 2792 1296 Χριστοῦ
2819 1227 3186 1295 φρονήσαντες
3205 1235 3218 1251 ·
3249 1222 3363 1274 ἀλλ’
3388 1220 3635 1287 ὁμολογεῖ
3664 1217 3757 1269 καὶ
3786 1212 3991 1282 κηρὺτο

2426 1333 2507 1368 τει
2533 1317 2590 1366 ὲν
2619 1315 2695 1383 τῷ
2727 1314 2951 1383 Χριστῷ
2983 1310 3127 1365 εῖναι
3167 1310 3321 1363 Θείαν
3362 1308 3522 1376 φύσιν
3546 1306 3756 1357 τελείαν
3781 1302 3875 1354 καὶ
3900 1302 3993 1353 ἀν-

2428 1408 2706 1477 Θρωπίνην
2752 1405 2986 1467 τελείαν,
3019 1406 3082 1456 ὲκ
3125 1403 3301 1470 ψυχῆς
3326 1398 3573 1466 δηλονότι
3611 1394 3834 1460 λογικῆς
3863 1409 3990 1442 συν.

2427 1501 2719 1567 εστηκυῑαν
2740 1498 2834 1549 καὶ
2862 1495 3208 1564 ἀνθρωπίνης
3236 1492 3439 1559 σαρκός
3465 1506 3477 1518 ·
3514 1490 3606 1539 καὶ
3636 1489 3717 1538 ὅτι
3742 1479 3898 1536 αὗται
3933 1484 3989 1532 al

2425 1590 2519 1642 δύο
2556 1590 2745 1656 φύσεις
2776 1587 3016 1656 ἦνωνται
3043 1584 3104 1635 οὑ
3142 1582 3282 1633 κατά
3337 1573 3498 1647 μόνον
3566 1577 3837 1641 ἐνοίκησιν
3873 1573 3991 1622 οὐδὲ

2426 1680 2567 1731 κατά
2614 1695 2667 1729 τι
2732 1673 3099 1742 συμϐεϐηκὸς,
3133 1672 3322 1736 ὥσπερ
3373 1668 3588 1719 ἑνοῦται
3616 1664 3693 1732 τῷ
3731 1663 3932 1730 ίματίῳ
3964 1664 3992 1712 6

2427 1768 2712 1836 ἄνθρωπος
2731 1782 2745 1797 ⁸
2772 1764 2894 1817 οὔτε
2924 1765 2981 1815 ὲν
3013 1764 3147 1830 μόνῃ
3180 1759 3506 1830 προσωπικῇ
3532 1756 3713 1824 σχέσει
3742 1755 3835 1805 καὶ
3868 1753 3993 1804 ἰδιό-

2427 1877 2567 1927 τητι,
2595 1857 2874 1910 τουτέστιν
2911 1855 3203 1920 οἰκειότητι
3244 1854 3335 1902 καὶ
3359 1851 3584 1916 ὀνόματι
3626 1854 3821 1915 μόνον·
3857 1843 3990 1895 ἀ).λά

2427 1951 2569 2003 κατά
2597 1949 2727 2017 μίαν
2759 1948 3057 2000 ὑπόστασιν
3091 1947 3187 1996 καὶ
3225 1942 3588 2007 ὑποκείμενον
3613 1937 3696 1990 ἓν.
3745 1939 3853 1988 Καὶ
3887 1937 3992 1985 ὥσ-

2426 2060 2531 2111 περ
2555 2043 2613 2094 ὲν
2652 2041 2718 2109 τῇ
2744 2038 2935 2108 Τριάδι
2956 2040 3015 2091 ὲν
3051 2038 3149 2106 μιᾷ
3180 2036 3339 2103 φύσει
3374 2031 3547 2085 πλείω
3579 2031 3687 2083 εἰσὶ
3728 2030 3992 2095 πρόσωπα

2427 2134 2731 2203 ὑφεστῶτα,
2757 2131 2901 2183 οῦτω
2932 2133 2989 2183 ὲν
3014 2129 3091 2196 τῷ
3122 2128 3222 2197 τῆς
3250 2127 3583 2194 σαρκώσεως
3614 2122 3900 2193 μυστηρίῳ
3936 2121 3994 2170 ὲν

2429 2226 2640 2279 πλείοσι
2698 2221 2914 2292 φύσεσι,
2968 2220 3250 2274 τουτέστιν
3298 2222 3357 2271 ὲν
3404 2218 3575 2278 δυσὶν,
3605 2216 3663 2268 ἓν
3699 2215 3992 2283 πρόσωπον

2429 2312 2696 2379 ὑφεστὼς.
2754 2312 2862 2362 Καὶ
2912 2309 3020 2377 γάρ
3072 2308 3211 2360 κατὰ
3258 2305 3447 2358 τοῦτον
3478 2305 3634 2373 μόνον
3668 2301 3759 2354 τδν
3792 2300 3995 2366 τρόπον

2427 2399 2680 2452 δύνανται
2706 2395 2973 2461 σώζεσθαι
3000 2394 3072 2447 τά
3092 2395 3151 2446 ὲν
3169 2394 3287 2452 ταῖς
3312 2393 3554 2461 Γραφαῐς
3581 2386 3995 2457 παραδεδομένα.

2428 2490 2555 2560 περὶ
2583 2490 2681 2558 τῆς
2699 2487 3047 2558 σαρκώσεως.
3083 2486 3234 2538 Ἐπεὶ
3264 2484 3372 2552 γὰρ
3395 2486 3427 2550 ή
3453 2481 3644 2552 Γραφὴ
3663 2478 3995 2545 ἀδιακρίτως

2425 2579 2504 2651 τῷ
2558 2581 2830 2651 ἀνθρώπῳ
2875 2578 2944 2632 τὰ
2981 2579 3079 2632 τοῦ
3133 2576 3268 2629 Θεοῦ
3327 2575 3639 2635 ἀποδίδωσι,
3681 2570 3869 2624 καὶτὰ
3897 2567 3992 2621 τοῦ

2426 2674 2713 2743 ἀνθρώπου
2741 2673 2818 2740 τῷ
2840 2673 2957 2741 Θεῷ
2974 2712 2989 2737 ,
3010 2671 3084 2733 ὡς
3107 2672 3235 2723 ὅταν
3254 2669 3388 2739 λέγῃ
3407 2684 3420 2697 ·
3442 2667 3501 2719 '0
3529 2666 3815 2733 ἄνθρωπος
3840 2654 3994 2723 οὗτος

2423 2764 2649 2834 οὐρανὸν
2702 2764 2797 2816 καὶ
2826 2764 2928 2830 γῆν
2993 2761 3326 2831 ἐστερέωσευ
3378 2760 3493 2821 καὶ,
3543 2757 3600 2809 't)
3638 2755 3838 2822 Κύριος
3894 2753 3995 2819 τῆς

2424 2857 2582 2926 δόξης
2613 2854 2932 2923 ἐσταυρώθη
2964 2855 3056 2905 καὶ
3083 2853 3353 2904 ἀπέθανεν
3376 2865 3389 2881 ’
3427 2852 3637 2916 ἀνάγκη
3666 2848 3763 2899 ἕνα
3788 2848 3879 2899 καὶ
3905 2846 3997 2895 τὸν

2424 2946 2587 2999 αὑτὸν
2616 2939 2755 2997 εἶναι
2790 2945 2919 3010 περὶ
2945 2937 3004 2996 οὗ
3028 2943 3317 3011 ἀμφότερα⁴
3340 2944 3588 3008 εἴρηνται
3611 2956 3626 2969 ο
3658 2941 3754 2991 καὶ
3780 2939 3901 2990 ἐπεὶ
3925 2938 3993 2989 τά

2425 3038 2641 3090 ἐναντία
2689 3037 2935 3101 λέγονται
2977 3035 3105 3102 περὶ
3156 3032 3345 3094 αὑτοῦ,
3396 3032 3471 3093 ὼς
3507 3032 3566 3083 τὸ
3628 3028 3870 3097 παθητὸν
3904 3031 3998 3080 καὶ⁸

2424 3127 2656 3190 ἀπαθὲς,
2720 3127 2814 3180 καὶ
2865 3125 2926 3179 τὸ
2954 3125 3147 3194 θνητὸν
3182 3123 3277 3177 καὶ
3329 3123 3626 3176 ἀθάνατον·
3676 3123 3793 3184 καὶ,
3837 3119 3896 3172 '0
3922 3118 3997 3172 ὢν

2426 3220 2655 3288 γίνεται,
2680 3220 2794 3285 καὶ,
2837 3216 2904 3274 Ὀ
2926 3219 3178 3279 ἀκτιστος
3216 3216 3482 3280 κτίζεται,
3516 3216 3608 3267 καὶ
3636 3212 3702 3265 τὰ
3727 3212 3952 3265 τοιαῦτα
3981 3230 3995 3245 ’

2426 3310 2684 3366 ἀδύνατον
2727 3310 2785 3363 δὲ
2833 3309 3090 3377 λέγεσθαι
3125 3306 3301 3361 ταῦτα
3362 3307 3505 3362 κατά
3564 3306 3659 3359 τοῦ
3690 3305 3857 3361 αὑτοῦ
3906 3305 3999 3356 καὶ

2425 3400 2643 3454 κατὰτὸ
2677 3399 2808 3455 αὑτὸ
2841 3399 3057 3469 ἀληθῶς
3090 3398 3247 3470 (πῶς
3277 3400 3387 3469 γὰρ
3410 3400 3562 3452 ἔσται
3596 3400 3657 3453 τδ
3696 3399 3827 3452 αὑτδ
3855 3398 3998 3452 κατά

2423 3493 2485 3546 τὸ
2517 3493 2649 3548 αὑτδ
2680 3494 2773 3545 καὶ
2802 3492 2998 3564 θνητὸν
3039 3492 3176 3561 ὁμοῦ
3202 3493 3301 3546 καὶ
3329 3493 3617 3555 ἀθάνατον,
3659 3493 3753 3546 καὶ
3780 3493 3999 3544 κτιστδν

2426 3583 2520 3637 καὶ
2540 3584 2829 3650 ἀκτιστον;
2937 3584 3195 3654 ὁμολογεῖ
3224 3585 3259 3654 ἡ
3284 3583 3379 3638 τοῦ
3409 3582 3545 3636 Θεοῦ
3590 3582 3882 3653 Ἐκκλησία
3916 3583 3998 3635 ὅτι

2426 3676 2546 3729 καθ’
2573 3677 2761 3746 ἕτερον
2787 3678 2882 3731 καὶ
2912 3677 3101 3746 ἕτερον
3130 3677 3334 3747 τρόπον
3363 3675 3613 3744 λέγονται
3638 3676 3701 3729 τά
3729 3675 3997 3743 λεγόμενα

2426 3764 2603 3818 πάντα
2637 3768 2767 3837 περὶ
2798 3764 2893 3819 τοῦ
2929 3763 3201 3836 Χριστοῦ’
3243 3765 3488 3835 δηλονότι
3523 3764 3592 3818 τά
3630 3765 3729 3835 μὲν
3758 3764 3875 3817 θεῖα
3904 3766 3999 3835 ἀρ-

2427 3855 2687 3921 μόζουσιν
2711 3856 2883 3928 αὐτῷ,
2912 3858 3099 3911 καθότι
3132 3859 3250 3911 ἐστὶ
3281 3856 3411 3920 Θεός
3433 3872 3448 3888 '
3481 3857 3548 3909 τὰ
3576 3856 3631 3909 δὲ
3659 3855 3995 3924 ἀνθρώπινα,

2424 3948 2611 4001 καθότι
2651 3947 2870 4015 ἐγένετο
2912 3947 3225 4017 ἄνθρωπος.
3288 3946 3396 4001 Καὶ
3445 3948 3555 4017 γὰρ
3592 3947 3731 3999 κατὰ
3773 3946 3869 4014 μὲν
3900 3945 3998 4014 τὴν

2420 4040 2519 4096 τοῦ
2551 4041 2690 4096 Θεοῦ
2722 4041 2937 4113 μορφὴν
2972 4061 2991 4095 ι
3028 4042 3213 4097 Πάντα
3241 4040 3309 4094 δι’
3341 4039 3506 4095 αὑτοῦ
3541 4040 3757 4103 ἐγένετο
3786 4054 3800 4069 ·
3837 4058 3855 4091 ι
3903 4039 4000 4091 καὶ

2421 4134 2584 4196 αὐτὸς
2619 4135 2715 4187 καὶ
2743 4136 2769 4187 6
2799 4134 2987 4205 Πατὴρ
3013 4135 3072 4186 ἓν
3095 4137 3202 4186 είσι
3226 4150 3239 4166 ο
3288 4136 3403 4194 καὶ,
3442 4156 3460 4187 σ
3510 4136 3723 4201 Ὠσπερ
3747 4134 3772 4184 ό
3811 4132 3998 4200 Πατὴρ

2420 4226 2531 4296 ἔχει
2561 4226 2703 4294 ζωὴν
2734 4227 2792 4279 ὲν
2830 4226 3035 4296 ἑαυτῷ,
3067 4227 3244 4293 οὕτως
3285 4230 3456 4281 ἔδωκε
3484 4228 3579 4282 καὶ
3607 4227 3683 4295 τῷ
3713 4226 3825 4295 Υἱῷ
3858 4224 4000 4293 ζωὴν

2418 4318 2564 4389 ἔχειν
2593 4320 2651 4371 ὲν
2693 4319 2868 4388 ἑαυτῷ
2893 4338 2910 4372 ι
2956 4320 3277 4390 (τουτέστιν,
3303 4321 3593 4389 ἐγέννησεν
3626 4318 3790 4371 αὑτὸν
3830 4316 3995 4385 ζωὴν,

2419 4409 2602 4472 καθὼς
2630 4411 2657 4462 6
2684 4411 2826 4473 θεῖος
2861 4410 3246 4481 Χρυσόστομος
3276 4408 3602 4479 ἐξηγεῖται),
3632 4409 3730 4461 καὶ
3783 4426 3802 4459 ι
3833 4406 3997 4467 αὑτός

725 4511 812 4553 est
845 4515 1005 4555 verus
1037 4499 1198 4563 Deus,
1225 4500 1333 4555 vita
1351 4508 1551 4555 aeterna
1584 4498 1651 4555 π.
1671 4519 1688 4552 ι
1726 4498 1968 4570 Itemque
1983 4498 2166 4553 omnia
2191 4514 2312 4570 quae
2346 4500 2388 4557 D
2422 4502 2474 4555 tu

2250 4514 2312 4554 ιω
2346 4500 2388 4557 D
2422 4502 2571 4555 ἐστιν
2600 4503 2627 4554 6
2655 4501 2912 4569 ἀληθινὸς
2935 4502 3088 4565 Θεὸς,
3114 4502 3149 4572 ἡ
3171 4501 3284 4572 ζωὴ
3305 4502 3340 4572 ἡ
3370 4500 3588 4564 αίὼνιος
3607 4517 3625 4535 ο
3656 4520 3674 4554 ι
3705 4502 3801 4555 καὶ
3821 4501 3999 4555 πάντα

733 4592 888 4646 habet
916 4590 1093 4655 Pater,
1151 4592 1271 4661 ejus
1317 4600 1466 4647 sunt.
1519 4592 1610 4647 Ait
1668 4590 1812 4646 enim
1852 4608 1867 4644 :
1908 4590 2148 4647 «Omnia
2197 4606 2314 4645 mea

728 4694 825 4736 tuo
857 4694 1022 4737 sunt:
1061 4693 1113 4735 et
1142 4691 1232 4735 tua
1286 4698 1404 4737 mea
1435 4692 1564 4737 sunt
1595 4692 1687 4737 :et
1713 4681 2046 4737 clariﬁcatus
2075 4697 2196 4737 sum
2260 4682 2316 4737 in

727 4775 812 4828 eis
844 4776 909 4828 ν.
948 4794 966 4826 ι
995 4773 1308 4829 Secundum
1328 4788 1459 4826 vero
1506 4772 1756 4828 servilem
1786 4773 2030 4829 hominis
2053 4771 2311 4839 formam,

725 4881 894 4933 quam
932 4866 1230 4935 assumpsit
1261 4880 1279 4919 :
1318 4884 1335 4917 ι
1370 4862 1573 4927 Factus
1597 4876 1770 4919 estex
1804 4864 2056 4931 muliere,
2135 4864 2314 4920 lactus

724 4960 833 5012 sub
863 4959 979 5030 lege
1012 4960 1098 5014 ":
1132 4978 1150 5011 ι
1180 4968 1235 5014 et
1268 4976 1283 5015 :
1322 4976 1341 5011 ι
1398 4958 1517 5015 Νοη
1572 4959 1719 5013 venit
1740 4968 1798 5012 ut
1856 4959 2063 5013 faceret
2124 4957 2317 5015 volun-

726 5061 894 5106 tatem
943 5066 1121 5113 suam.
1151 5050 1247 5106 sed
1276 5052 1397 5121 ejus
1450 5052 1541 5119 qui
1588 5049 1735 5105 misit
1787 5064 1913 5103 eum
1938 5051 2005 5103 ”.
2039 5068 2057 5096 ι

803 5140 964 5195 Multa
994 5145 1179 5210 itaque
1206 5142 1273 5197 de
1302 5141 1520 5196 Christo
1544 5141 1805 5196 dicuntur
1829 5142 2074 5207 nomine,
2102 5140 2313 5198 idcirco

726 5235 988 5290 nimirum
1019 5234 1161 5304 quod
1192 5235 1364 5289 ambae
1396 5244 1606 5288 natum
1652 5234 1704 5287 in
1742 5249 1904 5288 unam
1937 5248 2228 5304 personam
2259 5235 2312 5288 in

725 5344 795 5383 co
843 5330 1148 5383 coiveruut.
1175 5326 1249 5380 Et
1291 5326 1419 5388 illis,
1456 5328 1707 5397 qua-dam
1761 5327 1812 5380 ei
1857 5328 2212 5392 conveniunt,
2256 5337 2315 5382 ut

727 5421 874 5475 Deus
921 5430 1025 5482 est,
1075 5420 1536 5491 quemadmodum
1591 5416 1862 5483 diximus;
1903 5418 2129 5488 hincque
2177 5418 2315 5473 adeo

726 5514 952 5567 numina
999 5514 1067 5568 de
1121 5514 1214 5569 illo
1266 5514 1523 5570 dicuntur
1575 5521 1702 5567 aute
1758 5511 2070 5579 unionem;
2125 5510 2222 5592 sed
2262 5520 2316 5567 ct

799 5718 847 5747 ’τ’
874 5715 1016 5769 Ρμλι.
1071 5732 1236 5771 sun.
1301 5717 1332 5765 ﬁ
1429 5715 1515 5766 “l
1573 5713 1698 5766 Cor.
1758 5730 1817 5775 ll,
1879 5715 1929 5768 8.

736 5804 869 5853 nu,
909 5787 990 5843 l0.
1073 5788 1114 5819 9"
1150 5787 1325 5842 Ualat.
1360 5802 1430 5847 tv,
1465 5785 1517 5839 Α.
1600 5786 1644 5816 ⁹⁹
1694 5782 1855 5839 Joan.
1907 5801 1980 5863 γ,
2034 5786 2120 5840 58.

2010 5717 2055 5744 ”
2096 5715 2255 5770 .luan.
2296 5731 2333 5780 ι,
2382 5718 2434 5770 5.

2422 4593 2525 4647 ὃσα
2553 4593 2665 4664 ἔχει
2692 4594 2722 4646 6
2752 4593 2962 4664 Πατὴρ,
2989 4593 3157 4647 αὑτοῦ
3194 4595 3321 4650 είσι.
3362 4615 3381 4646 ε
3422 4596 3607 4649 ῐιάντα
3640 4598 3771 4666 γὰρ,
3793 4612 3811 4646 ι
3839 4596 3996 4663 φησὶ,

2429 4701 2448 4734 ι
2488 4683 2557 4736 τὲ
2585 4682 2695 4752 ὲμά
2722 4673 2955 4745 ditata,
2990 4684 3089 4737 καὶ
3139 4684 3209 4737 τά
3239 4684 3309 4739 σά
3339 4684 3485 4753 ὲμά·
3523 4686 3621 4737 καὶ
3664 4684 3996 4752 δεδόξασμαι

2423 4774 2483 4830 ὲν
2513 4775 2732 4838 αὐτοῖς·
2779 4794 2798 4827 ο
2842 4775 2989 4832 κατά
3038 4775 3096 4828 δὲ
3139 4775 3240 4846 τὴν
3269 4775 3365 4829 τοῦ
3418 4776 3709 4847 ἀνθρώπου
3744 4776 3999 4846 δουλικὴν

2425 4865 2662 4936 μορφὴν,
2699 4866 2768 4936 ην
2802 4864 3193 4936 προσελάδετο,
3254 4886 3273 4919 ι
3322 4865 3573 4934 Ἐγένετο
3610 4869 3676 4920 ὲκ
3708 4866 3991 4935 γυναικὸς,

2422 4956 2640 5025 ἐγένετο
2680 4956 2784 5009 ὑπὸ
2838 4956 3021 5025 νόμον,
3066 4974 3086 5010 ι
3124 4958 3241 5022 καὶ,
3281 4975 3300 5009 t
3343 4958 3457 5010 Οὑιι
3490 4952 3623 5028 ἦλθε
3654 4955 3881 5026 ποιῆσαι
3934 4956 3999 5009 t6

2423 5049 2636 5121 θέλημα
2666 5050 2855 5113 αὑτοῦ,
2892 5050 3028 5103 ἀλλά
3062 5049 3156 5101 τοῦ
3188 5049 3506 5119 πέμψαντος
3531 5048 3715 5103 αὑτόν.
3765 5065 3784 5099 ι

2490 5138 2669 5193 Πολλά
2696 5138 2879 5195 τοίνυν
2912 5138 3007 5193 ἐπὶ
3034 5136 3130 5190 τοῦ
3162 5137 3401 5196 Χριστοῦ
3440 5137 3686 5207 ὀνόματα
3720 5137 3999 5204 λέγονται,

2419 5235 2510 5289 διὰ
2548 5235 2649 5305 τὴν
2702 5232 2811 5286 τῶν
2863 5232 2958 5286 δύο
3018 5234 3238 5303 φύσεων
3298 5230 3608 5303 συνδρομὴν
3664 5232 3809 5284 κατά
3872 5229 4002 5299 μίαν

2420 5326 2720 5381 ὑπόστασιν
2747 5342 2761 5357 ο
2799 5326 2865 5379 τὰ
2902 5326 3003 5395 μὲν
3031 5326 3141 5396 γὰρ
3173 5322 3513 5395 ἁρμόζουσιν
3564 5320 3713 5392 αὑτῷ
3740 5323 3816 5383 di;
3854 5320 3997 5391 Θεῷ,

2422 5418 2679 5490 καθάπερ
2733 5419 3003 5488 είπομεν·
3064 5418 3158 5472 καὶ
3213 5419 3387 5472 ταῦτα
3450 5417 3693 5487 ὀνόματα
3738 5415 3847 5485 πρὸ
3901 5414 4001 5481 τῆς

2425 5508 2673 5575 ὲνὼσεως
2728 5511 2816 5564 ἐπ’
2850 5509 3018 5565 αὑτοῦ
3054 5510 3345 5565 καλοῦνται
3376 5527 3389 5543 ο
3425 5509 3729 5581 ἀρμόζουσι
3783 5506 3838 5561 δὲ
3894 5506 4001 5577 πρὸ

3743 5711 3786 5743 ’⁷
3838 5706 3998 5765 Joan.

2512 5719 2557 5747 θ’
2614 5715 2777 5769 Joan.
2814 5712 2980 5778 x,50.
3062 5714 3105 5743 "
3178 5712 3392 5765 IJoan.
3463 5728 3510 5773 ν,
3569 5711 3662 5766 ‘20.
