4428 6444
409 406 515 469 573
1364 406 1460 465 DE
1506 412 1922 473 PRINCIPHS
1959 414 2165 473 FlDEl
2204 415 2665 473 CATIIOLICJC.
3541 412 3647 469 5'75.

411 522 509 582 τῆς
540 516 783 576 ἐιὼσεως
818 514 912 568 καὶ
950 513 1048 567 ὅσα
1088 512 1214 583 περὶ
1252 517 1415 569 αὐτοῦ
1448 524 1795 587 προφητικῶς
1830 524 1979 591 εἵρη-
2010 524 2054 579 Α
2086 537 2160 575 aui

1892 540 1979 591 ρη-
2010 524 2054 579 Λ
2086 534 2207 575 ante
2242 524 2493 576 nuioucm
2529 520 2857 575 conveniunt
2909 522 3073 572 etiam
3118 533 3177 569 ea
3218 517 3398 570 omnia
3430 533 3547 582 quae
3579 518 3641 569 de

416 622 507 655 ται
530 621 541 634 ·
577 606 651 665 ὡς
682 605 758 665 τὸ,
803 622 822 654 r
872 604 930 655 Ὀ
960 604 1093 665 Θεὸς
1123 605 1277 673 ἡμῶν
1305 609 1559 674 ἐμφανῶς
1592 610 1731 677 ἥξει.
1768 629 1787 661 ι
1844 613 1973 671 Καὶ,
2080 613 2165 662 illo

1898 613 1973 671 αὶ,
2080 613 2171 662 illo
2220 610 2534 678 prophetice
2583 594 2722 662 dicta
2778 620 2906 663 sunt
2944 628 2954 660 :
2990 607 3295 671 cuiusmodi
3330 616 3411 667 est
3458 606 3585 659 illud
3627 623 3639 657 :

420 709 439 743 ι
489 692 617 744 Ίδτιὺ
671 695 697 743 ὁ
764 692 1015 760 βασιλεύς
1069 711 1160 745 σου
1218 694 1436 761 ἔρχεταί
1491 714 1591 749 σοι.
1648 716 1667 746 ι
1734 700 1840 749 Καὶ
1892 703 1974 761 τὸ,
2084 698 2169 748 rt

1894 703 1974 761 τὸ,
2084 718 2101 748 ι
2145 698 2284 751 Deus
2321 709 2503 751 noster
2528 697 2817 750 manifeste
2850 698 3028 749 veniet
3063 697 3099 748 ¹.
3141 713 3156 744 ι
3191 694 3252 746 Et
3284 712 3296 746 :
3338 713 3354 744 ι
3392 695 3523 746 Ecce
3552 710 3643 745 rex

421 784 604 857 (Μετὰ
636 782 808 833 ταῦτα
834 783 924 833 ἐπὶ
952 785 1049 844 τῆς
1074 785 1173 849 γῆς
1199 784 1375 851 ὤφθη,
1409 787 1502 837 καὶ
1530 788 1640 847 τοῖς
1663 787 1973 855 ἀνθρώποις
2079 802 2170 841 ιιιιι

1900 805 1973 850 ιις
2079 802 2203 841 tuus
2257 789 2402 841 venit
2434 789 2476 840 ¹.
2519 807 2535 836 ι
2589 788 2718 839 Illud
2780 789 2957 839 item:
2998 806 3013 836 ι
3059 786 3179 838 Post
3228 786 3341 837 lure
3391 786 3441 836 iu
3491 785 3649 836 terris

418 874 830 940 συνανεστράφη
862 890 875 903 ⁴
913 893 929 923 ι
972 875 1086 925 ἀντὶ
1110 874 1221 933 τοῦ.
1258 872 1585 943 Ὀφθήσεται
1625 877 1714 927 καὶ
1753 895 1977 931 συνανα-
2078 878 2160 929 vis

1902 896 1977 931 ια-
2078 878 2228 929 visus
2259 886 2361 937 est,
2386 886 2439 927 et
2470 890 2592 928 cum
2631 875 2945 927 hominibus
2966 881 3317 926 conversatus
3340 883 3419 922 cst
3446 873 3516 930 ³;ι
3558 884 3651 935 pro

420 963 812 1028 στραφήσεται.
848 962 954 1014 Καὶ
1010 962 1090 1025 ea,
1130 982 1146 1012 ι
1182 962 1384 1031 Κύριος
1437 965 1618 1017 ἐκτισέ
1681 982 1745 1033 με
1804 968 1978 1035 ἀρχὴν
2082 982 2146 1021 eo

1902 969 1978 1035 [ὴν
2082 982 2146 1021 eo
2182 982 2244 1021 ac
2273 969 2439 1033 dicat,
2474 966 2760 1019 Videbitur
2788 973 2842 1019 et
2872 964 3307 1017 conversabitur.
3358 960 3489 1013 Illud
3519 975 3651 1027 quo-

418 1052 554 1102 ὁδῶν
587 1050 773 1112 αὐτοῦ,
807 1069 824 1100 ι
861 1052 980 1103 ἀντὶ
1017 1052 1131 1114 τοῦ,
1162 1054 1351 1105 κτίσει
1380 1073 1466 1122 με.
1501 1058 1671 1109 Τοῦτο
1700 1057 1807 1125 γὰρ
1840 1059 1980 1121 τινες
2082 1071 2167 1124 Qui

1899 1059 1980 1121 νές
2082 1071 2220 1124 que,
2252 1055 2504 1108 Dominus
2535 1055 2726 1107 creavit
2761 1070 2838 1106 me
2870 1053 3085 1104 initium
3122 1052 3330 1102 viarum
3359 1064 3575 1100 suarum
3598 1048 3648 1110 ‘;

426 1143 525 1208 μὲν
565 1142 671 1191 τῶν
705 1143 873 1206 ἁγίων
908 1144 999 1193 ἐπὶ
1032 1143 1129 1209 τῆς
1160 1144 1468 1214 κτισθείσης
1502 1154 1704 1215 σαρκός
1736 1148 1813 1214 τῷ
1864 1147 1982 1217 Θεῷ
2085 1162 2175 1215 pro

1910 1148 1982 1217 εῷ
2085 1162 2183 1215 pro
2226 1147 2442 1199 Crcabit
2479 1161 2583 1198 me.
2621 1144 2733 1199 Hoc
2768 1144 2911 1197 enim
2967 1151 3277 1195 sanctorum
3323 1140 3541 1206 quidam
3592 1136 3655 1187 de

420 1231 580 1296 Λόγῳ
608 1229 858 1293 ἐξέλαϐον
890 1247 901 1259 ·
931 1231 1025 1283 καὶ⁸
1057 1232 1115 1283 τὸ
1158 1233 1440 1299 ἑπόμενον,
1474 1255 1491 1287 ι
1536 1238 1648 1305 ῐιρὺ
1675 1238 1732 1289 δὲ
1764 1238 1983 1291 πάντων
2086 1252 2169 1291 car

1911 1256 1983 1291 ων
2086 1252 2246 1291 carne
2277 1237 2383 1289 Deo
2416 1235 2595 1289 Verbo
2622 1245 2802 1289 creata
2848 1235 3267 1293 intellexerunt;
3319 1240 3371 1282 et
3399 1229 3539 1297 quod
3575 1243 3660 1280 se-

421 1320 533 1370 τῶι
590 1319 792 1385 βουνῶν
842 1322 1006 1388 γεννᾷ
1056 1339 1144 1389 με,
1178 1341 1194 1372 ι
1231 1322 1307 1390 τῷ
1361 1325 1479 1392 Θ-ᾦ
1536 1328 1711 1392 Λόγῳ,
1776 1330 1839 1381 ἐκ
1891 1330 1984 1382 τοῦ
2087 1326 2170 1394 qui

1912 1330 1984 1382 τοῦ
2087 1326 2271 1394 quitur
2292 1326 2421 1377 Ante
2448 1334 2619 1397 autem
2647 1337 2819 1375 omnes
2849 1323 3002 1374 colles
3028 1322 3190 1387 gignit
3226 1336 3327 1380 me,
3360 1319 3465 1371 Deo
3484 1317 3661 1369 Verho

424 1410 561 1459 Θεοῦ
595 1413 686 1460 καὶ
730 1412 935 1476 Πατρός
975 1414 1079 1477 πρὸ
1122 1414 1228 1463 τῶν
1264 1414 1474 1466 αἰώνων
1501 1417 1752 1469 ἁπάντων
1788 1437 1988 1485 γεννωο
2092 1426 2173 1467 ant

1916 1437 1988 1471 ωο
2092 1426 2215 1467 ante
2248 1414 2429 1465 omnia
2458 1414 2658 1466 saecula
2688 1428 2751 1464 ex
2791 1413 2900 1464 Deo
2934 1422 2985 1463 et
3037 1411 3193 1463 l‘atre
3242 1410 3426 1479 genito
3460 1408 3661 1460 tribue-

429 1499 579 1566 μένῳ
634 1500 935 1567 ἀνέϐησαν·
986 1500 1130 1561 τινὲς
1185 1502 1240 1553 δὲ
1294 1504 1384 1554 ἐπὶ
1436 1506 1532 1572 τῆς
1586 1509 1989 1575 ἐμφαινομένης
2091 1521 2173 1557 rut

1916 1526 1989 1575 in;
2091 1513 2219 1557 runt
2247 1520 2261 1556 :
2293 1503 2509 1569 quidam
2540 1519 2665 1555 vero
2701 1503 2766 1555 de
2796 1502 3056 1569 sapientia
3084 1516 3203 1568 qum
3236 1501 3285 1551 iu
3319 1498 3522 1550 mundo
3552 1499 3665 1547 elu-

424 1584 506 1653 τῷ
580 1588 768 1653 κόσμῳ
826 1587 1019 1653 σοφίας
1097 1588 1449 1656 ἐξηγήσαντο.
1532 1592 1642 1644 Καὶ
1705 1593 1913 1661 μάρτυς
1965 1596 1991 1646 6
2092 1602 2173 1646 cet

1965 1596 1991 1646 6
2092 1602 2174 1646 cet
2218 1594 2560 1660 interpretati
2614 1601 2762 1647 sunt.
2820 1592 3061 1659 Ejusque
3108 1592 3183 1643 rei
3235 1591 3389 1643 testis
3435 1603 3665 1654 magnus-

429 1678 608 1743 μέγας
665 1680 939 1737 Βασίλειος
998 1682 1056 1731 ἐν
1117 1686 1164 1732 α’
1221 1680 1328 1730 τῶν
1394 1682 1728 1749 Παροιμιῶν.
1778 1676 1838 1734 οὗ
1892 1684 1991 1750 τῆς
2097 1684 2169 1735 Ba

1914 1684 1991 1750 τῆς
2097 1684 2335 1736 Basilius
2384 1681 2562 1750 primo
2593 1684 2768 1749 capite
2810 1681 3253 1743 Proverhiorum,
3298 1679 3457 1747 cujus
3497 1692 3663 1744 Supra

432 1769 561 1835 περὶ
625 1768 814 1819 τούτου
896 1770 1105 1837 ρήσεως
1167 1772 1308 1821 κατά
1372 1772 1559 1838 καιρὸν
1639 1771 1993 1840 ἐμνήσθημεν

437 1876 516 1926 πρ
535 1862 728 1925 ’τερον.

504 1945 687 1997 Ταῦτα
718 1946 817 2012 μὲν
838 1942 929 1999 οὖν
969 1946 1073 2014 πρδ
1106 1946 1203 2014 τῆς
1234 1946 1478 2010 ὲνώσεως
1512 1948 1657 2017 αὑτῷ
1682 1949 1999 2017 ἀρμὸζουσι,

431 2036 502 2086 τὰ
544 2036 644 2102 μὲν
679 2038 817 2087 κατὰ
838 2037 934 2105 τὴν
966 2037 1118 2088 θείαν
1153 2037 1333 2101 φύσιν,
1355 2040 1422 2089 τὰ
1447 2038 1503 2089 δὲ
1528 2039 1897 2108 προφητικῶς,
1929 2040 2003 2101 ὡς

434 2126 685 2193 εἴπομεν.
742 2127 893 2179 Ἐπεὶ
938 2127 991 2180 δὲ
1025 2128 1143 2180 καθ’
1173 2128 1230 2179 ἓν
1262 2129 1552 2197 πρόσωπον
1585 2130 1796 2199 ἥνωσεν
1826 2129 2005 2199 ἐαυτῷ

433 2216 535 2283 τὴν
593 2216 937 2284 ἀνθρωπίνην
991 2217 1151 2282 φύσιν
1200 2218 1517 2286 ἀσυγχύτως
1549 2221 1641 2272 καὶ
1696 2220 2003 2288 ἀτρέπτως,

438 2308 541 2357 καὶι
573 2302 640 2374 ἦν
688 2307 715 2358 6
764 2308 924 2370 αὐτὸς
953 2308 1084 2370 Θεὸς
1135 2308 1270 2377 ὁμοῦ
1310 2309 1401 2360 καὶ
1430 2309 1735 2378 ἄνθρωπος,
1774 2311 1867 2361 καὶ
1918 2310 2006 2364 διὰ

436 2398 644 2466 ταύτην
673 2400 773 2466 τὴν
803 2398 1043 2468 ᾶρῤητον
1070 2399 1266 2452 ἕνωσιν
1303 2399 1595 2465 ἐπεγένετο
1620 2403 1684 2470 τῇ
1723 2402 1887 2469 σαρκὶ
1912 2400 2004 2453 τοῦ

440 2488 672 2540 πλούτου
700 2492 798 2558 τῆς
826 2489 1081 2557 θεότητος
1116 2490 1429 2558 μετασχεῖν,
1450 2492 1749 2555 τουτέστιν,
1774 2491 2003 2559 ἐθεώθη,

443 2579 519 2641 ὼς
555 2580 768 2631 καὶτὸν
800 2578 1064 2647 Θεολόγον
1119 2579 1420 2648 Γρηγόριον
1478 2582 1605 2651 περὶ
1659 2581 1758 2649 τῆς
1810 2582 2007 2652 σαρκὸς

438 2672 647 2738 ταύτης
674 2671 879 2739 λέγειν,
911 2691 929 2723 ι
956 2672 1062 2724 Καὶ
1086 2672 1275 2742 θαρρῶ
1303 2671 1480 2739 λέγειν
1524 2673 1780 2742 Ὀμόθεον
1804 2675 1912 2743 (55)
1938 2692 1952 2706 ·
1985 2694 2002 2725 ι

444 2762 806 2814 ἀντιδιδόασιν
860 2762 1118 2830 ἀλλήλαις
1185 2761 1295 2814 τῶν
1348 2762 1629 2831 ὀνομάτων
1681 2764 1737 2816 αἱ
1791 2765 2008 2832 φύσεις,

441 2854 504 2907 ὃν
534 2854 598 2923 δὴ
644 2855 740 2906 καὶ
789 2853 1011 2907 καλοῦσι
1064 2854 1267 2923 τρόπον
1324 2852 1686 2917 ἀντιδόσεως·
1738 2855 1835 2909 καὶ
1882 2855 2013 2908 ποτέ

448 2946 550 3014 μὲν
606 2946 714 2997 ἀπὸ
780 2945 876 2997 τοῦ
939 2944 1245 3011 κρείττονος
1316 2943 1406 2995 τὸν
1457 2943 1616 3011 λόγον
1689 2944 2009 3014 ποιούμεθα,

445 3036 645 3086 θέωσιν
696 3034 943 3099 λέγοντες
980 3033 1079 3103 τῆς
1118 3032 1316 3104 σαρκὸς
1342 3031 1431 3086 διὰ
1453 3035 1541 3087 τδν
1577 3035 2013 3102 προσγενόμενον

2103 1774 2441 1828 auctoritatis
2469 1782 2775 1842 Opportune
2803 1772 3177 1825 meminimus.

2174 1945 2296 1999 “me
2335 1945 2512 2012 itaque
2566 1953 2691 1997 ante
2742 1943 3004 1995 unionem
3064 1940 3137 1992 illi
3188 1950 3518 2007 congruunt,
3571 1937 3672 1989 alia

2104 2036 2321 2104 quidem
2349 2034 2643 2090 secundum
2678 2034 2916 2086 divinant
2950 2041 3235 2093 naturam;
3270 2031 3369 2080 alia
3395 2044 3520 2080 vero
3552 2042 3675 2094 pro-

2106 2126 2342 2195 phetice,
2376 2125 2453 2177 uti
2486 2123 2823 2177 dicebamus.
2860 2119 3010 2184 Quod
3045 2134 3171 2171 vero
3220 2120 3272 2170 in
3307 2132 3409 2168 una
3447 2131 3674 2183 persona

2110 2220 2401 2271 humanam
2432 2215 2534 2269 sibi
2567 2224 2815 2267 naturam
2854 2210 3138 2263 iucoufuse
3166 2208 3678 2273 imnmtabiliterque

2107 2309 2410 2378 capulavit,
2464 2315 2691 2373 eratque
2729 2306 2868 2357 idem
2905 2304 3015 2371 ipse
3043 2301 3203 2354 simul
3240 2300 3379 2353 Deus
3411 2311 3463 2351 et
3492 2302 3679 2357 homo,

2108 2414 2170 2453 ac
2202 2399 2345 2468 quod
2394 2397 2462 2451 ob
2513 2410 2773 2449 arcanam
2806 2409 2925 2447 eam
2975 2392 3233 2445 unionem
3275 2405 3405 2443 caro
3456 2389 3682 2442 Deitatis

2109 2492 2327 2545 divitias
2358 2500 2513 2545 nacta
2545 2497 2649 2552 est,
2680 2489 2783 2542 hoc
2808 2496 2917 2545 'est.
2947 2483 3192 2538 deiticata
3220 2494 3326 2546 est,
3362 2484 3433 2535 ita
3469 2493 3527 2535 ut
3558 2482 3685 2535 Gre-

2113 2581 2296 2652 gorius
2328 2578 2634 2650 Theologus
2670 2580 2735 2631 de
2770 2579 2869 2630 hac
2898 2591 3061 2629 carne
3090 2576 3235 2628 dicat
3269 2593 3282 2629 :
3321 2594 3338 2625 ι
3387 2574 3688 2641 Ausimque

2112 2675 2315 2739 dicere,
2348 2688 2454 2728 una
2485 2673 2647 2726 etiam
2678 2670 2905 2724 Deitatis
2955 2676 3264 2722 consortem
3312 2680 3375 2721 ac
3424 2666 3627 2730 Deum;
3664 2683 3684 2715 ι

2113 2766 2215 2819 sibi
2249 2746 2479 2819 invicem
2511 2771 2717 2816 natura;
2739 2760 2958 2813 nomina
2993 2757 3423 2819 communicant,
3452 2771 3611 2825 quem
3637 2767 3693 2809 et

2116 2855 2331 2909 modum
2366 2851 2801 2921 reciprocationis
2836 2858 3052 2904 vocant.
3094 2848 3169 2901 Ac
3210 2848 3430 2915 quidem
3480 2847 3616 2899 alias
3662 2862 3693 2899 a

2113 2945 2490 3016 praestantiore
2507 2952 2656 3013 parte
2673 2955 2979 2997 sermoiiem
3000 2938 3695 3003 facimus,dicendo,carnis

2114 3036 2531 3096 deiﬁcatiouem,
2562 3035 2629 3087 ob
2653 3048 2747 3088 eas
2773 3033 3008 3096 divitias,
3042 3047 3163 3102 quae
3212 3046 3277 3085 ex
3308 3030 3540 3083 naturali
3573 3043 3697 3080 car-

444 3130 514 3195 τῇ
548 3128 712 3194 σαρκὶ
744 3124 976 3177 πλοῦτον
1018 3124 1130 3178 ἀπὸ
1170 3126 1270 3193 τῆς
1305 3125 1585 3193 συμφυΐας
1630 3125 1722 3176 καὶ
1767 3122 2009 3185 ὲνώσεως
2042 3157 2087 3218 c
2118 3130 2193 3182 nis

1947 3141 2009 3185 υς
2042 3157 2087 3218 c
2118 3130 2202 3182 nis
2233 3143 2357 3182 cum
2393 3126 2486 3181 Dei
2519 3124 2693 3179 Verbo
2722 3125 2929 3180 unione
2978 3138 3040 3177 ac
3087 3123 3500 3190 conjunctione.
3546 3119 3696 3175 carni

448 3217 549 3278 τῖες
578 3216 779 3285 σαρκὸς
812 3217 949 3286 πρὸς
984 3216 1083 3286 τὴν
1113 3217 1207 3269 τοῦ
1247 3215 1383 3269 Θεοῦ
1416 3218 1592 3284 Λόγου
1633 3216 1796 3282 φύσιν
1824 3231 1836 3244 ⁸
1886 3215 2014 3267 ποτὲ

445 3306 505 3361 δὲ
553 3308 661 3360 ἀπὸ
703 3305 798 3360 τοῦ
851 3307 1151 3370 ἐλάττονος,
1202 3309 1300 3376 τῆς
1354 3307 1555 3377 σαρκὸς
1582 3306 1843 3377 δηλονότι,
1881 3306 2017 3375 σάρο

451 3415 621 3451 κωσιν
658 3398 750 3451 τοῦ
789 3398 965 3464 Λόγου
1022 3399 1225 3468 φαμὲν,
1280 3397 1529 3460 κένωσιν,
1579 3396 2018 3467 ἐνανθρώπησιν,

450 3488 783 3541 ταπείνωσιν
822 3504 836 3518 ⁸
900 3487 1074 3541 ταῦτα
1132 3488 1309 3540 πάντα
1370 3489 1434 3539 ἐκ
1495 3486 1591 3539 τοῦ
1670 3486 2017 3555 ἀνθρωπίνου

463 3583 658 3649 μέρους
691 3581 1028 3647 ἐπιλέγονται
1055 3579 1131 3647 τῷ
1161 3579 1319 3648 Λόγῳ
1344 3581 1441 3634 καὶ
1465 3577 1603 3647 Θεῷ,
1631 3578 1783 3630 οὐδὲν
1812 3577 2023 3646 οὐδαμῆ

470 3674 613 3724 κατὰ
645 3673 744 3739 τὴν
795 3671 991 3724 ἑαυτοῦ
1041 3671 1204 3739 φύσιν
1252 3669 1542 3723 πεπονθότι
1586 3685 1599 3699 ·
1631 3669 1760 3721 ποτέ
1817 3669 1872 3719 δὲ
1928 3667 2025 3720 καὶ

456 3764 518 3827 ἐξ
561 3764 887 3832 ἀμφοτέρων
932 3764 1000 3815 τὰ
1060 3763 1299 3827 ὀνόματα
1358 3762 1772 3831 συμπλέκομεν,
1829 3759 2027 3812 ἕνωσιν

454 3856 727 3921 λέγοντες,
764 3853 1072 3916 κοινωνίαν,
1119 3853 1324 3921 κρίσιν,
1356 3852 1660 3920 συμφυΐαν,
1691 3851 2031 3920 συμμόρφω-

456 3962 565 4007 σιν,
600 3942 758 3996 ἅτινα
795 3944 887 3996 ἐπὶ
915 3943 1009 4011 τῆς
1045 3946 1245 4013 σαρκὸς
1272 3942 1538 3997 νωοῦντσι.
1566 3944 1718 4010 Αὐτὴ
1754 3944 1861 4014 γὰρ
1896 3941 1964 4015 ἦν
1996 3946 2031 4014 ἠ

459 4035 725 4089 ἐνωθείσα
758 4034 837 4102 τῷ
869 4034 989 4103 Θεῷ
1022 4034 1182 4105 Λόγῳ
1210 4038 1303 4087 καὶ
1327 4036 1610 4104 χρισθεῖσα
1646 4036 1740 4088 xat
1767 4036 2033 4089 θεωθεῖσα

457 4128 534 4187 ὼς
568 4128 807 4180 ἐλάττων
858 4127 955 4179 καὶ
993 4127 1200 4195 ἐνδεής.
1240 4126 1304 4178 Ἦ
1355 4125 1465 4196 γὰρ
1514 4126 1884 4197 περιχώρησις
1935 4128 2034 4196 τῆς

460 4218 609 4279 θείας
660 4217 875 4285 φύσεως
922 4217 1001 4278 είς
1045 4216 1143 4285 τὴν
1189 4217 1391 4287 σάρκα,
1451 4216 1518 4284 ἢν
1579 4217 1642 4285 δὴ
1688 4219 1783 4269 καὶ
1840 4218 2036 4269 ἕνωσιν

460 4309 716 4375 λέγομεν,
768 4308 977 4375 ταύτην
1028 4308 1167 4377 αὐτῇ
1213 4308 1413 4361 δέδωκε
1465 4308 1567 4378 τὴν
1600 4310 1891 4362 κοινωνίαν
1944 4312 2037 4362 καὶ

460 4396 558 4467 τὴν
589 4396 786 4449 θέωσιν
814 4399 909 4449 καὶ
952 4395 1050 4464 τὴν
1093 4396 1273 4464 κρίσιν
1304 4398 1398 4450 καὶ
1448 4400 1847 4469 συμμόρφωσιν
1888 4400 2039 4462 θείας

464 4488 679 4555 φύσεως
712 4488 843 4555 περὶ
884 4488 983 4557 τὴν
1016 4488 1193 4557 σάρκα
1226 4487 1575 4557 θεωρεῖσθαι.

532 4667 718 4720 Ταῦτα
753 4668 851 4737 μὲν
882 4666 976 4720 οὖν
999 4667 1057 4719 ἐν
1090 4669 1158 4735 τῇ
1191 4667 1382 4719 ὲνὼσει
1412 4666 1719 4737 ἁρμόζουσι
1758 4669 2036 4736 λέγεσθαι.

464 4758 619 4810 Μετὰ
654 4757 723 4821 *δὲ
761 4757 858 4818 τὴν
898 4757 1089 4810 ἕνωσιν
1124 4757 1427 4825 ἀρμόζουσι
1482 4757 1585 4825 μὲν
1615 4759 1709 4809 καὶ
1764 4758 1865 4811 ὅσα
1906 4760 2041 4827 πρό.

464 4866 625 4919 τερον
674 4850 780 4921 πρὸ
839 4850 936 4918 τῆς
992 4850 1273 4910 ἐνώσεως³
1309 4850 1376 4902 τὰ
1408 4852 1507 4918 μὲν
1562 4851 1701 4903 κατὰ
1757 4852 1857 4921 τὴν
1890 4853 2041 4906 θείαν

467 4941 654 5010 φύσιν,
690 4943 759 4993 τὰ
788 4942 844 4994 δὲ
880 4941 1258 5011 προφητικῶς,
1295 4942 1371 5003 ὼς
1426 4943 1676 5008 είπομεν,
1715 4945 1843 5013 περὶ
1872 4944 2039 4998 αὑτοῦ

465 5032 683 5101 εἴρηται
715 5046 731 5061 θ
772 5032 865 5083 καὶ
912 5032 1037 5100 γὰρ·
1068 5032 1130 5084 οὐ
1181 5031 1491 5101 μετεόλήθη
1527 5034 1569 5100 ὴν
1596 5033 1715 5085 θεία
1764 5036 1927 5102 φύσις
1962 5037 2042 5097 εἰς

468 5124 569 5191 τὴν
623 5124 724 5188 τῆς
759 5124 963 5192 σαρκὸς
1014 5124 1345 5178 ταπείνωσιν
1374 5140 1387 5155 ο
1427 5124 1563 5177 ἀλλὰ
1615 5127 1707 5178 καὶ
1765 5126 1903 5195 μετὰ
1951 5127 2046 5196 τὴν

468 5215 662 5267 ἕνωσιν
688 5217 715 5267 6
753 5214 914 5277 αὐτὸς
966 5208 1033 5283 ἦν
1073 5214 1217 5277 Θεὸς·
1243 5215 1454 5277 τέλειος
1487 5217 1581 5267 καὶ
1629 5215 1917 5284 ἄνθρωπος
1957 5215 2046 5268 τέ-

544 5353 561 5384 ’
600 5354 740 5408 Psal.
773 5370 916 5417 xux,
958 5355 1011 5409 5.
1087 5354 1106 5383 ¹
1142 5351 1309 5415 Ζιοιι,
1373 5369 1447 5416 Ix,
1479 5354 1532 5407 9.

542 5499 658 5569 (5⁸5)
710 5500 1012 5565 Ὀλιὸθεον.
1067 5500 1241 5552 Locus
1300 5507 1383 5551 est
1434 5513 1496 5550 ex
1550 5507 1688 5552 orat.
1722 5499 1808 5553 46.
1850 5498 2047 5555 Vocem

469 5569 699 5639 ὁμόοεον
764 5570 902 5624 idem
969 5570 1265 5639 Gregorius
1321 5569 1545 5622 resolvit
1586 5578 1727 5622 orat.
1773 5571 1859 5627 59.
1901 5574 2047 5639 quod

470 5638 672 5709 corpus
733 5640 1101 5711 dedicatione,
1160 5638 1330 5711 Deum
1394 5640 1524 5692 dicit
1559 5654 1582 5711 4:
1628 5639 1722 5689 καὶ
1772 5638 1930 5711 τοῦτο
1974 5645 2041 5711 τῇ

472 5712 692 5774 θεώτει,
740 5710 895 5773 Θεός.
933 5711 1024 5764 Sic
1080 5710 1206 5763 alibi
1246 5727 1257 5761 :
1293 5710 1384 5766 Τὸ,
1448 5708 1694 5775 ὁςιόθενιν.
1754 5710 1820 5765 de
1876 5708 2042 5764 carne.

472 5785 682 5838 dictum
716 5780 998 5851 Gregorio,
1043 5781 1204 5833 simul
1255 5779 1419 5833 θέοι-αι
1462 5779 1640 5833 reddit
1672 5778 1889 5847 Dillius;
1923 5797 2042 5848 qua:

1613 5353 1890 5410 ’Baruch.
1960 5370 2044 5421 ut,
2088 5355 2176 5412 58.

2119 3227 2500 3280 accesserunt;
2530 3210 2837 3270 alias'vero
2883 3229 2912 3268 a
2953 3216 3211 3270 deteriori
3253 3214 3440 3285 (carne
3473 3209 3702 3278 scilicet)

2121 3310 2283 3365 Verbi
2325 3299 2755 3363 incarnationem
2792 3321 3072 3369 vocamus,
3109 3304 3565 3365 exiuanitionem,
3602 3302 3703 3354 hu—

2122 3405 2513 3466 manationem,
2564 3399 3022 3454 humiliationem.
3050 3398 3259 3452 Cuncta
3287 3397 3426 3461 haec,
3453 3412 3516 3450 ex
3544 3404 3703 3465 parte

2125 3493 2477 3548 humanitatis
2511 3483 2906 3562 intelliguntur,
2942 3488 3243 3559 Verbaque
3285 3505 3349 3544 ac
3394 3488 3506 3542 Deo
3534 3527 3547 3551 ,
3579 3502 3703 3541 cum

2126 3587 2259 3639 nihil
2312 3587 2426 3654 ipse
2454 3584 2578 3638 inde
2613 3597 2805 3650 passus
2834 3583 2904 3635 sit
2936 3625 2950 3645 ,
2983 3582 3127 3649 quod
3172 3588 3380 3648 spectat
3414 3578 3480 3632 ad
3509 3592 3702 3633 essen-

2128 3680 2259 3732 tiam
2312 3692 2490 3743 suam,
2548 3674 3075 3731 tribuuntur:alias
3125 3673 3382 3741 denique,
3432 3672 3595 3725 etiam
3641 3682 3707 3722 ex

2128 3769 2374 3838 utrisque
2409 3766 2624 3822 nomina
2658 3763 3007 3820 eonteximus
3030 3802 3046 3827 ,
3077 3778 3201 3817 cum
3235 3762 3488 3815 unionem
3511 3801 3525 3821 ,
3559 3774 3709 3812 com-

2130 3863 2421 3923 mercium,
2454 3860 2768 3913 unctionem
2794 3896 2810 3921 ,
2861 3863 3182 3910 naturarum
3230 3850 3672 3923 coniunctionem
3693 3887 3711 3910 ,

2129 3964 2181 4008 et
2212 3954 2295 4021 (ut
2333 3952 2412 4006 sic
2460 3951 2675 4020 loquar)
2723 3944 3213 4002 conformationem
3267 3943 3543 4005 dicimus;
3592 3954 3713 4007 qua?

2135 4041 2385 4097 videlicet
2431 4041 2484 4093 in
2531 4048 2726 4092 natura
2757 4035 2941 4091 carnis
2972 4034 3377 4102 intelliguntur.
3410 4029 3535 4085 llaec
3566 4029 3708 4084 enim

2138 4133 2228 4187 Dei
2263 4131 2443 4186 Verbo
2470 4130 2619 4184 unita
2656 4128 2776 4193 fuit,
2810 4136 3082 4195 unctaque
3116 4135 3169 4179 et
3201 4126 3470 4188 dedicata,
3510 4133 3568 4177 ut
3594 4136 3717 4191 quae

2137 4224 2315 4279 minor
2344 4231 2463 4276 erat.
2497 4228 2659 4289 atque
2695 4232 2884 4288 egena.
2945 4216 3147 4270 Divina:
3198 4215 3343 4268 enim
3398 4224 3610 4266 naturae
3660 4212 3713 4263 iu

2138 4328 2384 4375 carnem.
2421 4322 2593 4367 totam
2639 4309 2947 4379 complexa,
2992 4307 3271 4362 immeatio
3304 4306 3488 4374 (quam
3523 4305 3714 4370 utique

2141 4416 2196 4460 et
2227 4405 2485 4459 unionem
2516 4403 2797 4469 vocamus)
2842 4401 2947 4453 hoc
2978 4399 3026 4452 ei
3055 4398 3445 4452 commercium
3480 4395 3671 4448 tribuit
3700 4433 3720 4456 ,

2065 4491 2119 4553 D
2147 4502 2200 4549 et
2230 4504 2289 4546 ut
2315 4491 2607 4555 deiﬁcatio,
2635 4499 2689 4543 et
2724 4490 2910 4543 unctio
2956 4496 3008 4543 et
3052 4486 3416 4541 conformatio
3460 4499 3488 4538 a
3535 4484 3719 4537 divina

2140 4598 2334 4639 natura
2368 4583 2512 4638 circa
2548 4596 2768 4637 carnem
2806 4581 3060 4649 illamque
3085 4578 3317 4640 allicere,
3368 4576 3724 4646 intelligatur.

2216 4676 2341 4732 Haec
2378 4677 2563 4744 itaque
2597 4675 2649 4728 in
2690 4674 2891 4728 unione
2919 4671 3171 4727 convenit
3205 4670 3408 4726 dicere.
3438 4670 3568 4723 Post
3595 4681 3723 4720 vero

2147 4767 2400 4820 unioiiem
2440 4764 2774 4819 conveniunt
2802 4762 2966 4817 etiam
2999 4761 3185 4816 omnia
3214 4799 3229 4826 ,
3262 4776 3383 4830 qua:
3416 4760 3566 4829 prius
3596 4767 3734 4812 ante

2146 4855 2404 4907 unionem
2437 4851 2856 4921 competebant;
2882 4866 3006 4920 qua!
3035 4865 3229 4920 nempe
3260 4858 3506 4917 spectant
3532 4847 3596 4900 ad
3627 4862 3729 4899 na-

2150 4954 2327 4998 turam
2362 4943 2626 5008 divinam,
2658 4951 2711 4996 et
2746 4958 2866 5011 quae
2900 4942 3213 5013 prophetice
3248 4941 3346 5010 (uti
3378 4938 3743 5006 dicebamus}

2151 5036 2217 5090 de
2249 5037 2340 5090 illo
2363 5036 2504 5091 dicta
2536 5046 2681 5091 sunt.
2715 5035 2825 5089 Nec
2847 5037 2992 5091 enim
3020 5045 3217 5089 natura
3244 5034 3428 5088 divina
3459 5032 3511 5086 iu
3542 5031 3741 5086 carnis

2153 5126 2417 5181 vilitatem
2456 5136 2659 5182 mutata
2684 5139 2761 5181 est
2791 5144 2803 5193 ;
2835 5126 2929 5181 sed
2955 5136 3079 5196 post
3106 5126 3269 5181 etiam
3295 5125 3552 5179 unionem
3580 5122 3743 5177 idem.

2157 5229 2278 5275 erat
2302 5219 2447 5275 Deus
2470 5221 2747 5290 perfectus
2770 5230 2824 5274 et
2846 5219 3013 5275 homo
3043 5218 3343 5290 perfectus.
3362 5217 3745 5284 Quamobrem.

2254 5356 2274 5387 ⁵
2319 5355 2483 5410 Prov.
2515 5370 2633 5420 νιιι,
2665 5354 2758 5409 22.

2160 5501 2275 5569 ipsa
2308 5502 2531 5569 perinde
2561 5500 2703 5553 Deus
2732 5500 2945 5553 dicatur
2981 5501 3059 5555 sic
3086 5500 3380 5554 delibutam
3412 5515 3551 5565 essu,
3584 5500 3739 5555 nulla

2157 5575 2225 5625 ab
2266 5588 2331 5625 eo
2368 5572 2637 5639 persooali
2665 5573 3022 5625 distinctione
3058 5572 3321 5631 dist-rcta,
3352 5585 3477 5625 cum
3524 5572 3726 5639 alioqui

2155 5652 2336 5696 servet
2382 5657 2538 5695 suam
2579 5650 2852 5708 naturam,
2917 5645 3098 5711 sitque
3136 5654 3189 5696 et
3220 5646 3332 5711 ipsa
3365 5652 3565 5707 creata,
3619 5657 3726 5696 non

2154 5712 2297 5768 Dcus
2337 5714 2450 5782 ipse
2484 5720 2699 5767 natura.
