4428 6444
825 410 936 475 583

2088 411 2485 472 MANUELIS
2516 412 2818 475 CALECHE

3951 397 4057 477 584

827 526 1008 581 Verbo
1039 526 1191 581 unita
1223 533 1408 588 esset,
1443 539 1597 579 serva
1627 532 1790 593 atquc
1831 523 2086 594 ignorans
2117 523 2274 578 foret.
2307 523 2389 577 Ob
2417 532 2463 588 Α
2493 527 2576 594 ea;

2307 523 2389 577 Ob
2417 532 2463 588 Α
2493 527 2651 594 σὰρξ,
2687 527 2845 594 δούλη
2887 522 2954 594 ἦν
2984 527 3079 578 καὶ
3105 523 3393 591 ἀγνοοῦσα.
3441 525 3600 578 Ἀλλά
3650 523 3739 578 διὰ
3782 525 3882 592 τὴν
3934 526 4053 579 καθ’

824 618 1082 669 unionem
1127 625 1304 667 tautcn
1342 615 1730 682 hypostaticam
1759 653 1774 676 ,
1809 629 1908 667 nec
1939 628 2095 666 serva
2121 623 2259 676 erat,
2287 628 2388 668 nec

823 723 920 774 pro
962 707 1196 758 humana
1235 705 1603 758 imbecillitate
1627 743 1641 766 ,
1676 705 1979 771 ignorantia
2033 704 2139 756 ulla
2178 704 2391 757 labora-

825 799 936 852 bat.
973 797 1282 850 Secundum
1321 798 1466 849 hunc
1493 797 1734 860 modum,
1766 798 1926 850 etiam
1960 797 2390 866 Patrem'appel-

822 887 950 938 lavit
987 885 1149 938 Deum
1176 899 1334 937 suum
1355 884 1422 936 ".

895 977 1027 1028 Cum
1091 976 1274 1042 itaque
1328 974 1495 1026 multa
1546 975 1765 1027 nomina
1811 975 2112 1028 secundum
2144 976 2388 1031 diversas

823 1067 1062 1118 rationes
1097 1065 1162 1118 de
1189 1064 1415 1118 Christo
1443 1065 1586 1117 dicta
1618 1065 1728 1118 sint
1749 1104 1762 1128 ,
1790 1078 1969 1133 operae
2015 1066 2246 1133 pretium
2282 1080 2385 1129 cst,

819 1166 880 1211 ut
904 1173 1023 1226 qua:
1055 1157 1376 1210 sublimiora
1413 1165 1558 1216 sunt,
1592 1155 1788 1210 divinae
1811 1165 2020 1209 natura:
2041 1157 2384 1223 tribuamus;

807 1264 940 1316 .qnze
967 1263 1098 1302 vero
1128 1248 1451 1311 humiliora,
1487 1247 1683 1300 divina!
1719 1263 1732 1299 :
1774 1263 1894 1316 qum
1929 1257 2108 1301 autem
2139 1263 2385 1301 commu-

822 1341 909 1392 nia
941 1349 1090 1402 sunt,
1117 1340 1458 1407 composito;
1486 1338 1577 1392 uni
1607 1338 1819 1393 scilicet
1851 1339 2091 1403 Christo,
2124 1340 2215 1407 qui
2250 1341 2388 1393 Dcus

816 1442 902 1485 cst
941 1439 995 1484 et
1034 1432 1219 1484 hoino.
1270 1433 1347 1485 Ac
1399 1446 1624 1486 necesse
1657 1440 1778 1492 est.
1814 1441 1874 1484 ut
1908 1433 2219 1484 communia
2270 1432 2386 1484 haec

820 1524 1046 1576 no:nina
1104 1537 1169 1576 ac
1237 1525 1377 1591 parti
1445 1523 1666 1591 utrique
1740 1522 2164 1585 convenientia,
2221 1523 2386 1576 unius

816 1612 1020 1666 Christi
1059 1628 1182 1668 esse
1238 1613 1630 1680 intelligamus,
1686 1623 1992 1681 cunctaque
2032 1629 2096 1667 ex
2131 1614 2222 1667 illo
2257 1631 2384 1683 pro-

815 1703 986 1758 ﬁcisci
1017 1719 1202 1772 opera,
1238 1711 1295 1756 ut
1318 1719 1381 1757 ex
1404 1719 1507 1757 una
1540 1719 1793 1772 persona,
1826 1720 1949 1758 cum
1979 1716 2160 1760 tamen
2186 1723 2387 1761 unum-

815 1795 1077 1864 quodque
1105 1809 1242 1864 opus
1295 1795 1361 1848 ad
1394 1794 1445 1848 id
1467 1833 1483 1857 ,
1509 1797 1652 1864 quod
1685 1796 1733 1849 ei
1763 1797 2038 1865 proprium
2069 1806 2192 1862 est,
2239 1797 2380 1850 refe-

815 1895 970 1938 ratur
1001 1903 1014 1949 ;
1041 1887 1124 1939 ita
1157 1885 1416 1938 nimirum
1460 1895 1518 1939 ut
1554 1887 1802 1940 divinum
1853 1902 1991 1955 Opus
2019 1925 2033 1949 ,
2073 1887 2127 1941 in
2160 1887 2383 1942 dcitatis

813 1979 1118 2033 referamus
1153 1987 1405 2032 naturam
1433 1994 1450 2044 ;
1508 1977 1808 2032 humanum
1837 1995 1966 2033 vero
1999 2019 2013 2042 ,
2059 1981 2385 2034 humanitati

815 2071 1178 2124 ascribamus.
1208 2069 1365 2123 Aliud
1414 2083 1576 2133 ttorro
1615 2081 1693 2123 est
1731 2069 1979 2124 divinum
2023 2085 2201 2139 Opus;
2237 2071 2384 2124 aliud

817 2169 996 2212 autem
1053 2159 1377 2213 humanum.
1427 2158 1674 2228 Dumque
1707 2174 1826 2214 eam
1881 2170 2162 2217 teneamus
2201 2162 2380 2222 tidem,

817 2263 925 2301 non
979 2249 1310 2326 errabimus.
1342 2249 1422 2303 Ex
1474 2249 1675 2317 quibus
1727 2251 1986 2304 omnibus
2040 2260 2382 2315 naturarum,

811 2356 935 2412 qua:
966 2341 1130 2396 unittc
1168 2350 1315 2405 sunt,
1358 2340 1640 2395 distinctio
1673 2342 1920 2395 noscitur
1944 2381 1960 2406 ,
1989 2330 2246 2412 quodque
2275 2385 2290 2410 ,
2327 2354 2385 2398 ut

813 2431 988 2486 sancti
1025 2432 1110 2497 (ac
1144 2431 1412 2500 imprimis
1449 2431 1824 2485 divinissitnus
1852 2430 2113 2502 Cyrillus)
2147 2434 2384 2501 loquun-

810 2529 923 2585 tur,
952 2536 1058 2573 non
1096 2521 1234 2574 idem
1283 2523 1394 2575 sint
1448 2521 1502 2574 in
1540 2522 1773 2574 naturali
1823 2522 2085 2589 q‘ualitate
2121 2521 2299 2577 Deitas
2332 2532 2385 2576 ct

811 2610 1158 2678 humanitas;
1193 2612 1599 2678 tantetsiuunus
1631 2612 1700 2666 sit
1731 2609 1899 2667 Filius
1948 2622 2002 2666 ct
2031 2613 2284 2668 Christus
2330 2622 2384 2667 et

811 2705 1096 2766 Dominus,
1125 2704 1218 2772 qui
1253 2704 1514 2757 nimirum
1554 2719 1802 2773 personae
1843 2705 2054 2758 ratione
2095 2706 2164 2758 sit
2199 2721 2342 2759 unus
2364 2745 2378 2768 ,

809 2807 934 2844 cum
971 2792 1119 2845 nullo
1148 2791 1312 2844 modo
1345 2793 1475 2846 unio
1526 2792 1868 2863 hypostatica
1903 2793 2028 2848 inde
2079 2795 2377 2860 dividatur,

809 2882 953 2950 quod
985 2883 1290 2935 naturalem
1325 2882 1734 2936 distinctionem
1762 2885 2137 2954 agnoscimus.

879 2975 1015 3028 Cutn
1068 2974 1171 3028 hac
1213 2982 1394 3027 autem
1433 2975 1842 3038 incarnatione,
1890 2976 2028 3029 nihil
2062 2975 2275 3029 l'atrem
2317 2990 2380 3030 ac

809 3068 1074 3133 Spiritum
1110 3066 1363 3118 habuisse
1417 3080 1708 3119 commune
1762 3065 2122 3130 conﬁtemur,
2156 3076 2376 3134 praeter-
2414 3068 2418 3073 ’

807 3174 970 3225 qu.un
1027 3157 1360 3212 voluntatem
1391 3157 1561 3211 solam
1607 3171 1668 3210 ac
1715 3158 2156 3226 beneplacitum:
2209 3158 2376 3211 bene-

809 3249 1068 3316 placitum
1109 3261 1285 3302 autem
1318 3257 1372 3302 et
1397 3249 1729 3302 voluntatem
1762 3263 1884 3302 cum
1920 3249 2189 3310 dicimus,
2226 3251 2293 3302 ab
2315 3263 2380 3302 eo

810 3340 1147 3409 beneplacito
1193 3341 1444 3406 bonaque
1519 3353 1648 3407 erga
1707 3354 1807 3394 nos
1839 3340 2117 3394 voluntate
2176 3338 2374 3393 Filium

810 3433 1233 3502 haudquaquam
1299 3433 1659 3500 sejungitnus.
1715 3432 1868 3489 Unus
1914 3435 2058 3486 enim
2117 3432 2261 3488 Deus
2297 3441 2381 3486 est

808 3535 932 3575 cum
963 3522 1120 3575 Patre
1150 3531 1202 3575 ct
1233 3521 1463 3590 Spiritu,
1501 3537 1720 3589 unaque
1761 3530 1815 3576 et
1853 3521 2132 3575 individua
2161 3533 2377 3574 natura.

810 3609 963 3667 Unde
992 3613 1154 3664 etiarn
1184 3627 1308 3666 cum
1335 3612 1572 3666 dicimus
1601 3651 1615 3676 ,
1649 3611 1800 3676 Quod
1841 3613 1890 3664 in
1922 3615 2128 3665 mundo
2162 3619 2281 3664 erat
2310 3611 2381 3664 ob

805 3713 1148 3770 assumptam
1204 3717 1463 3765 carnem,
1491 3705 1753 3772 quodque
1785 3718 1880 3772 per
1907 3718 2026 3758 eam
2081 3705 2258 3773 ipsum
2296 3702 2383 3758 Fi-

805 3795 939 3848 lium
971 3793 1061 3848 Dei
1087 3809 1150 3848 ac
1178 3794 1358 3848 Deum
1388 3808 1834 3865 agnosceremus,
1882 3810 2158 3863 nunquam
2195 3805 2377 3850 tamen

804 3881 954 3938 Patri
1005 3885 1206 3937 absens
1254 3893 1408 3949 erat;
1456 3883 1550 3937 sed
1613 3889 1878 3946 etlatatus
1908 3898 1973 3937 cx
2009 3883 2229 3953 Virgine
2254 3899 2376 3938 ver-

804 3989 1047 4045 sansque
1080 3975 1132 4028 in
1164 3979 1347 4038 ttcrra,
1394 3988 1459 4027 ac
1508 3982 1702 4028 cuncta
1752 3980 1812 4026 ut
1862 3974 2025 4028 homo
2073 3975 2377 4040 sustinens,

807 4065 1187 4136 inseparabilis
1221 4080 1346 4119 cum
1380 4064 1489 4119 Deo
1518 4074 1572 4118 et
1619 4063 1778 4118 Patre
1805 4078 1874 4118 ex
1910 4080 2019 4134 quo
2046 4066 2381 4120 aternaliter

807 4157 1081 4223 nascitur,
1125 4169 1335 4211 etcum
1384 4157 1568 4210 divino
1617 4154 1820 4224 Spiritu
1847 4195 1861 4219 ,
1905 4167 2042 4209 erat.
2081 4156 2374 4227 Nunquam

802 4249 949 4302 enim
989 4250 1131 4302 Deus
1163 4246 1263 4301 fuit
1290 4246 1448 4300 Verbi
1504 4262 1725 4316 expers.
1765 4245 2084 4304 Meminisse
2113 4251 2258 4303 enim
2290 4251 2383 4304 de-

806 4343 1039 4401 bemus,
1099 4356 1204 4392 nun
1270 4339 1523 4393 decuisse
1592 4349 1649 4394 ut
1723 4355 1960 4411 unquam
2025 4341 2197 4397 Filius
2232 4345 2378 4399 Patri

2495 618 2792 669 ὑπόστασιν
2825 616 3022 668 ἓνωσ.ν
3075 614 3198 667 οὔτε
3229 615 3387 682 δούλη
3415 611 3483 684 ἧν
3517 615 3638 667 οὑτε
3685 617 3868 682 ἠγνόει
3917 620 4056 670 κατά

2490 706 2590 774 τὴν
2630 705 2980 775 ἀνθρωπίνην
3010 707 3314 758 ἀσθένειαν.
3348 699 3497 758 Κατὰ
3530 707 3622 757 τὸν
3644 708 3844 776 τρόπον
3866 709 4055 760 τοῦτον

2491 799 2585 849 καὶ
2612 795 2745 848 Θεὸν
2778 795 2943 848 αὐτοῦ
2977 797 3068 849 τὸν
3098 796 3314 865 Πατέρα
3347 796 3592 849 ἐκάλεσε.

2563 975 2780 1028 Πολλῶν
2807 975 2988 1026 τοίνυν
3017 975 3299 1043 ὀνομάτων
3343 975 3435 1027 επὶ
3490 975 3583 1027 τοῦ
3637 974 3877 1044 Χριστοῦ
3913 977 4052 1027 κατὰ

2488 1065 2780 1132 διαφόρους
2810 1065 3044 1133 τρόπους
3073 1065 3404 1132 είρημενων,
3432 1065 3512 1117 δεῖ
3538 1066 3606 1117 τὰ
3635 1065 3942 1134 ὑψηλότερα
3970 1064 4051 1113 δι-

2488 1155 2656 1218 δόναι,
2685 1159 2750 1225 τῇ
2785 1156 2905 1225 Θείᾳ
2941 1157 3119 1224 φύσει,
3155 1158 3221 1208 τὰ
3243 1157 3300 1208 δι
3338 1159 3722 1225 ταπεινότερα,
3749 1159 3816 1224 τῇ
3841 1156 4054 1224 ἀνορωο

2491 1247 2619 1316 πίνῃ
2645 1263 2656 1276 ·
2690 1247 2760 1298 τὰ
2785 1246 2842 1298 δὲ
2885 1247 3038 1298 κοινὰ
3069 1245 3147 1315 τῷ
3181 1246 3443 1310 συνοὲτῳ,
3477 1248 3646 1316 ἧγουν
3681 1248 3759 1314 τῷ
3793 1249 3874 1298 ἑνὶ
3918 1249 4055 1318 Χρι-

2490 1336 2621 1404 στῷ,
2650 1338 2708 1400 ὃς
2739 1337 2856 1388 ἐστι
2878 1337 3008 1398 Θεὸς
3029 1339 3120 1389 καὶ
3149 1337 3455 1404 ἄνθρωπος’
3488 1340 3580 1390 καὶ
3610 1339 3676 1390 τὰ
3707 1340 3860 1391 κοινὰ
3883 1342 3983 1394 ταῦ
4020 1362 4054 1393 α

2490 1429 2584 1481 καὶ
2616 1431 2904 1498 ἀμφότερα
2951 1430 3239 1496 ὀφείλομεν
3292 1429 3579 1496 γινώσκειν
3612 1427 3753 1483 εἶναι
3798 1433 3892 1484 τοῦ
3937 1434 4052 1495 ἑνὸς

2489 1519 2750 1586 Χριστοῦο
2787 1519 2877 1573 καὶ
2910 1520 3084 1572 πάντα
3118 1520 3186 1570 τὰ
3224 1521 3489 1588 γενόμενα
3513 1519 3642 1589 παρ’
3669 1521 3858 1584 αὐτοῦ,
3888 1522 3962 1583 ὡς
3991 1525 4051 1574 ἐκ

2492 1612 2621 1678 μιᾶς
2647 1611 3018 1674 ὑποστάσεως,
3049 1610 3282 1662 ἑκάστου
3311 1610 3473 1679 ἔργον
3512 1612 3920 1681 ἀναφερομένου
3973 1616 4051 1675 εἰς

2487 1702 2547 1756 τὸ
2577 1701 2770 1754 ἑαυτοῦ
2809 1704 3028 1754 οἰκεῖον·
3063 1702 3307 1770 τουτέστι
3337 1706 3398 1755 τὸ
3426 1703 3526 1772 μὶν
3557 1687 3700 1755 θεῖον
3729 1703 3888 1770 ἔργον
3915 1706 4042 1756 ἀνα-

2489 1795 2680 1863 φέρειν
2713 1797 2777 1863 τῇ
2806 1795 2905 1862 τῆς
2937 1795 3190 1862 θεότητος
3219 1793 3402 1862 φύσει,
3437 1794 3499 1845 τὸ
3529 1793 3582 1845 δὲ
3613 1793 3954 1864 ἀνθρώπινον
3985 1799 4046 1861 τῇ

2417 1847 2454 1900 Β
2488 1847 2825 1954 ἐνὸρωπίνῖῃ.
2864 1847 3028 1935 tum
3055 1847 3116 1934 ἐξ
3151 1847 3293 1936 δείον
3321 1847 3503 1953 ἔργονο
3543 1887 3672 1938 ἄλλο
3694 1847 3748 1936 si
3774 1847 4050 1951 dvdpdm:

2486 1989 2596 2026 νον.
2622 1973 2731 2024 Καὶ
2761 1972 2904 2024 οὕτω
2936 1974 3300 2050 πιστεύοντες,
3337 1974 3396 2024 οὐ
3429 1974 3906 2044 πλανηθησόμεθα.

2485 2058 2559 2116 ὦν
2583 2066 2838 2116 ἁπάντων
2868 2065 2975 2116 τῶν
3018 2065 3115 2134 μὲν
3146 2064 3452 2118 ἑνωθεισῶν
3481 2065 3696 2134 φύσεων
3739 2068 3772 2135 ἡ
3819 2066 4051 2136 διαφορὰ

2485 2154 2836 2219 γινώσκεται,
2865 2159 2958 2209 καὶ
2987 2157 3089 2222 ὅτι,
3119 2157 3192 2220 ὡς
3221 2159 3385 2225 φασὶν
3413 2162 3459 2212 o!
3487 2161 3652 2228 ἅγιοι,
3678 2161 3774 2212 καὶ
3817 2159 4049 2228 μάλιστα

2484 2249 2512 2300 ό
2535 2247 2810 2310 θειότατος
2841 2247 3128 2317 Κύριλλος,
3154 2252 3227 2302 Οὐ
3257 2255 3452 2303 ταυτὸν
3479 2255 3536 2304 ὲν
3571 2255 3816 2323 ποιότητι
3846 2257 4047 2324 φυσικῇ

2486 2342 2679 2411 θεότης
2713 2343 2810 2395 καὶ
2836 2343 3218 2413 ἀνθρωπότηςο
3251 2339 3332 2406 είς
3362 2361 3423 2412 γε
3482 2345 3588 2412 μὴν
3619 2345 3746 2407 Υίδς
3783 2349 3874 2398 καὶ
3918 2347 4051 2412 Χρι-

2489 2437 2611 2496 στὸς
2643 2436 2736 2487 καὶ
2766 2434 2969 2504 Κύριος
2998 2435 3114 2497 ἑνὸς
3147 2435 3301 2496 ὄντος
3336 2434 3504 2488 αὐτοῦ
3560 2438 3700 2490 κατὰ
3734 2441 3792 2490 τὸ
3837 2439 4050 2506 πρόσω-

2486 2541 2587 2576 πον
2615 2541 2629 2557 ο
2664 2527 2782 2578 κατ’
2805 2527 2995 2579 οὐδένα
3027 2527 3227 2596 τρόπον
3253 2527 3339 2580 διὰ
3368 2527 3467 2594 τὴν
3497 2528 3791 2593 ἐπίγνωσιν
3819 2533 3914 2599 τῆς
3944 2549 4048 2596 φυ-

2488 2616 2645 2684 σικῆς
2695 2617 2965 2687 διαφορᾶς
3027 2619 3388 2688 μεριζομινης
3435 2619 3538 2690 τῆς
3573 2619 3695 2673 καθ’
3755 2622 4047 2674 ὑπόστασιν

2486 2707 2756 2772 ὲνὼσεως.

2554 2974 2770 3044 Ταύτης
2800 2973 2856 3028 δδ
2885 2975 2983 3043 τῆς
3018 2974 3344 3044 σαρκώσεως
3389 2973 3762 3044 ὁμολογοῦμεν
3804 2974 3886 3025 ὅτι
3925 2974 4046 3026 κατ’

2471 3067 2670 3120 -οἰιδένα
2698 3067 2902 3137 τρόπον
2940 3067 2968 3118 ὀ
3003 3067 3192 3135 Πατὴρ
3224 3069 3318 3119 καὶ
3339 3068 3398 3118 τὸ
3426 3067 3648 3134 Πνεῦμα
3677 3067 3739 3118 τὸ
3770 3066 3925 3132 ἅγιον
3955 3083 4048 3118 κε-

2487 3159 2846 3227 κοινώνηκεν,
2873 3160 2920 3209 εί
2959 3157 3034 3227 μὴ
3068 3158 3187 3210 κατ’
3215 3159 3458 3209 εὐδοκίαν
3489 3159 3580 3210 καὶ
3618 3158 3837 3224 Θέλησιν
3867 3159 4043 3224 μόνον.

2484 3251 2657 3304 Ὅταν
2705 3250 2760 3302 δι
2810 3250 2930 3302 κατ’
2975 3250 3223 3301 εὐδοκίαν
3264 3251 3358 3301 καὶ
3409 3249 3630 3316 Θέλησιν
3683 3249 3950 3317 λέγωμεν,
3981 3250 4074 3311 οὐ,

2482 3339 2786 3411 χωρίζομεν
2831 3340 2922 3392 τὸν
2953 3340 3081 3392 Υίὸν
3112 3343 3208 3408 τῆς
3245 3339 3489 3400 εὐδοκίας
3549 3340 3752 3406 ταύτης
3803 3341 3898 3392 καὶ
3947 3340 4045 3407 τῆς

2482 3431 2693 3499 ἀγαθῆς
2719 3431 2852 3499 πρδς
2875 3433 3020 3499 ἡμᾶς
3044 3430 3313 3498 Θελήσεως
3335 3447 3348 3460 °
3375 3427 3456 3493 εἷς
3476 3433 3583 3499 γὰρ
3609 3431 3738 3492 Θεός
3765 3433 3876 3482 ἐστι
3910 3433 4045 3493 μετᾶ

2479 3525 2572 3576 τοῦ
2607 3524 2816 3592 Πατρὺς
2849 3525 2942 3576 καὶ
2977 3523 3071 3576 τοῦ
3125 3525 3436 3592 Πνεῦματος
3459 3542 3470 3553 °
3505 3526 3600 3576 ita“.
3634 3527 3729 3592 μία
3763 3524 3924 3589 φύσις
3955 3523 4046 3573 καὶ

2482 3618 2746 3684 ἄτμητο;.
2780 3615 2944 3666 Ὅθεν
2976 3617 3022 3666 εἰ
3057 3616 3152 3666 καὶ
3184 3615 3414 3682 λέγομεν
3466 3615 3588 3666 Ὀτι
3634 3615 3690 3665 ἐν
3731 3612 3809 3682 τῷ
3856 3615 4045 3681 κόσμῳ

2481 3703 2549 3776 ἦν
2578 3708 2664 3759 διὰ
2691 3709 2786 3774 τὴν
2805 3707 2903 3775 τῆς
2930 3707 3127 3774 σαρκὸς
3157 3706 3483 3774 πρόσληψιν,
3519 3706 3610 3756 καὶ
3641 3704 3700 3758 τὸ
3728 3705 3816 3756 διὰ
3843 3703 4046 3770 ταύτης

2483 3799 2644 3852 αὐτον
2697 3798 2825 3850 Υίὸν
2873 3796 2964 3848 τοῦ
3013 3796 3149 3848 Θεοῦ
3207 3798 3302 3847 καὶ
3335 3797 3468 3848 Θεὸν
3527 3797 3671 3863 ἡμᾶς
3708 3797 4042 3862 ιπιγνῶναιο

2481 3887 2598 3943 ἀλλ’
2631 3889 2881 3940 οὐδέποτε
2902 3887 2995 3938 τοῦ
3053 3887 3260 3954 Πατρός
3298 3887 3443 3950 ἀπῆν
3468 3901 3484 3917 ο
3518 3887 3651 3939 ἀλλὰ
3701 3889 3791 3939 καὶ
3840 3887 4044 3953 γεννώ-

2486 3996 2646 4049 μενος
2673 3981 2737 4031 ὲκ
2765 3977 3040 4044 Παρθένου
3078 3979 3172 4028 καὶ
3201 3978 3496 4048 διατρίῦων
3546 3981 3603 4029 ἐν
3641 3982 3708 4044 γῇ
3745 3979 3835 4028 καὶ
3871 3979 4044 4030 πάντα

2482 4071 2707 4138 πάσχων
2727 4071 2799 4130 ὼς
2824 4069 3131 4136 ἄνθρωπος,
3163 4067 3464 4136 ἀχώριστος
3488 4068 3565 4136 τῷ
3584 4069 3705 4138 θεῷ
3733 4070 3827 4120 καὶ
3852 4069 4044 4136 Πατρὶ,

2481 4161 2544 4224 ιε
2565 4156 2627 4213 οὑ
2648 4160 2828 4221 ὰῖδίως
2855 4160 3129 4226 γεννᾶται,
3157 4161 3344 4226 συνῆν,
3375 4158 3470 4210 καὶ
3487 4157 3561 4226 τῷ
3594 4157 3722 4225 Θείῳ
3747 4158 4043 4222 Πνεῦματι.

2484 4251 2559 4302 Οὐ
2595 4250 2702 4319 γὰρ
2736 4245 2802 4317 ἦν
2835 4265 2963 4299 ποτε
2995 4247 3124 4308 Θεὸς
3155 4247 3367 4313 ἄλογος.
3398 4247 3813 4314 Μνημονευτέον
3841 4247 3947 4313 γὰρ
3972 4245 4045 4305 ὡς

2484 4343 2582 4394 οὐκ
2603 4342 2841 4409 ἔπρεπεν
2863 4339 3132 4390 ἐλλείπειν
3163 4339 3292 4390 ποτὲ
3320 4337 3352 4406 ἢ
3388 4336 3515 4389 Υίὸν
3539 4337 3734 4406 "arpi,
3763 4337 3793 4404 ἦ
3827 4336 4046 4403 Πνεῦμα⁵

803 4435 1040 4494 deesset,
1070 4442 1164 4485 aut
1193 4430 1331 4486 Filio
1362 4431 1600 4501 Spiritus
1623 4471 1638 4496 ,
1673 4448 1774 4486 nec
1809 4434 1921 4486 lieri
1955 4449 2112 4502 posse
2135 4475 2148 4498 ,
2181 4446 2242 4488 ut
2269 4437 2375 4488 ulla
2411 4465 2454 4516 υ
2485 4433 2549 4485 Υἰ

2308 4437 2375 4488 lla
2411 4465 2454 4516 ι)
2485 4433 2598 4500 Υἰῷ
2623 4449 2635 4462 °
2670 4433 2767 4484 καὶ
2795 4431 2868 4492 ὡς
2900 4432 3000 4483 οὐκ
3035 4433 3149 4482 ἐστι
3181 4429 3404 4480 δυνατὸν
3436 4430 3528 4480 ἐπὶ
3563 4430 3658 4496 τῆς
3688 4430 3846 4493 ἁγίας
3885 4430 4048 4494 Τριά-

802 4523 976 4578 sectio
1009 4532 1104 4576 aut
1144 4521 1342 4576 divisio
1373 4522 1427 4574 in
1474 4521 1662 4575 sancta
1705 4520 1972 4577 Trinitate
2007 4524 2340 4593 intelligatur
2363 4565 2376 4588 ,

805 4619 880 4672 ita
921 4619 1200 4680 nitnirum,
1235 4625 1291 4668 ut
1321 4625 1416 4669 aut
1446 4613 1616 4669 Filius
1644 4631 1673 4668 a
1717 4615 1914 4681 l'atre,
1947 4628 2042 4670 aut
2075 4619 2312 4685 Spiritus
2353 4633 2380 4670 a

801 4708 939 4764 Filio
973 4709 1320 4778 disjungatnr
1345 4747 1360 4772 ,
1385 4706 1530 4775 quod
1554 4707 1706 4761 aiunt
1738 4707 2032 4777 Gregorius
2077 4707 2384 4776 Theologus

799 4811 857 4856 et
895 4801 1053 4855 divus
1079 4800 1312 4855 Basilius
1344 4801 1634 4867 docetque,
1668 4801 1791 4854 illos
1817 4811 2065 4862 secutus,
2095 4799 2385 4854 Damasce-

803 4910 928 4957 nus,
962 4893 1044 4946 his
1077 4892 1298 4946 verbis:
1341 4910 1359 4943 ι
1402 4891 1644 4945 Necesse
1677 4907 1806 4946 vero
1831 4902 1914 4946 est
1945 4892 2180 4946 Verbum
2211 4894 2374 4945 etiam

803 4984 1067 5055 Spiritum
1103 4984 1326 5038 habere.
1365 5003 1384 5034 ι

873 5075 1013 5142 Quia
1055 5091 1184 5129 vero
1231 5076 1546 5133 dicebamus
1597 5095 1720 5135 csse
1765 5072 1982 5150 quidem
2012 5077 2180 5131 Deum
2211 5093 2371 5130 unam

809 5166 1166 5220 substantiam
1202 5207 1216 5230 ,
1285 5181 1406 5232 qua:
1487 5177 1540 5223 ct
1597 5168 1843 5224 Trinitas
1873 5178 1955 5222 est
1986 5208 2000 5230 ,
2050 5168 2376 5234 Patremque

805 5256 975 5310 Deum
1003 5259 1300 5324 pcrlcctutn
1333 5272 1478 5323 esse,
1511 5275 1574 5314 ac
1603 5261 1853 5313 similiter
1884 5257 2107 5320 Filium,
2141 5272 2239 5310 nec
2265 5271 2374 5309 non

812 5349 1082 5420 Spiritum
1120 5360 1373 5405 sanctum
1406 5369 1420 5417 ;
1458 5351 1663 5404 idcirco
1691 5351 1951 5415 dicimus,
1975 5351 2128 5417 juxta
2160 5364 2222 5402 ac
2253 5364 2382 5402 sau-

876 5538 920 5570 ”
959 5535 1115 5590 Joan.
1153 5552 1242 5599 xx,
1282 5537 1366 5591 l7.

878 5723 986 5790 (6'2)
1027 5723 1176 5777 Orat.
1208 5723 1300 5784 25,
1332 5739 1381 5789 ιι.
1415 5723 1535 5776 HI.

879 5795 989 5861 (05)
1024 5793 1165 5846 Lihr.
1205 5794 1236 5847 5
1267 5804 1450 5847 contra
1481 5791 1705 5846 Eunoni.
1725 5830 1740 5858 ,
1773 5799 1878 5846 etc.

2481 4525 2568 4584 δος
2597 4524 2769 4592 τομὴν
2799 4524 2830 4591 ἦ
2858 4523 3122 4589 διαίρεσιν
3145 4519 3496 4587 επινοηθῆναι
3521 4535 3534 4547 ·
3565 4522 3638 4579 ὡς
3668 4520 3700 4588 ἢ
3731 4518 3856 4570 Υἰὸν
3881 4537 3995 4587 χωρ
4022 4537 4046 4580 ς

2482 4615 2695 4684 Πατρῖις
2726 4612 3008 4682 νοηθῆναι,
3043 4612 3074 4678 ἢ
3104 4613 3161 4662 τὸ
3190 4608 3417 4677 Πνεῦμα
3440 4610 3534 4661 τοῦ
3567 4609 3698 4662 Υἱοῦ
3731 4612 4046 4678 δ;αζευχυή-

2481 4723 2566 4759 ναι
2595 4721 2608 4736 ο
2643 4705 2787 4773 ἆπερ
2837 4706 2864 4755 ό
2917 4703 3175 4767 Θεολογος
3231 4700 3530 4769 Γρηγόριος
3559 4700 3675 4768 (62)
3721 4703 3812 4753 καὶ
3845 4703 3873 4751 ό
3906 4703 4047 4756 θεῖος

2481 4797 2761 4856 Βασίλειος
2798 4794 2910 4862 (65)
2943 4793 3128 4859 φασίν.
3157 4785 3252 4852 Οἷς
3281 4792 3378 4842 καὶ
3403 4783 3430 4842 ό
3453 4793 3812 4859 Δαμασκηνὸς
3843 4793 4047 4858 ἑπόμε-

2481 4905 2567 4948 νος
2603 4886 2738 4953 (04),
2799 4904 2816 4936 t
2860 4889 2951 4936 Δεῖ
2981 4885 3035 4936 δὲ
3070 4879 3159 4937 τὸν
3212 4886 3382 4952 Λόγον
3418 4885 3510 4935 καὶ
3558 4883 3779 4950 Πνεῦμα.
3811 4886 3972 4950 ἔχειν,
4024 4900 4042 4931 a

2479 4980 2739 5032 διδάσκει.

2565 5070 2717 5121 Ἐπεὶ
2753 5070 2810 5120 δὲ
2847 5072 3130 5138 ἐλέγομεν,
3168 5071 3289 5123 Ὀτι
3343 5073 3438 5139 μία
3496 5071 3594 5140 μὶν
3634 5071 3776 5122 ἔστιν
3827 5071 3982 5121 οὐσία
4023 5074 4050 5122 ὁ

2483 5161 2636 5229 Θεὸς,
2660 5165 2695 5234 ἡ
2725 5165 2818 5216 καὶ
2862 5164 3030 5231 Τριὰς
3066 5165 3182 5215 ἐστι
3208 5178 3220 5189 °
3255 5166 3348 5216 καὶ
3376 5165 3403 5214 ὁ
3439 5164 3629 5233 Πατὴρ
3668 5164 3868 5224 τέλειος
3896 5165 4046 5226 Θεὸς,

2484 5259 2578 5308 καὶ
2609 5259 2634 5306 ό
2663 5255 2786 5316 Υἱὸς
2816 5254 3095 5315 ὡσαύτως,
3128 5254 3222 5305 καὶ
3255 5255 3314 5305 τὸ
3378 5254 3602 5321 Πνεῦμα
3638 5255 3695 5304 τδ
3742 5253 3896 5318 ἅγιον
3925 5271 3932 5278 ·
3963 5253 4046 5301 διὰ

2495 5347 2654 5398 τοῦτο
2685 5348 2862 5413 φαμὲν
2894 5346 3034 5396 κατὰ
3069 5346 3158 5395 τὸν
3191 5343 3343 5411 ἅγιον
3368 5347 3641 5398 Διονύσιον
3665 5339 3775 5413 (65)
3804 5343 3896 5395 καὶ
3927 5344 4050 5406 τοὺς

2559 5721 2670 5791 (οι)
2705 5721 2819 5776 Lib.
2860 5739 2896 5786 ι,
2927 5736 2975 5776 c.
3009 5722 3062 5774 7.
3109 5759 3118 5768 .

2554 5793 2667 5862 (65)
2698 5792 2772 5846 De
2798 5794 2962 5848 divin.
2982 5811 3120 5847 nam.
3155 5810 3202 5849 c.
3224 5795 3276 5848 2.
