4428 6444
753 420 857 482 587

1994 419 2384 478 MANUELIS
2425 421 2727 481 CALEC/E

3871 416 3977 497 διὸ

755 551 893 589 novo
951 532 1186 600 quodam
1255 530 1474 598 vimque
1524 544 1738 583 onmem
1797 533 1995 587 mentis
2024 544 2316 601 superante
2346 539 2504 602 Ατρό

2230 544 2316 586 nte
2346 540 2390 593 Α
2419 538 2619 602 τρόπον
2648 539 2677 589 ὁ
2708 539 2896 609 Σωτὴρ
2922 539 3080 608 ἡμῶν
3116 543 3207 593 καὶ
3233 542 3509 611 ἄφθαρτον
3540 545 3680 611 μετὰ
3711 548 3811 617 τὴν
3848 550 3973 602 ἀνά-

753 626 936 685 modo,
992 622 1238 675 Salvator
1271 631 1452 673 noster
1479 662 1492 683 ,
1550 638 1749 688 corpus
1789 640 1947 676 suum
1982 634 2102 691 post
2134 640 2314 677 resur-

751 719 1043 769 rectionem
1078 722 1131 766 et
1179 714 1589 780 incorruptibilc
1617 714 1865 766 exhibuit
1912 723 1963 765 et
2010 716 2310 782 palpabile,

751 819 807 859 ιιι
856 820 1046 873 nempe
1094 805 1400 855 exhibendo
1430 804 1866 869 incorruptibile,
1928 804 1993 855 ad
2050 804 2311 872 spiritalia

748 894 1049 947 certamina
1078 904 1238 959 atque
1266 894 1481 958 przeinia
1539 891 1723 943 ﬁdeles
1778 904 2099 959 provocaret
2121 934 2135 957 ,
2166 894 2310 962 quod

748 1003 876 1040 vero
912 985 1187 1054 prmbebat
1218 984 1515 1051 palpabile,
1552 985 1615 1037 ad
1651 985 1805 1037 lidcni
1852 984 2216 1038 eonﬁrmaret.
2247 985 2314 1039 Ut

749 1082 931 1146 itaque
973 1077 1213 1144 ejusdem
1263 1076 1542 1126 nobiscum
1595 1084 1840 1135 naturae,
1873 1076 2101 1127 diversa:
2133 1085 2311 1128 tamen

746 1170 1033 1228 (tet-italis,
1085 1181 1285 1233 corpus
1350 1180 1507 1217 suum
1569 1165 1914 1225 ostenderet,
1973 1165 2209 1231 seipsqu
2260 1174 2313 1216 et

747 1259 1067 1326 palpabilcm
1124 1256 1370 1308 exhibuit
1416 1266 1466 1306 et
1515 1254 2001 1321 incorruptibilem.
2063 1256 2308 1319 Quandiu

746 1353 930 1415 ignur,
974 1358 1026 1397 ut
1064 1362 1225 1412 supra
1255 1345 1568 1396 ιΙίςιιιιλιιιιιις
1593 1384 1605 1404 ,
1643 1346 1692 1395 ίιι
1729 1345 1931 1395 muudo
1976 1346 2311 1406 vcrsahatur,

746 1440 904 1489 morti
951 1438 1188 1502 pariter,
1252 1435 1429 1500 iisque.
1486 1435 1741 1485 Omnibus
1779 1473 1791 1491 ,
1853 1450 1989 1501 quas
2053 1434 2310 1497 diximus,

744 1528 1084 1581 naturalibus
1134 1541 1195 1578 ac
1241 1525 1475 1577 innoxiis
1513 1525 1860 1591 passionihus
1903 1524 2178 1576 obnoxius
2210 1524 2313 1577 fuit

744 1622 972 1681 ridcirco
1002 1618 1283 1673 nimirum,
1318 1615 1461 1681 quod
1495 1623 1863 1681 assumpserat
1887 1614 2185 1681 perfectum
2212 1617 2310 1666 ho-

742 1713 969 1777 minem)
1013 1711 1064 1761 in
1118 1709 1321 1775 quibus
1370 1716 1426 1759 ut
1474 1709 1634 1759 homo
1688 1700 2313 1773 ουιἸιινίῐ,ἠιηιίυῐηιιιιο

739 1817 847 1868 quo
893 1802 1001 1851 haec
1049 1799 1100 1848 iu
1158 1797 1315 1849 nol-is
1360 1796 1688 1847 numeranda
1732 1784 2130 1855 sint,.ostendit
2168 1811 2179 1846 :
2213 1810 2311 1847 nec

738 1890 1184 1944 romtnittcndum
1226 1900 1280 1939 ut
1314 1888 1474 1939 bruto
1506 1889 1738 1953 quodam
1794 1890 1994 1953 impetu
2050 1895 2311 1953 extraque

738 1985 1025 2039 tationem.
1070 1990 1275 2033 natura:
1310 1990 1507 2031 nostra.
1546 1979 1918 2031 dominentur.

808 2074 1020 2127 Etenim
1052 2082 1111 2125 ut
1140 2073 1324 2131 homo,
1356 2072 1645 2121 humanam
1700 2068 2031 2120 voluntatem
2071 2068 2261 2122 habuit
2294 2084 2307 2120 :

738 2180 924 2219 verum
981 2164 1069 2215 illa
1120 2160 1367 2227 Subiecta
1414 2168 1531 2212 erat
1567 2157 1875 2212 divinitatis
1915 2157 2086 2226 ipsius
2116 2157 2310 2210 volun-

739 2259 855 2319 tati,
889 2269 987 2308 ucc
1016 2254 1291 2306 contrarie
1326 2251 1643 2302 movebatur
1672 2266 1684 2311 ;
1719 2249 1812 2301 sed
1858 2249 1971 2302 bare
2002 2262 2224 2317 quoque
2256 2256 2311 2299 ut

737 2354 899 2402 Immo
958 2342 1175 2399 volebat
1223 2359 1287 2396 ac
1336 2342 1607 2404 faciebat;
1650 2356 1994 2409 quzecnuque
2048 2340 2308 2393 nimirum

734 2444 916 2495 divina
949 2440 1068 2507 ejus
1123 2437 1376 2488 voluntas
1426 2434 1713 2489 Suadebat.
1757 2433 2107 2487 Concedcnte
2163 2433 2308 2486 cnim

734 2534 918 2585 divina
970 2540 1199 2590 natura,
1230 2528 1468 2595 propriis
1522 2526 1776 2579 humana?
1808 2534 2020 2578 natura:
2068 2526 2310 2579 innoxiis

736 2622 1089 2693 passiouibus
1130 2633 1227 2687 pro
1258 2626 1505 2683 tempore
1538 2616 1874 2668 adiciebatur
1898 2656 1909 2676 ,
1961 2624 2020 2668 ut
2050 2623 2104 2668 et
2143 2629 2309 2684 spon—

738 2730 952 2769 laneam
984 2720 1214 2764 mortem
1246 2711 1513 2776 eligeret;
1555 2724 1618 2763 ac
1648 2724 1840 2762 rursus
1886 2712 2075 2761 eadem
2104 2721 2309 2762 conce-

734 2808 896 2858 dente
933 2804 1102 2869 ipsam
1135 2808 1439 2853 recusaret.
1495 2801 1584 2851 Ait
1620 2800 1765 2852 enim
1806 2800 1917 2867 ipse
1948 2816 1961 2850 :
2004 2819 2020 2849 ι
2056 2797 2307 2852 Potesta-

736 2908 841 2950 tein
907 2896 1080 2947 habeo
1135 2892 1370 2961 ponendi
1427 2892 1666 2945 animam
1732 2907 1941 2955 meam,
2000 2902 2052 2944 et
2110 2894 2306 2944 iterum

734 2987 982 3040 sumendi
1003 3002 1122 3039 eain
1149 2986 1213 3036 ".
1246 3003 1262 3034 ι
1291 2984 1384 3034 Et:
1410 3003 1427 3031 ι
1454 2984 1707 3037 Nondum
1736 2986 1878 3037 venit
1906 2986 2036 3037 hora
2064 2998 2183 3039 mea
2204 2983 2302 3035 ⁸⁸.»

734 3079 788 3131 In
829 3078 988 3131 nobis
1023 3086 1203 3129 autem
1237 3090 1346 3129 non
1380 3078 1454 3127 ita
1496 3076 1696 3129 accidit
1727 3092 1742 3138 ;
1778 3077 1909 3143 quin
1940 3080 2121 3145 potius
2150 3075 2306 3130 liberi

2417 640 2609 676 στασιν
2645 625 2740 677 καὶ
2768 626 3088 697 ψηλαφητδν
3115 630 3175 679 τὸ
3208 629 3403 681 ἐαυτοῦ
3433 630 3600 694 ἔδειξε
3642 633 3799 700 σῶμα
3828 651 3842 665 ⁸
3890 637 3974 688 ἴνα

2414 714 2499 766 διὰ
2531 716 2632 782 μὲν
2662 716 2758 768 τοῦ
2792 718 3068 785 ἄφθαρτον
3091 720 3260 783 δεῖξαι
3291 722 3384 772 ἐπὶ
3412 722 3536 784 τοὺς
3569 728 3975 790 πνευματικοῦς

2413 806 2631 873 ἀγῶνας
2666 808 2759 858 καὶ
2787 808 2853 860 τὰ
2898 804 3035 859 ἆθλα
3064 811 3191 871 τοὺς
3225 812 3453 873 πιστοὺς
3485 815 3927 881 προσκαλέσηται
3960 832 3973 844 ·

2412 894 2499 947 διὰ
2554 897 2612 948 δέ
2656 898 2750 949 τοῦ
2806 897 3125 967 ψηλαφητδν
3157 901 3288 952 αὐτὸ
3319 905 3621 971 παρασχεῖν
3682 904 3819 972 πρὸς
3878 905 3975 972 τὴν

2415 986 2597 1037 πίστιν
2648 987 2794 1054 ἡμᾶς
2848 986 3142 1060 βεϐαιώσῃ.
3187 990 3298 1041 ’Ὶνα
3335 994 3516 1044 τοίνυν
3566 992 3666 1059 τῆς
3717 992 3974 1060 αύτῆςὸι

2415 1076 2546 1142 ἡμῖν
2602 1075 2812 1139 φύσεως
2856 1079 2947 1132 καὶ
2996 1078 3156 1147 δόξης
3206 1080 3395 1147 ἐτέρας
3452 1082 3511 1133 τὸ
3570 1079 3764 1133 ἑαυτοῦ
3814 1082 3971 1151 σῶμα

2414 1165 2584 1235 δείξῃ,
2617 1169 2713 1219 καὶ
2750 1168 3071 1238 ψηλαφητδν
3103 1172 3197 1224 καὶ
3228 1170 3505 1238 ἄφθαρτον
3539 1172 3738 1237 ἔδειξεν
3760 1174 3971 1227 ἐαυτόν.

2416 1257 2561 1319 Ἕως
2609 1261 2705 1327 μὲν
2734 1260 2848 1322 οὖν,
2880 1262 3133 1330 καθάπερ
3171 1264 3421 1330 είπομεν,
3455 1267 3512 1315 ἐν
3546 1265 3623 1332 τῷ
3654 1265 3844 1333 κόσμῳ
3872 1266 3976 1315 διέ-

2413 1348 2592 1416 τριϐε,
2629 1355 2720 1402 καὶ
2754 1352 2967 1419 θανάτῳ
2998 1354 3093 1405 xei.
3120 1357 3229 1414 τοῖς
3264 1356 3573 1422 εἰρημένοις
3601 1356 3781 1416 ἄλλοις
3804 1359 3976 1409 ἅπασι

2415 1442 2523 1501 τοῖς
2549 1444 2796 1507 φυσικοῖς
2824 1444 2917 1493 καὶ
2938 1443 3279 1510 ἀδιαὸλήτοις
3306 1445 3564 1496 ὑπέκειτο
3585 1445 3814 1496 πάθεσιν
3835 1450 3978 1511 (ἐπεὶ

2415 1530 2619 1580 τέλειον
2646 1532 2933 1598 ἀνείληφεν
2954 1532 3283 1600 ἄνθρωπον),
3304 1536 3359 1587 ἐν
3377 1530 3454 1593 οἷς
3482 1536 3575 1585 καὶ
3596 1534 3667 1595 ὡς
3694 1534 3978 1602 ἄνθρωπος

2417 1622 2740 1685 ἠγωνίσατο,
2772 1623 2866 1673 καὶ
2896 1622 3061 1685 ἔδειξε
3106 1624 3221 1684 πῶς
3262 1624 3434 1676 ταῦτα
3469 1626 3559 1675 καὶ
3595 1626 3652 1676 ἐν
3682 1628 3809 1694 ἡμῖν
3838 1628 3979 1675 οἰκο-

2416 1710 2698 1778 νομεῖσθαι
2728 1713 2827 1774 δεῖ,
2862 1714 2954 1764 καὶ
2995 1715 3070 1781 μὴ
3102 1715 3312 1778 ἀλόγως
3343 1715 3450 1768 ὖπδ
3484 1715 3689 1767 τούτων
3719 1718 3815 1782 τὴν
3842 1719 3979 1784 ἠμί·

2414 1796 2581 1864 τέραν
2611 1797 3126 1862 κατεξουσιάζεσθαι
3158 1802 3340 1868 φύσιν.

2483 2065 2594 2115 Καὶ
2624 2068 2752 2132 γὰρ,
2787 2064 2861 2125 ὡς
2910 2064 3007 2133 μὲν
3036 2065 3339 2135 ἄνθρωπος,
3387 2064 3499 2137 εἶχε
3550 2072 3610 2123 τὸ
3640 2072 3981 2140 ἀνθρώπινον

2412 2154 2661 2224 Gil-(194'
2717 2157 3052 2212 ὑπετάσσετο
3096 2160 3152 2211 δὲ
3202 2162 3281 2230 τῷ
3315 2162 3581 2232 θελήματι
3632 2165 3731 2231 τῆς
3784 2167 3979 2219 ἐαυτοῦ

2412 2246 2685 2315 θεότητος,
2715 2250 2809 2301 καὶ
2838 2249 2938 2302 οὐκ
2967 2250 3201 2303 ἐκινεῖτο
3242 2252 3575 2315 ὑπεναντίως
3600 2268 3614 2282 ⁸
3647 2255 3782 2307 ἀλλὰ
3809 2255 3981 2310 ταῦτα

2411 2340 2507 2391 καὶ
2534 2340 2608 2401 ὡς
2642 2338 2929 2409 ἄνθρωπος
2957 2341 3118 2410 ἧθελε
3151 2344 3243 2395 καὶ
3276 2345 3470 2407 ἐποίει,
3492 2347 3594 2398 ὅσα
3621 2347 3862 2417 δηλονότι
3886 2350 3980 2402 καὶ

2409 2425 2469 2476 τὸ
2503 2424 2646 2478 θεῖον
2681 2426 2851 2479 αὐτοῦ
2883 2427 3115 2497 θέλημα.
3154 2430 3555 2502 Συγχωρούσης
3588 2433 3692 2497 μὲν
3722 2434 3830 2504 γὰρ
3880 2436 3978 2505 τῆς

2411 2515 2563 2578 θείας
2594 2516 2834 2585 φύσεως,
2862 2520 3001 2571 κατὰ
3035 2521 3223 2589 καιρὸν
3252 2521 3459 2592 ἔπασχε
3492 2523 3562 2576 τὰ
3596 2525 3703 2578 ῖδια
3751 2528 3850 2594 τῆς
3885 2529 3981 2580 civ-

2410 2610 2689 2679 θρωπίνης
2727 2609 2942 2677 φύσεως
2975 2611 3275 2682 ἀδιάϐλητα
3314 2615 3482 2683 πάθη,
3509 2615 3585 2678 ὡς
3640 2617 3732 2669 καὶ
3781 2619 3841 2670 τὸ
3887 2618 3981 2671 τὸν

2410 2702 2659 2755 ἑκούσιον
2698 2702 3026 2772 προελέσθαι
3058 2703 3325 2758 θάνατον’
3357 2708 3751 2778 συγχωρούσης
3789 2710 3846 2764 ει
3876 2712 3981 2765 πά-

2411 2794 2518 2856 λιν,
2574 2795 2664 2847 τὸν
2723 2795 2889 2847 αὑτὸν
2943 2797 3321 2865 παρῃτήσατο.
3393 2800 3566 2861 Αὐτὸς
3626 2800 3737 2870 γάρ
3792 2820 3979 2872 φησιν,

2415 2902 2434 2935 ι
2475 2886 2756 2949 Ἐξουσίαν
2786 2885 2895 2953 ἐχω
2938 2886 3109 2938 θεῖναι
3166 2888 3267 2952 τὴν
3300 2886 3489 2956 ψυχήν
3527 2906 3652 2957 μου,
3689 2892 3784 2942 καὶ
3818 2892 3981 2945 πάλιν

2410 2979 2597 3033 λαϐεῖν
2626 2979 2817 3048 αὐτήν.
2860 2996 2878 3030 ι
2904 2978 3035 3040 Καὶ,
3066 2997 3085 3030 ι
3119 2978 3286 3031 Οὔπω
3304 2980 3555 3048 ἐληλύθει
3588 2983 3620 3051 ἠ
3653 2982 3772 3050 ὥρα
3802 3000 3925 3051 μου.
3954 3002 3973 3035 ι

2422 3072 2539 3141 Ἐφ’
2572 3071 2731 3141 ἡμῶν
2758 3071 2816 3123 δὲ
2839 3071 2937 3140 οὐχ
2963 3070 3107 3123 οὕτω
3133 3072 3422 3140 συμϐαίνει
3444 3088 3459 3102 ·
3488 3073 3626 3125 ἀλλὰ
3647 3074 3736 3126 διὰ
3763 3073 3861 3143 τὴν
3886 3074 3980 3126 τοῦ

734 3170 949 3223 arbitrii
982 3181 1141 3232 nutu,
1169 3169 1313 3221 haud
1366 3182 1490 3220 raro
1523 3182 1687 3236 prava
1744 3168 2023 3237 voluptate
2077 3166 2304 3228 seducti,
2336 3190 2382 3251 ο
2412 3166 2481 3219 αύ

2229 3166 2304 3228 :li,
2336 3190 2382 3251 ο
2412 3161 2760 3229 αύτεξουσῖου
2787 3162 2977 3234 ῥοπὴν,
3023 3162 3285 3227 πολλάκις
3314 3163 3524 3231 φαύλης
3580 3163 3773 3234 ἡδγιῆς
3818 3166 3978 3217 ἕνεκα

731 3261 914 3314 carnis
963 3260 1296 3314 voluntatem
1338 3259 1715 3326 praeterimus,
1758 3273 1879 3327 qua:
1910 3257 2001 3311 Dei
2043 3258 2305 3312 voluntati

730 3358 1055 3408 adversatur
1112 3353 1392 3422 animique
1469 3350 1811 3419 perfettioni.
1880 3351 1949 3403 De
2005 3351 2107 3404 hac
2160 3351 2305 3403 enim

728 3448 935 3498 dictum
962 3451 1089 3496 est:
1133 3461 1149 3491 ι
1183 3442 1324 3494 (Lara
1358 3442 1699 3509 concupiscit
1728 3442 1992 3493 adversus
2024 3439 2305 3509 spiritum,

731 3537 962 3606 Spiritus
991 3534 1256 3587 adversus
1288 3545 1513 3585 carnem
1546 3533 1612 3584 ".
1648 3548 1668 3583 ι

800 3714 875 3766 lix
909 3712 991 3766 his
1031 3725 1194 3781 porro
1222 3710 1456 3764 Solvitur
1502 3710 1667 3763 etiam
1727 3709 1816 3763 illa
1866 3710 2097 3778 quazstio
2121 3751 2135 3774 ,
2165 3709 2305 3776 Quid

726 3821 906 3859 causae
932 3807 1022 3869 sit,
1050 3820 1149 3859 cur
1179 3814 1305 3856 ante
1339 3817 1543 3855 annum
1583 3802 1926 3856 tricesimum
1962 3804 2117 3873 signa
2145 3805 2308 3859 edere

727 3913 834 3949 non
872 3898 1120 3966 cmperit.
1161 3895 1297 3949 Cum
1327 3894 1473 3948 enim
1512 3895 1760 3946 omnium
1792 3891 2064 3948 consensu
2102 3896 2307 3964 explo-

727 3996 906 4039 ratum
938 3987 1028 4051 sit,
1062 3984 1205 4038 Deus
1236 3999 1359 4037 cum
1403 3992 1581 4045 esset,
1614 3981 1818 4036 factum
1852 3996 1973 4039 esse
2002 3983 2305 4052 perfectum

727 4080 1025 4141 hominem,
1056 4092 1164 4129 uno
1190 4077 1411 4145 dempto
1443 4084 1665 4142 peccato
1692 4092 1705 4140 ;
1738 4075 1927 4143 liquet,
1958 4076 2009 4127 in
2040 4085 2305 4143 quantum

725 4173 869 4226 Deus
900 4182 1036 4231 erat,
1072 4172 1235 4223 etiam
1267 4186 1393 4222 cum
1449 4169 1686 4236 pueriles
1730 4184 1792 4222 ac
1844 4169 2089 4223 infantiae
2130 4185 2306 4225 annos

722 4272 927 4331 ageret,
956 4262 1198 4330 patuisse
1238 4262 1391 4328 signa
1446 4260 1559 4313 hac
1608 4260 1930 4312 humanitus
1962 4262 2146 4315 edere.
2198 4259 2306 4313 Ta-

724 4357 883 4408 metsi
930 4357 1076 4406 enim
1116 4358 1193 4404 ait
1244 4352 1591 4417 Evangelista
1633 4367 1645 4401 :
1683 4370 1699 4401 ι
1737 4350 1897 4405 Jesus
1927 4364 2107 4407 autem
2138 4354 2306 4422 proﬁ-

720 4448 897 4499 ciebat
933 4445 1202 4512 sapicutia
1236 4453 1291 4496 ct
1318 4452 1480 4495 actate
1520 4452 1575 4494 et
1608 4443 1781 4509 gratia
1804 4443 1869 4504 ’⁸,
1922 4462 1937 4491 ι
1983 4459 2089 4495 ιιοιι
2124 4445 2195 4495 ita
2226 4445 2308 4496 in-

2410 3256 2784 3325 ἀπατώμενοι,
2831 3254 2891 3308 τὸ
2926 3256 3021 3323 τῆς
3053 3254 3256 3323 σαρκὸς
3299 3254 3720 3325 προαιρούμεθα
3747 3255 3980 3325 θέλημα,

2410 3350 2547 3418 ὅπερ
2566 3349 2714 3400 ἐστὶν
2742 3346 2982 3399 ἐναντίον
2997 3346 3076 3416 τῷ
3096 3345 3362 3415 θελήματι
3379 3347 3474 3399 τοῦ
3497 3346 3655 3410 Θεοῦ,
3677 3349 3772 3401 καὶ
3792 3351 3858 3419 τῇ
3884 3352 3982 3419 τῆς

2408 3442 2585 3509 ψυχῆς
2633 3440 2959 3507 τελειότητι.
3021 3438 3159 3506 Περὶ.
3194 3440 3390 3490 τούτου
3430 3439 3539 3507 γὰρ
3570 3438 3807 3507 εἴρηται,
3844 3458 3863 3490 ι
3917 3441 3981 3492 Ίι

2410 3532 2548 3594 σὰρξ
2567 3530 2828 3599 ἐπιθυμεῖ
2851 3528 2991 3582 κατὰ
3020 3527 3115 3581 τοῦ
3147 3529 3461 3599 πνεύματος
3482 3544 3496 3560 ·
3516 3529 3579 3581 τὸ
3600 3528 3815 3600 πνεῦμα
3842 3531 3981 3582 κατὰ

2407 3621 2508 3689 τῆς
2538 3621 2759 3690 σαρκός.
2812 3639 2830 3671 ι

2490 3714 2585 3765 Ἐκ
2621 3711 2824 3765 τούτων
2850 3712 2908 3763 δὲ
2925 3711 3132 3774 λύεται,
3169 3710 3263 3763 καὶ
3295 3710 3440 3772 τίνος
3476 3710 3641 3763 ἕνεκα
3702 3710 3777 3779 μὴ
3848 3712 3982 3781 πρό-

2406 3823 2565 3876 τερον
2590 3806 2699 3858 τῶν
2731 3805 3024 3873 τριάκοντα
3058 3803 3267 3873 χρόνων
3297 3802 3500 3873 ἤρξατο
3532 3806 3736 3873 σημεῖα
3784 3807 3981 3858 ποιεῖν.

2408 3900 2471 3951 Εί
2503 3898 2611 3967 γὰρ
2638 3898 2726 3951 διὰ
2777 3899 2994 3951 πάντων
3023 3897 3361 3965 ὁμολογεῖται
3390 3899 3471 3951 ὅτι
3496 3896 3625 3958 Θεὸς
3659 3896 3754 3961 ὢν,
3784 3898 3985 3959 τέλειος

2409 3992 2623 4058 ἐγένετο
2662 3990 2952 4060 ἄνθρωπος
2996 3991 3167 4059 χωρὶς
3195 3989 3494 4058 ἁμαρτίας,
3529 3991 3764 4058 φανερὸν
3796 3990 3877 4042 ὅτι
3909 3991 3984 4053 ὼς

2411 4082 2510 4153 μιν
2544 4082 2681 4145 Θεὸς
2729 4083 2954 4135 ἐδύνατο
3005 4083 3099 4133 καὶ
3159 4081 3423 4151 παιδικὴν
3476 4081 3699 4151 ἠλικίαν
3751 4084 3892 4135 κατὰ
3924 4083 3985 4135 τὸ

2407 4174 2749 4245 ἀνθρώπινον
2780 4174 2943 4242 ἔχων,
2977 4173 3148 4227 ταῦτα
3180 4174 3249 4226 τὰ
3298 4177 3501 4243 σημεῖα
3537 4180 3732 4228 ποιεῖν.
3789 4176 3849 4227 Εἰ
3878 4177 3986 4245 γὰρ

2408 4268 2502 4320 καί
2535 4268 2703 4336 φησιν
2748 4267 2775 4318 ὁ
2807 4265 3235 4334 Εύαγγελιστὴς,
3274 4283 3293 4316 ι
3353 4266 3561 4334 Ἰησοῦς
3588 4266 3645 4317 δὲ
3680 4268 3985 4335 προέκοπτε

2409 4360 2572 4428 σοφίᾳ
2604 4359 2697 4411 καὶ
2726 4358 2915 4429 ἡλικίᾳ
2944 4360 3040 4412 καὶ
3071 4360 3278 4431 χάριτι,
3314 4379 3333 4412 ι
3377 4362 3437 4413 οὺ
3493 4363 3709 4431 νοητέον
3751 4363 3833 4415 ὅτι
3866 4365 3987 4415 κατ’

2388 4450 2586 4535 ⁸ὀλίγον
2617 4450 2901 4518 ηὐξάνετο,
2937 4452 3032 4503 καὶ
3061 4451 3169 4503 ἀπὸ
3197 4450 3293 4502 τοῦ
3328 4452 3553 4518 δυνάμει
3596 4454 3674 4513 είς
3707 4452 3987 4520 ἐνέργειαν

719 4538 1101 4607 triligcudum,
1160 4534 1318 4603 quasi
1366 4534 1629 4603 paulatim
1684 4544 1989 4595 cresceret.
2038 4545 2200 4604 atque
2237 4536 2306 4589 ab
2340 4521 2468 4593 ιῩέν

2237 4536 2306 4589 ab
2340 4521 2796 4609 ιΫέντελεστέραν
2825 4541 2899 4603 ὡς
2930 4542 2981 4593 οί
3013 4541 3293 4610 ἄνθρωποι
3328 4541 3560 4611 προῄει·
3601 4562 3619 4593 ι
3657 4542 3719 4593 Ἰ“ί
3751 4542 3983 4608 γὰρτοῦ

717 4646 784 4684 co
814 4630 960 4699 quod
997 4639 1080 4682 est
1112 4629 1377 4697 potentia,
1432 4630 1501 4680 ad
1550 4639 1731 4681 actum
1772 4630 2151 4696 perfectiurem
2187 4631 2303 4697 (uti

719 4739 778 4777 se
831 4738 918 4776 res
971 4722 1025 4775 in
1061 4720 1381 4774 hominibus
1437 4719 1635 4787 habet)
1696 4724 2055 4790 procederet:
2102 4740 2120 4771 ι
2161 4721 2301 4785 Quid

716 4818 863 4870 enim
894 4831 959 4870 eo
988 4855 1002 4878 ,
1056 4817 1203 4884 quod
1240 4829 1267 4865 θ
1303 4813 1575 4882 principio
1608 4813 1907 4882 perlectum
1941 4824 2057 4867 erat
2081 4856 2094 4879 ,
2127 4814 2305 4885 perfe-

717 4912 861 4964 ctius
902 4886 1022 4963 esse
1077 4906 1289 4976 possit?
1335 4924 1353 4956 ›
1389 4908 1481 4960 sed
1519 4907 1643 4974 quia
1700 4908 1751 4958 in
1784 4908 1905 4977 ejus
1934 4907 2083 4960 vultu
2123 4922 2314 4978 gestu-

716 5018 848 5073 que,
893 5012 951 5055 ut
978 5003 1143 5056 homo
1168 5010 1307 5068 erat,
1343 5011 1605 5054 venustas
1637 5009 1802 5069 atque
1838 5002 2007 5069 gratia
2034 5004 2307 5071 elucebat,

715 5097 974 5167 quodque
1022 5094 1284 5163 paulatim
1322 5109 1416 5161 per
1463 5095 1814 5162 Oper-alioues
1842 5134 1855 5156 ,
1892 5110 1988 5163 pro
2033 5098 2306 5166 cujusque

712 5192 889 5245 tet-alis
922 5190 1091 5258 gradu
1126 5196 1493 5256 congruentes
1516 5228 1528 5251 ,
1560 5187 1731 5254 ipsius
1782 5188 2134 5256 detegebatur
2164 5191 2303 5243 divi-

716 5287 894 5348 nitas;
954 5294 1012 5336 ut
1066 5292 1257 5337 auctor
1321 5291 1401 5333 est
1435 5280 1734 5348 Gregorius
1780 5278 2108 5349 Theologus.
2164 5282 2305 5348 Quia

712 5380 857 5432 enim
915 5377 1094 5430 aetatis
1149 5376 1427 5441 humana!‘
1458 5390 1520 5426 ac
1577 5375 1819 5429 scicntic
1872 5376 2132 5442 perfer-tiu
2211 5377 2305 5429 illo

715 5470 952 5523 maxime
985 5478 1403 5523 Consummatur
1439 5477 1708 5535 tempore,
1748 5467 1952 5518 idcirco
1980 5469 2142 5519 etiam
2183 5471 2303 5537 ipsc

714 5581 835 5617 cuin
874 5572 1021 5617 esset
1067 5565 1242 5615 factus
1286 5563 1469 5626 homo,
1512 5563 1655 5613 sicut
1700 5561 1907 5627 reliqua
1944 5560 2126 5612 omnia
2178 5578 2305 5615 sus-

710 5667 929 5729 ceperat
960 5664 1107 5724 (nam
1151 5658 1314 5710 etiam
1354 5658 1717 5708 circumcisus
1760 5666 1844 5707 cst
1876 5663 1928 5705 et
1982 5653 2032 5705 in
2080 5658 2289 5723 templo

781 5840 799 5869 ³
830 5836 983 5893 Juan.
1053 5842 1222 5900 8,18.
1303 5841 1346 5869 ¹⁶
1386 5838 1542 5892 Jun.
1582 5856 1637 5897 ll,
1678 5838 1725 5889 εί.

2414 4630 2671 4701 ἀπαρχῆς
2696 4630 2901 4701 τελείου
2928 4630 3127 4698 γένοιτ’
3161 4632 3227 4685 ἂν
3255 4632 3588 4702 τελειότερον
3617 4650 3631 4695 ;
3678 4651 3696 4683 ι
3744 4633 3860 4684 ἀλλ’
3906 4635 3986 4686 ὅτι

2413 4725 2554 4776 κατὰ
2586 4723 2645 4775 τὸ
2674 4722 3019 4793 ἀνθρώπινον
3071 4722 3187 4790 ὥρα
3246 4725 3342 4776 καὶ
3396 4724 3555 4793 χάρις
3595 4723 3881 4793 ἐπέλαμπε
3910 4723 3987 4793 τῷ

2411 4816 2604 4868 τούτου
2638 4815 2916 4886 προσώπῳ
2942 4832 2957 4849 ο
2987 4816 3083 4868 καὶ
3128 4817 3210 4869 ὅτι
3240 4814 3583 4886 καταμικρδν
3608 4815 3698 4869 διὰ
3728 4816 3835 4869 τῶν
3868 4818 3987 4879 ταῖς

2416 4910 2660 4979 ἡλικίαις
2713 4908 3095 4976 ἀναλογουσῶν
3154 4910 3447 4977 ἐνεργειῶν
3487 4910 3520 4978 ἡ
3559 4909 3756 4962 τούτου
3811 4925 3986 4978 παρε-

2412 5000 2687 5068 γυμνοῦτο
2730 4999 2943 5071 θεότης,
2974 4999 3050 5063 ὠς
3098 5000 3394 5070 Γρηγόριος
3432 5002 3460 5053 ὁ
3502 5000 3762 5067 Θεολόγος
3795 5000 3985 5070 φησίν.

2423 5093 2643 5163 Ἐπειδὴ
2666 5094 2775 5163 γὰρ
2825 5094 2859 5163 ἡ
2908 5092 3187 5159 τελειότης
3240 5093 3340 5159 τῆς
3390 5092 3742 5161 ἀνθρωπίνης
3772 5091 3987 5161 ἡλικίας

2410 5188 2507 5239 καὶ
2536 5185 2793 5253 γνώσεως
2826 5184 2882 5235 ἐν
2924 5182 3100 5253 τούτῳ
3130 5182 3208 5251 τῷ
3256 5182 3435 5251 χρόνῳ
3482 5182 3717 5251 μάλιστα
3753 5180 3987 5233 τελειοῦ-

2408 5294 2521 5341 ται,
2547 5276 2635 5327 διὰ
2678 5274 2836 5327 τοῦτο
2868 5274 2964 5326 καὶ
2996 5273 3158 5334 αὐτὸς
3190 5271 3478 5340 ἄνθρωπος
3505 5270 3767 5338 γεγονὼς,
3798 5268 3988 5334 ὥσπερ

2408 5369 2577 5423 τᾶλλα
2612 5366 2897 5430 ἀνεδέξατο
2930 5367 3109 5419 πάντα
3142 5365 3258 5433 (καὶ
3307 5364 3417 5431 γὰρ
3474 5364 3568 5415 καὶ
3616 5360 3982 5429 περιετμήθη,

2409 5466 2504 5515 καὶ
2534 5462 2611 5532 τῷ
2645 5460 2757 5529 ναῷ
2784 5458 3131 5530 προσηνέχθη
3164 5459 3304 5510 κατὰ
3332 5459 3423 5509 τὶν
3451 5459 3636 5525 νόμον.
3669 5455 3839 5517 Αὐτὸς
3879 5455 3987 5524 γάρ

2410 5574 2598 5626 φησιν,
2648 5576 2665 5607 ι
2716 5555 2832 5609 Οὐκ
2886 5549 3050 5625 ἦλθον
3108 5551 3416 5607 καταλῦσαι
3472 5549 3563 5603 τὸν
3620 5550 3802 5616 νόμον,
3850 5547 3985 5599 ἀλλὰ

2409 5652 2721 5721 πληρῶσαι,
2760 5668 2777 5700 ι
2820 5650 2907 5702 ἵνα
2969 5648 3041 5716 μὴ
3113 5646 3359 5707 ἀντίθεος
3413 5644 3586 5714 δόξεθ’
3624 5640 3846 5710 εῠδηλον
3903 5639 3985 5692 ὅτι

1812 5837 1848 5865 ‘-"
1885 5836 2056 5890 (idat.
2100 5855 2147 5901 v,
2210 5838 2293 5902 37.
2376 5836 2573 5890 "Luc.
2609 5834 2753 5899 “,52
