4428 6444
791 406 891 467 591

2040 408 2434 468 MANUELIS
2473 410 2778 472 CALECIR

3911 394 4014 469 592

792 525 1080 571 decertans
1107 558 1119 580 ,
1166 520 1417 586 victoque
1448 519 1787 581 adversario,
1842 520 1959 583 ipse
2012 534 2227 585 semper
2281 521 2361 573 in-
2386 519 2437 578 Δ
2464 520 2541 572 λοι

2281 521 2361 573 in-
2386 519 2437 578 Δ
2464 520 2575 581 λον,
2610 522 2668 575 ἐν
2699 521 2873 574 οὐδενὶ
2922 520 2978 574 δὲ
3032 522 3301 591 ἡττηθεὶς,
3349 523 3442 575 καὶ
3474 520 3644 573 πολλὰ
3698 518 3884 572 παθὼν
3915 519 4013 571 δσα

789 611 967 661 victus
1001 622 1380 676 pwseverans,
1413 610 1693 674 multaque
1724 623 1939 675 passus,
1985 624 2215 674 quorum
2255 625 2355 664 nos

787 712 1009 747 eramus
1044 696 1140 757 rei,
1206 705 1264 747 ut
1304 695 1396 761 qui
1451 697 1665 763 propria
1720 698 1995 751 voluntate
2029 712 2092 751 ac
2125 698 2358 753 consilio

789 795 1093 849 peccantes,
1129 786 1293 837 alieni
1356 801 1383 837 a
1425 785 1532 837 Deo
1584 787 1708 837 facti
1760 802 2024 850 eramus,
2077 798 2356 856 postremo

786 888 1035 927 tuortuus
1066 884 1227 941 atque
1258 876 1503 941 sepultus
1526 916 1538 937 ,
1574 876 1719 927 illius
1770 879 1970 942 potitus
2004 886 2127 940 est,
2162 879 2250 946 qui
2286 880 2356 932 ob

788 976 1093 1032 peccatum,
1131 968 1433 1017 humanum
1467 982 1637 1029 genus
1672 967 1898 1033 imperio
1925 961 2352 1034 rnatieipaverat,

782 1070 957 1123 coque
989 1057 1372 1113 t‘utnlemnato,
1418 1055 1485 1105 ab
1514 1055 1659 1105 illius
1695 1069 1794 1106 nos
1839 1056 2038 1106 cxmnit
2070 1058 2352 1119 servitute,

782 1161 887 1212 qua
920 1162 1081 1196 cruci:
1117 1144 1332 1195 funi-tus
1361 1154 1440 1194 est
1468 1160 1529 1195 ac
1586 1155 1778 1197 morte.
1814 1146 1870 1196 Si
1903 1146 2044 1197 enim
2090 1146 2158 1197 ub
2194 1147 2351 1213 primi

782 1236 908 1288 Λεία»
943 1235 1183 1301 culpam,
1222 1237 1367 1285 velut
1405 1236 1579 1285 labem
1615 1236 1905 1301 quamdam
1941 1236 2005 1287 ad
2042 1250 2138 1289 nos
2178 1251 2352 1298 usque

779 1323 1054 1385 iliﬂ'usam,
1096 1325 1276 1373 divina
1334 1325 1603 1373 sententia
1676 1326 1728 1373 in
1786 1337 1885 1375 nos
1946 1323 2107 1374 latam
2157 1326 2351 1377 mortis

783 1425 997 1479 pmnam
1028 1414 1362 1463 incurrimus
1386 1412 1423 1438 3"
1456 1429 1467 1462 :
1502 1412 1780 1477 quomodo
1815 1427 1920 1461 nun
1977 1413 2157 1478 potius
2181 1452 2194 1469 ,
2230 1411 2349 1463 Filii

784 1504 871 1554 υνί
908 1511 1077 1553 morte
1104 1501 1566 1567 justilicahimur,
1601 1502 1718 1567 ejus
1765 1501 1975 1552 scilicet
2000 1541 2013 1559 ,
2059 1502 2150 1568 qui
2209 1509 2351 1553 Vete-

776 1609 888 1645 rem
916 1594 1086 1644 Adam
1120 1594 1237 1643 sine
1268 1599 1492 1657 peccato
1540 1602 1839 1659 aSsumpsit
1864 1632 1877 1653 ,
1916 1608 1977 1644 ac
2026 1607 2122 1642 nov
2139 1606 2203 1643 us
2236 1592 2351 1659 ipse

775 1686 946 1736 Adam
992 1683 1209 1736 exsistit
1268 1684 1336 1733 ³⁸.
1398 1682 1718 1749 Siquidem,
1775 1692 1831 1733 ut
1887 1684 1960 1734 ait
2011 1681 2346 1749 Apo~tolusz

780 1797 796 1826 ε
841 1776 1256 1828 Danmatiuneni
1316 1773 1525 1841 peccati
1586 1773 1749 1824 solvit
1782 1775 1833 1823 in
1881 1761 2058 1824 “carne
2094 1786 2192 1824 sua
2221 1771 2285 1833 ³⁸,
2323 1789 2341 1821 ι

2460 612 2607 678 ἡμᾶς
2631 611 2736 663 ἔδει
2767 612 2958 664 παθεῖν
2984 613 3058 675 ὡς
3084 612 3259 680 οίκεία
3295 612 3486 681 γνώμῃ
3529 611 3871 679 ἁμαρτόντας
3920 612 4017 660 καὶ

2457 700 2916 766 ἀλλοτριωθέντες
2946 702 3102 765 Θεοῦ,
3149 702 3304 762 τέλος
3352 701 3641 754 ἀποθανὼν
3673 702 3765 751 καὶ
3802 701 4014 766 ταφεὶς,

2458 790 2725 857 ὑπερέσχε
2757 790 2851 840 τοῦ
2881 790 2970 841 διὰ
2992 791 3089 857 τὴν
3124 790 3396 858 ἁμαρτίαν
3418 793 3515 857 τῆς
3544 789 3886 855 ἀνθρωπίνης
3913 788 4015 854 φύ-

2457 896 2595 940 σεως
2653 879 3213 943 κατεξουσιάσαντοςθ
3271 882 3361 931 καὶ
3413 878 3786 939 καταδικάσας
3830 879 4011 939 αὑτὸν,

2455 968 2832 1037 ἠλευθέρωσεν
2862 970 3007 1036 ἡμᾶς
3040 969 3142 1036 τῆς
3180 968 3421 1029 δουλείας
3456 971 3688 1030 ἐκείνου,
3716 970 3791 1034 τῷ
3822 965 4015 1017 ἐαυτοῦ

2456 1058 2673 1126 σταυρῷ
2729 1075 2786 1109 τε
2839 1059 2932 1110 καὶ
2965 1060 3041 1126 τῷ
3071 1058 3307 1125 θανάτῳ.
3346 1059 3407 1108 Εἰ
3437 1059 3543 1125 γὰρ
3574 1057 3658 1107 διὰ
3698 1058 3797 1120 τὴν
3838 1057 4016 1120 ἀμαρ-

2452 1148 2574 1199 τίαν
2602 1147 2694 1199 τοῦ
2727 1147 2943 1215 πρώτου
2978 1148 3171 1215 ’Δδάμ,
3199 1148 3448 1214 καθάπερ
3470 1146 3590 1197 τινὰ
3621 1147 3796 1214 λύμην
3826 1146 4017 1212 μέχρις

2453 1237 2611 1304 ήμῶν
2642 1238 2998 1301 διαδοθείσαν,
3028 1239 3385 1305 ὑπεπέσαμεν
3408 1238 3483 1306 τῷ
3511 1238 3726 1304 θανάτῳ
3758 1252 4018 1301 κατακρ-

2454 1330 2659 1393 θέντες,
2693 1332 2810 1393 πῶς
2847 1332 2907 1384 οῦ
2946 1332 3147 1400 μᾶλλον
3178 1330 3656 1399 δικαιωθησὸμεθα
3688 1330 3777 1382 διὰ
3803 1331 3897 1381 τοῦ
3923 1331 4017 1381 θα-

2453 1419 2613 1471 νάτου
2651 1422 2747 1473 τοῦ
2787 1422 2916 1473 Υίοῦ
2954 1423 3047 1475 τοῦ
3083 1424 3241 1487 Θεοῦ,
3276 1423 3371 1475 τοῦ
3424 1425 3514 1474 τὸν
3569 1424 3802 1475 παλαιὸν
3846 1425 4017 1489 Ἀδάμ

2450 1512 2851 1581 ἀναμαρτήτως
2906 1513 3264 1576 ἀναλαϐόντος
3300 1516 3395 1566 καὶ
3434 1516 3555 1566 νέου
3599 1515 3763 1581 ’Δδαμ
3806 1532 4017 1583 χρηςτο-

2450 1601 2740 1666 τεσαντοςς
2790 1602 3092 1671 Ἐπείπερ,
3127 1604 3155 1656 ὃ
3206 1621 3338 1672 φησι
3373 1605 3607 1668 Παῦλος,
3658 1623 3677 1654 ι
3721 1604 3794 1655 Τὸ
3848 1605 4016 1655 κατα-

2451 1707 2627 1759 κριμα
2666 1692 2764 1759 τῆς
2820 1694 3093 1761 ἁμαρτίας
3130 1693 3317 1745 ἔλυσεν
3366 1697 3424 1744 ἐν
3471 1697 3535 1763 τῇ
3569 1698 3731 1763 σαρκὶ
3761 1692 3945 1753 αὐτοῦ,
3990 1710 4009 1740 ι

2449 1782 2543 1834 τεῦ
2575 1783 2809 1835 θανάτου
2855 1784 3287 1846 θανατωθέντος.
3320 1785 3429 1836 Καὶ
3469 1786 3518 1835 εί
3546 1785 3633 1837 δια
3662 1784 3753 1835 τὸν
3792 1784 4018 1835 παλαιὸν

774 1871 1099 1935 interempto
1136 1876 1383 1935 peccato.
1439 1865 1515 1917 Ac
1566 1865 1610 1915 si
1671 1874 1891 1930 propter
1918 1873 2155 1916 veterem
2191 1862 2342 1915 illum
2380 1852 2419 1903 Β
2449 1876 2523 1925 ex,

2264 1877 2342 1914 ll“
2380 1852 2419 1903 Β
2449 1874 2658 1925 ἐκεῖνον
2693 1873 2877 1941 ἐχθροὶ
2906 1874 2999 1925 καὶ
3024 1875 3327 1928 ἀποστάται
3357 1874 3703 1941 γεγενήμεθα
3737 1872 3829 1923 τοῦ
3855 1870 4013 1934 Θεοῦ,

774 1960 978 2013 inimici
1005 1969 1058 2011 et
1088 1973 1117 2011 a
1148 1958 1257 2010 Deo
1285 1956 1600 2009 desertores
1640 1955 1764 2006 lacti
1803 1970 1995 2007 sumus
2025 1994 2038 2017 ,
2073 1955 2346 2022 quomodo

773 2068 878 2105 non
936 2065 1029 2119 per
1083 2052 1260 2118 ipsum
1297 2049 1460 2100 etiam
1496 2047 1931 2109 admovebimur,
1962 2046 2214 2113 interque
2247 2046 2339 2099 Dei

769 2144 1113 2199 necessarios
1137 2156 1199 2194 ac
1228 2141 1439 2193 amicos
1465 2137 1842 2205 cooptabimur
1866 2137 1887 2188 ?

843 2235 1098 2287 Diabolus
1146 2247 1381 2297 namque
1422 2245 1450 2281 a
1490 2229 1579 2281 Dei
1645 2229 1814 2297 gloria
1874 2228 2182 2296 prolapsus,
2238 2242 2345 2297 qua

768 2324 1023 2395 superbia
1059 2325 1110 2377 in
1135 2338 1259 2376 eum
1287 2322 1461 2373 elatus
1491 2318 1777 2381 est,animi
1809 2329 2040 2371 mortem
2069 2319 2296 2372 incurrit
2325 2334 2340 2375 :

770 2421 1042 2490 siquidem
1078 2434 1106 2471 a
1179 2417 1287 2469 Deo
1353 2414 1627 2475 recedere,
1712 2412 1812 2464 hoc
1872 2410 2041 2464 animi
2112 2422 2344 2466 mortem

768 2512 1059 2568 deﬁniunt.
1091 2508 1349 2577 Corporis
1381 2522 1508 2559 vero
1563 2514 1819 2567 mortem,
1874 2503 1927 2555 in
1987 2518 2053 2556 eo
2107 2504 2341 2572 positam

768 2604 913 2673 quod
950 2604 1166 2655 aninms
1197 2615 1225 2652 a
1258 2612 1487 2666 corpore
1515 2605 1821 2663 separetur,
1879 2610 1984 2648 non
2032 2597 2219 2658 subiit,
2277 2610 2344 2650 eo

768 2698 912 2766 quod
944 2709 1140 2761 expers
1166 2691 1409 2758 corporis
1438 2699 1576 2743 erat.
1613 2688 1730 2742 Non
1759 2688 1939 2741 ferens
1996 2697 2179 2741 autem
2226 2689 2341 2756 pri-

767 2803 862 2841 ore
892 2802 949 2840 se
977 2787 1183 2838 honore
1224 2782 1521 2843 excidisse,
1559 2780 1944 2846 hominemque
1979 2779 2068 2831 Dei
2103 2778 2334 2847 gloriam

767 2885 1121 2932 consecutum
1154 2889 1296 2935 esse,
1336 2872 1529 2925 invidit
1559 2870 1717 2923 nobis
1747 2869 1895 2938 quod
1952 2867 2064 2921 Deo
2118 2867 2341 2935 propin-

767 2970 860 3037 qui
893 2968 1021 3020 lacti
1064 2980 1305 3025 eramus,
1337 2962 1594 3028 velutque
1647 2961 1859 3027 objecta
1922 2973 2047 3012 esea
2098 2959 2339 3025 capiens,

767 3077 796 3114 a
841 3060 934 3112 Dei
998 3056 1272 3112 mandatis
1320 3053 1609 3117 abstraxit,
1666 3062 1830 3121 atque
1881 3050 2088 3119 peccati
2140 3065 2338 3104 noxam

767 3151 988 3204 invexit.
1024 3148 1114 3202 Sic
1168 3146 1355 3214 itaque
1391 3144 1663 3212 duplicem
1720 3141 1879 3195 nobis
1927 3151 2154 3194 mortem
2212 3155 2408 3232 cun—C

764 3244 921 3297 scivit
949 3258 964 3306 ;
997 3240 1224 3308 prEmam
1258 3238 1502 3307 quidem,
1535 3236 1727 3297 animi,
1766 3243 1992 3302 tumque
2025 3233 2189 3287 etiam
2217 3248 2337 3286 cor-

763 3335 933 3404 p0ris,
970 3333 1128 3400 cujus
1177 3346 1243 3383 ex
1293 3328 1531 3398 peetatis
1583 3326 1786 3379 indicta
1840 3326 1997 3379 nobis
2046 3326 2341 3379 necessitas

761 3427 859 3476 luit
897 3441 909 3475 :
944 3442 960 3471 ι
998 3421 1224 3474 Mortem
1254 3420 1425 3481 enim,
1466 3417 1665 3484 inquit,
1708 3417 1852 3468 Deus
1882 3433 1988 3468 non
2030 3414 2181 3478 fecit,
2240 3429 2342 3468 nec

756 3518 1062 3568 delectatur
1095 3511 1147 3565 in
1172 3508 1476 3579 perditione
1508 3506 1788 3561 hominum
1810 3504 1876 3555 ³⁷.
1902 3522 1921 3553 ι
1954 3502 2164 3555 Etenim
2195 3517 2339 3555 mors

759 3607 961 3673 peccati
996 3605 1277 3656 damnatio
1307 3610 1392 3653 est
1416 3599 1483 3651 ³⁸.
1544 3598 1753 3650 Idcirco
1788 3596 1956 3648 etiam
2020 3593 2195 3654 nobis,
2233 3593 2327 3661 qui

759 3696 992 3751 mortale
1015 3710 1213 3762 corpus
1245 3689 1425 3744 induti
1452 3704 1665 3752 smnus,
1711 3686 1936 3739 inducta
1996 3692 2101 3739 est.
2174 3682 2336 3737 Medii

754 3790 898 3842 enim
934 3787 1176 3840 mortalis
1204 3784 1371 3837 sortis
1406 3799 1469 3835 ac
1510 3779 1838 3833 immortalis
1863 3792 1894 3830 a
1944 3776 2078 3831 Deo.
2114 3776 2333 3830 formati

755 3882 1053 3938 lucramur,
1100 3886 1157 3928 ut
1191 3874 1458 3943 siquidem
1496 3872 1546 3924 in
1570 3872 1715 3925 bono
1746 3885 1810 3923 ac
1849 3869 2085 3923 honesto
2136 3882 2328 3937 perse-

756 3987 1093 4030 veraremus,
1160 3966 1623 4019 immortalitatem
1689 3975 2191 4031 consequeremur;
2248 3958 2333 4014 sin

750 4075 935 4119 autem
971 4062 1170 4114 malum
1205 4058 1580 4127 diligerenius,
1627 4065 1853 4107 mortem
1910 4052 2328 4106 sustineremus.

748 4158 851 4222 Qui
885 4157 1025 4208 enim
1065 4152 1219 4206 liberi
1244 4149 1457 4204 arbitrii
1494 4148 1702 4203 conditi
1731 4146 1926 4207 simus,
1966 4145 2174 4197 nullam
2230 4158 2329 4197 ex-

750 4250 926 4302 terius
968 4257 1023 4298 ut
1070 4246 1154 4298 vel
1214 4244 1471 4295 virtutem
1525 4240 1943 4308 amplectamur,
2001 4237 2082 4290 vel
2138 4236 2327 4290 vitimn

744 4353 1060 4410 sequamur,
1098 4335 1479 4389 necessitatem
1506 4331 1793 4384 habemus.
1832 4325 1989 4383 Unde
2024 4338 2079 4382 et
2134 4328 2328 4382 merito

2450 1968 2565 2025 πῶς
2606 1966 2666 2016 οὐ
2722 1965 2790 2017 δι’
2818 1965 2983 2019 αὐτὸν
3010 1967 3104 2019 καὶ
3139 1964 3641 2034 προσαχθησόμεθα
3673 1964 3770 2016 καὶ
3799 1963 4013 2014 οίκειω-

2449 2057 2726 2126 θησόμεθα
2756 2057 2832 2126 τῷ
2858 2056 2977 2127 Θεῷ
3005 2073 3021 2121 ;

2518 2239 2627 2291 Kal.
2685 2238 2793 2307 γὰρ
2846 2241 2873 2291 ὁ
2907 2238 3006 2307 μέν
3064 2237 3308 2300 διάϐολος
3362 2240 3462 2304 τῆς
3513 2236 3609 2289 τοῦ
3663 2235 3800 2288 Θεοῦ
3856 2236 4015 2305 δόξης

2446 2329 2819 2391 ἐκπεπτωκὼς
2850 2329 2936 2382 διά
2977 2329 3078 2399 τὴν
3131 2328 3509 2398 ὑπερηφανίαν
3559 2326 3749 2392 αὑτοῦ,
3785 2326 4016 2395 ψυχικὸν

2447 2423 2707 2492 ὑπέμεινε
2751 2422 2978 2475 θάνατον
3008 2437 3021 2450 ·
3058 2420 3181 2471 ἐπεὶ
3218 2420 3279 2471 τὸ
3319 2419 3624 2488 ἀποστῆναι
3669 2418 3827 2481 Θεοῦ,
3860 2418 4016 2471 τοῦτο

2444 2513 2675 2582 ψυχικὸν
2703 2512 2979 2581 ὁρίζονται
3029 2511 3257 2565 θάνατον
3278 2526 3291 2539 ’
3329 2509 3639 2579 σωματικὸν
3671 2509 3729 2561 δέ
3763 2510 4012 2571 θάνατον,

2444 2604 2503 2663 ὃς
2540 2604 2655 2653 ἐστι
2681 2602 2781 2670 τῆς
2818 2601 2997 2670 ψυχῆς
3026 2599 3135 2652 ἀπὸ
3180 2598 3276 2651 τοῦ
3306 2599 3559 2668 σώματος
3590 2597 3886 2667 χωρισμὸς,
3914 2598 4013 2648 οὐχ

2445 2692 2669 2753 ἔπαθεν,
2711 2691 2940 2758 ἐπείπερ
2968 2688 3256 2759 ἀσώματος
3283 2684 3373 2759 ἦν.
3415 2688 3487 2739 Οὐ
3515 2689 3697 2757 φέρων
3732 2688 3785 2739 δὲ
3818 2687 4012 2739 ἐαυτὸν

2444 2785 2579 2853 όρᾷν
2628 2783 2727 2851 τῆς
2786 2781 3058 2851 προτέρας
3113 2780 3510 2833 ἐκπεπτωκότα
3566 2779 3755 2846 τιμῆς,
3812 2779 3901 2829 τὸν
3956 2778 4010 2829 δὲ

2444 2871 2733 2939 ἄνθρωπον
2763 2870 2861 2939 τῆς
2897 2871 2990 2922 τοῦ
3021 2868 3154 2922 θεοῦ
3189 2869 3347 2939 δόξης
3369 2870 3691 2939 ἠξιωμένον,
3718 2868 4015 2937 ἐφθόνησεν

2442 2966 2576 3033 ἡμῖν
2623 2965 2723 3032 τῆς
2761 2963 2910 3032 παρά
2944 2962 3020 3029 τῷ
3053 2963 3171 3031 Θεῷ
3205 2962 3588 3031 πλησιότητος,
3622 2961 3716 3013 καὶ
3753 2961 4015 3020 δελεάσας

2443 3057 2741 3123 ἀφείλκυσε
2787 3055 2896 3107 τῶν
2931 3054 3025 3106 τοῦ
3080 3052 3217 3106 Θεοῦ
3271 3053 3732 3123 προσταγμάτων,
3769 3054 3862 3105 καὶ
3914 3053 4013 3120 τὴν

2444 3146 2720 3216 ἁμαρτίαν
2781 3146 3121 3213 είσήνεγκεν.
3182 3144 3339 3196 οῦτω
3371 3144 3550 3198 τοίνυν
3600 3143 3822 3197 διπλοῦν
3882 3144 4014 3214 ἡμῖν

2443 3238 2665 3307 ἐποίησε
2715 3236 2944 3290 θάνατον
2974 3252 2987 3267 ο
3035 3234 3253 3305 πρῶτον
3302 3236 3403 3305 μὲν
3454 3234 3545 3287 τὸν
3597 3230 4011 3307 ψυχικόνοεὴα

2442 3330 2539 3382 καὶ
2584 3330 2677 3383 τὸν
2727 3328 3065 3397 σωματικὸν,
3096 3328 3188 3380 τὸν
3218 3328 3328 3389 τοῖς
3382 3326 3777 3395 ἁμαρτήμασιν
3809 3326 4013 3391 ἐπαγό-

2442 3438 2622 3490 μενον.
2655 3439 2673 3471 ι
2709 3419 2949 3473 Θάνατον
2981 3420 3111 3488 γάρ,
3155 3440 3173 3468 ο
3209 3418 3399 3487 φησὶν,
3433 3436 3450 3468 ι
3479 3419 3507 3470 ό
3538 3416 3668 3479 Θεὸς
3693 3418 3795 3469 οὐκ
3827 3419 4013 3485 ἐποέηο

2440 3529 2554 3573 σεν,
2613 3510 2734 3563 οὐδὲ
2788 3512 3050 3581 τέρπεται
3100 3510 3187 3562 ἐπ’
3244 3508 3493 3578 ἀπωλείᾳ
3548 3506 3790 3572 ζώντων.
3830 3526 3848 3557 ι
3898 3509 4011 3560 Καὶ

2440 3604 2550 3673 γὰρ
2607 3603 2635 3654 ό
2684 3602 2911 3665 θάνατος
2945 3602 3225 3672 ἁμαρτίας
3258 3602 3378 3655 ἐστὶ
3430 3600 3723 3669 καταδίκη.
3776 3602 3866 3652 Διὸ
3918 3600 4013 3652 καὶ

2438 3696 2570 3766 ήμῖν
2624 3695 2821 3763 θνητὸν
2872 3696 3033 3765 σῶμα
3083 3695 3491 3765 περικειμένοις
3547 3694 3806 3761 ἐπήγετο.
3839 3692 4010 3745 Μέσοι

2438 3788 2546 3858 γάρ
2594 3787 2919 3857 θνητότητος
2956 3788 3052 3840 καὶ
3095 3786 3394 3848 ἀθανασίας
3429 3784 3802 3854 ἐπλάσθημεν,
3851 3785 3915 3836 ἵν’
3959 3785 4009 3835 εί

2438 3879 2536 3945 μὲν
2581 3878 2642 3931 ἐν
2686 3877 2765 3947 τῷ
2809 3877 2961 3946 καλῴ
3007 3876 3376 3945 διαμένοιμεν,
3408 3875 3711 3928 ἀθανασίαν
3752 3874 4009 3943 κληρονο-

2436 3971 2705 4039 μήσωμεν
2732 3985 2745 3997 °
2783 3970 2831 4021 εί
2879 3970 2936 4020 δὲ
2969 3968 3031 4020 τὸ
3080 3966 3252 4020 κακὸν
3285 3968 3670 4035 ἀγαπήσομεν,
3717 3963 3808 4016 τδν
3841 3963 4005 4016 θάνα-

2432 4076 2523 4112 τον
2566 4058 2948 4127 ὑπομένωμεν.
2984 4057 3333 4121 Αὺτεξούσιοι
3380 4059 3488 4125 γάρ
3518 4055 3828 4122 γεγονότες,
3857 4054 4009 4105 οὐδε-

2435 4150 2567 4219 μίαν
2596 4150 2706 4201 ἀπδ
2734 4149 2843 4201 τῶν
2877 4147 3078 4213 ἔξωθεν
3106 4148 3137 4217 ἣ
3169 4149 3306 4218 πρὸς
3333 4146 3535 4216 ἀρετὴν
3564 4146 3595 4216 ἢ
3634 4146 3770 4212 πρὸς
3805 4144 4004 4197 κακίαν

2429 4240 2677 4309 ἀνάγκην
2732 4240 2948 4309 ἔχομεν.
3000 4238 3164 4292 Ὅθεν
3222 4240 3315 4292 καὶ
3360 4237 3581 4298 δικαίως
3643 4236 3782 4300 ἄξιοι
3835 4252 3999 4289 κατα-

2430 4332 2586 4403 δίκης
2624 4333 2716 4386 καὶ
2756 4334 2998 4385 ἐπαίνων
3026 4331 3215 4400 ἐσμὲν,
3249 4332 3345 4384 ἀτε
3379 4331 3475 4399 τὴν
3512 4329 3688 4399 ἀρχὴν
3720 4328 3820 4397 τῆς
3853 4328 4005 4397 κινήο

745 4432 895 4501 digni
931 4427 1282 4483 damnatione
1312 4440 1375 4478 ac
1399 4423 1655 4476 laudibus
1706 4436 1940 4475 sumus:
1985 4421 2187 4490 quippe
2232 4420 2322 4489 qui
2432 4440 2491 4475 σε

2252 4420 2322 4489 lui
2432 4440 2571 4487 σεως
2621 4424 2834 4477 οἴκοθεν
2888 4423 3249 4491 κεκτημένοι,
3306 4423 3436 4475 ὅταν
3493 4437 3547 4472 τι
3604 4417 4001 4489 προαιρὼμεθα

745 4534 928 4578 motus
956 4520 1314 4590 principium,
1348 4530 1474 4569 cum
1509 4514 1714 4582 aliquid
1744 4528 1904 4583 agere
1967 4512 2321 4574 voluerimus,
2358 4510 2401 4569 D
2431 4517 2715 4586 πράττειν.
3208 4518 3227 4531 ’
3876 4525 3879 4529 ‘

740 4633 804 4673 ex
838 4615 994 4669 nobis
1052 4612 1370 4664 habeamus.

813 4710 904 4763 Dei
958 4710 1139 4774 itaque
1192 4701 1361 4755 Filius
1406 4699 1581 4752 lactus
1635 4696 1822 4757 homo,
1880 4693 2047 4747 animi
2104 4693 2322 4762 quidem

739 4814 971 4859 mortem
1011 4813 1117 4853 non
1150 4792 1431 4850 sustinuit.
1464 4790 1751 4857 Quomodo
1786 4788 1955 4853 enim,
1989 4785 2165 4855 quiex
2202 4784 2321 4837 Viro

737 4899 862 4967 gine
893 4902 1053 4947 natus
1083 4896 1227 4942 esset
1264 4903 1276 4938 :
1305 4885 1358 4942 et
1388 4885 1441 4937 iu
1470 4885 1631 4953 cujus
1668 4899 1764 4935 ore
1801 4897 1906 4933 non
1942 4890 2027 4934 est
2058 4880 2319 4933 inventus

734 4971 895 5041 dolus
927 4984 1015 5035 “1'
1088 4980 1297 5034 Idcirco
1333 4993 1433 5031 nec
1460 4975 1708 5044 corporis
1732 4975 1947 5043 quidem
2000 4972 2160 5027 niorli
2221 4970 2320 5024 ob-

734 5078 933 5133 noxius
966 5084 1106 5137 crat,
1142 5085 1250 5139 qua
1290 5069 1501 5122 ratione
1527 5070 1594 5119 ab
1625 5066 1772 5118 omni
1806 5066 2101 5117 immunem
2161 5062 2317 5131 culpa

735 5170 904 5222 vitam
938 5166 1273 5219 traduxerat.
1305 5161 1541 5228 Operam
1574 5167 1757 5211 tamen
1832 5157 2151 5209 conterente
2200 5158 2319 5208 dia-

733 5263 859 5317 bolo
916 5276 1010 5329 per
1081 5258 1322 5311 deicidas
1376 5252 1595 5306 Judmos
1659 5258 1853 5320 sponte
1904 5265 2023 5301 eam
2081 5250 2321 5317 suscepit

732 5366 953 5429 propter
1001 5367 1125 5407 nos.
1164 5348 1301 5401 Mori
1358 5347 1503 5401 enim
1587 5353 1799 5413 poterat
1880 5341 2027 5409 quod
2080 5350 2314 5393 veterem

729 5451 995 5504 Adammn
1038 5445 1305 5497 induerat.
1347 5438 1409 5491 Et
1442 5438 1567 5506 quia
1596 5446 1650 5488 ut
1677 5446 1986 5487 moreretur
2047 5432 2098 5485 in
2148 5446 2312 5485 causa

730 5538 1285 5605 nonfuitpcccattun
1340 5532 1589 5600 originis,
1645 5542 1802 5580 suum
1863 5539 2052 5579 rursus
2116 5538 2316 5594 corpus

727 5635 947 5699 recepit.

799 5756 842 5783 ³⁸
880 5753 1034 5808 lium.
1072 5770 1126 5817 \',
1170 5753 1247 5805 l5.
1329 5749 1411 5801 "l
1444 5749 1567 5801 Cur.
1615 5759 1702 5804 λγ,
1739 5742 1826 5796 65.

724 5843 781 5881 ll.
806 5826 895 5879 ‘23.

1909 5742 1953 5773 “
1987 5741 2186 5797 Ειιίιι·ς.
2246 5757 2303 5808 tt,
2348 5741 2435 5795 Η.

2510 4697 2569 4749 '0
2614 4698 2797 4749 τοίνυν
2850 4695 2978 4758 Υἱὸς
3022 4692 3117 4746 τοῦ
3152 4693 3291 4746 Θεοῦ
3350 4692 3643 4761 γενόμενος
3693 4691 3999 4760 ἄνθρωπος,

2423 4790 2658 4860 ψυχικὸν
2705 4788 2803 4859 μὲν
2835 4787 2937 4841 οὒκ
2984 4786 3279 4839 ἐπεπόνθει
3327 4784 3578 4839 θάνατον.
3629 4784 3752 4847 Πῶς
3781 4785 3910 4855 γὰρ,
3944 4784 4001 4844 ὃς

2422 4887 2485 4934 ἐκ
2523 4880 2797 4951 Παρθένου
2849 4879 3195 4946 γεγέννηται,
3236 4876 3359 4929 οὐδὲ
3392 4875 3588 4945 εὑρέθη
3620 4875 3772 4936 δόλος
3822 4878 3879 4927 ἐν
3925 4875 4001 4942 τῷ

2432 4976 2661 5041 στόματι
2720 4968 2927 5033 αῦτοῦ;
2990 4969 3086 5021 Διά
3147 4966 3303 5019 τοῦτο
3357 4966 3475 5019 οὐδὲ
3534 4964 3625 5017 τὸν
3690 4966 4000 5033 σωματικὸν

2430 5066 2724 5119 ἀποθανεῖν
2796 5062 3018 5132 ὤφειλε,
3087 5061 3275 5115 καθότι
3339 5059 3722 5129 ἀναμάρτητος
3792 5057 3999 5110 διεϐίω.

2428 5157 2621 5226 Ὅμως
2674 5154 2765 5207 τοῦ
2824 5154 3069 5207 διαϐόλου
3108 5152 3545 5223 συνεργήσαντος
3594 5149 3681 5201 διὰ
3720 5148 3828 5200 τῶν
3880 5147 3999 5199 θεο-

2429 5250 2634 5302 κτόνων
2672 5246 2963 5309 Ἰουδαίων,
3008 5244 3149 5296 ἑκὼν
3192 5245 3355 5296 αὐτὸν
3393 5242 3688 5307 ὑπεδέξατο
3730 5239 3799 5292 δι’
3831 5240 3997 5307 ἡμᾶς.

2438 5339 2757 5393 ’Δποθανεῐν
2812 5336 2921 5405 γὰρ
2960 5334 3205 5397 ἐδύνατο,
3252 5335 3343 5385 τὸν
3374 5332 3605 5385 παλαιὸν
3645 5329 3816 5397 ’Δδάμ
3855 5330 4003 5381 ἐνδυ-

2758 5430 2868 5482 Kal.
2948 5428 3181 5497 ἐπείπερ
3250 5426 3351 5479 οὐκ
3425 5422 3666 5478 ἀπέθανε
3744 5422 3834 5474 διὰ
3902 5422 4001 5489 τὴν

3218 5519 3382 5573 πάλιν
3452 5518 3513 5570 τὸ
3578 5514 3772 5571 ἐαυτοῦ
3840 5512 4001 5584 σῶμα

2428 5435 2681 5501 σὶμενος.

2425 5524 2763 5595 προγονικὴν
2826 5522 3106 5592 ἁμαρτίαν
3127 5563 3141 5587 ,

2424 5619 2683 5673 ἀνείλετο.

2516 5740 2558 5771 ³⁷
2593 5740 2720 5809 Sap.
2754 5755 2789 5803 I,
2837 5737 2921 5789 15.
3036 5732 3119 5786 "l
3184 5732 3309 5786 Cor.
3348 5743 3435 5795 xv,
3472 5729 3558 5783 56.
3672 5725 3719 5762 "
3772 5725 3789 5780 l
3851 5722 3995 5779 Petr.

3036 5732 3119 5786 "l
3184 5732 3309 5786 Cor.
3348 5743 3435 5795 xv,
3472 5729 3558 5783 56.
