4428 6444
793 383 900 440 595

2054 383 2100 437 Μ
2119 381 2264 440 .\NU
2279 383 2392 439 EH
2407 385 2444 438 S
2483 383 2781 443 CALEQE

3915 391 4019 455 596

792 508 856 542 ne
911 507 1053 541 unus
1107 491 1377 560 quispiam
1421 492 1524 554 sit,
1563 492 1652 558 qui
1690 492 1806 558 ejus
1843 494 2046 559 peccati
2091 492 2354 558 signaculi
2385 497 2430 552 Α
2461 499 2537 562 ἠμ

2271 492 2354 544 :uli
2385 497 2430 552 Α
2461 497 2594 562 ἡμῖν
2621 497 2868 548 όνειδίσει
2898 514 2955 548 τε
2982 501 3072 550 καὶ
3101 502 3434 565 κατακρινεῖ,
3473 501 3546 562 ὠς
3572 503 3743 564 οὐδείς
3777 504 3889 555 ἐστι
3923 505 4020 570 τῆς

785 597 977 646 expers
1003 580 1108 640 sit,
1146 580 1217 631 ita
1262 581 1544 641 nimirum,
1580 591 1637 632 ut
1667 596 1730 634 eo
1769 582 1841 634 illi
1884 583 2350 636 communicantes

787 685 846 722 ac
879 670 1036 730 socii,
1076 670 1177 721 sub
1215 678 1481 734 potestate
1515 685 1578 722 ac
1608 671 1992 724 communione
2039 671 2210 737 ipsius
2249 671 2348 723 diri

787 760 972 812 mundi
996 760 1220 812 rectoris
1252 776 1313 812 ac
1336 761 1537 826 peccati
1569 761 1807 814 auctoris
1835 763 2139 814 necessario
2157 763 2348 816 simus.

792 849 1065 901 Habemus
1099 850 1241 902 cnim
1289 867 1352 902 ex
1401 859 1588 903 nostro
1619 865 1816 917 genere
1865 853 2011 903 velut
2061 853 2345 904 donarium

785 941 1126 1008 hostiamque
1173 940 1386 1001 offerre,
1423 957 1584 1008 quam
1644 942 1850 996 scilicet
1898 943 1987 996 Dei
2018 941 2186 996 Filius
2213 943 2347 996 citra

782 1046 998 1083 omnem
1054 1033 1258 1099 peccati
1299 1032 1472 1085 labem
1523 1034 1819 1100 assumpsit
1851 1047 2067 1086 carnem
2093 1075 2107 1097 ,
2143 1035 2347 1100 perfec-

779 1131 891 1174 tum
921 1123 1178 1175 nimirum
1205 1123 1515 1184 hominem,
1541 1138 1650 1192 quo
1676 1139 1798 1176 cum
1823 1125 1988 1176 etiam
2022 1138 2348 1189 congressus

779 1211 976 1276 hostis,
1011 1216 1225 1280 penitus
1261 1214 1581 1282 profligatus
1612 1227 1692 1269 est
1725 1234 1738 1269 :
1781 1233 1798 1266 ι
1850 1215 2004 1268 Venit
2049 1216 2215 1275 enim,
2264 1219 2347 1267 in-

776 1301 915 1367 quit,
962 1306 1215 1372 princeps
1248 1305 1432 1357 mundi
1479 1305 1659 1371 hujus,
1693 1314 1747 1357 et
1773 1306 1822 1357 in
1857 1321 1940 1358 me
1971 1320 2076 1358 non
2111 1307 2348 1357 inveniet

775 1390 1067 1458 quidquam
1094 1395 1160 1445 ".
1202 1413 1219 1443 ι
1271 1392 1334 1447 Ει
1369 1412 1380 1447 :
1429 1415 1444 1443 ι
1484 1394 1636 1447 Nunc
1690 1394 1939 1462 princeps
1973 1393 2154 1446 mundi
2187 1394 2347 1459 hujus

775 1483 1018 1548 ejicietur
1052 1483 1198 1537 foras
1215 1485 1281 1537 ".
1313 1505 1328 1534 ι

844 1659 898 1709 In
934 1661 1131 1712 ctelum
1163 1677 1260 1728 ego
1296 1671 1560 1728 receptus,
1599 1662 1902 1729 sedensque
1948 1679 1975 1715 a
2011 1664 2216 1715 dextris
2251 1661 2342 1716 Dei

774 1766 832 1802 ac
864 1749 1059 1814 Patris,
1096 1767 1254 1817 quem
1299 1753 1453 1805 nobis
1485 1768 1579 1820 per
1615 1769 1674 1806 se
1705 1753 1817 1820 ipse
1847 1754 2239 1817 reconciliavit,
2273 1754 2343 1806 ob

773 1850 1055 1907 peceatum
1117 1843 1186 1895 ab
1241 1857 1304 1895 co
1355 1845 1562 1898 aversis
1620 1859 1683 1897 ac
1728 1859 1848 1899 cum
1895 1845 2081 1898 mundi
2137 1855 2349 1899 rectore

772 1929 980 1983 fmdere
1022 1930 1246 1985 sociatis
1273 1932 1572 1985 etiamnum
1628 1933 1790 1986 Deum
1827 1946 1890 1987 ac
1939 1931 2150 1987 Patrem
2185 1933 2352 1986 inter-

773 2020 933 2087 pellat
988 2037 1085 2090 pro
1136 2023 1417 2086 nobis,uti
1467 2025 1541 2077 ait
1579 2024 1778 2079 Paulus
1799 2025 1866 2078 ".
1901 2025 1978 2079 Ac
2034 2025 2252 2094 quidem
2287 2041 2347 2080 ea

771 2111 981 2166 ratione
1016 2127 1119 2179 qua
1167 2123 1249 2166 est
1299 2113 1479 2178 homo,
1544 2114 1832 2176 obsecrat:
1881 2126 1940 2168 ut
1990 2126 2172 2169 autem
2223 2132 2346 2170 cum

771 2199 928 2254 Patre
961 2211 1014 2254 et
1044 2202 1248 2269 Spiritu
1285 2218 1425 2258 unus
1469 2204 1609 2257 Deus
1645 2213 1759 2267 est,
1792 2204 2090 2272 supplicum
2124 2207 2350 2273 suscipit

772 2302 914 2345 vota.
933 2291 1121 2360 Magna
1143 2295 1326 2363 itaque
1348 2296 1656 2349 horninibus
1679 2295 1868 2350 collata
1887 2297 2346 2367 dignitas,magna

771 2384 1188 2453 liducia,ingens
1204 2386 1393 2439 honos.
1411 2385 1684 2440 Audenter
1701 2387 1845 2440 enim
1867 2387 2192 2451 dixerimus,
2211 2389 2347 2442 Deus

771 2475 1082 2550 horninibus
1139 2477 1448 2542 ministrat;
1512 2480 1674 2532 homo
1729 2479 1973 2533 omnium
2027 2482 2344 2549 angelorum

769 2567 1020 2635 religioso
1056 2567 1316 2622 famulatu
1363 2571 1704 2625 adoratur‘et
1739 2571 1936 2626 colitur
1957 2611 1971 2635 ,
1999 2571 2263 2627 habemus
2291 2574 2345 2627 in

767 2661 921 2713 t-(elis
946 2661 1164 2714 fratrem
1190 2672 1243 2714 et
1268 2662 1526 2716 amicum.
1551 2663 1667 2730 Ipse
1685 2663 1827 2716 enim
1855 2663 2062 2730 primus
2085 2665 2137 2718 in
2163 2665 2345 2718 multis

771 2753 1032 2806 fratribus
1073 2753 1244 2806 voluit
1304 2755 1587 2823 appellari.
1620 2755 1707 2806 Ait
1755 2755 1899 2808 enim
1937 2773 1947 2808 :
1987 2773 2003 2806 ι
2037 2753 2209 2808 Dicite
2238 2756 2345 2809 fra-

768 2844 939 2898 tribus
978 2845 1191 2896 meis".
1236 2863 1252 2894 ι
1287 2845 1349 2898 Ει
1381 2864 1392 2897 :
1422 2865 1438 2895 ι
1469 2846 1583 2898 Non
1613 2846 1723 2912 jam
1769 2847 1976 2901 vocabo
2004 2862 2099 2900 vos
2132 2862 2341 2909 servos,

765 2935 856 2986 sed
903 2935 1110 2988 amicos
1133 2935 1197 2990 “.
1249 2957 1266 2986 ο
1305 2935 1376 2987 Ita
1413 2951 1544 2989 sane
1586 2944 1643 2987 ut
1685 2936 1839 2989 nobis
1885 2936 2164 3006 contingat
2195 2940 2342 3006 quod

767 3023 964 3078 Paulus
1021 3025 1139 3079 ait:
1181 3043 1198 3074 ι
1248 3025 1430 3080 Gratia
1486 3026 1679 3080 salvati
1742 3042 1953 3089 sumus,
2007 3038 2060 3083 et
2115 3044 2223 3082 non
2277 3045 2338 3082 ex

762 3115 1020 3183 operibus
1057 3116 1268 3184 legis".
1311 3135 1328 3166 ›
1366 3115 1506 3179 Quid
1555 3117 1700 3170 enim
1754 3115 1846 3170 tali
1894 3133 2135 3186 unquam
2168 3120 2336 3188 gratia
2369 3103 2410 3159 (ἶ

764 3207 939 3274 majus
971 3207 1154 3270 fuerit,
1173 3207 1316 3276 quod
1353 3207 1644 3277 DeigFilius
1672 3217 1892 3278 propter
1919 3222 2019 3262 nos
2047 3222 2171 3262 cum
2205 3209 2338 3262 nihil

763 3301 861 3366 ipsi
921 3315 1404 3369 praerogassemns.
1437 3311 1632 3369 sponte.
1691 3315 1788 3355 sua
1844 3301 2010 3354 homo
2062 3299 2266 3364 factus,
2310 3316 2337 3352 a

759 3392 1068 3446 simulacris
1112 3401 1164 3447 et
1202 3408 1390 3447 errore
1424 3404 1589 3462 atque
1620 3393 1754 3462 legis
1779 3393 1972 3447 umbra
2007 3407 2106 3448 uos
2139 3394 2340 3447 libera-

761 3484 918 3544 verit,
963 3499 1262 3554 verumque
1312 3498 1410 3538 nos
1451 3500 1516 3538 ac
1560 3484 1770 3553 justum
1812 3484 2018 3538 cultum
2058 3483 2338 3547 docuerit;

761 3576 1138 3644 mediatorque
1188 3583 1373 3630 noster
1418 3590 1481 3629 ac
1541 3574 1786 3644 pontifex
1824 3574 2023 3640 factus,
2073 3575 2186 3644 ipse
2220 3591 2246 3628 a
2281 3589 2339 3628 se

759 3666 1185 3735 chirographum
1238 3667 1448 3734 peccati
1487 3667 1656 3721 nostri
1688 3666 2077 3734 disruperit",
2120 3665 2338 3736 Deoqnc

759 3756 1088 3822 admoverit,
1141 3772 1205 3811 ac
1260 3773 1384 3811 cum
1452 3758 1544 3812 illo
1601 3758 2054 3821 reetmciliaverit,
2116 3759 2339 3826 suisque

763 3850 1009 3903 tidelibus
1065 3851 1526 3903 necessitudinem
1583 3866 1791 3915 secum,
1829 3854 2130 3904 mercedem
2169 3851 2338 3904 dona-

762 3942 915 4002 verit,
953 3948 1011 3992 ut
1061 3939 1370 3992 firmissima
1401 3954 1495 4006 spe
1531 3938 1786 3992 Saeculum
1819 3939 1921 3992 hoc
1970 3948 2334 4001 transeuntes,

759 4047 883 4081 cum
918 4030 1390 4096 cmigraverimns,
1424 4044 1487 4082 ac
1514 4041 1633 4096 post
1666 4043 1843 4082 rerum
1877 4027 2248 4081 univcrsitatis
2283 4027 2335 4080 iu

760 4124 1025 4191 integrum
1063 4121 1461 4174 restitutionem
1499 4135 1622 4173 cum
1650 4135 1715 4173 eo
1750 4135 2056 4173 versemur.

2454 588 2622 639 αὐτοῦ
2691 589 2983 655 σφραγῖδος
3049 589 3150 655 τῆς
3210 591 3485 658 ἁμαρτίας
3537 594 3823 660 ἀμέτοχος,
3875 594 4016 645 ὥστε

2453 679 2594 730 κατὰ
2623 678 2827 746 ταύτην
2867 678 3016 745 αὑτῷ
3047 680 3458 740 κοινωνοῦντας,
3492 681 3597 730 ὑπὸ
3629 683 3727 749 τὴν
3768 684 4015 744 ἐξουσίαν

2453 769 2546 818 καὶ
2598 769 2826 836 μετοχὴν
2855 769 3017 819 αὑτοῦ
3051 769 3144 819 τοῦ
3176 768 3351 820 δεινοῦ
3411 772 3851 839 κοσμοκράτορος
3912 775 4005 823 καὶ

2451 857 2694 925 ἀρχηγοῦ
2717 859 2812 922 τῆς
2847 858 3116 926 ἁμαρτίας
3146 860 3548 926 ἀναγκάζεσθαι
3575 859 3733 915 εἶναι.
3777 862 4014 929 Ἐχομεν

2451 947 2557 1014 γὰρ
2584 949 2645 998 ἐκ
2676 948 2772 1014 τῆς
2805 948 3082 1015 ἡμετέρας
3122 948 3337 1013 φύσεως
3382 951 3571 1018 ὥσπερ
3622 953 3876 1016 ἀνάθημα
3919 952 4012 1001 καὶ

2451 1037 2643 1088 θυσίαν
2676 1037 3072 1104 πρυόάλλεσθαι
3119 1039 3216 1108 τὴν
3275 1039 3379 1090 ὑπὸ
3431 1040 3521 1089 τοῦ
3558 1041 3686 1091 Υίοῦ
3735 1042 3828 1091 τοῦ
3873 1041 4010 1091 Θεοῦ

2451 1129 2886 1195 προσληφθεῖσαν
2921 1129 3098 1196 σάρκα
3121 1130 3544 1196 ἀναμαρτήτως,
3574 1131 3664 1180 τὸν
3685 1130 3887 1179 τέλειον
3921 1131 4011 1180 ἇν-

2451 1217 2668 1286 θρωπον
2695 1233 2706 1246 ⁸
2744 1211 2787 1282 ᾧ
2825 1219 2918 1268 καὶ
2950 1217 3274 1284 προσϐαλὼν
3319 1221 3346 1270 ό
3397 1219 3609 1284 ἐχθρὸς,
3669 1220 4011 1286 κατακράτος

2449 1309 2679 1373 ἡττήθη.
2721 1325 2738 1357 ι
2781 1306 3042 1374 Ἔρχεται
3069 1307 3198 1375 γὰρ,
3240 1326 3256 1357 ι
3292 1315 3478 1374 φησιν,
3526 1325 3543 1356 ι
3595 1308 3624 1358 ὁ
3677 1310 3860 1374 ἄρχων
3920 1307 4013 1358 τοῦ

2449 1396 2652 1461 κόσμου
2681 1397 2892 1454 τούτου,
2922 1398 3016 1447 καὶ
3050 1397 3108 1446 ὲν
3144 1398 3264 1461 ἐμοὶ
3315 1398 3537 1463 εὑρήσει
3593 1397 3762 1447 οὐδέν.
3797 1414 3814 1444 ι
3880 1399 4009 1460 Καὶ,

2455 1504 2471 1533 ι
2504 1485 2619 1537 Νῦν
2663 1489 2689 1538 ὁ
2749 1487 2930 1553 ἄρχων
2983 1485 3076 1536 τοῦ
3127 1487 3331 1554 κόσμου
3375 1487 3562 1538 τούτου
3591 1487 4012 1556 ’ἐκνιληθήσεται

2448 1576 2572 1638 εξω.
2601 1593 2618 1626 ι

2530 1661 2882 1730 ’Δναληφθεὶς
2913 1661 3026 1726 οὖν,
3071 1662 3163 1713 καὶ
3195 1661 3426 1723 καθίσας
3459 1662 3516 1714 ὲν
3545 1662 3693 1730 δεξιᾷ
3741 1662 3835 1713 τοῦ
3869 1662 4006 1714 Θεοῦ

2449 1756 2543 1808 καὶ
2569 1755 2802 1822 Πατρὸς,
2835 1756 2893 1806 ὃν
2924 1757 3054 1822 ἡμῖν
3086 1754 3156 1805 δι’
3192 1753 3386 1805 ἑαυτοῦ
3433 1754 3788 1820 κατήλλαξεν,
3839 1755 4014 1806 ἁπαλ-

2453 1848 2824 1917 λοτριωθεῖσιν
2852 1847 3060 1898 ἐκείνου
3100 1847 3187 1897 διὰ
3213 1845 3312 1912 τὴν
3336 1846 3637 1913 ἁμαρτίαν,
3660 1847 3754 1895 καὶ
3794 1845 3872 1913 τῷ
3928 1861 4014 1896 κο-

2453 1943 2788 2007 σμοκράτορι
2823 1937 3223 2002 προστεθεῖσιν,
3273 1933 3351 1986 ἔτι
3403 1935 3494 1986 καὶ
3551 1933 3644 1986 νῦν
3697 1933 4013 1998 ἐντυγχάνει

2452 2029 2592 2098 ὑπὲρ
2624 2029 2781 2098 ἡμῶν
2804 2027 2880 2094 τῷ
2903 2026 3021 2095 Θεῷ
3045 2026 3137 2078 καὶ
3175 2025 3368 2092 Πατρὶ,
3404 2024 3551 2076 καθά
3588 2041 3722 2091 φησι
3778 2025 4009 2084 Παῦλος.

2449 2121 2561 2172 Καὶ
2591 2119 2664 2180 ὠς
2699 2119 2796 2186 μὲν
2829 2117 3134 2185 ἄνθρωπος,
3159 2115 3467 2182 παρακαλεῖ
3491 2131 3503 2144 ⁸
3536 2116 3609 2176 ὡς
3649 2115 3703 2166 δὲ
3752 2115 3880 2175 Θεὸς
3935 2109 4014 2174 εἷς

2453 2212 2591 2278 μετὰ
2613 2209 2706 2262 τοῦ
2736 2209 2945 2277 Πατρὸς
2995 2208 3213 2260 καὶτοῦ
3263 2205 3600 2274 Πνεύματος,
3663 2207 3760 2267 τὰς
3805 2207 4013 2266 ἱκεσίας

2447 2302 2679 2370 δέχεται.
2713 2300 2868 2365 Μέγα
2891 2295 2981 2352 οὗν
3009 2299 3224 2367 ἀξίωμα
3258 2301 3367 2360 τοῖς
3414 2297 3721 2366 ἀνθρώποις
3775 2295 4010 2348 δέδωκε·

2452 2389 2695 2458 μεγάλην
2721 2387 3053 2458 παρρησίαν,
3091 2386 3334 2454 μεγάλην
3366 2385 3552 2452 τιμήν.
3587 2385 3696 2434 Καὶ
3732 2383 3840 2450 γάρ
3881 2381 4010 2450 θαρ·

2451 2485 2690 2554 ρούντως
2729 2483 2797 2536 ἂν
2824 2483 3098 2548 εἴποιμεν,
3135 2480 3291 2531 Ἐστι
3324 2478 3456 2538 Θεὸς
3486 2473 3792 2544 ἀνθρώποις
3823 2475 4005 2526 διακο-

2446 2575 2614 2641 νήσας
2635 2589 2648 2602 ⁸
2685 2573 2832 2624 ἔστιν
2861 2571 3144 2638 ἄνθρωπος
3175 2567 3279 2620 ὑπὸ
3301 2569 3520 2621 πάντων
3542 2565 4014 2633 προσκυνούμενος

2447 2666 2552 2717 τῶν
2584 2664 2834 2731 ἀγγέλων
2864 2675 2878 2692 ⁸
2915 2662 3062 2714 ἔστιν
3088 2663 3220 2729 ἡμῖν
3251 2662 3308 2711 ὲν
3337 2659 3584 2727 οὐρανοῖς
3641 2658 3862 2724 ἀδελφὸς
3919 2658 4014 2710 καὶ

2447 2759 2620 2826 φίλος.
2653 2757 2825 2816 Αὐτὸς
2857 2756 2964 2824 γάρ
2996 2755 3053 2806 ὲν
3081 2753 3290 2815 πολλοῖς
3339 2753 3584 2820 ἀδελφοῖς
3643 2752 3857 2819 πρῶτος
3912 2767 4012 2800 κα-

2445 2848 2654 2900 λεῖσθαι
2677 2847 2930 2916 ἠξίωσεν.
2975 2864 2992 2896 ι
3027 2845 3230 2898 Εἴπατε
3271 2845 3397 2912 γάρ,
3423 2862 3439 2893 ›
3479 2844 3630 2912 φησι,
3664 2861 3681 2893 ι
3721 2843 3856 2911 πρὸς
3890 2842 4014 2902 τοὺς

2445 2938 2705 3005 ἀδελφούς
2744 2955 2869 3006 μου.
2921 2955 2938 2986 ι
2973 2937 3103 2999 Καὶ,
3139 2953 3156 2982 ι
3195 2934 3391 2986 Οὐκέτι
3422 2935 3565 3002 ἡμᾶς
3591 2932 3738 2985 καλῶ
3771 2931 4011 2993 δούλους,

2443 3031 2579 3083 ἀλλὰ
2609 3029 2816 3098 φίλους.
2866 3047 2883 3079 ι
2931 3028 3086 3081 Ὤσθ⁹
3113 3029 3245 3096 ἡμῖν
3291 3029 3320 3079 ὅ
3360 3043 3489 3093 φησι
3520 3024 3730 3082 Παῦλος
3783 3025 4014 3090 συμϐαί-

2445 3139 2576 3174 νειν.
2611 3139 2628 3172 ι
2667 3121 2867 3189 Χάριτι
2896 3119 3204 3188 ἐσώθημεν,
3238 3119 3332 3170 καὶ
3356 3119 3457 3170 οὐκ
3501 3117 3557 3181 ἐξ
3580 3115 3756 3184 ἔργων
3782 3116 4006 3182 νόμον.»

2443 3212 2506 3262 Τί
2543 3213 2652 3278 γὰρ
2678 3211 2744 3264 ἂν
2778 3210 2863 3277 είη
2897 3209 2995 3275 τῆς
3019 3208 3275 3274 τοιαύτης
3316 3208 3539 3276 χάριτος
3583 3205 3790 3274 μεῖζον,
3829 3205 3861 3273 ἢ
3917 3205 4012 3256 τὸν

2444 3305 2570 3355 Υίὸν
2601 3303 2693 3356 τοῦ
2721 3303 2857 3355 Θεοῦ
2881 3301 2949 3354 δι’
2980 3303 3125 3371 ἡμᾶς
3151 3301 3318 3370 μηδὲν
3355 3299 3873 3369 προεισενεγκόντας
3915 3297 4010 3348 ἇν-

2443 3395 2658 3460 θρωπον
2679 3393 2961 3460 γεγονέναι
2987 3392 3314 3460 θελήσαντα,
3345 3392 3454 3442 τῶν
3477 3390 3712 3443 εἰδώλων
3769 3391 3862 3442 καὶ
3913 3389 4013 3456 τῆς

2445 3484 2654 3552 πλάνης
2677 3485 2770 3534 καὶ
2805 3484 2900 3551 τῆς
2933 3481 3026 3534 τοῦ
3060 3483 3227 3550 νόμου
3258 3482 3416 3542 σκιᾶς
3460 3482 3607 3548 ἡμᾶς
3657 3479 3965 3541 ἀπαλλάξαι
3997 3495 4010 3509 ⁸

2444 3577 2535 3628 καὶ
2572 3574 2671 3644 τὴν
2704 3571 2966 3643 ἀληθινὴν
2994 3576 3088 3626 καὶ
3109 3572 3326 3625 δικαίαν
3365 3570 3570 3635 διδάξαι
3621 3571 3894 3639 λατρείαν,
3922 3573 4014 3621 καὶ

2444 3670 2674 3738 μεσίτην
2707 3669 2800 3721 καὶ
2829 3667 3090 3736 ἀρχιερέα
3141 3665 3298 3735 ἡμῶν
3347 3665 3663 3732 γενόμενον,
3698 3665 3765 3715 δι’
3816 3662 4012 3715 ἑαυτοῦ

2442 3759 2500 3810 τὸ
2533 3758 2899 3826 χειρόγραφον
2940 3758 3037 3822 τῆς
3067 3755 3343 3825 ἁμαρτίας
3372 3754 3530 3823 ἡμῶν
3555 3754 3868 3824 διαρρῆξαι,
3921 3755 4016 3805 καὶ

2441 3851 2539 3918 τὴν
2569 3849 2704 3918 πρὸς
2735 3850 2829 3900 τὸν
2861 3847 2994 3901 Θεὸν
3025 3848 3398 3917 προσαγωγὴν
3429 3863 3487 3898 τε
3535 3848 3626 3898 καὶ
3656 3845 4006 3914 καταλλαγὴν

2442 3942 2783 4011 ἐργάσασθαι
2811 3958 2823 3971 ⁸
2859 3942 2950 3994 καὶ
2979 3939 3173 4009 μισθὸν
3199 3938 3552 4008 δωρήσασθαι
3603 3938 3714 3999 τοῖς
3753 3937 4014 4003 πειθομέ-

2441 4051 2550 4094 νοις
2610 4031 2880 4098 αὐτῷτὴν
2927 4032 3063 4099 πρὸς
3112 4029 3274 4081 αὑτὸν
3327 4028 3605 4080 οἰκείωσιν
3635 4045 3647 4057 ⁸
3695 4027 3834 4079 ὥστε
3874 4027 4014 4094 μετὰ

2443 4123 2811 4193 βεϐαιοτάτων
2845 4124 3077 4175 ἐλπίδων
3108 4123 3200 4174 τὸν
3231 4123 3401 4175 αίῶνα
3435 4120 3622 4172 τοῦτον
3677 4121 4016 4188 περαιουμέ-

2441 4233 2585 4278 νους,
2611 4216 2750 4281 μετὰ
2789 4215 2888 4282 τὴν
2919 4215 3178 4268 ἀνάλυσιν
3208 4215 3301 4265 καὶ
3325 4212 3422 4282 τὴν
3454 4211 3543 4264 τοῦ
3570 4213 3766 4274 παντὸς
3799 4215 4011 4263 ἀποκα-

2440 4309 2700 4359 τάστασιν
2729 4307 2880 4374 αύτῷ
2916 4307 3239 4358 συνέσεσθαι
3273 4323 3288 4369 ;

829 4408 920 4462 Est
947 4409 1131 4476 itaque
1177 4410 1230 4460 in
1264 4409 1482 4462 dextera
1521 4406 1613 4459 Dei
1649 4418 1702 4460 et
1741 4407 1936 4469 Patris.
1977 4427 1994 4457 ι
2033 4407 2124 4476 qui
2166 4418 2244 4460 est
2282 4408 2332 4460 in
2368 4431 2413 4488 ο
2516 4400 2578 4450 Ἐ

2282 4408 2332 4460 in
2368 4431 2413 4488 Β
2516 4400 2671 4450 Ἔστι
2721 4398 2902 4449 τοίνυν
2951 4400 3008 4449 ἐν
3047 4397 3195 4463 δεξιᾷ
3237 4397 3326 4448 τοῦ
3373 4397 3508 4450 Θεοῦ
3560 4399 3653 4475 καὶ
3693 4396 3898 4462 Πατρὶς
3939 4415 3954 4445 ι
3988 4399 4013 4447 ὁ

755 4502 875 4555 sinu
906 4501 1161 4562 Patris,"
1190 4521 1206 4551 ι
1247 4501 1498 4568 quamvis
1524 4499 1664 4552 inter
1695 4514 1793 4551 nos
1822 4499 1897 4550 uti
1931 4500 2206 4567 pollicitus
2227 4507 2331 4561 est,

756 4611 927 4664 usque
959 4594 1023 4646 ad
1068 4594 1601 4646 consummationem
1651 4591 1985 4650 versetur",
2009 4594 2254 4659 regitque
2282 4603 2334 4645 et

751 4687 951 4740 confiat
991 4695 1235 4739 nostram
1271 4683 1464 4742 vitam,
1497 4697 1619 4750 qua:
1654 4681 1706 4736 in
1744 4681 2069 4735 abscondito
2123 4684 2326 4736 intelli-

751 4780 994 4846 gitur";
1045 4792 1205 4845 quam
1249 4784 1300 4828 et
1341 4775 1466 4828 inde
1500 4774 1612 4842 jam
1643 4789 1737 4843 per
1765 4783 2104 4827 sacramenta
2147 4774 2332 4842 auspi-

750 4885 975 4932 camur;
1033 4867 1562 4921 consummationem
1619 4880 1747 4918 vero
1795 4865 1938 4918 illius
1983 4865 2036 4918 in
2089 4865 2327 4918 futurum

747 4968 1168 5027 exspectamus,
1215 4959 1257 5012 si
1304 4958 1466 5011 modo
1521 4973 1628 5009 non
1685 4957 2047 5024 negligentem
2105 4971 2327 5024 operam

747 5051 1012 5104 adbibere
1061 5049 1393 5108 videbimur.
1428 5055 1578 5101 tanta
1630 5047 1892 5100 nimirum
1948 5049 2224 5103 socordia.
2274 5056 2331 5098 nt

747 5144 961 5212 exigua:
1015 5151 1490 5210 temporanezeque
1540 5139 1835 5208 voluptatis
1892 5153 2080 5202 causa,
2121 5147 2328 5190 tantum

748 5251 950 5288 munus
999 5235 1337 5304 prodamus,
1387 5233 1480 5286 sed
1516 5232 1663 5286 ornui
1714 5231 2020 5298 diligentia,
2056 5247 2150 5300 per
2188 5232 2332 5284 illius

748 5326 999 5378 mandata
1043 5327 1111 5378 ab
1161 5339 1337 5394 eoque
1371 5325 1567 5378 tradita
1609 5332 1971 5388 sacramenta,
2014 5325 2065 5376 in
2099 5323 2324 5389 patriam

746 5428 984 5472 nostrum
1023 5421 1438 5480 contendamus,
1473 5429 1635 5487 atque
1662 5418 1726 5470 arl
1760 5432 1878 5470 eam
1938 5432 2284 5469 recurramna
2309 5452 2328 5480 ,

744 5509 904 5578 eique
929 5519 984 5562 ut
1013 5509 1178 5578 capiti
1205 5519 1463 5577 tanquam
1504 5508 1742 5561 membra
1776 5517 2078 5569 nectamnr,
2103 5523 2164 5558 ae
2188 5506 2329 5557 sient

817 5714 881 5742 '°'
915 5709 1077 5765 Joan.
1122 5726 1230 5772 xiv,
1267 5711 1355 5760 30.
1437 5711 1477 5738 ⁵¹
1511 5710 1668 5762 Jnau.
1719 5725 1813 5770 λιι,
1851 5710 1940 5760 5|.

745 5786 787 5814 ⁵⁵
816 5782 1010 5840 ΕιιΙιυδ.
1049 5799 1106 5838 Il.
1137 5785 1187 5834 ὃ.
1267 5782 1311 5810 ⁵⁸
1344 5781 1558 5835 Coluss.
1597 5796 1654 5838 ll,
1690 5780 1779 5832 ‘24.
1857 5779 1901 5808 ⁸⁷
1940 5779 2094 5832 Joan.
2129 5796 2162 5839 ι.
2195 5779 2246 5832 8.

2051 5711 2094 5739 ⁵⁸
2134 5707 2289 5759 litim.
2335 5723 2445 5765 vtu,
2475 5707 2562 5759 δι.

2326 5781 2370 5809 ³⁸
2413 5777 2601 5833 Μ.ιιιιι.
2665 5794 2849 5837 xxvm.
2907 5778 2992 5832 ‘20.

2438 4489 2512 4540 ὢν
2545 4490 2624 4549 είς
2653 4489 2742 4539 τὸν
2778 4487 2978 4539 κόλπον
3008 4487 3101 4538 τοῦ
3141 4487 3372 4555 Πατρὸς,
3411 4506 3428 4536 ι
3477 4488 3652 4539 καίτοι
3689 4486 3807 4553 μεθ’
3856 4487 4015 4552 ἡμῶν

2437 4579 2511 4630 ὢν
2561 4579 2634 4641 ὡς
2672 4579 2940 4648 ὑπέσχετο
2971 4580 3074 4642 ἕως
3109 4579 3207 4647 τῆς
3240 4579 3594 4645 συντελείας]
3629 4580 3724 4630 καὶ
3742 4579 4016 4643 οἰκονομεῖ

2437 4674 2532 4723 καὶ
2561 4665 2842 4740 συνίστησι
2875 4672 2974 4740 τὴν
3027 4671 3308 4740 ἡμετέραν
3346 4669 3491 4738 ζωὴν
3541 4669 3640 4739 τὴν
3681 4674 3737 4719 ὲν
3785 4669 4013 4736 κρυπτῷ

2436 4763 2754 4830 νοουμένην,
2785 4763 2907 4832 ἥτις
2931 4763 3028 4832 τὴν
3068 4762 3242 4832 ἀρχὴν
3266 4761 3520 4813 ἐντεῦθεν
3543 4760 3630 4812 διὰ
3655 4760 3762 4811 τῶν
3815 4776 4016 4827 μυστηο

2436 4858 2567 4926 ρίων
2597 4859 2861 4926 λαμϐάνει
2893 4873 2906 4887 ⁸
2935 4857 3032 4926 τὴν
3054 4857 3334 4908 τελείωσιν
3364 4856 3420 4908 δὲ
3445 4856 3539 4906 ἐπὶ
3562 4854 3654 4907 τοῦ
3710 4853 4004 4922 μέΑλοντος

2436 4951 2673 5018 δέχεται,
2713 4950 2782 5002 ἂν
2808 4950 2968 5011 μόνον
3001 4950 3075 5018 μὴ
3104 4949 3362 5016 φανῶμεν
3422 4947 3774 5015 ἀμελοῦντες,
3832 4947 4018 4998 τοσοῦ-

2437 5058 2548 5107 τον,
2571 5044 2709 5095 ὥστε
2736 5043 2939 5111 μικρᾶς
2972 5042 3167 5112 ἡδονῆς
3198 5041 3292 5092 καὶ
3317 5041 3656 5111 προσκαίρου
3685 5041 3848 5109 χάριν
3885 5058 4018 5108 προ-

2435 5135 2615 5187 δοῦναι
2660 5136 2758 5204 τὴν
2790 5137 3059 5203 τοσαύτην
3082 5133 3404 5203 εὐεργεσίαν
3435 5149 3451 5164 ⁸
3479 5134 3590 5186 ἀλλ’
3625 5132 4016 5201 ἐπιμελώμεθα

2437 5227 2524 5278 διὰ
2589 5228 2696 5279 τῶν
2753 5227 2986 5278 ἐντολῶν
3042 5227 3205 5278 αὑτοῦ
3269 5229 3364 5279 καὶ
3409 5227 3518 5278 τῶν
3563 5226 4017 5294 παραδεδομένων

2439 5319 2571 5389 ἡμῖν
2601 5319 2691 5371 ὑπ’
2725 5317 2890 5370 αύτοῦ
2928 5318 3241 5386 μυστηρίων
3291 5318 3423 5384 πρὸς
3447 5317 3545 5386 τὴν
3590 5319 3824 5384 πατρίδα
3856 5318 4016 5384 ἡμῶν

2437 5412 2784 5478 ἐπείγεσθαι,
2819 5413 2914 5464 καὶ
2936 5413 3016 5473 εἰς
3055 5411 3221 5464 αὑτὸν
3273 5412 3594 5479 ἀνατρέχειν
3623 5428 3638 5444 ⁸
3699 5413 3794 5462 καὶ
3843 5413 4019 5481 τούτῳ

2436 5503 2510 5566 ώς
2539 5505 2748 5573 κεφαλῇ
2777 5503 3027 5574 καθάπερ
3073 5503 3208 5573 μέλη
3239 5503 3610 5555 συνάπτεσθαι
3635 5518 3650 5534 ⁸
3708 5505 3798 5555 καὶ
3829 5503 4018 5571 ὥσπερ

2681 5707 2723 5736 ⁵³
2753 5708 2875 5759 Act.
2916 5724 3026 5769 ut,
3064 5707 3152 5760 23.
3268 5705 3488 5760 “Joan.
3523 5722 3614 5772 xx,
3659 5707 3760 5772 l7;
3806 5723 3892 5769 xv,
3931 5706 4015 5762 l5.

2681 5794 2849 5832 txvm.
2907 5778 2992 5832 ‘20.
3073 5780 3117 5809 "
3147 5777 3264 5832 Col.
3313 5793 3395 5832 ιιι.
3452 5781 3504 5831 5.

3192 5793 3264 5832 Ul.
3313 5793 3395 5838 ΙΙΙ,
3452 5793 3504 5831 ὁ.
