4428 6444
785 407 892 468 599

2051 407 2445 469 MANUELIS
2478 408 2778 468 CALECIE

3914 405 4022 468 600

783 517 997 588 ignavia
1069 516 1138 569 ab
1212 532 1274 571 ea
1341 518 1686 571 confessione
1760 519 2118 572 dcterremnr.
2181 519 2532 594 ΑιηιιεΑνηη

2270 519 2555 594 ΙηθΑνην
2607 526 2639 592 ἢ
2696 522 2859 589 φόϐον
2916 522 3203 589 δειλιῶμεν
3267 520 3358 573 καὶ
3421 517 3844 586 ἀποφεύγωμεν.
3921 520 4019 569 Διὶ

778 607 945 659 etiam
982 604 1033 658 id
1072 619 1252 659 causa:
1302 616 1409 667 est.
1450 623 1547 659 cur
1595 608 1644 659 in
1685 606 1861 661 fronte
1911 609 2270 673 accipiamus,
2296 619 2354 661 ut

778 697 937 748 ﬁdem
984 695 1235 748 contiteri
1290 695 1510 748 minimc
1558 697 2061 751 erubescamuan
2093 699 2353 753 manibus

778 784 906 836 item
943 797 1004 837 ac
1035 783 1284 850 pedibus,
1323 794 1381 835 ut
1413 800 1562 837 arma
1606 787 1819 839 virtutis
1866 801 1929 839 ac
1954 786 2201 854 justitim,
2239 792 2350 842 hac

781 871 892 926 Deo
934 872 1311 926 exhibeamus.
1348 873 1496 926 Unde
1528 883 1580 927 et
1620 874 1819 928 Christi
1861 876 2017 944 signo
2059 877 2349 946 consigna-

776 962 1055 1031 mur,cjus
1086 962 1291 1017 scilicet
1319 965 1519 1027 crucis,
1549 978 1655 1031 qua
1699 972 1753 1017 et
1797 965 1911 1032 ipse
1952 964 2205 1019 Christus
2247 981 2347 1035 pu-

774 1053 957 1122 gnavit
982 1068 1045 1107 ac
1069 1053 1219 1115 vicit,
1246 1061 1305 1106 ut
1341 1054 1697 1107 ostendamus
1728 1053 1831 1108 sub
1860 1068 1969 1122 quo
2020 1055 2346 1123 imperatore

765 1143 1024 1197 militiam
1074 1158 1348 1213 geramus.
1419 1145 1593 1196 Porro
1640 1144 1825 1199 unctio
1858 1145 1973 1197 haec
2018 1158 2084 1197 ex
2118 1144 2241 1199 oleo
2292 1154 2346 1199 et

772 1234 1114 1289 aromatihus
1165 1244 1408 1303 paratur,
1457 1242 1517 1288 ut
1574 1244 1684 1287 tum
1750 1235 1948 1289 bonam
2026 1235 2227 1290 famam
2285 1236 2339 1289 in

774 1325 982 1379 mundo
1036 1334 1427 1380 conversantes
1454 1341 1519 1378 ex
1550 1325 1811 1394 operibus
1864 1324 2187 1391 habeamus,
2219 1341 2341 1395 quae

771 1415 917 1469 velut
949 1415 1133 1470 odoris
1186 1415 1481 1484 fragrantia
1525 1418 1630 1469 late
1658 1416 1991 1471 diffundatur
2015 1458 2029 1482 ,
2064 1426 2177 1472 tum
2208 1433 2338 1477 vero

771 1512 832 1557 ιιι
865 1506 1009 1559 sicut
1041 1505 1254 1560 athleta:
1287 1506 1339 1560 in
1370 1521 1591 1561 arenam
1618 1507 1936 1562 descensuri
1968 1499 2332 1579 ungebaritur,

769 1595 848 1647 sic
881 1604 934 1648 ct
972 1610 1069 1648 nos
1114 1611 1210 1664 pro
1248 1595 1505 1651 Ecclesiae
1534 1595 1767 1650 decretis
1822 1612 1945 1651 cum
2001 1605 2213 1667 tempus
2241 1612 2334 1651 vo-

770 1686 999 1751 caverit,
1026 1686 1390 1741 decertemus.

837 1854 1047 1913 Rursus
1092 1858 1549 1928 quemadmodum
1607 1860 1905 1930 corporalis
1937 1862 2042 1916 vita
2092 1865 2331 1919 naturali

727 1974 735 1982 -
766 1950 972 2019 indiget
998 1950 1122 2005 cibo
1140 1961 1198 2005 ut
1220 1960 1487 2021 augeatur
1515 1962 1566 2006 et
1591 1952 1882 2007 roboratur
1902 1967 1963 2007 ac
1991 1954 2337 2009 contineatur

763 2057 861 2096 seu
910 2050 1293 2107 conservetur,
1342 2044 1423 2098 sic
1447 2054 1500 2098 et
1542 2043 1595 2097 in
1628 2044 1858 2112 spiritali
1910 2045 2018 2099 vita
2072 2048 2336 2116 spiritalis

763 2136 921 2191 cibus
952 2136 1113 2190 datus
1150 2146 1256 2202 est,
1289 2147 1349 2190 ut
1399 2152 1493 2205 per
1526 2151 1674 2196 eum.
1707 2137 1800 2205 qui
1851 2149 1980 2191 sunt
2034 2141 2234 2200 renati.
2282 2150 2337 2195 et

762 2232 1161 2278 conserventur
1192 2233 1247 2277 et
1288 2234 1611 2292 augeantur.
1648 2222 1739 2277 Est
1796 2232 1976 2278 autem
2028 2226 2127 2280 iste
2181 2229 2336 2284 cibus

763 2313 1038 2383 perceptio
1077 2314 1279 2369 Christi
1320 2316 1565 2385 corporis
1612 2324 1774 2386 atque
1806 2318 2122 2387 sanguinis;
2153 2321 2337 2388 panis-

758 2419 867 2472 que
896 2419 961 2458 ac
986 2404 1097 2457 vini
1123 2405 1389 2475 symbolis
1414 2404 1668 2467 traditur,
1692 2405 1835 2472 quod
1876 2404 1961 2458 his
1988 2407 2335 2464 communius

761 2493 1012 2563 homines
1061 2494 1127 2548 ad
1179 2495 1519 2564 corporalem
1562 2494 1745 2549 cibum
1805 2502 2049 2549 utantur.
2085 2493 2184 2549 Per
2233 2495 2335 2550 hoc

758 2593 938 2640 autem
990 2596 1394 2642 sacramentum
1455 2584 1749 2640 Dominicm
1798 2586 2068 2654 passionis
2126 2600 2335 2642 memo-

757 2679 895 2733 riam
939 2692 1005 2731 ae
1064 2679 1408 2747 prasentiam
1454 2678 1775 2747 accipimus.
1816 2678 1934 2748 Ipse
1983 2679 2127 2733 enim
2173 2697 2190 2731 ι
2226 2679 2333 2735 Do-

757 2771 940 2824 minus
1004 2780 1192 2825 noster
1253 2771 1413 2827 Jesus
1467 2771 1754 2837 Christus,
1799 2792 1817 2825 ι
1861 2771 1940 2826 uti
1982 2767 2058 2826 ait
2113 2789 2333 2829 sacrum

757 2862 1159 2931 Erangelium,
1223 2881 1242 2914 ι
1315 2879 1423 2933 qua
1502 2876 1662 2917 nocte
1711 2863 2051 2926 tradebatur,
2128 2866 2336 2934 accepit

756 2967 949 3019 panem
987 2962 1043 3007 et
1092 2952 1294 3020 gratias
1350 2968 1538 3022 agens.
1568 2952 1735 3021 fregit
1785 2954 1860 3018 (in
1904 2952 2077 3006 l'rnsta
2118 2954 2335 3013 scilicet

753 3044 1024 3102 conscidit
1054 3044 1392 3113 divisitquc'),
1419 3044 1669 3113 dixitque
1699 3044 1982 3113 discipulis
2005 3044 2147 3099 suis:
2177 3046 2333 3100 Acci-

2362 1824 2409 1884 Β

2458 615 2613 667 τοῦτο
2645 617 2738 666 καὶ
2787 616 2845 666 ἐν
2890 613 2968 682 τῷ
3011 611 3250 681 μετώπῳ
3283 609 3658 677 λαμϐάνομεν,
3692 608 3777 659 ἵνα
3820 606 3893 674 μὴ
3930 608 4019 658 aio

2457 704 2782 771 σχυνώμεθα
2835 705 3041 772 ταύτην
3092 702 3376 769 ὁμολογεῖν
3434 699 3582 766 (73)·
3645 696 3743 749 καὶ
3801 698 3856 747 ἐν
3898 699 4019 756 ταῖς

2454 796 2610 861 χερσὶ
2637 793 2732 846 καὶ¹
2765 796 2875 854 τοῖς
2918 793 3097 855 ποσὶν,
3148 790 3236 841 ινα
3268 790 3407 841 ὅπλα
3442 787 3643 854 ἀρετῆς
3688 788 3779 839 καὶ
3810 786 4019 838 δικαιο-

2453 884 2619 953 σύνης
2664 883 2837 936 ταῦτα
2886 882 2964 951 τῷ
3016 881 3134 950 Θεῷ
3193 882 3636 948 παραστήσωμεν
3687 893 3701 908 ο
3748 875 3869 928 ὅθεν
3921 877 4016 927 καὶ

2453 973 2829 1043 σημειούμεθα
2863 972 2941 1041 τῷ
2976 973 3186 1041 σημείῳ
3231 969 3323 1023 τοῦ
3356 969 3617 1037 Χριστοῦ,
3655 967 3901 1019 τουτέστι
3936 966 4015 1030 τῷ

2446 1065 2640 1117 τούτου
2688 1064 2926 1132 σταυρῷ,
2957 1064 3025 1116 δι’
3052 1058 3111 1114 οὗ
3144 1065 3235 1116 καὶ
3262 1065 3288 1114 6
3317 1062 3549 1129 Χριστδς
3580 1060 3888 1126 ἐπολέμησε
3920 1059 4014 1108 καὶ

2448 1153 2697 1220 ἐνίκησεν
2719 1171 2731 1185 ·
2764 1152 2851 1204 ἴνα
2898 1152 3234 1220 δεικνύωμεν
3274 1151 3381 1203 ὑπὸ
3412 1153 3518 1202 τίνι
3562 1148 3856 1218 στρατηγῷ
3884 1166 4013 1198 τατ-

2443 1241 2672 1309 τόμεθα.
2739 1241 2803 1293 Ἦ
2850 1241 2905 1293 δὲ
2949 1240 3131 1308 χρίσις
3184 1238 3323 1307 αὕτη
3378 1238 3435 1301 EF,
3486 1237 3667 1289 ἐλαίου
3722 1236 3816 1286 καὶ
3869 1235 4014 1301 ἀρω-

2444 1332 2631 1401 μάτων
2660 1330 3153 1394 κατασκευάζεται,
3202 1330 3289 1382 ἵνα
3318 1327 3454 1395 ὁμοῦ
3508 1327 3606 1395 μὲν
3637 1326 3827 1394 φήμην
3873 1326 4014 1389 ἀγα-

2440 1421 2538 1490 θὴν
2571 1421 2679 1473 ἀπὸ
2706 1421 2815 1474 τῶν
2847 1420 3026 1486 ἔργων
3061 1420 3272 1486 ἔχωμεν
3306 1420 3363 1469 ὲν
3402 1416 3477 1479 τῷ
3519 1416 3710 1481 κόσμῳ
3737 1414 4011 1477 ἀναστρε-

2438 1512 2684 1579 φόμενοι,
2736 1511 2987 1579 καθάπερ
3053 1510 3230 1578 ὀσμὴν
3282 1507 3651 1574 διαδιδομένην
3682 1518 3695 1532 ·
3746 1501 3881 1568 ὁμοῦ
3931 1502 4012 1562 δὲ,

2434 1601 2624 1670 ὥσπερ
2664 1602 2711 1653 οί
2763 1600 2995 1668 ἀθληταὶ
3053 1601 3130 1668 τῷ
3189 1599 3352 1667 ἐλαίῳ
3411 1596 3691 1665 ἠλείφοντο
3748 1592 4013 1658 ἀγωνιζό-

2438 1709 2612 1760 μενοι,
2647 1690 2789 1744 οὖτω
2842 1692 2936 1744 καὶ
2985 1692 3143 1759 ἡμεῖς
3202 1690 3340 1756 ὑπὲρ
3379 1687 3486 1739 τῶν
3524 1688 3621 1754 τῆς
3680 1683 4010 1751 Ἐκκλησίας

2433 1781 2719 1847 δογμάτων
2774 1779 2868 1832 τοῦ
2911 1778 3104 1845 καιροῦ
3153 1776 3439 1838 καλοῦντος
3471 1772 3895 1841 ἀγωνιζώμεθα.

2512 1872 2677 1924 Πάλιν
2704 1870 2893 1939 ὥσπερ
2922 1873 2954 1939 ἡ
2990 1868 3275 1936 σωματικὴ
3326 1867 3437 1935 ζωὴ
3504 1864 3739 1931 φυσικῆς
3797 1860 4005 1927 τροφῆς

2437 1961 2627 2023 δεῖται,
2658 1961 2745 2015 ἵνα
2771 1960 2907 2031 αὔξῃ
2939 1962 3027 2012 καὶ
3047 1961 3246 2028 ἐδραιοῖ
3279 1957 3372 2011 καὶ
3394 1958 3675 2025 συγκρατῇ
3708 1953 3805 2022 τὴν
3823 1951 4006 2019 φύσιν,

2436 2052 2698 2108 οὕτωκαὶ
2727 2055 2874 2121 ἐντῇ
2931 2052 3276 2119 πνευματικῇ
3329 2049 3439 2115 ζιυῇ
3501 2043 3846 2112 πνευματικὴ
3896 2041 4009 2092 ί,δὸ-

2437 2146 2503 2215 θη
2555 2146 2751 2216 τροφὴ,
2797 2146 2883 2197 ἵνα
2935 2145 3022 2197 διὰ
3070 2142 3269 2210 ταύτης
3312 2142 3361 2193 οί
3414 2136 3863 2205 άναγεννηθέντες
3913 2134 4009 2185 καὶ

2434 2238 2703 2309 τηρῶνται
2732 2237 2827 2290 καὶ
2859 2236 3145 2300 αὔξωνται.
3178 2235 3325 2301 Δῦτη
3353 2233 3411 2286 δέ
3437 2233 3583 2284 ἐστιν
3626 2231 3659 2298 ἡ
3708 2225 4007 2298 μετάληψις

2434 2332 2527 2384 τοῦ
2560 2329 2807 2400 σώματος
2842 2329 2936 2382 καὶ
2962 2328 3188 2397 αἵματος
3216 2326 3312 2378 τοῦ
3346 2319 3582 2392 Χριστοῦ
3608 2336 3621 2349 ’
3654 2320 3774 2390 ἥτις
3809 2318 3878 2370 δι’
3908 2317 4007 2385 ἄρ-

2432 2439 2525 2474 του
2558 2422 2647 2473 καὶ
2671 2420 2814 2473 οἴνου
2847 2419 3227 2487 παραδέδοται,
3260 2411 3341 2477 οἷς
3373 2411 3677 2480 κοινότερον
3709 2409 3757 2460 οί
3794 2405 4005 2475 ἄνθρωο

2434 2531 2525 2567 ποι
2559 2512 2693 2581 πρὸς
2718 2511 2814 2581 τὴν
2840 2508 3159 2579 σωματικὴν
3187 2506 3428 2576 χρῶνται
3478 2501 3705 2571 τροφήν.
3764 2497 3870 2550 Καὶ
3918 2494 4007 2549 διὰ

2432 2606 2526 2660 τοῦ
2564 2603 2864 2676 μυστηρίου
2888 2602 3077 2656 τούτου
3111 2601 3330 2671 μνήμην
3354 2599 3449 2651 καὶ
3471 2592 3773 2665 παρουσίαν
3796 2588 4009 2657 λαμϐά-

2433 2713 2598 2767 νομεν
2637 2696 2731 2749 τοῦ
2756 2692 3109 2747 αδεσποτικοῦ
3150 2691 3375 2753 πάθους.
3418 2687 3589 2749 Αὐτὸς
3621 2684 3729 2752 γὰρ
3762 2701 3781 2733 ι
3810 2684 3838 2734 6
3886 2678 4003 2732 Κύ-

2438 2808 2549 2859 ριος
2578 2790 2734 2859 ἡμῶν
2776 2787 2979 2856 Ἰησοῦς
3020 2783 3271 2855 Χριστὸς,
3310 2801 3328 2833 ι
3361 2779 3505 2834 καθά
3565 2793 3699 2846 φησι
3747 2774 3807 2826 τὸ
3866 2771 4008 2840 ίερὺν

2437 2880 2783 2947 Εὐαγγὲλιον,
2817 2896 2835 2929 ι
2864 2878 2923 2929 ὲν
2950 2878 3017 2945 τῇ
3042 2874 3194 2943 νυκτὶ
3285 2869 3616 2939 παρεδίδοτο,
3639 2862 3816 2917 λαϐὼν
3845 2860 4010 2927 ἄρτον

2434 2976 2525 3027 καὶ
2551 2969 2949 3039 εὐχαριστήσας
2980 2967 3174 3019 ἔκλασε
3213 2962 3533 3034 (τουτέστιν,
3569 2957 3753 3026 ἔκοψε,
3793 2955 4013 3005 κατέτεο

2438 3047 2548 3133 μέ),
2572 3064 2662 3116 καὶ
2693 3059 2814 3114 εἷπε
2844 3062 2955 3121 τοῖς
2983 3057 3247 3126 μαθηταῖς
3294 3054 3494 3121 αὐτοῦ,
3548 3070 3569 3104 ι
3606 3048 3836 3109 Λάϐετε,
3909 3045 4012 3113 φέ-

754 3136 884 3205 ρῖιυ,
930 3136 1217 3200 comedite,
1277 3134 1379 3189 hoc
1423 3143 1507 3190 est
1552 3148 1753 3202 corpus
1785 3149 1990 3200 meum,
2041 3138 2184 3204 quod
2238 3154 2333 3204 pro
2362 3156 2407 3217 ς
2437 3171 2503 3220 γε

2262 3154 2333 3192 ιιο
2362 3156 2407 3217 c
2437 3171 2559 3220 γετε
2585 3168 2601 3184 ο
2633 3153 2791 3206 τοῦτὸ
2823 3152 2939 3204 ἐστι
2970 3150 3030 3203 τὸ
3057 3148 3217 3215 σῶμά
3243 3164 3365 3215 μου,
3412 3145 3473 3197 τὸ
3518 3143 3659 3208 ὑπὲρ
3689 3138 3840 3209 ὑμῶν
3870 3134 4011 3189 κλὼ-ιι

750 3226 907 3281 vobis
992 3225 1261 3290 frangitur
1343 3226 1398 3280 in
1482 3228 1862 3283 remissionem
1954 3240 2322 3297 peccatorum.

752 3317 1017 3373 Similiter
1059 3326 1110 3369 et
1145 3318 1403 3379 raTicem,
1451 3331 1737 3388 postquam
1782 3326 2039 3387 cmnavit,
2098 3325 2322 3379 dicens:

749 3411 847 3475 llic
873 3419 955 3463 est
986 3410 1209 3479 sanguis
1241 3423 1417 3475 mens,
1450 3410 1542 3478 qui
1576 3424 1674 3478 pro
1706 3412 1859 3467 vobis
1897 3420 1953 3468 et
1994 3429 2094 3483 pro
2142 3415 2327 3469 multis

746 3500 1054 3555 rﬂ‘undetur
1107 3502 1159 3553 iu
1213 3500 1589 3556 remissionem
1620 3512 1994 3573 peccatorum.
2041 3524 2060 3557 ι
2090 3506 2327 3575 Adiecit-

748 3610 853 3658 que
882 3610 897 3647 :
941 3612 960 3645 ι
998 3592 1111 3647 Hoc
1140 3591 1297 3648 facite
1324 3593 1375 3646 in
1401 3609 1576 3648 meam
1608 3595 2185 3651 commemorationem
2206 3596 2270 3651 ⁶⁰.
2303 3616 2320 3649 ι

748 3687 932 3754 Itaque
950 3700 1043 3754 per
1064 3685 1170 3738 hoc
1188 3686 1503 3756 mysterium
1529 3687 1920 3742 annuntiamus
1937 3690 2055 3757 ejus
2076 3699 2324 3753 mortem,

748 3788 803 3832 tt
830 3776 981 3845 quasi
1012 3777 1062 3831 ei
1117 3792 1212 3845 per
1254 3776 1549 3832 all‘ectuum
1582 3792 1676 3831 seu
1720 3779 1977 3831 vitiorum
2029 3779 2328 3833 mortitica-

749 3869 952 3922 tionem
1004 3867 1445 3929 commorieutcs,
1474 3881 1571 3934 per
1610 3866 1787 3934 ipsum
1822 3868 2159 3922 viviﬁéamur
2190 3879 2243 3921 et
2273 3868 2325 3920 in

748 3961 919 4031 gloria
955 3974 1323 4029 resurgemus.
1348 3960 1438 4013 Ait
1471 3960 1616 4012 enim
1644 3959 1937 4028 Apostolus
1977 3975 1991 4013 :
2024 3977 2041 4009 ι
2073 3959 2326 4025 Quoties-
2360 4009 2368 4016 .

745 4066 963 4120 cunque
1019 4050 1478 4105 mamlucavetitis
1532 4065 1724 4119 panem
1779 4053 1942 4113 hunc,
1993 4058 2049 4103 et
2102 4049 2325 4104 calicem

742 4144 1151 4213 ejushibt-rit's,
1184 4152 1412 4196 mortem
1447 4143 1658 4197 Domini
1692 4126 2104 4203 anntintiabitis.
2137 4160 2155 4193 ι
2185 4142 2325 4212 ejus.

742 4251 851 4302 quc
926 4233 1384 4287 resurrectionem
1456 4231 1871 4295 conﬁtebimini,
1928 4250 1946 4283 ι
2001 4233 2175 4285 donec
2239 4247 2377 4287 νε·-

742 4327 938 4381 niat".
980 4344 999 4376 ι

811 4418 1063 4484 Quonam
1139 4415 1307 4485 igitur
1375 4416 1536 4468 modo
1617 4423 2009 4471 convertantur
2065 4417 2221 4486 panis
2275 4426 2328 4474 ct

741 4514 926 4566 \inum
959 4512 1014 4564 in
1046 4510 1250 4565 Christi
1305 4524 1506 4579 corpus
1548 4519 1602 4563 et
1653 4511 2006 4577 sanguinem,
2053 4513 2324 4565 humanus

739 4619 921 4658 sermo
976 4603 1159 4672 eloqui
1218 4617 1326 4654 non
1375 4611 1584 4671 potest;
1630 4602 1757 4671 quia
1815 4610 1998 4656 tamen
2060 4612 2323 4657 creatura:

736 4696 942 4772 arbiter
989 4697 1094 4749 hoc
1121 4695 1282 4749 modo
1307 4703 1364 4748 s‘e
1390 4709 1504 4748 rem
1534 4694 1733 4748 habere
1758 4701 1987 4749 testatus
2007 4704 2111 4753 est.
2129 4711 2323 4763 quem-

736 4787 1033 4846 admodum
1087 4787 1370 4852 credimus
1414 4785 1532 4853 ejus
1554 4786 1722 4838 verbo
1755 4788 2017 4839 mundum
2046 4802 2111 4839 cx
2147 4787 2321 4841 nihilo

735 4881 1015 4937 tonditum
1074 4895 1224 4946 esse;
1282 4894 1346 4934 ac
1409 4876 1577 4935 semel
1644 4879 1865 4948 quidem
1926 4880 1979 4933 in
2046 4880 2317 4949 principio

801 5106 846 5137 ⁶⁰
874 5105 1007 5161 Lur.
1048 5122 1175 5167 ult,
1218 5104 1277 5159 l9
1300 5120 1313 5166 ;
1340 5101 1355 5156 Ι
1386 5102 1512 5157 Cor.
1558 5120 1631 5165 Il,
1664 5104 1752 5157 9.3.
1826 5063 2072 5159 ὶ⁸1601⁸.
2113 5120 2189 5160 ιιι.
2222 5104 2312 5162 96.

798 5314 911 5385 (75)
944 5316 1019 5367 Ita
1058 5314 1163 5368 ritu
1186 5313 1373 5385 (ἔκταξΓο
1398 5312 1590 5385 εγιιοιιὶς
1622 5312 1734 5385 sola
1766 5313 1821 5385 in
1858 5312 2038 5367 fronte
2112 5314 2320 5378 unctio,

729 5389 822 5442 sed
855 5383 905 5438 et
932 5400 1191 5438 manuum
1227 5383 1528 5451 impositio,
1559 5398 1663 5451 qua
1700 5383 1775 5438 illi
1806 5392 2012 5438 carent.

802 5457 914 5525 (ιι)
970 5454 1045 5507 Τὸ
1096 5454 1249 5522 ὑπὲρ
1290 5452 1462 5516 ὑμῶν
1502 5454 1833 5525 κλώιιεγον.
1885 5453 2060 5509 Lucas
2105 5454 2319 5523 διδόμε-

727 5549 754 5588 ν
792 5524 820 5578 ν
878 5530 1061 5585 habet,
1092 5541 1254 5593 quam
1286 5540 1474 5578 vocem
1510 5524 1711 5579 Paulus
1743 5526 1821 5579 sic
1859 5525 1945 5579 illa
1982 5526 2147 5581 altera
2190 5525 2318 5578 red-

726 5601 884 5662 drtit,
936 5596 1282 5663 respiciendo
1313 5595 1565 5666 speciem
1604 5596 1781 5665 panis.
1814 5598 1903 5665 qui
1958 5597 2037 5651 sic
2093 5596 2311 5666 proprie

723 5671 959 5725 uitiatur
1002 5666 1253 5731 dicatur;
1302 5665 1576 5719 frustatim
1620 5667 1826 5733 dividi;
1879 5665 2313 5735 nempe’xoms-

725 5750 845 5792 στικι
895 5748 948 5793 et
1006 5737 1469 5805 κατατέμνεσθαι,
1512 5749 1563 5786 ιιι
1619 5739 1845 5793 Calccas
1875 5739 2151 5805 exposuit.
2202 5738 2311 5789 Nec

714 5814 895 5867 ,κάθου
932 5819 991 5864 ιιι
1018 5810 1082 5865 ad
1111 5824 1311 5867 corpus
1341 5810 1544 5863 Christi
1589 5809 1640 5862 in
1694 5810 1873 5870 specie
1899 5812 2140 5875 propria,
2168 5822 2219 5863 ct
2255 5818 2312 5860 ut

2432 3262 2592 3314 μενον
2645 3243 2757 3314 (74)
2816 3245 2896 3305 εἰς
2945 3240 3138 3309 ἄφεσιν
3170 3236 3479 3308 ἁμαρτιῶν.
3532 3234 3638 3287 Καὶ
3660 3231 3721 3284 τὸ
3752 3228 4009 3296 ποτήριον

2428 3334 2689 3396 ὡσαύτως
2721 3332 2858 3401 μετὰ
2882 3331 2943 3383 τὸ
2963 3330 3271 3398 δειπνῆσαι,
3300 3326 3469 3379 Τοῦτό
3499 3326 3616 3377 ἐστι
3643 3322 3706 3374 τὸ
3733 3315 3873 3387 αἷμά
3906 3334 4008 3386 μου

2428 3426 2488 3478 τὸ
2517 3426 2656 3494 ὑπὲρ
2684 3423 2840 3491 ὑμῶν
2873 3424 2970 3476 καὶ
3022 3421 3233 3474 πολλῶν
3271 3416 3632 3486 ὲκχυνόμενον
3685 3413 3766 3474 είς
3815 3411 4009 3477 ἄφεσιν

2428 3517 2730 3587 ἁμαρτιῶν.
2776 3535 2795 3567 ι
2832 3516 2940 3569 Καὶ
2989 3513 3319 3584 προσέθηκε,
3387 3528 3406 3561 ι
3442 3506 3612 3560 Τοῦτο
3667 3506 3871 3557 ποιείτε
3927 3504 4008 3563 εἰς

2427 3608 2525 3677 τὴν
2548 3607 2684 3675 ἐμὴν
2701 3607 3034 3675 ἀνάμνησιν.
3051 3624 3069 3656 ι
3090 3599 3546 3668 Καταγγέλλομεν
3577 3596 3670 3649 οὖν
3691 3596 3778 3647 διὰ
3815 3594 4008 3647 τούτου

2426 3696 2518 3749 τὸν
2541 3695 2769 3747 θάνατον
2798 3693 2984 3753 αὐτοῦ,
3012 3694 3104 3745 καὶ
3128 3692 3293 3744 οίονεὶ
3330 3688 3864 3753 συναποθνήσκοντες
3904 3683 4004 3733 αὑ-

2427 3789 2505 3857 τῷ
2525 3790 2614 3840 διὰ
2639 3786 2740 3856 τῆς
2763 3782 2873 3837 τῶν
2910 3785 3097 3838 παθῶν
3124 3782 3467 3850 νεκρώσεως,
3485 3774 3902 3844 Δζωοττοιούμεθσ.
3930 3772 4005 3822 δι’

2429 3878 2615 3941 αὐτοῦ,
2643 3879 2737 3931 καὶ
2764 3876 3179 3945 ἀναστησόμεθα
3202 3876 3258 3926 ὲν
3279 3874 3425 3945 δόξῃ.
3464 3871 3573 3925 Καὶ
3615 3871 3724 3937 γάρ
3749 3871 3776 3921 6
3848 3865 4006 3917 ’Λπιί-
4032 3926 4037 3931 _

2431 3970 2613 4034 στολος
2648 3971 2833 4038 φησιν,
2870 3987 2889 4018 ι
2935 3966 3153 4023 Ὁσάκις
3178 3967 3244 4018 ἂν
3270 3965 3487 4032 ἐσθίητε
3518 3963 3608 4015 τὸν
3658 3962 3823 4029 ἄρτον
3879 3959 4006 4010 τοῦ-

2428 4080 2539 4126 τον,
2565 4061 2660 4114 καὶ
2686 4060 2746 4112 τὸ
2778 4060 3034 4129 ποτήριον
3066 4057 3230 4110 αὑτοῦ
3268 4056 3480 4125 πίνητε,
3511 4054 3602 4106 τδν
3631 4053 3857 4106 θάνατον
3905 4050 4003 4101 τοῦ

2430 4153 2637 4222 Κυρίου
2664 4150 3082 4217 καταγγέλλετε,
3123 4167 3141 4200 ι
3203 4148 3299 4200 καὶ
3335 4146 3434 4217 τὴν
3490 4144 3784 4198 ἀνάστασιν
3838 4138 4003 4193 αὐτοῦ

2428 4241 2762 4310 ὁμολογεῖτε,
2804 4257 2823 4290 ι
2862 4238 2964 4300 ἕως
2995 4236 3060 4291 ἂν
3090 4237 3240 4308 ἔλθῃ.
3275 4254 3295 4290 ι

2502 4420 2623 4481 Πῶς
2643 4414 2736 4472 οὖν
2767 4417 3160 4485 μεταϐάλλεται
3178 4416 3204 4467 6
3232 4414 3395 4476 ἄοτος
3420 4415 3511 4465 καὶ
3530 4412 3558 4465 o'
3582 4407 3720 4473 οἶνος
3746 4412 3826 4470 είς
3850 4410 4007 4476 σῶμα

2432 4513 2525 4562 καὶ
2556 4508 2693 4579 αἷμα
2729 4503 2823 4561 τόὖ
2852 4508 3110 4578 Χριστοῦ,
3146 4506 3484 4575 ἀνθρώπινος
3520 4505 3673 4570 λόγος
3719 4504 3893 4552 εἰπεῖν
3943 4502 4005 4551 οὑ

2427 4603 2670 4655 δύναται.
2697 4601 2835 4678 Ἀλλ)
2867 4599 3053 4668 ἐπειδὴ
3076 4603 3102 4652 6
3131 4600 3394 4666 δεσπότης
3434 4599 3527 4666 τῆς
3561 4596 3793 4654 κτίσεως
3852 4592 4009 4644 τοῦτ’)

2427 4690 2581 4747 εἶπεν
2615 4693 2786 4756 οὕτως
2817 4693 2981 4762 ἔχειν,
3012 4692 3202 4761 ὥσπερ
3228 4693 3555 4757 πιστεύομεν
3576 4689 3658 4741 ὅτι
3682 4686 3760 4754 τῷ
3796 4686 4005 4754 ῥήματι

2426 4786 2592 4841 αὑτοῦ
2626 4787 2654 4838 6
2688 4786 2886 4854 κόσμος
2920 4787 2982 4836 ἐκ
3021 4785 3114 4837 τοῦ
3153 4784 3225 4852 μὴ
3249 4783 3402 4843 ὄντος
3424 4781 3654 4846 συνίστη
3683 4795 3697 4809 ⁸
3732 4778 3824 4830 καὶ
3854 4774 4003 4837 ἅπαξ

2426 4878 2525 4949 μὲν
2552 4880 2609 4931 ἐν
2636 4880 2780 4949 ἀρχῇ
2800 4878 3037 4949 εἴρηκεν,
3061 4895 3080 4933 ι
3103 4875 3449 4945 Ἐξιιγαγέτω
3474 4876 3505 4944 ἡ
3526 4873 3596 4941 γῆ
3619 4870 3845 4941 βοτάνην
3876 4868 4003 4937 κτερ-

2426 5328 2593 5368 cruce
2648 5314 2869 5368 functus
2924 5323 3026 5377 est,
3084 5316 3257 5382 possit
3306 5314 3522 5368 referri.
3554 5313 3755 5382 Vocem
3806 5309 4003 5371 ἔκλεισε

2423 5394 2744 5439 constanter
2799 5394 2909 5439 tres
2953 5380 3326 5449 evangelista,
3389 5386 3610 5453 ipseque
3657 5380 3877 5445 Paulus,
3932 5386 3998 5435 ad

2421 5470 2613 5521 panem
2646 5470 2673 5508 a
2712 5454 2940 5509 Domino
2980 5464 3284 5522 acceptum,
3318 5472 3478 5523 quem
3524 5456 3577 5505 in
3611 5467 3770 5507 suum
3802 5468 4003 5516 corpus

2421 5532 2675 5587 verteret,
2713 5527 3063 5587 retulerunt“:
3101 5528 3245 5594 quod
3298 5526 3473 5587 ipsum
3511 5524 3712 5577 Paulus
3742 5523 3821 5575 sic
3853 5523 3999 5594 κλώ-

2419 5612 2581 5663 μενον
2613 5595 2802 5650 maluit
2832 5597 3012 5651 dicere
3046 5593 3206 5664 quam
3237 5597 3414 5650 solum
3455 5595 3752 5664 διδόμενον,
3783 5604 3839 5644 ιιι
3875 5593 3999 5657 ejus

2417 5662 2497 5719 Stc
2532 5667 2641 5719 dati
2674 5681 2735 5721 ac
2769 5668 3042 5721 distributi
3066 5662 3137 5721 iin
3169 5668 3385 5721 modum
3415 5666 3569 5733 panis
3611 5662 3676 5717 ad
3710 5678 3863 5718 csum
3906 5678 4002 5730 ap-

2416 5738 2595 5805 positi.
2637 5739 2956 5808 mysterium
2999 5740 3428 5793 commendaret.
