4428 6444
410 430 513 496 601

1422 435 1516 491 DE
1553 435 1977 493 PRINCIPHS
2023 433 2230 493 FIDEI
2271 434 2734 492 CATIIOIJCE.

3556 428 3661 489 602

413 562 513 597 του
540 561 553 574 ·
589 562 606 593 ι
644 544 737 595 καὶ
765 542 924 610 μέχρι
955 543 1045 595 τοῦ
1070 541 1163 595 νῦν
1190 542 1371 608 ἐξάγει
1400 544 1465 596 τὰ
1493 544 1601 595 ἴδια
1643 544 1991 610 βλαστήματα
2024 556 2062 606 Α
2093 546 2162 596 dii

1908 561 1991 594 ιτα
2024 556 2062 606 Α
2093 546 2297 597 dixisse
2333 563 2346 597 :
2385 563 2402 595 ι
2464 543 2669 594 Edurat
2711 551 2852 593 terra
2885 542 3105 593 herbam
3152 539 3373 603 fumi";
3426 556 3442 585 ι
3478 541 3657 589 harte-

410 635 489 703 τῷ
512 633 636 698 θείῳ
665 635 1043 701 προστάγματι
1088 633 1519 700 συνιλαυνομὲνη
1576 635 1667 685 καὶ
1716 634 1975 701 δυναμουο

413 722 555 792 μένη
590 740 603 753 ·
628 722 769 775 οὕτω
792 723 885 773 καὶ
917 721 1075 773 τοῦτο
1095 721 1489 789 ὑπηρετοῦντος
1517 722 1610 774 τοῦ
1644 722 1830 789 ίερέως
1890 739 1979 773 πι-

412 812 678 879 στεύομεν
708 810 956 878 γίνεσθαι
988 829 1002 845 ο
1035 812 1175 864 ὥστε
1204 814 1295 863 τὸν
1321 812 1484 880 ἄρτον
1518 813 1597 874 είς
1629 812 1787 880 σῶμα
1816 810 1978 864 αὑτοῦ

409 901 615 953 καὶτὸν
644 895 783 952 οἶνον
814 900 892 962 εἰς
946 894 1085 969 αἷμα
1112 900 1275 951 αὑτοῦ
1310 901 1736 968 μεταϐάλλεσθαι
1769 902 1855 952 διὰ
1884 901 1979 970 τὴν

406 991 505 1044 τοῦ
535 991 782 1053 εἰπόντος
809 988 1057 1059 δύναμιν.
1084 992 1191 1043 Καὶ
1216 990 1290 1053 ὥς
1328 1008 1492 1059 φησιν
1518 992 1545 1042 ὀ
1572 991 1713 1053 θεῖος
1772 992 1980 1059 Χρυσό-

412 1098 610 1147 στομος
638 1080 771 1149 (75),
812 1098 829 1130 ι
876 1080 1067 1149 Σχῆμα
1097 1080 1256 1148 μόνον
1292 1081 1516 1148 πληρῶν
1552 1070 1666 1147 (76)
1694 1081 1924 1147 ἕστηκεν
1954 1084 1980 1133 ὁ

412 1170 596 1237 ίερεύς
625 1187 638 1200 ⁸
664 1172 697 1239 ἡ
727 1170 783 1223 δὲ
812 1170 1040 1238 δύναμις
1076 1170 1223 1222 πᾶσα
1248 1169 1354 1222 τῶν
1380 1170 1551 1237 λόγων
1582 1172 1751 1223 ἐστίν.
1791 1191 1809 1221 ι
1875 1173 1982 1223 A5-

408 1262 503 1322 τὸς
528 1261 637 1329 γάρ
662 1262 905 1330 εἴρηκεν,
937 1280 955 1312 ι
1010 1261 1132 1313 Ἐὰν
1172 1264 1245 1330 μὴ
1281 1263 1492 1330 φάγητε
1515 1263 1611 1332 τὴν
1662 1264 1836 1329 σάρκα
1888 1263 1980 1315 τοῦ

410 1349 542 1401 Υίοῦ
571 1350 663 1403 τοῦ
697 1351 1008 1419 ἀνθρώπου,
1046 1352 1135 1403 καὶ
1162 1351 1319 1420 πίητε
1354 1351 1517 1403 αὐτοῦ
1569 1352 1629 1403 τὸ
1679 1347 1839 1417 αἷμα,
1884 1354 1983 1421 οὐκ

410 1441 564 1505 ἔχετε
592 1440 736 1508 ζωὴν
758 1442 814 1492 ιν
841 1442 1074 1502 ἑαυτοῖς.
1113 1439 1176 1493 ’11
1214 1441 1322 1509 γὰρ
1346 1441 1480 1508 σάρξ
1514 1459 1615 1509 μου
1639 1442 1846 1509 ἀληθής
1868 1443 1980 1493 ἐστι

411 1530 635 1596 βρῶσις.
669 1549 688 1582 ι
724 1529 833 1581 Καὶ
856 1530 1039 1591 πάλιν,
1095 1548 1113 1581 ι
1164 1528 1226 1583 Ὀ
1279 1530 1505 1598 τρώγων
1547 1546 1614 1597 με
1674 1530 1923 1596 ζήσεται.
1961 1548 1978 1579 ι

410 1620 578 1673 Ὀθεν
603 1621 769 1689 χωρὶς
801 1621 978 1687 πάσης
1007 1619 1329 1687 ἀμφιϐολίας
1360 1619 1606 1687 μετέχειν
1639 1620 1815 1671 αὐτῶν
1834 1618 1982 1684 ὀφεί-

409 1708 598 1774 λομεν,
628 1706 874 1776 καθαράν
901 1708 995 1759 καὶ
1025 1707 1247 1774 βεϐαίαν
1280 1708 1406 1773 περὶ
1437 1707 1615 1759 αὐτῶν
1660 1707 1871 1774 ἔχοντες
1899 1707 1987 1757 πί-

412 1817 534 1852 στιν
570 1811 585 1827 ⁶
608 1801 727 1861 καὶ,
753 1798 828 1861 ὦς
874 1815 975 1850 που
1012 1799 1172 1865 φησὶν
1198 1800 1225 1850 ὁ
1254 1797 1394 1858 θεῖος
1427 1798 1809 1867 Χρυσόστομος
1845 1798 1981 1864 (77),

410 1889 558 1943 οὕτω
590 1888 921 1949 διατίθεσθαι
946 1889 1175 1942 ἕκαστον
1202 1890 1313 1951 τοῖς
1338 1888 1501 1950 θείοις
1550 1889 1986 1957 προσερχόμενον

416 1984 757 2050 μυστηρίοις,
823 1982 1010 2050 ὥσπερ
1067 1982 1177 2034 ἀπὸ
1232 1983 1329 2050 τῆς
1379 1982 1473 2034 τοῦ
1510 1982 1718 2050 Κυρίου
1748 1981 1987 2048 πλευρᾶς

410 2072 619 2121 τούτων
652 2070 1151 2139 μεταλαμϐάνοντα.
1194 2071 1251 2123 Ei
1287 2072 1358 2140 μὴ
1399 2072 1508 2140 γὰρ
1533 2071 1675 2124 οῦτω
1711 2071 1837 2139 περὶ
1869 2066 1989 2122 τούξ

410 2178 523 2211 των
556 2160 900 2228 πιστεύομεν,
929 2162 990 2213 οὐ
1034 2155 1192 2228 μόνον
1230 2163 1380 2215 οὐδὲν
1428 2164 1555 2231 παρ’
1600 2164 1781 2215 αὐτῶν
1837 2162 1988 2231 dips-

412 2250 655 2317 λούμεθα
678 2251 768 2302 διά
794 2249 890 2319 τὴν
930 2251 1187 2302 ἀπιστίαν
1221 2253 1400 2321 ἡμῶν,
1434 2252 1571 2305 ἀλλά
1598 2253 1690 2304 καὶ
1730 2253 1810 2314 είς
1861 2255 1989 2305 αἰω-

415 2341 541 2392 νίαν
570 2341 895 2410 κατάκρισιν
927 2343 1099 2395 ταῦτα
1125 2342 1627 2411 μεταλαμϐάνεται.
1682 2344 1756 2396 Τὸ
1785 2344 1829 2396 δ’
1857 2345 1987 2395 αὐτὸ

413 2432 474 2483 δὲ
508 2430 812 2499 συμϐαίνει,
844 2433 939 2484 καὶ
966 2434 1015 2484 εἰ
1036 2432 1236 2501 πλῆθος
1289 2433 1703 2504 ἁμαρτημάτων
1750 2433 1985 2502 ἔχοντες,

421 2522 589 2590 μηδὲν
642 2522 1117 2591 πῳκαθαρθέντες
1180 2523 1385 2577 τούτων
1478 2525 1985 2593 μεταλαμϐάνομεν.

419 2613 529 2663 Kal.
561 2611 670 2679 γὰρ
705 2613 879 2679 ὅμοιοι
908 2612 1133 2682 δόξομεν
1165 2616 1275 2677 τοῖς
1308 2614 1652 2684 σπσράκτσις
1687 2615 1779 2666 τοῦ
1808 2614 2004 2683 σώμα-,

414 2721 508 2766 τος
576 2703 669 2756 τοῦ
722 2703 978 2771 Χριστοῦ.
1039 2706 1129 2757 Διό
1176 2723 1339 2774 φησιν
1395 2709 1423 2759 ὀ
1472 2709 1612 2769 θεῖος
1644 2708 1987 2771 Ἀπόστολος,

421 2813 444 2846 ε
484 2796 834 2859 Δοκιμαζέτω
865 2795 1092 2858 ἕκαστος
1117 2798 1329 2859 ἑαυτὸν,
1360 2799 1450 2849 καὶ
1480 2798 1648 2860 οὕτως
1684 2802 1745 2851 ὲκ
1778 2800 1869 2852 τοῦ
1891 2801 1991 2868 ἄρ-

416 2903 513 2939 του
570 2887 815 2951 ὲσθιέτω,
878 2887 973 2941 καὶ
1028 2888 1094 2940 ἐκ
1136 2887 1230 2940 τοῦ
1262 2890 1520 2958 ποτηρίου
1553 2891 1741 2943 mitto.
1780 2910 1798 2941 ι
1862 2893 1987 2955 Καῖ,

424 2998 445 3029 c
493 2980 552 3032 Ὀ
574 2979 807 3042 ἀναξίως
832 2979 1262 3047 μεταλαμϐάνων
1283 2981 1374 3033 τοῦ
1405 2982 1656 3050 σώματος
1686 2983 1783 3035 καὶ
1822 2984 1992 3049 αἷμα-

415 3082 510 3126 τος
542 3065 633 3117 τοῦ
661 3065 898 3135 Χριστοῦ
935 3066 1111 3134 κρίμα
1135 3067 1313 3136 ἑαυτῷ
1340 3070 1509 3121 ἐσθίει
1536 3071 1629 3123 καὶ
1673 3072 1840 3134 πίνει,
1899 3072 1992 3124 καὶ

416 3155 601 3223 Ινοχος
630 3157 779 3209 ἔσται
801 3157 893 3209 τοῦ
923 3156 1171 3225 σώματος
1199 3160 1293 3211 καὶ
1313 3159 1543 3229 αἵματος
1577 3160 1670 3213 τοῦ
1694 3162 1987 3231 Χριστοῦ.»
2026 3195 2071 3256 c

493 3246 636 3314 Πρὸς
657 3248 782 3307 τοὺς
809 3246 987 3299 τοίνυν
1014 3247 1408 3317 διαποροῦντας
1428 3250 1559 3317 περὶ
1588 3249 1689 3320 τῆς
1742 3252 1851 3304 ἀπο
1896 3252 1993 3305 τοῦ

417 3334 586 3403 ἄρτου
615 3336 821 3387 καὶτοῦ
849 3335 993 3388 οἴνου
1028 3337 1108 3398 εἰς
1130 3337 1191 3389 τὸ
1221 3336 1381 3407 σῶμα
1420 3340 1515 3393 καὶ
1539 3336 1683 3410 αἷμα
1734 3342 1831 3395 τοῦ
1865 3344 1906 3395 Χ
1917 3360 1999 3412 ρι-

419 3425 549 3478 στοῦ
595 3426 903 3496 μεταϐολῆς
954 3426 1055 3498 τὴν
1106 3428 1335 3499 δύναμιν
1364 3429 1460 3483 τοῦ
1505 3431 1641 3485 Θεοῦ
1702 3434 1999 3501 προϐαλλόο

422 3517 586 3583 μεθα.
643 3518 704 3569 Ei
747 3518 856 3588 γάρ
902 3519 1222 3588 ὁμολογοῦσι
1275 3521 1367 3573 τὸν
1397 3522 1529 3575 Θεὸν
1584 3525 1989 3594 παντοδύναμον

421 3602 585 3671 εἶναι,
624 3606 772 3658 οὐδὲν
802 3606 961 3659 τοῦτο
979 3608 1420 3677 διαπορήσουσιν.
1458 3610 1518 3663 El
1554 3612 1659 3680 γὰρ
1719 3613 1860 3665 κατά
1909 3613 1996 3665 δύο

419 3714 589 3766 ναμιν
610 3696 846 3767 φυσικὴν
876 3699 908 3768 ἡ
940 3698 1275 3769 ὑποκειμένη
1303 3701 1396 3754 τοῦ
1426 3678 1586 3770 ἀέρος
1622 3678 1721 3775 ῦλη
1776 3678 2021 3757 δύναταί

418 3788 640 3841 κατὰτὸ
671 3784 806 3852 εἶδος
843 3790 1196 3858 μεταϐάλλειν
1221 3791 1296 3853 είς
1324 3791 1455 3862 πῦρ,
1496 3793 1676 3861 πολλῷ
1727 3794 1928 3863 μᾶλλον
1961 3796 1992 3864 ὴ

417 3880 514 3932 τοῦ
542 3879 679 3932 Θεοῦ
710 3880 961 3950 δύναμις,
993 3882 1068 3945 ὡς
1096 3882 1224 3952 ὅλην
1246 3883 1343 3953 τὴν
1366 3884 1558 3937 οὐσίαν
1591 3885 1701 3938 τῶν
1736 3889 2000 3955 πραγμά-

418 3972 529 4023 τῶν
550 3973 893 4041 παρήγαγεν,
922 3974 983 4024 οὑ
1009 3974 1127 4025 κατ’
1149 3970 1286 4035 εἶδος
1321 3976 1477 4041 μόνον
1511 3977 1806 4043 μεταϐαλεῖ
1832 3993 1845 4007 ’
1866 3980 2000 4031 ἀλλὰ

421 4063 484 4113 τὸ
524 4062 881 4130 ὑποκείμενον
908 4062 1027 4116 ὅλον
1050 4063 1144 4115 τοῦ
1162 4063 1327 4132 ἄρτου
1350 4065 1443 4117 καὶ
1472 4065 1566 4118 τοῦ
1595 4067 1737 4119 οίνου
1756 4070 1833 4129 εἰς
1873 4070 2005 4121 ὐπο-

420 4154 676 4223 κείμενον
740 4154 918 4225 σάρκα
963 4157 1060 4208 καὶ⁸
1120 4150 1260 4226 αἷμα
1304 4158 1687 4224 μεταποιήσει.
1740 4160 1800 4211 Ei
1831 4161 1885 4213 δέ.
1922 4180 2004 4224 τις

423 4248 588 4301 πάλιν
625 4247 713 4300 διὰ
738 4247 890 4317 τάτῇ
942 4248 1192 4317 αἰσθήσει
1244 4251 1548 4320 φαινόμενα
1602 4254 1670 4322 τῇ
1726 4255 1998 4325 μεταϐολῇ

422 4339 597 4409 ταύτῃ
632 4337 926 4402 διαπιστεῖ,
954 4340 1284 4392 κατανοείτω
1314 4341 1396 4392 ὅτι
1424 4342 1493 4393 τὰ
1534 4343 1653 4395 θεία
1680 4345 1813 4412 ἡμῖν
1860 4345 2004 4399 οὕτω

2086 649 2293 694 nusaue
2322 635 2503 685 divino
2527 634 2859 699 impellente,
2881 647 2941 685 ac
2956 631 3061 682 vim
3086 630 3351 711 pra-beate
3372 639 3658 696 prmrejto,

2084 721 2325 790 germina
2352 736 2449 773 sua
2475 722 2740 780 educere;
2785 721 2860 772 sie
2915 732 3130 785 quoque
3180 717 3321 769 istud
3364 715 3659 769 εἱιοιϊιιιιιίς

2084 814 2386 865 ministerio
2404 813 2717 879 contingere
2744 810 3016 864 credimus
3034 850 3046 869 ,
3069 816 3192 858 utet
3214 804 3367 875 panis
3387 809 3437 858 in
3462 823 3659 872 corpus

2083 902 2219 968 eius,
2256 913 2309 955 et
2338 903 2522 955 vinum
2560 904 2621 955 in
2652 901 2969 969 sanguinem
3013 906 3419 960 convertantur,
3447 899 3514 949 ob
3541 900 3659 961 ejus

2082 994 2171 1062 qui
2202 994 2339 1045 dixit
2363 996 2678 1058 potentiam.
2728 992 2789 1043 Et
2818 1001 2875 1043 ut
2901 992 2976 1044 ait
3007 991 3164 1043 divus
3186 991 3605 1059 Chrysostomns
3644 1006 3657 1039 :

2089 1103 2106 1134 ι
2156 1084 2274 1137 Stat
2324 1085 2576 1135 sacerdos
2631 1084 2806 1135 solum
2869 1082 3096 1135 formam
3154 1085 3384 1147 impleas
3435 1090 3532 1133 :at
3583 1082 3662 1131 vis

2084 1175 2263 1227 omnis
2310 1176 2597 1227 verborum
2642 1182 2741 1226 est.
2784 1192 2800 1223 ι
2859 1172 2977 1239 Ipse
3027 1174 3168 1226 enim
3246 1173 3363 1224 lixit
3414 1189 3425 1222 :
3486 1189 3503 1220 ι
3552 1169 3660 1220 Nisi

2086 1264 2547 1318 manducaveritis
2566 1278 2783 1317 carnem
2806 1263 2924 1316 Filii
2952 1264 3186 1317 hominis
3211 1270 3262 1315 et
3284 1262 3527 1314 hiberitis
3547 1260 3664 1325 ejus

2084 1358 2424 1423 sanguinem,
2478 1371 2585 1407 non
2645 1356 2913 1407 habebitis
2948 1355 3111 1406 vitam
3160 1356 3211 1406 in
3256 1354 3427 1405 vobis.
3459 1371 3475 1400 ι
3526 1352 3665 1402 Caro

2085 1445 2225 1498 enim
2274 1458 2392 1497 mea
2450 1438 2626 1496 verus'
2657 1454 2741 1495 est
2792 1444 2963 1495 cibus.
3009 1462 3025 1492 ι
3080 1443 3141 1494 Et
3191 1458 3432 1503 rursum,
3490 1459 3507 1489 ι
3556 1440 3661 1503 Qui

2087 1536 2375 1589 maudueat
2468 1550 2586 1597 me,
2656 1533 2882 1587 viret".
2928 1552 2945 1583 ι
3010 1534 3191 1597 Itaque
3260 1534 3393 1585 citra
3448 1547 3663 1583 omnem

2086 1626 2479 1679 dubitationem
2542 1624 2631 1676 illa
2704 1624 2964 1676 debemus
3031 1623 3346 1687 percipere,
3410 1622 3664 1671 mundam

2089 1717 2409 1783 ﬁrmamque
2458 1715 2523 1767 de
2564 1714 2671 1766 illis
2701 1714 2966 1766 habentes
3009 1713 3189 1764 iidem.
3231 1710 3291 1763 Et
3338 1720 3394 1763 ut
3430 1713 3665 1777 qun-3am

2089 1808 2210 1860 loco
2257 1805 2580 1874 aitgilivitius
2609 1804 3052 1873 Cbrysostomus,
3094 1803 3173 1856 sic
3218 1803 3456 1870 quisque
3487 1802 3671 1853 animo

2089 1899 2309 1953 ail‘ectus
2336 1898 2399 1949 ad
2436 1897 2618 1950 divina
2655 1897 2883 1950 accedat
2918 1898 3177 1964 mysteria
3210 1910 3388 1962 operre
3438 1889 3670 1962 prmium

2090 1998 2173 2043 est
2207 2005 2220 2040 :
2258 2005 2276 2039 ι
2315 1988 2389 2038 Ac
2426 1989 2469 2040 si
2504 2002 2565 2040 ex
2602 1987 2721 2055 ipso
2749 1986 2957 2038 Domini
2988 1986 3157 2038 latere
3190 1986 3493 2038 bausturus
3527 1985 3616 2035 sit.
3652 2003 3668 2033 ο

2092 2080 2202 2133 Nisi
2253 2080 2395 2133 enim
2442 2093 2561 2132 eam
2597 2078 2663 2130 de
2708 2076 3009 2130 illis'lidem
3062 2076 3437 2133 habuerimus,
3475 2074 3671 2125 nedum

2090 2170 2223 2224 nihil
2278 2186 2343 2224 ex
2397 2170 2476 2223 eis
2528 2169 2737 2223 fruetus
2784 2181 3183 2235 consequemur
3215 2166 3286 2218 ob
3318 2176 3559 2217 nostram
3592 2164 3675 2216 in-

2090 2261 2485 2322 credulitatem,
2530 2274 2719 2313 verum
2756 2259 2918 2310 etiam
2970 2260 3034 2309 ad
3084 2266 3343 2309 aeternam
3392 2258 3505 2309 hree
3549 2270 3673 2308 Cult-

2089 2351 2488 2407 demnationem
2557 2363 2861 2403 sumemus.
2921 2347 3179 2415 idemque
3257 2347 3568 2415 contingit,
3626 2347 3674 2398 si

2091 2446 2460 2511 praegravan'e
2522 2446 2869 2507 peccatorum
2934 2437 3188 2500 sarcina,
3254 2436 3429 2503 iisque
3492 2434 3677 2486 multis

2090 2530 2292 2591 obruti.
2327 2530 2473 2583 nulla
2512 2529 2709 2595 praevia
2742 2527 3151 2588 emundatione,
3181 2542 3242 2580 ea
3283 2526 3668 2595 percipiatuus.

2094 2620 2303 2675 Etenim
2361 2621 2428 2675 iis
2474 2621 2683 2675 similes
2738 2620 3068 2680 videbimur,
3099 2620 3189 2688 qui
3224 2620 3435 2671 Domini
3478 2634 3681 2686 corpus

2094 2717 2418 2781 dilacerant.
2453 2714 2658 2769 Idcirco
2701 2713 2777 2766 ait
2810 2713 3106 2781 Apostolus
3142 2729 3155 2765 :
3200 2730 3217 2762 ι
3261 2712 3459 2765 Probet
3499 2720 3678 2763 autem

2094 2780 2328 2870 seipsuui
2371 2800 2555 2862 homo,
2609 2810 2662 2854 et
2722 2799 2825 2854 εἰτ’
2862 2780 2969 2851 diei
3032 2813 3170 2867 pane
3225 2798 3315 2850 illo
3363 2798 3493 2850 edat
3530 2810 3583 2849 et
3617 2799 3684 2847 de

2095 2891 2265 2943 calice
2294 2886 2524 2941 bibat“.
2551 2906 2568 2937 ι
2603 2888 2701 2940 Et:
2738 2906 2755 2936 ι
2787 2886 2887 2951 Qui
2920 2886 3140 2954 indigne
3170 2885 3453 2951 prmsumit
3478 2900 3682 2951 corpus

2094 2990 2147 3036 et
2198 2979 2515 3045 sanguinem
2562 2977 2792 3038 Christi,
2844 2977 3109 3045 judicium
3158 2976 3259 3032 sibi
3309 2979 3599 3028 maudm-at
3633 2984 3687 3028 et

2099 3071 2252 3136 bibit,
2276 3070 2488 3138 eritque
2520 3083 2646 3122 rcus
2671 3068 2917 3136 corporis
2946 3076 2997 3121 et
3035 3067 3319 3137 sanguinis
3342 3067 3545 3121 Christi
3566 3068 3635 3118 ⁸³.
3664 3085 3681 3115 ι

2173 3242 2253 3296 Ad
2299 3255 2396 3297 eos
2424 3257 2549 3311 ergo
2578 3241 2947 3310 qui'dubitant
2974 3241 3040 3293 de
3072 3241 3425 3295 conversione
3453 3243 3607 3305 panis
3635 3250 3689 3293 et

2105 3335 2214 3387 viui
2242 3334 2297 3388 in
2339 3334 2537 3389 Christi
2568 3347 2766 3401 corpus
2797 3343 2849 3385 et
2894 3333 3235 3402 sanguinem,
3261 3333 3359 3386 Dei
3388 3336 3689 3402 potentia-ii

2104 3427 2452 3496 opponimus.
2511 3426 2953 3480 Nam‘~'si-Dcum
3006 3428 3433 3494 omnipotentem
3498 3441 3695 3496 agnos-

2108 3526 2261 3580 cunt,
2296 3516 2441 3569 nulla
2502 3514 2579 3570 rei
2638 3514 2802 3583 hujus
2849 3516 3082 3570 hmrebit
3131 3516 3421 3571 dubitatio.
3447 3517 3500 3570 Si
3548 3521 3691 3572 enim

2109 3610 2344 3664 naturali
2378 3610 2426 3662 vi
2480 3609 2723 3678 subjecta
2760 3600 2902 3662 aeris
2938 3611 3161 3663 materia
3193 3611 3244 3662 in
3278 3612 3453 3677 ignem
3495 3613 3693 3663 mutari

2108 3701 2318 3770 potestl;
2396 3700 2596 3763 potiori
2658 3699 2822 3769 longe
2894 3701 3109 3755 ratione
3186 3700 3277 3754 Dei
3341 3702 3533 3766 virtus,
3601 3703 3693 3767 qui

2107 3804 2325 3845 omnem
2401 3804 2582 3845 rerum
2676 3788 3042 3844 substantiam
3127 3789 3429 3860 produxit.
3496 3793 3695 3845 nedum

2109 3882 2410 3938 secundum
2470 3881 2741 3950 speciem,
2772 3898 2960 3936 verum
3010 3883 3171 3936 etiam
3231 3892 3396 3936 totam
3444 3884 3595 3951 panis
3644 3893 3699 3937 et

2110 3975 2221 4028 vini
2258 3974 2645 4036 substantiam,
2675 3974 2727 4027 in
2782 3975 2964 4027 carnis
3011 3989 3074 4027 ae
3114 3975 3403 4041 sanguinis
3440 3971 3697 4030 Substan-

2111 4067 2239 4119 tiam
2271 4066 2526 4118 mutabit.
2566 4065 2659 4119 Sin
2691 4077 2872 4119 autem
2919 4080 3109 4119 rursus
3135 4066 3355 4130 aliquis,
3384 4067 3454 4119 ob
3485 4083 3545 4120 ea
3579 4084 3698 4135 qua:

2109 4158 2293 4212 sensui
2314 4167 2599 4227 apparent,
2628 4158 2755 4210 huic
2781 4158 3225 4211 transmutatioui
3258 4159 3485 4225 abrogat
3515 4160 3696 4221 tidmn,

2110 4249 2311 4319 cogitet
2358 4248 2763 4302 divina'nobis
2835 4249 2904 4300 ita
2972 4249 3235 4316 proponi,
3293 4260 3349 4301 ut
3408 4250 3696 4302 seusilium

2112 4355 2294 4394 rerum
2346 4340 2629 4393 involuero
2664 4340 2873 4392 obtecta
2905 4339 3031 4392 sint.
3065 4339 3233 4407 hique
3274 4340 3410 4393 adeo
3446 4342 3496 4391 in
3530 4355 3694 4391 causa

424 4428 815 4496 προϐάλλονται
842 4426 915 4488 ὼς
942 4427 1045 4479 ὑπὸ
1070 4428 1533 4498 παραπετάσμασι
1557 4434 1666 4494 τοῖς
1689 4430 1990 4501 αἰσθητοῖς.
2033 4450 2075 4502 ο
2105 4444 2173 4486 es!

1944 4450 1990 4495 ς.
2033 4450 2075 4502 ο
2105 4443 2207 4496 est,
2236 4447 2333 4484 cur
2357 4432 2459 4483 sub
2496 4431 2652 4499 panis
2679 4430 2895 4499 vinique
2925 4429 3186 4500 symbolis
3216 4430 3361 4499 (qum
3391 4431 3544 4484 nui-is
3572 4446 3693 4482 esca

502 4604 547 4637 “
577 4605 712 4660 Gen.
755 4622 794 4670 ι,
835 4603 920 4658 Η.
998 4604 1044 4635 ⁸³
1070 4602 1229 4660 Joan.
1254 4623 1329 4671 vn,
1364 4606 1449 4670 Si,
1475 4604 1564 4671 55,
1589 4606 1677 4662 58.

492 4767 606 4831 (73')
630 4768 827 4821 Eadem
858 4783 995 4836 pene
1022 4770 1172 4821 hom.
1195 4768 1262 4821 85
1285 4770 1335 4820 in
1355 4768 1543 4821 Matth.
1571 4779 1627 4820 et
1661 4767 1711 4818 iu
1740 4768 1842 4820 [ad
1865 4768 1995 4822 Cor.

494 4838 607 4899 (76)
657 4837 871 4905 Σχῆμα
918 4840 1112 4906 μόνον
1151 4837 1423 4903 πληρῶν.
1482 4836 1663 4890 Solum
1717 4854 1996 4905 personant

422 4907 686 4972 impiam;
738 4922 934 4975 nempe
981 4908 1262 4962 Christum
1323 4916 1720 4975 repraesentans
1766 4908 1998 4975 ejusque

424 4992 712 5047 personam
768 4976 917 5032 velut
962 4978 1215 5039 induens,
1266 4992 1366 5031 nec
1412 4980 1565 5040 quasi
1606 4993 1633 5028 a
1680 4992 1759 5037 se,
1812 4979 1905 5030 sed
1941 4988 1999 5029 ut

420 5052 568 5129 dicta
604 5048 672 5102 ab
703 5048 796 5129 illo
823 5047 986 5129 verba
1010 5048 1319 5129 proferens,
1350 5048 1550 5129 quibus
1585 5047 1786 5128 ubique
1822 5047 1999 5129 Chry-

422 5126 706 5173 sostomus
736 5120 843 5169 vim
877 5118 1023 5170 illam
1055 5117 1453 5171 transmutaudi
1489 5131 1639 5169 sacra
1670 5117 1895 5185 pignora
1944 5117 1996 5171 in

421 5188 628 5243 Christi
655 5202 858 5257 corpus
880 5197 937 5241 et
971 5188 1293 5254 sanguinem
1322 5187 1529 5240 tribuit.
1560 5186 1731 5240 (ἔτκοί
1768 5188 1860 5239 alii
1888 5186 2001 5241 fere

424 5274 452 5312 a
480 5259 815 5313 Damasceno
837 5265 891 5311 et
926 5274 998 5311 vu
1040 5258 1275 5327 synodo,
1307 5257 1657 5325 ὲπιφοίτησιν
1695 5257 2001 5323 (adventum

427 5327 667 5396 Spiritus
697 5328 889 5395 sancti)
924 5328 996 5381 ita
1023 5336 1238 5395 urgent,
1267 5335 1325 5379 ut
1351 5328 1456 5380 nisi
1482 5328 1601 5393 ejus
1631 5327 2000 5391 invocatione,

424 5412 591 5465 quam
622 5412 813 5453 eorum
844 5398 1080 5465 liturgi:e
1141 5398 1343 5451 habent
1366 5406 1486 5464 post
1518 5398 1683 5451 verba
1716 5397 1998 5452 Dominica

426 5468 523 5522 diu
571 5477 698 5523 ante
742 5468 971 5535 prolata,
1004 5482 1114 5521 non
1163 5468 1390 5522 omnino
1423 5466 1765 5523 Dominicum
1801 5484 2001 5536 corpus

428 5553 493 5592 ac
521 5538 865 5608 sanguinem,
888 5537 1056 5608 inque
1080 5552 1143 5591 ea
1179 5538 1551 5607 symbolonuu
1591 5541 2001 5592 transmutatio-

430 5623 555 5662 uvm
590 5606 777 5679 (quam
810 5617 865 5662 et
899 5607 988 5661 illa
1021 5606 1137 5679 fieri
1163 5606 1492 5677 eiposeunt)
1519 5610 1808 5679 videantur
1844 5624 2009 5679 agno-

426 5693 605 5733 rere.
637 5678 814 5743 Quam
862 5676 1521 5748 quaastionemtraclaVit
1572 5678 1629 5732 P.
1673 5676 1792 5733 Jac.
1840 5676 1986 5733 om

430 5748 635 5804 sodalis
664 5750 858 5803 menso
884 5747 1221 5817 μακαρίτης,
1254 5750 1305 5802 ἰη
1339 5749 1567 5803 Euebul.
1594 5750 1793 5817 aliique
1820 5750 2009 5817 dispu-

432 5828 612 5874 tantes
648 5833 771 5874 cum
809 5819 915 5874 avi
958 5819 1227 5889 sequioris
1254 5819 1478 5875 Graecis.
1510 5820 1918 5876 lllustrissimus
1950 5838 2011 5874 ac

1755 4608 1799 4638 “
1832 4610 1993 4665 lCor.
2035 4624 2109 4670 χι.
2148 4609 2239 4661 28.

2316 4607 2361 4638 θ’
2395 4608 2524 4661 ibid.
2556 4608 2649 4664 9.9.

2108 4769 2601 4825 reverendissimus
2661 4768 2984 4823 Parisicnsis
3046 4769 3288 4835 arebiep.
3366 4766 3558 4819 Petrus
3631 4769 3694 4815 de.

2108 4839 2287 4893 Marea
2319 4842 2347 4890 ὁ
2378 4841 2694 4908 μακαρίτης
2726 4840 2804 4893 sic
2850 4840 3340 4906 interpretabatur.
3374 4852 3503 4888 eum
3555 4852 3704 4908 ιιιιςιια

2106 4910 2302 4963 stioitis
2351 4907 2566 4963 nudum
2608 4910 2823 4964 solvere
2855 4921 3173 4967 conaretur,
3213 4918 3270 4961 ut
3318 4909 3544 4965 diceret,
3598 4907 3700 4957 l‘a~

2109 4990 2219 5033 tres
2254 4981 2410 5048 quasi
2450 4996 2617 5034 unum
2652 4980 2782 5049 quid
2820 4980 3102 5048 acoepisse
3138 4979 3399 5048 quidquid
3456 4981 3591 5030 ritus
3621 4985 3704 5049 est

2109 5050 2370 5118 Iiturgici,
2403 5061 2456 5106 et
2509 5049 2594 5121 (ut
2641 5048 2740 5105 nos
2787 5049 3069 5117 voramus)
3121 5051 3373 5121 canonis,
3435 5062 3532 5121 nec
3568 5048 3701 5097 satis

2111 5121 2431 5175 distinxisse
2486 5118 2615 5187 quid
2674 5135 2906 5187 qumque
2962 5135 3086 5187 pars
3154 5118 3391 5175 eﬂieiat;
3455 5118 3506 5169 in
3587 5131 3700 5184 qun

2104 5192 2271 5259 paulo
2312 5190 2574 5245 subtilius
2608 5191 2883 5245 laboravit
2922 5205 3160 5258 sequens
3214 5188 3697 5259 Scholastii-orum

2102 5258 2369 5315 Sedulitas
2403 5282 2412 5314 :
2450 5277 2613 5327 quam
2670 5262 2844 5328 ipsam
2895 5262 3038 5313 intra
3083 5274 3214 5314 suos
3252 5258 3515 5311 terminos
3553 5274 3703 5309 ($00."-

2102 5347 2228 5383 cere
2271 5331 2584 5395 conveniat,
2615 5332 2820 5399 quibus
2851 5341 2907 5385 et
2936 5330 3152 5399 punivit
3198 5344 3431 5399 magnus
3458 5328 3702 5399 Citl‘ys't-

2102 5411 2336 5467 stemus,
2372 5404 2453 5454 vir
2493 5396 2643 5455 certe
2690 5402 2822 5454 Inibi
2878 5396 3413 5469 σχόλαστικώτατος,
3453 5396 3700 5469 euinsmt

2103 5474 2475 5526 sebalastiern
2502 5514 2516 5535 ,
2573 5467 3002 5539 tnetbodumque
3043 5470 3347 5523 disserendi
3385 5482 3448 5519 ac
3496 5467 3702 5517 distiu-

2105 5543 2328 5611 gueudi,
2364 5544 2706 5610 solerterque
2734 5538 3003 5596 enodandi
3042 5556 3162 5608 qum
3187 5539 3439 5607 perplexa
3473 5538 3700 5611 videan-

2110 5609 2221 5675 ίιιΓν
2252 5614 2303 5666 in
2331 5614 2450 5666 aliis
2495 5609 2742 5677 Patrum,
2777 5625 2976 5680 magno
3020 5611 3322 5679 przesertim
3360 5609 3695 5673 Augustino,

2110 5685 2438 5736 desiderem.
3602 5682 3605 5685 ’

2185 5755 2295 5822 (77)
2338 5756 2492 5809 llum.
2523 5754 2609 5808 δί,
2647 5755 2696 5806 iu
2734 5753 2887 5805 Jun.
