4428 6444
369 428 475 486 603

372 541 782 602 ἀναϐαττὶζειν.
824 541 928 591 Καὶ
955 540 1141 605 ὦστερ
1179 541 1224 589 οἱ
1262 541 1349 599 ti;
1394 541 1628 604 φυσνκῖτ
1658 546 1742 589 καὶ
1777 559 1956 594 σωμα-

367 633 531 699 τικῆς
557 631 698 697 ζωῆς
725 632 813 681 διὰ
862 633 1165 697 γεννήσεως
1200 636 1472 696 τυχόντες,
1534 632 1599 682 ἂν
1663 633 1946 695 ἐμπέσωσι

372 718 516 790 νόσῳ
545 724 650 773 τινὶ
689 720 1079 788 έναντιουμένῃ
1102 723 1164 786 τῇ
1202 720 1386 787 τελείᾳ
1443 719 1613 789 ταύτῃ
1665 720 1800 789 ζωῇ,
1850 722 1949 772 οὐκ

376 812 817 879 ἀναγεννώμενοι
843 810 1023 871 πάλιν,
1056 810 1173 861 ἀλλ’
1208 812 1379 879 ἑτέρῳ
1398 812 1581 879 τρόπῳ
1613 810 1950 871 ἀλλοιώσεως

376 904 797 972 θεραπεύονται,
838 902 1307 968 ἀπαλλαττόμενοι
1340 902 1438 969 τῆς
1465 902 1619 952 νόσου
1658 919 1670 930 ·
1694 901 1834 953 οὕτω
1861 905 1953 955 καὶ

379 997 516 1062 πρὸς
544 996 603 1046 rb
636 995 941 1061 βάπτισμα,
970 994 1348 1062 πνευματικὴν
1377 995 1543 1046 οὖσαν
1570 995 1950 1063 ἀναγέννησιν,

378 1085 703 1151 ἀνακάμψαι
733 1084 794 1137 οὐ
821 1085 1074 1136 δύνανται
1110 1100 1125 1115 ⁸
1154 1085 1204 1136 ἵν
1257 1085 1578 1152 έξαλείψωσι
1628 1086 1888 1153 δηλονότι,
1920 1085 1955 1137 ἃ

385 1179 527 1245 μετὰ
554 1178 613 1229 rb
650 1177 933 1243 βάπτισμα
968 1176 1298 1244 είρ·,’άσαντο
1331 1177 1723 1245 ἁμαρτήματα.
1758 1180 1855 1230 Διά
1901 1178 1956 1229 δὲ

381 1284 483 1333 της
522 1266 815 1333 μετανοίας
840 1264 998 1317 τοῦτο
1020 1264 1251 1330 γίνεται.
1306 1265 1403 1326 Τίς
1435 1265 1489 1316 δὲ
1543 1266 1571 1314 ό
1620 1267 1817 1334 τρόπος
1848 1264 1958 1332 ξτῆς

387 1358 702 1423 μετανοὲα”,
762 1356 857 1406 καὶ
904 1356 1044 1407 πόσα
1071 1355 1238 1421 αὐτῆς
1268 1357 1375 1406 είσι
1408 1356 1572 1423 μέρη,
1628 1355 1723 1405 καὶ
1769 1353 1956 1415 ποίους

384 1450 537 1501 τινὰς
575 1444 715 1497 εἶναι
749 1444 830 1495 δεῖ
853 1446 977 1505 τοὺς
1009 1446 1087 1505 εἰς
1118 1444 1278 1495 τοῦτο
1320 1444 1686 1511 τεταγμένους
1718 1459 1961 1510 πνευμα-

384 1540 575 1597 τικοῦς
612 1539 811 1597 ἄνδρας
849 1538 989 1596 (79l'
1027 1537 1119 1586 καὶ
1150 1537 1261 1597 π’ῗς
1282 1538 1404 1597 τοὺς
1443 1534 1836 1602 μετανοοῦντας
1870 1536 1962 1586 αὐ-

384 1630 497 1685 τοῖς
529 1626 936 1693 προσέρχεσθαι
972 1626 1069 1688 δεῖ,
1100 1627 1191 1677 καὶ
1226 1628 1328 1677 τίνι
1384 1626 1571 1695 τρόπῳ
1606 1627 1705 1695 τὴν
1759 1628 1963 1677 τούτων

387 1720 691 1786 θεραπείαν
724 1720 963 1769 ἐπινοεῖν
999 1733 1012 1746 ·
1046 1719 1141 1769 καὶ
1168 1717 1284 1770 πῶς
1321 1718 1435 1769 ἔστι
1467 1719 1574 1768 τῶν
1635 1718 1967 1785 ἁμαρτημά-

386 1826 498 1859 των
557 1806 994 1874 ὲλευθεροῦσθαι,
1042 1808 1231 1875 ἑτέρας
1293 1808 1358 1859 ἂν
1424 1808 1506 1875 εἴη
1563 1810 1963 1877 πραγματείας

1364 429 1456 486 DE
1501 430 1927 486 FlilN'tllPllS
1970 431 2173 488 FIDE!
2217 433 2686 494 CATllOLlCzE.

2067 548 2365 595 naturalem
2404 561 2466 599 ac
2498 547 2833 613 corporalem
2866 549 3026 601 vitam
3082 565 3176 617 per
3224 555 3624 617 generationem

2059 638 2198 687 nacti
2239 646 2386 696 sunt,
2420 638 2467 689 si
2505 639 2557 689 in
2614 640 2864 692 morbum
2930 644 3167 707 aliquem
3225 644 3474 708 [M‘Iit‘t‘LB
3506 648 3627 699 illtlL

2058 728 2177 777 vitze
2208 728 2583 781 adversantem
2619 731 3047 791 inciderint,non
3081 734 3226 800 quod
3270 736 3449 788 denuo
3474 753 3631 805 gone-

2060 827 2265 877 rentur,
2307 816 2398 870 sed
2435 818 2540 872 alio
2580 819 2974 873 immutationis
3034 823 3218 887 modo,
3270 828 3458 878 morbo
3496 828 3629 878 libe-

2060 918 2245 959 rantur
2274 917 2435 976 atque
2462 911 2855 973 sanantur;sic
2888 912 2998 965 fieri
3035 915 3241 981 nequit,
3275 927 3333 969 ut
3363 918 3629 984 baptisma

2062 998 2203 1066 (qua:
2226 998 2481 1066 spiritalis
2510 1002 2785 1066 generatio
2807 1004 2909 1068 est)
2937 1013 3258 1069 reparatur;
3292 1016 3347 1057 ut
3372 1006 3629 1059 nimirum

2062 1099 2281 1155 peccata
2328 1097 2451 1155 post
2482 1090 2810 1156 baptismum
2841 1092 3134 1143 commissa
3185 1093 3275 1144 illo
3316 1094 3633 1157 deleantur,

2065 1181 2155 1232 sed
2191 1180 2239 1231 id
2266 1189 2553 1246 prrestatur
2599 1197 2689 1248 per
2726 1183 3123 1242 nui-nitentiam.
3151 1182 3384 1247 Quinam
3414 1200 3540 1238 vero
3564 1187 3636 1237 sit

2065 1273 2394 1339 pmnitentia)
2426 1274 2639 1334 modus,
2667 1284 2864 1341 quotve
2900 1275 3019 1342 ejus
3054 1286 3255 1345 partes,
3289 1278 3478 1343 quales
3507 1278 3631 1329 item

2066 1376 2183 1415 esse
2237 1369 2514 1430 oporteat,
2546 1362 2633 1429 qui
2684 1362 2808 1415 huic
2840 1365 3051 1417 muneri
3111 1364 3346 1432 prrefecti
3394 1366 3634 1418 sintriri

2068 1452 2358 1519 Spiritales,
2394 1466 2455 1505 ae
2487 1454 2761 1514 quomodo
2793 1454 3119 1521 pccnitentes
3161 1456 3224 1506 ad
3260 1470 3353 1508 eos
3386 1457 3642 1509 accedere

2071 1542 2302 1594 debeant
2359 1561 2371 1594 :
2424 1558 2542 1610 quae
2578 1557 2768 1596 eorum
2825 1545 3017 1598 salutis
3058 1546 3417 1611 excogitanda
3470 1549 3640 1609 ratio;

2072 1646 2245 1697 quove
2297 1632 2457 1684 modo
2492 1648 2522 1683 a
2566 1633 2799 1699 peccatis
2826 1634 3105 1702 contingat
3148 1636 3391 1698 liherari,
3418 1636 3646 1689 alterius

2073 1735 2250 1787 Operm
2285 1721 2387 1783 sit;
2425 1731 2783 1789 praeterquam
2822 1723 2969 1789 quod
3028 1726 3355 1791 spiritalium
3406 1728 3646 1778 virorum

2077 1826 2139 1864 ex
2184 1820 2327 1863 recta
2374 1813 2576 1865 ratione
2606 1815 2800 1867 horum
2840 1814 3126 1867 arbitrium
3162 1827 3245 1869 est
3277 1832 3339 1869 ac
3365 1816 3646 1885 dispensa-

388 1900 567 1959 ἄλλως
622 1914 681 1949 τε
733 1898 827 1950 καὶ
858 1898 1250 1964 πνευματικῶν
1280 1898 1491 1968 ἀνδρῶν
1526 1899 1586 1949 rb
1611 1898 1782 1949 ταῦτα
1826 1901 1966 1951 διαι-
2005 1882 2043 1938 θ
2076 1902 2137 1953 tit

1896 1916 1966 1949 ιι-
2005 1882 2043 1938 θ
2076 1902 2188 1963 tio,
2218 1917 2336 1969 qua:
2374 1912 2426 1955 et
2486 1903 2808 1970 intelligent,
2843 1903 2935 1969 qui
2998 1905 3282 1959 doctorum
3336 1908 3437 1958 hoc
3486 1921 3645 1974 argu-

390 1989 494 2056 τᾷν
518 1989 659 2040 κατὰ
693 1987 849 2054 λόγον
895 1988 1074 2054 ὀρθὸν,
1140 1989 1276 2056 ὅπερ
1322 1990 1400 2049 είς
1462 1988 1768 2057 κατάληψιν
1817 1989 1971 2041 ἔσται

390 2079 506 2142 τοῖς
542 2079 756 2131 ὲπιοῦσι
785 2080 884 2140 τὰς
911 2077 1021 2130 τῶν
1050 2077 1386 2133 διδασκάλων
1418 2082 1652 2149 γραφάς,

481 2169 640 2224 Ἐπεὶ
687 2170 767 2232 δὲ,
800 2170 1054 2238 καθάπερ
1103 2172 1352 2238 εἴπομεν.
1386 2174 1449 2224 ὲκ
1500 2174 1596 2240 τῆς
1639 2174 1737 2239 τῆς
1781 2171 1964 2240 ψυχῆς

395 2262 717 2333 ἀρρωστίας
749 2261 907 2324 νόσος
945 2277 1031 2323 τις
1085 2262 1180 2314 ἐπὶ
1219 2262 1278 2315 rb
1328 2263 1486 2332 σῶμα
1533 2263 1825 2316 διαδίδοται
1884 2264 1974 2316 διά

395 2355 497 2424 τὴν
518 2352 660 2420 ’πρὸς
684 2352 891 2422 ἄλληλα
918 2354 1106 2423 σχέσιν
1132 2372 1189 2405 τε
1226 2356 1319 2407 καὶ
1346 2356 1717 2425 συμπάθειαν,
1744 2356 1838 2409 τοῦ
1871 2354 1975 2409 σώ-

402 2462 572 2517 ματος
603 2447 745 2512 λέγω
778 2448 872 2499 καὶ
904 2448 1001 2513 τῆς
1046 2446 1247 2517 ψυχῆς,
1297 2450 1418 2518 ἣτις
1451 2449 1516 2515 δὴ
1547 2449 1698 2510 νόσος
1730 2448 1795 2499 δι’
1826 2448 1975 2515 ὠφέ-

399 2542 557 2594 λειαν
587 2539 823 2607 γίνεται’
847 2538 1071 2601 κόλασις
1100 2540 1208 2611 γάρ
1233 2542 1350 2593 ἐστι
1381 2542 1468 2593 διὰ
1497 2543 1594 2610 τὴν
1616 2542 1979 2611 ὀφειλομένην

401 2631 555 2701 αὐτῷ
584 2631 886 2701 τιμωρίαν,
940 2632 1103 2701 μόνον
1133 2633 1181 2684 εί
1231 2634 1328 2701 τὴν
1364 2634 1682 2703 ἀῤῥωστίαν
1723 2635 1926 2703 ταύτην
1954 2636 1982 2687 ὁ

403 2724 693 2793 ἄνθρωπος
749 2724 1090 2792 εὐχαρίστως
1126 2724 1374 2795 ὑπομένῃ
1403 2740 1417 2755 ⁸
1472 2725 1735 2787 πολλάκις
1769 2726 1825 2778 δὲ
1879 2728 1984 2779 ὑπὸ

404 2817 609 2885 ταύτης
642 2816 800 2867 νόσου
841 2816 1196 2882 έμποδίζεται
1237 2818 1265 2868 ό
1298 2816 1584 2884 ἄνθρωπος
1615 2819 1693 2879 εἰς
1725 2818 1786 2869 rb
1817 2818 1983 2887 ἐργά-

408 2906 609 2960 σασθαι
644 2907 706 2958 rb
732 2905 961 2973 ἀγαθὸν,
1000 2905 1097 2958 καὶ
1124 2907 1213 2958 διὰ
1242 2904 1336 2957 τοῦ
1368 2904 1578 2973 ἀγαθοῦ
1613 2904 1775 2976 ἔργου
1804 2910 1988 2958 ἐπιτυ-

404 3000 524 3067 χεῖν
562 2997 661 3063 τῆς
691 2995 1074 3064 πνευματικῆς
1116 2995 1417 3064 σωτηρίας·
1450 2995 1654 3048 δίδοται
1694 2997 1754 3048 rb
1783 2997 1991 3067 μυστή-

407 3105 532 3159 ριον
557 3089 657 3157 τῆς
708 3086 1025 3151 τελευταίας
1057 3087 1315 3157 κρίσεως,
1348 3088 1520 3157 ἤγουν
1566 3087 1626 3140 rb
1667 3087 1943 3157 εὐχέλαιον
1969 3104 1985 3118 ο

406 3184 551 3251 ὅπερ
578 3179 673 3233 καὶ
713 3179 844 3234 αὐτὸ
870 3179 1222 3249 πνευματικὴ
1253 3178 1469 3242 ἰατρεία
1502 3179 1672 3243 ἐστὶν,
1705 3178 1792 3231 Eva.
1821 3179 1992 3231 ἀπαλ-

2080 2005 2263 2046 ruento
2300 1995 2499 2061 scripta
2543 1994 2789 2061 legerint.

2152 2174 2290 2238 Quia
2329 2188 2473 2237 vero,
2512 2182 2569 2227 ut
2648 2172 2987 2237 dicebamus,
3034 2191 3095 2227 cx
3133 2175 3297 2226 animi
3341 2178 3657 2242 a-giitudiue

2084 2266 2308 2318 morbus
2340 2264 2559 2333 quidam
2598 2264 2651 2317 in
2701 2279 2900 2333 corpus
2953 2264 3295 2325 dilTuudilur,
3345 2270 3412 2316 oh
3462 2284 3662 2320 eorum

2087 2358 2272 2426 (animi
2304 2357 2523 2412 scilicet
2564 2371 2627 2410 ac
2677 2357 2950 2425 corporis)
2988 2368 3233 2411 mutUam
3287 2359 3656 2413 habitudinem

2088 2464 2149 2503 ac
2184 2448 2682 2513 necessitudinem;
2739 2449 2832 2524 qui
2870 2450 3061 2517 utique
3117 2451 3341 2504 morbus
3390 2452 3506 2503 utili
3568 2450 3661 2504 Dei

2088 2540 2317 2593 consilio
2354 2538 2627 2608 provenit.
2661 2538 2873 2593 Etenim
2904 2542 3192 2608 castigatio
3224 2552 3326 2604 est,
3378 2543 3446 2594 ob
3499 2556 3618 2594 eam
3649 2582 3663 2604 ,

2090 2631 2246 2696 cujus
2276 2629 2437 2683 homo
2470 2643 2594 2683 reus
2629 2640 2731 2693 est,
2772 2646 3024 2698 pinnam;
3061 2634 3105 2685 si
3141 2637 3300 2685 modo
3330 2633 3449 2701 ejus
3492 2632 3666 2687 morbi

2095 2722 2200 2774 vim
2236 2736 2358 2782 cum
2391 2722 2688 2789 gratiarum
2725 2723 2938 2776 actione
2986 2725 3329 2777 sustinuerit.
3362 2723 3511 2776 lland
3547 2741 3669 2777 raro

2095 2822 2271 2867 tamen
2304 2827 2400 2881 per
2427 2826 2547 2865 eam
2580 2813 2959 2880 aegritudinem
2994 2815 3283 2881 impeditur
3310 2816 3470 2867 homo
3502 2832 3563 2867 ne
3584 2817 3676 2868 ὺιρ

2096 2919 2223 2958 num
2263 2912 2535 2972 Operetur.
2568 2918 2629 2957 ac
2660 2920 2726 2958 ne
2752 2914 3056 2974 operando,
3089 2906 3392 2976 spiritalem
3439 2907 3669 2959 salutem

2097 3004 2464 3063 consequatur
2489 3012 2503 3059 ;
2532 2996 2738 3050 idcirco
2765 3007 3023 3051 extremze
3058 2999 3329 3051 unctionis
3359 3012 3671 3051 sacramen-

2104 3095 2215 3139 tum
2253 3087 2376 3155 (olei
2417 3086 2622 3139 scilicet
2651 3086 2861 3154 junctis
2891 3090 3142 3155 precibus
3180 3088 3445 3154 inunctio)
3488 3089 3669 3142 datur.

2100 3180 2303 3246 EStque
2337 3177 2598 3247 spiritalis
2630 3178 2742 3238 haec
2780 3179 3015 3243 curatio,
3052 3189 3165 3231 uta
3194 3181 3442 3247 corporis
3479 3182 3675 3233 morbo

410 3234 740 3340 λαττώμεθα
778 3270 879 3338 τῆς
912 3234 1024 3321 τοῦ.
1058 3234 1311 3337 σώματος
1340 3234 1675 3340 ἀρρωστίας,
1715 3270 1839 3340 ἥτις
1892 3272 1986 3338 ὲμο
2025 3234 2067 3289 Β
2098 3271 2159 3325 lit

1927 3288 1986 3338 μ·
2025 3234 2067 3289 Β
2098 3271 2411 3334 liberemur,
2450 3269 2542 3337 qui
2577 3269 2967 3349 impedimento
3001 3278 3083 3323 est
3114 3286 3183 3323 ne
3218 3272 3484 3338 spiritalia
3510 3287 3672 3337 Opera

409 3362 676 3431 ποδισμὸς
708 3364 917 3430 γίνεται
956 3361 1094 3431 πρὸς
1138 3362 1207 3415 τὰ
1240 3362 1592 3430 πνευματικά
1650 3361 1809 3433 ἔργα.
1855 3362 1993 3431 Περὶ

410 3451 490 3511 ὧν
517 3457 546 3509 ὁ
576 3455 721 3517 θεῖος
744 3453 1043 3517 ἀπόστολος
1070 3454 1296 3524 γράφει,
1331 3472 1349 3505 ι
1371 3455 1427 3507 ’Λ
1439 3454 1620 3507 σθενεῖ
1638 3470 1722 3515 τις
1754 3456 1810 3505 ὲν
1834 3454 1995 3522 ὐμῖν;

417 3545 892 3617 προσκαλεσάσθω
909 3546 1039 3608 τοὺς
1062 3546 1471 3615 πρεσϐυτέρους
1503 3545 1604 3614 τῆς
1648 3544 1997 3611 Ἐκκλησίας,

423 3640 519 3694 καὶ
551 3638 904 3703 εὑξάσθωσαν
944 3637 1031 3690 ἐπ’
1063 3638 1249 3704 αὑτὸν,
1282 3638 1595 3705 ἀλείφοντες
1630 3636 1795 3688 αὑτὸν
1837 3635 2001 3704 ἐλαίῳ

419 3735 481 3785 ὲν
526 3731 604 3801 τῷ
635 3731 864 3799 ὀνόματι
894 3729 990 3782 τοῦ
1024 3728 1235 3800 Κυρίου
1263 3744 1278 3760 ο
1317 3730 1410 3782 καὶ
1444 3729 1577 3798 εὐχὴ
1620 3728 1720 3798 τῆς
1770 3729 2003 3789 πίστεως

420 3824 587 3876 σώσει
637 3823 732 3875 rbv
766 3822 1069 3891 κάμνοντα,
1112 3822 1206 3874 καὶ
1242 3822 1429 3890 ἐγερεῖ
1481 3820 1644 3873 αὑτὸν
1693 3823 1721 3872 ὁ
1757 3820 1963 3889 Κύριος
1987 3836 1999 3849 ·

418 3917 527 3970 κᾶν
557 3913 837 3984 ἁμαρτίας
942 3912 1288 3983 πεποιηκὼς,
1316 3912 1651 3983 ἀφεθήσεται
1682 3912 1852 3981 αὐτῷ.
1885 3930 1902 3962 ι
1946 3913 2007 3964 Εἰ

420 4006 480 4058 δὲ
514 4004 589 4074 μὴ
620 4001 1050 4056 ἀπαλλάττοιντο
1086 4002 1175 4055 διά
1219 4001 1413 4054 τούτου
1462 4001 1566 4069 τῆς
1620 4000 1708 4053 τοῦ
1758 4001 2009 4067 σώματος

420 4093 759 4167 ἀρρωστίας,
820 4094 921 4146 οὐκ
960 4092 1237 4146 αἰτιᾶσθαι
1275 4091 1359 4145 δεῖ
1404 4091 1504 4163 τὴν
1555 4091 1650 4145 τοῦ
1704 4091 2009 4162 μυστηρίου

421 4186 617 4240 τούτου
643 4184 898 4256 δύναμιν.
946 4183 1216 4245 Πολλάκις
1244 4184 1352 4255 γὰρ
1386 4184 1482 4237 καὶ
1517 4182 1576 4236 rb
1609 4183 2011 4255 θεραπευθῆναι

428 4277 765 4348 σωματικῶς
820 4277 959 4347 πρὸς
1012 4277 1138 4339 τοὺς
1192 4275 1359 4338 ἀξίως
1391 4275 1452 4328 rb
1510 4277 1811 4348 μυστήριον
1858 4275 2014 4327 τοῦτο

426 4368 815 4434 λαμϐάνοντας
840 4368 940 4420 οὐκ
983 4366 1098 4419 ἔστι
1127 4368 1401 4436 χρήσιμον
1446 4366 1582 4437 πρὸς
1622 4366 1720 4436 τὴν
1767 4383 2015 4435 πνευμαο

431 4462 598 4529 τικὴν
631 4462 930 4531 σωτηρίαν.
964 4460 1125 4523 Ἴσως
1158 4460 1264 4529 γὰρ
1293 4458 1416 4510 οὐδὲ
1442 4459 1742 4528 χρήσονται
1772 4461 1837 4529 τῇ
1858 4459 2019 4528 ὑγεῖᾳ

371 4575 379 4586 ·
432 4555 572 4624 πρὸς
592 4553 654 4607 rb
684 4553 984 4624 συμφέρον.
1012 4553 1087 4605 Οὐ
1123 4553 1312 4621 μέντοι
1336 4552 1630 4621 ἀνωφελῶς
1675 4552 1837 4605 πάλιν
1860 4552 2018 4604 τοῦτο

434 4646 831 4715 λαμϐάνουσιν,
870 4647 917 4696 εί
953 4645 1048 4698 καὶ
1097 4647 1172 4714 μὴ
1209 4648 1242 4714 ὴ
1276 4646 1567 4715 σωματικὴ
1595 4645 1863 4717 θεραπεία
1893 4648 2019 4699 ἀκο-

436 4739 714 4807 λουθήσει.
758 4737 972 4805 Ὠφελεῖ
1012 4737 1122 4804 γὰρ
1155 4737 1275 4789 κατ’
1306 4737 1466 4788 ἄλλον
1516 4738 1736 4807 τρόπον.
1780 4739 1867 4798 Εἰς
1922 4738 2021 4804 μὲν

440 4830 553 4897 γὰρ
600 4829 701 4884 τὰς
751 4828 1083 4897 ἀσωμάτους
1124 4828 1337 4891 νόσους,
1374 4829 1581 4891 αἵτινές
1627 4831 1767 4882 εἰσιν
1802 4830 2024 4881 εὐκολία

442 4922 583 4992 πρδς
634 4922 695 4974 rb
742 4922 933 4989 κακὸν,
985 4922 1215 4992 ἀμέλεια
1254 4922 1391 4991 πρὸς
1431 4921 1492 4975 τὸ
1526 4921 1751 4991 ἀγαθὸν,
1788 4921 1877 4975 διὰ
1926 4922 2026 4989 τῆς

520 5082 564 5112 ει
593 5084 711 5137 Jac.
747 5098 799 5148 ν,
820 5080 908 5135 it.

526 5242 639 5313 ('19)
696 5236 1149 5313 Hr_eupatixoigc
1180 5235 1430 5313 ἄνδρας.
1473 5236 1564 5313 Sic
1602 5236 1777 5292 (ἔταξςί
1809 5251 1905 5291 eos
1936 5250 2028 5290 vo-

451 5307 600 5376 rant,
626 5307 724 5380 qui
758 5307 868 5364 illis
905 5325 936 5363 a
964 5309 1140 5380 sacris
1169 5307 1609 5380 confessionibus
1644 5319 1792 5373 sunt,
1829 5316 1882 5361 et
1911 5320 2028 5380 poe—

456 5378 702 5439 nitentiis
730 5380 1003 5451 praefecti;
1051 5378 1297 5449 plerique
1331 5378 1440 5451 illis
1474 5380 1725 5432 monachi
1759 5378 2022 5451 sacerdo-

458 5456 538 5509 tio
582 5447 875 5521 fulgentes,
921 5447 1063 5519 quos
1097 5447 1486 5521 ἱερομονάχους
1515 5459 1739 5521 vocant.
1780 5447 1891 5503 Nec
1917 5448 2031 5502 fere

457 5525 617 5579 aliter
648 5518 814 5593 quam
849 5537 917 5575 ex
941 5518 1224 5593 canonum
1253 5519 1438 5593 rigore
1469 5518 1761 5593 iudicant;
1792 5533 2029 5588 quortun

458 5589 703 5650 codicem
728 5593 782 5647 in
808 5600 1065 5661 promptu
1098 5589 1321 5654 habent,
1348 5590 1480 5661 dum
1519 5589 1896 5661 confessiones
1928 5604 2029 5642 au-

462 5668 645 5727 diunt,
674 5672 733 5717 ut
782 5660 848 5718 ex
897 5663 990 5716 illo
1042 5676 1252 5730 ρωπος,
1301 5660 1371 5714 τά
1404 5660 1678 5729 ἐπιτίμια,
1707 5660 2029 5714 decernant.

467 5736 562 5791 Sic
589 5750 655 5790 ex
689 5733 798 5789 illis
826 5732 1009 5788 audivi
1040 5732 1131 5801 qui
1176 5731 1610 5801 Graecorunrusi
1658 5730 2034 5785 tamiliaritatc

466 5815 597 5863 sunt
638 5805 783 5877 apud
814 5819 911 5861 eos
959 5800 1114 5860 missi
1160 5802 1466 5874 apostolici.
1501 5800 1679 5873 thue
1730 5811 1917 5857 sancta
1969 5802 2039 5856 sit

2098 3374 2445 3433 prmstemus.
2486 3359 2560 3414 De
2589 3361 2792 3429 quibus
2843 3360 3057 3415 divinus
3105 3361 3394 3429 Apostolus
3426 3362 3620 3416 scribit
3666 3381 3679 3412 :

2107 3475 2125 3507 ι
2172 3454 2481 3508 lnlirmatur
2534 3453 2658 3522 quis
2700 3438 2756 3521 in
2810 3453 3009 3507 vobis?
3060 3454 3285 3507 inducat
3344 3456 3684 3524 presbyteros

2104 3546 2383 3609 Ecclesia),
2432 3553 2483 3597 et
2516 3553 2673 3598 orent
2705 3560 2866 3612 super
2904 3561 3023 3598 eum
3051 3588 3064 3609 ,
3109 3556 3369 3613 tingentes
3411 3562 3531 3599 eum
3568 3548 3687 3599 oleo

2107 3642 2159 3694 in
2192 3639 2414 3693 nomine
2450 3635 2665 3689 Domini
2698 3652 2710 3687 :
2746 3645 2798 3688 et
2846 3636 3024 3688 oratio
3060 3636 3179 3689 ﬁdei
3236 3638 3465 3689 saltabit
3517 3652 3689 3700 aegro-

2107 3728 2506 3799 tum,eteriget
2531 3743 2655 3781 cum
2685 3727 2981 3793 Dominus;
3007 3738 3057 3781 et
3087 3729 3132 3782 si
3162 3730 3211 3781 in
3241 3731 3476 3797 peccatis
3500 3730 3685 3789 fuerit,

2110 3820 2461 3875 remittemur
2500 3818 2548 3871 ei
2584 3817 2653 3873 ⁸³.
2691 3838 2707 3869 ι
2753 3818 2848 3870 Sin
2885 3828 3066 3871 autem
3106 3819 3269 3887 aliqui
3312 3820 3471 3890 hujus
3506 3822 3554 3872 vi
3604 3837 3687 3873 sa-

2111 3912 2369 3967 cramenti
2401 3928 2430 3966 a
2461 3912 2709 3981 corporis
2733 3911 2920 3964 morbo
2950 3912 3175 3964 minimc
3201 3914 3518 3977 liberantur,
3548 3914 3691 3967 haud

2114 4012 2294 4057 tamen
2339 4002 2390 4055 id
2432 4001 2508 4055 illi
2542 4001 2781 4055 dandum
2830 4000 2961 4054 vitio
3011 4003 3103 4054 sit.
3156 4003 3311 4072 διορο
3348 4004 3489 4056 enim
3525 4003 3691 4056 etiam

2113 4106 2337 4160 corpore
2367 4090 2588 4154 sanari,
2628 4092 2708 4142 vel
2762 4090 2805 4142 si
2849 4090 3010 4156 digne
3058 4104 3465 4146 sacramentum
3526 4095 3693 4163 aliqui

2116 4185 2442 4255 suscipiant,
2497 4183 2564 4237 ad
2619 4184 2925 4253 spiritalem
2983 4185 3211 4237 salutem
3267 4202 3377 4238 non
3416 4187 3695 4240 conducit.

2117 4274 2277 4329 Forte
2306 4274 2451 4327 enim
2486 4287 2583 4326 nec
2627 4287 2723 4339 pro
2763 4287 2827 4325 eo
2861 4288 2924 4327 ac
2958 4274 3086 4326 utile
3137 4284 3242 4336 est.
3296 4276 3544 4345 corporis
3602 4278 3693 4331 illa

2121 4367 2355 4421 sanitate
2385 4372 2629 4417 utentur.
2662 4360 2776 4416 Non
2810 4371 2989 4417 tamen
3026 4365 3173 4419 inani
3209 4378 3408 4420 conatu
3440 4368 3700 4437 nulloque

2123 4458 2302 4513 fructu
2338 4466 2745 4539 sacramentum
2772 4459 3121 4527 suscipiunt;
3153 4460 3367 4511 tametsi
3400 4461 3705 4528 corporalis

2050 4580 2090 4639 ε
2124 4552 2329 4607 sanitas
2361 4565 2462 4603 non
2496 4561 2779 4619 sequatur.
2812 4550 2974 4606 Juvat
3004 4550 3148 4606 enim
3195 4552 3502 4606 secundum
3536 4552 3701 4602 alimn

2128 4641 2370 4695 modum.
2392 4641 2703 4709 lncnrporei
2741 4658 2971 4711 namque
3000 4644 3171 4697 morbi
3198 4644 3468 4714 (pronitas
3498 4643 3710 4694 St‘ilii'cl

2129 4735 2194 4788 ad
2226 4734 2449 4797 malum,
2484 4715 3062 4804 bonique.prazstandi
3101 4738 3406 4806 neglectus)
3441 4736 3711 4802 puniiteu-

2132 4823 2220 4877 tia:
2270 4821 2648 4887 medicamine,
2685 4824 2760 4877 uti
2798 4826 3057 4901 diximus,
3097 4827 3337 4880 curamla
3375 4834 3524 4880 sunt.
3573 4827 3710 4889 Quia

2139 4926 2319 4971 tamen
2360 4916 2554 4980 homo,
2585 4931 2692 4986 qua
2728 4919 2808 4973 vel
2844 4919 3055 4973 laborat
3100 4920 3349 4988 segnitie,
3388 4920 3466 4971 νει
3516 4918 3721 4986 quibus

2131 5239 2246 5292 hich
2278 5237 2593 5303 disciplina,
2625 5238 2813 5305 plures
2843 5246 3024 5290 tamen
3077 5235 3129 5287 in
3166 5235 3481 5287 barathrum
3508 5234 3721 5305 trudit,

2128 5308 2255 5361 dum
2316 5309 2524 5362 malunt
2557 5309 2780 5360 vulnera
2841 5306 3041 5367 celare,
3088 5321 3253 5375 quam
3314 5304 3607 5357 austeriori
3645 5306 3724 5357 illi

2128 5378 2435 5448 disciplina:
2467 5379 2784 5446 subjacere.
2819 5376 3137 5430 Latinorum
3179 5377 3339 5443 longe
3366 5377 3574 5433 mitior.
3606 5389 3721 5448 qua

2133 5446 2247 5503 fere
2276 5446 2459 5504 omnia
2492 5449 2815 5504 eonfessarii
2848 5449 3081 5501 arbitrio
3125 5448 3565 5515 permittuntur;
3605 5446 3725 5513 ipso

2132 5528 2313 5573 tamen
2367 5535 2474 5574 non
2528 5521 2755 5573 omnino
2804 5520 2999 5579 libero,
3049 5518 3143 5571 sed
3197 5517 3471 5586 :equitatis
3512 5515 3725 5580 legibus

2140 5590 2397 5655 astricto,
2428 5606 2526 5659 pro
2553 5591 2763 5646 scilicet
2797 5590 3033 5650 ratione.
3080 5588 3363 5656 ipsiusque
3409 5586 3727 5653 pamitentis

2144 5661 2401 5716 facultate
2429 5677 2491 5716 ac
2529 5661 2689 5714 modo
2719 5680 2731 5715 :
2765 5676 2851 5724 ne,
2881 5661 3025 5728 quod
3059 5659 3253 5712 salutis
3286 5660 3590 5711 remedium
3618 5665 3724 5718 cst.

2146 5748 2256 5803 pra:
2290 5734 2527 5787 humana
2561 5732 2850 5801 lragilitate
2874 5734 2967 5785 liat
3000 5732 3172 5784 I'tlill’J)
3202 5732 3445 5783 occasio.
