4428 6444
794 424 900 485 607

2037 418 2427 480 MANUELIS
2465 420 2791 484 ωηερε.

3941 400 4046 490 608

795 535 979 591 sa-cnli
1046 535 1212 589 variis
1269 536 1418 590 curis
1482 535 1828 596 distrahitur,
1888 549 2024 603 quas
2076 536 2319 589 dicebam
2353 584 2366 608 ,
2405 533 2445 588 Α
2480 551 2542 601 με

2295 549 2319 585 a
2353 584 2366 608 ,
2405 533 2445 588 Α
2480 538 2790 601 μετανοὲας,
2822 536 2896 599 ὡς
2942 538 3191 605 εἴπομεν,
3242 538 3321 588 δεῖ
3360 537 3681 603 θεραπεύειν
3710 555 3723 571 ·
3760 538 3881 590 ἐπεὶ
3934 541 3987 592 δὲ
4018 545 4044 591 ὁ

793 627 1166 695 aegritudines,
1199 626 1253 677 in
1286 626 1468 695 seipso
1518 626 1753 694 perfecte
1788 643 1892 680 non
1938 636 2094 680 sanat
2120 667 2133 689 ,
2172 625 2368 678 Sacra-

797 729 1038 768 mentum
1073 718 1176 769 hoc
1202 700 1285 769 .ad
1339 716 1572 768 salutem
1624 716 1829 768 homini
1871 715 2058 768 datmn
2092 724 2207 776 est;
2264 727 2371 781 quo

796 806 1053 857 nimirum
1096 805 1212 873 ejus
1246 805 1599 873 susceptione
1634 805 1684 857 id
1729 806 1951 873 impleat
1976 844 1989 863 .
2020 806 2165 874 quod
2202 806 2265 857 ad
2306 805 2371 856 il-

796 897 899 948 lius
934 897 1235 950 curationi:
1263 936 1277 959 ,
1328 912 1491 964 quam
1539 905 1758 965 prmstat
1812 898 2153 963 paenitentia,
2197 898 2372 966 perfe-

794 986 1029 1037 ctionem
1068 986 1499 1048 desiderahatur,
1536 988 1764 1055 ejusque
1806 987 2178 1043 damnationis
2220 998 2371 1043 reatu

796 1076 1078 1135 lihcrctnr,
1112 1076 1200 1127 cui
1236 1076 1438 1129 idcirco
1477 1076 1749 1130 obnoxius
1790 1084 1869 1129 est
1893 1115 1908 1138 ,
1941 1078 2065 1145 quia
2100 1080 2373 1146 paeniten-

798 1167 883 1218 tia!
911 1181 1177 1217 canonem
1222 1181 1331 1217 non
1366 1166 1609 1235 peregit;
1650 1174 1706 1218 ut
1754 1167 1966 1219 scilicet
2017 1168 2152 1219 nihil
2205 1169 2258 1221 in
2306 1184 2373 1221 eo

796 1258 1072 1310 residuum
1100 1258 1190 1318 sit,
1213 1272 1319 1325 quo
1345 1258 1564 1310 animus
1586 1257 1855 1311 excedens
1882 1258 2117 1311 futuram
2144 1260 2371 1328 gloriam

796 1350 1053 1416 consequi
1092 1348 1439 1416 impediatur.

871 1528 1133 1577 l‘ra-tcrea
1162 1526 1428 1591 contingit
1448 1541 1545 1579 nec
1574 1527 1907 1589 meminisse,
1933 1544 2029 1581 nec
2061 1544 2187 1581 vero
2214 1544 2374 1583 nosse

796 1616 1057 1681 quzeqnis
1090 1615 1567 1668 commisitomnia
1610 1626 1853 1682 peccata,
1885 1626 1935 1667 ut
1973 1632 2066 1683 per
2099 1619 2369 1686 pmniten-

798 1706 925 1755 tiam
963 1705 1049 1756 illa
1088 1705 1269 1757 delere
1307 1705 1500 1772 possit.
1546 1704 1684 1767 Quin
1718 1716 1769 1757 et
1799 1705 2114 1771 quotidiana
2154 1717 2372 1773 peccata

798 1806 946 1853 sunt,
969 1796 1087 1847 sine
1117 1796 1447 1863 quibuslisri
1482 1812 1586 1847 non
1622 1804 1794 1863 potest
1831 1784 2018 1849 utvita
2056 1797 2171 1850 haec
2203 1809 2374 1850 trans-

798 1882 975 1951 igatur
1013 1900 1023 1932 :
1073 1882 1269 1951 quihus
1310 1883 1565 1935 omnibus
1603 1884 1907 1935 necessario
1930 1899 2027 1951 per
2054 1884 2155 1936 hac
2189 1898 2369 1937 sacra-

796 1983 1032 2025 mentum
1064 1974 1414 2026 emundatur.
1444 1974 1594 2027 Unde
1621 1984 1674 2026 et.
1702 1975 1849 2026 addit
1883 1993 1894 2026 :
1931 1994 1947 2025 ι
1989 1977 2051 2029 Et
2086 1979 2128 2028 si
2166 1978 2218 2029 in
2249 1991 2372 2044 pec-

793 2066 933 2117 catis
982 2064 1177 2128 fuerit,
1233 2064 1577 2118 dimittentur
1622 2066 1692 2118 ei.
1732 2084 1749 2116 ι
1789 2064 1941 2118 Unde
1978 2066 2147 2134 liquet
2182 2083 2371 2121 sacra-

794 2162 1037 2207 mentum
1075 2154 1178 2209 hoc
1209 2165 1513 2209 extremum
1547 2171 1689 2221 esse,
1724 2158 1865 2209 velut
1909 2158 2113 2212 scilicet
2152 2161 2372 2228 spirita-

795 2248 858 2301 lis
890 2249 1072 2303 omnis
1120 2251 1429 2303 sanationis
1480 2252 1853 2319 signaculum;
1891 2268 2123 2321 esseque
2160 2254 2244 2307 his
2278 2256 2367 2323 qui

792 2343 984 2394 morho
1014 2342 1257 2396 lahorant
1286 2343 1687 2407 adhibendum;
1724 2359 1786 2397 ac
1819 2347 2091 2413 prmcipue
2119 2346 2246 2409 illis,
2276 2346 2369 2414 qui

788 2449 912 2486 eum
941 2474 955 2498 ,
998 2434 1155 2501 cujus
1192 2434 1266 2486 rei
1305 2443 1459 2487 erant
1488 2475 1500 2495 .
1536 2449 1799 2487 canonem
1839 2450 1943 2489 non
1994 2435 2368 2499 exoleverunt.

791 2525 1033 2591 Esseqne
1079 2541 1106 2577 a
1131 2527 1211 2577 Ico
1250 2526 1446 2577 iterum
1481 2526 1585 2579 illis
1621 2526 2015 2588 adhibendum,
2051 2526 2095 2580 si
2130 2526 2183 2577 in
2216 2541 2367 2579 eam-

792 2616 910 2667 dem
948 2618 1324 2669 necessitatem
1360 2618 1699 2671 devenerint.
1737 2617 1881 2670 Nihil
1911 2618 2055 2671 enim
2090 2627 2258 2679 velat,
2299 2624 2369 2673 0b

795 2714 999 2756 natura!
1032 2704 1400 2759 infirmitatem
1428 2748 1440 2765 ,
1472 2707 1602 2772 quin
1642 2707 1802 2758 homo
1839 2710 1889 2758 in
1938 2708 2125 2760 eadem
2176 2708 2370 2761 delicta

794 2798 1102 2861 relahatur;
1157 2808 1213 2851 ut
1263 2808 1315 2851 et
1368 2798 1568 2864 srepius
1600 2799 1789 2851 eodem
1840 2799 2142 2853 curationis
2172 2814 2372 2869 genere

790 2889 1027 2958 indigeat
1066 2906 1078 2941 :
1120 2890 1194 2942 uti
1236 2889 1399 2943 etiam
1438 2889 1707 2958 contingit
1737 2890 1791 2942 in
1822 2889 1928 2941 vita
1960 2890 2227 2958 corpOrali
2257 2930 2273 2954 ,
2309 2890 2363 2944 in

785 2997 893 3048 qua
928 2982 1127 3034 ezcdem
1166 2981 1419 3034 accidunt
1449 2980 1819 3051 aegritudines,
1851 2981 2150 3052 eademque
2181 2998 2372 3039 rursus

786 3074 894 3127 illis
924 3074 1179 3130 curandis
1210 3074 1519 3128 adhibenda
1550 3072 1789 3128 remedia
1823 3081 1969 3128 sunt.

858 3339 1100 3402 RurStis,
1135 3341 1262 3410 quia
1311 3341 1612 3409 corporalis
1653 3341 1781 3395 vita:
1825 3350 2100 3409 auctores,
2140 3345 2374 3414 ejusque

785 3432 1131 3485 ordiuatorcs
1176 3448 1271 3485 seu
1312 3442 1573 3496 rectores,
1626 3432 1845 3487 duobus
1897 3434 2075 3487 modis
2122 3437 2374 3489 conside-

786 3533 1005 3589 rantur;
1044 3524 1123 3576 vel
1162 3524 1369 3577 scilicet
1420 3523 1722 3578 secundum
1779 3534 1990 3578 natura:
2045 3525 2371 3581 fmcundita-

785 3628 916 3677 ιιιιιι,
952 3617 1095 3684 quod
1132 3625 1342 3683 Spectat
1372 3616 1437 3668 ad
1484 3625 1777 3684 parentes;
1811 3628 1902 3669 aut
1938 3618 2241 3671 secundum
2278 3634 2373 3687 po.

784 3709 992 3761 liticnm
1029 3709 1270 3777 regimen
1306 3725 1371 3761 ac
1402 3710 1767 3778 principatum
1795 3748 1809 3773 ,
1852 3710 1917 3763 ad
1951 3713 2072 3764 vita!
2107 3714 2373 3781 tranquil-

784 3801 985 3853 litatem
1020 3817 1317 3869 pacemque
1348 3802 1802 3865 conservandam,
1836 3803 1981 3870 quod
2020 3819 2210 3873 regum
2250 3820 2369 3856 mu-

785 3896 929 3946 neris
974 3906 1056 3945 est
1087 3908 1148 3945 ac
1187 3894 1604 3963 magistratuum
1640 3911 1652 3946 :
1690 3894 1770 3947 sic
1803 3910 2022 3963 quoque
2059 3895 2111 3948 in
2144 3896 2371 3964 spiritali

782 3987 912 4045 vita,
954 3988 1076 4037 sunt
1135 3987 1225 4054 qui
1280 3986 1701 4039 sulnninistrent
1728 3986 1814 4052 {ac
1855 3987 2173 4040 custodiant
2214 3990 2378 4057 Spiri-

782 4080 942 4131 talem
978 4078 1186 4144 vitam;
1239 4080 1397 4146 idque
1441 4079 1513 4130 illi
1566 4079 1797 4146 spiritali
1830 4078 2096 4131 duntaxat
2133 4082 2375 4135 ministe-

783 4175 863 4225 tin
892 4183 1173 4239 pra-stant,
1208 4173 1351 4241 quod
1383 4181 1585 4239 spectat
1615 4172 1678 4222 ad
1706 4171 1913 4223 ordinis
1944 4183 2371 4235 sacramentum;

781 4273 1017 4333 suntque.
1050 4267 1183 4315 adeo
1206 4262 1296 4330 qui
1328 4274 1382 4315 et
1417 4262 1717 4327 spiritalem
1752 4261 1913 4313 simul
1946 4270 1999 4313 et
2025 4264 2369 4330 corporalem

782 4356 946 4407 vitam
993 4353 1321 4416 conferant,
1375 4354 1513 4421 quod
1554 4354 1642 4404 illo
1681 4361 2026 4405 sacramento
2061 4363 2372 4421 pra~stutur,

780 4462 891 4513 quo
927 4447 1006 4497 vir
1041 4462 1283 4513 uxorque
1332 4448 1662 4498 conveniunt
1717 4455 1773 4498 ut
1824 4446 2027 4513 prolem
2086 4446 2313 4512 gignant
2350 4486 2363 4508 ,

2475 624 2760 692 ἄνθρωπος
2792 626 2823 693 ἦ
2862 627 2950 677 διὰ
2987 628 3261 695 ρᾳθυμίαν
3292 626 3325 693 ἦ
3358 628 3445 678 διὰ
3478 629 3604 688 τοὺς
3645 628 3920 689 ποικίλους
3952 629 4041 679 τοῦ

2477 708 2594 775 βίου
2621 712 3036 778 περισπασμοὺς
3061 714 3121 763 ού
3152 712 3369 774 τελείως
3393 713 3689 781 θεραπεύει
3716 716 3813 775 τὰς
3861 732 4044 779 προει-

2479 800 2717 867 ρημένας
2751 804 2808 853 ὲν
2861 802 3010 870 αύτῷ
3035 804 3373 872 ἀρῤωστίας,
3408 805 3501 855 ἐπὶ
3552 806 3796 874 σωτηρίᾳ
3842 804 3903 856 τὸ
3941 824 4042 871 μυ-

2477 889 2698 956 στήριον
2728 891 2886 943 τοῦτο
2918 893 2995 959 τῷ
3026 893 3297 963 ἀνθρώπῳ
3342 895 3571 955 δέδοται,
3611 895 3751 947 ὥστε
3798 896 4043 961 ἀναπλη-

2478 980 2705 1047 ροῦσθαι
2734 982 2819 1034 διὰ
2850 984 3041 1036 τούτου
3069 984 3130 1035 τὸ
3150 986 3344 1046 ἀτελὲς
3369 986 3466 1050 τῆς
3489 986 3787 1052 θεραπείας
3808 987 4043 1051 ἒκεένης,

2474 1072 2507 1139 ἢ
2569 1072 2657 1124 διὰ
2706 1076 2992 1140 μετανοίας
3049 1075 3277 1140 ἐγίνετο,
3334 1076 3428 1126 καὶ
3486 1075 3903 1141 ὲλευθεροῦσθαι
3946 1077 4045 1138 τῆς

2474 1160 2774 1229 καταδίκης
2810 1164 2905 1231 τῆς
2933 1164 3293 1231 ὀφειλομένης
3318 1164 3488 1231 αὐτῷ,
3518 1163 3599 1213 ὅτι
3624 1164 3723 1213 οὐκ
3759 1164 4041 1213 ἐτελείωσε

2474 1250 2567 1301 τὸν
2595 1251 2694 1317 τῆς
2726 1254 3015 1315 μετανοίας
3046 1252 3265 1305 κανόνα·
3314 1252 3402 1303 ἵνα
3438 1252 3603 1319 μηδὲν
3638 1254 3695 1301 ὲν
3729 1250 3875 1317 αὐτῷ
3910 1252 4044 1302 ἁπο-

2474 1340 2662 1409 λειφθῇ
2709 1341 3009 1409 δυνάμενον
3045 1345 3103 1394 ὲν
3124 1345 3190 1411 τῇ
3220 1342 3385 1409 ἐξόδῳ
3414 1342 3513 1408 τῆς
3544 1341 3723 1409 ψυχῆς
3756 1342 4045 1408 ἐμποδίσαι

2474 1430 2679 1500 ταύτην
2706 1432 2799 1484 τοῦ
2827 1436 3009 1503 τυχεῖν
3037 1434 3136 1500 τῆς
3171 1419 3475 1501 μελλούσης
3510 1432 3689 1500 δόξης.

2545 1524 2620 1573 Οὔ
2676 1524 2780 1590 μὴν
2828 1524 2962 1575 ἀλλά
3012 1526 3104 1575 καὶ
3144 1525 3434 1591 συμῦαίνει
3498 1525 3637 1591 μήτε
3684 1524 4049 1592 μνημονεύειν

2478 1616 2612 1680 μήτε
2640 1614 2931 1680 γινώσκειν
2954 1617 3130 1666 παντά
3161 1616 3260 1666 ὃσα
3288 1614 3494 1681 ἔπραξέ
3526 1632 3612 1677 τις
3644 1616 4044 1681 ἁμαρτήματα,

2476 1704 2616 1755 ὥστε
2662 1704 2918 1757 δύνασθαι
2953 1705 3042 1756 διὰ
3083 1705 3371 1771 μετανοίας
3422 1704 3595 1756 ταῦτα
3645 1706 4047 1769 ἐξαλείφεσθαι.

2479 1795 2600 1846 Εἰσὶ
2638 1795 2695 1847 δὲ
2728 1794 2819 1846 καί
2851 1812 2973 1845 τινα
3026 1795 3373 1862 καθημερινὰ
3409 1795 3628 1861 ἀμαρτή
3643 1811 3808 1857 ματα,
3843 1788 3916 1844 ὦν
3950 1814 4054 1858 χω-

2478 1884 2560 1951 ρὶς
2589 1884 2687 1934 οὐκ
2741 1883 2859 1934 ἔστι
2896 1883 2990 1933 ⁴τὸν
3021 1883 3135 1950 βίον
3165 1882 3355 1935 τοῦτον
3388 1882 3637 1934 διελθεῖν·
3669 1877 3744 1933 ὧν
3768 1883 3985 1933 πάντων
4027 1886 4053 1932 ο

2472 1972 2760 2041 ἄνθρωπος
2812 1973 3126 2038 ἀναγκαίως
3181 1973 3506 2041 καθαίρεται
3556 1972 3643 2023 διὰ
3705 1972 3897 2023 τούτου
3957 1974 4051 2023 τοῦ

2478 2066 2805 2134 μυστηρίου.
2845 2065 2933 2116 Διὸ
2974 2065 3067 2116 καὶ
3099 2063 3449 2134 προστίθησι,
3503 2082 3522 2113 ι
3558 2062 3675 2115 Κᾶν
3707 2064 3983 2130 ἁμαρτίας

2473 2154 2810 2223 πεποιηκὼς,
2867 2154 3200 2224 ἀφεθήσεται
3257 2152 3430 2222 αὐτῷ.
3464 2170 3483 2204 ι
3542 2153 3707 2205 ’Ὅθεν
3763 2153 3921 2221 δῆλον
3971 2155 4049 2206 ὅτι

2472 2246 2777 2298 τελευταῖόν
2810 2248 2926 2299 ἐστι
2955 2246 3013 2298 τὸ
3042 2246 3342 2314 μυστήριον
3372 2244 3752 2313 τοῦτο,ὦσπερ
3783 2246 4049 2313 ἑπισφρά-

2473 2352 2649 2404 γισμα
2696 2336 2874 2405 πάσης
2913 2336 3011 2402 τῆς
3069 2334 3452 2403 πνευματικῆς
3507 2334 3783 2402 ἰατρείας·
3846 2337 3939 2386 καὶ
3966 2338 4048 2387 ὅτι

2473 2430 2583 2490 τοῖς
2616 2427 2903 2480 ἀσθενοῦσι
2935 2430 3236 2497 προσάγειν
3280 2428 3379 2479 δεῖ·
3418 2431 3511 2479 καὶ
3562 2429 3763 2495 μᾶλλον
3796 2428 4047 2492 ἐκείνοις,

2474 2517 2523 2569 οἳ
2574 2517 2639 2570 δι’
2676 2518 2963 2570 ἀσθένειαν
2995 2516 3097 2569 οὐκ
3126 2516 3515 2584 ἐξεπλήρωσαν
3560 2516 3649 2567 τὸν
3700 2517 4053 2583 ὀφειλόμενον

2474 2608 2653 2671 αὐτοῖς
2693 2608 2892 2663 κανόνα
2918 2624 2933 2639 ·
2973 2608 3065 2660 καὶ
3090 2610 3172 2660 ὃτι
3200 2609 3313 2667 τοῖς
3345 2607 3526 2668 αὐτοῖς
3555 2609 3717 2660 πάλιν
3735 2609 3815 2661 δεῖ
3844 2610 4055 2677 προσά-

2474 2720 2616 2769 γειν,
2652 2704 2700 2755 εί
2730 2703 2865 2769 πρὸς
2900 2702 3000 2773 τὴν
3039 2701 3236 2772 ὁμοίαν
3268 2700 3474 2753 ἔλθοιεν
3511 2702 3780 2769 ἀνάγκην.
3821 2703 4055 2755 Δύναται

2475 2794 2585 2863 γὰρ
2646 2796 2673 2846 ὁ
2726 2794 3019 2862 ἄνθρωπος
3074 2794 3190 2855 τοῖς
3248 2796 3435 2854 αὐτοῖς
3499 2793 3661 2845 πάλιν
3739 2794 4055 2863 ἀτοπήμασι

2476 2886 2836 2955 περιπίπτειν
2882 2886 2972 2937 διὰ
3004 2884 3104 2953 τὴν
3136 2884 3236 2953 τῆς
3287 2883 3503 2951 φύσεως
3560 2883 3845 2936 ἀσθένειαν
3867 2901 3879 2913 ·
3914 2885 4054 2937 ὥστε

2477 2978 2572 3030 καλ⁵
2603 2976 2862 3037 πολλάκις
2902 2974 2981 3045 τῷ
3012 2972 3162 3043 αὐτῷ
3208 2973 3398 3043 τρόπῳ
3438 2974 3536 3039 τῆς
3593 2974 3885 3043 θεραπείας
3920 2974 4055 3042 χρῆ-

2477 3070 2622 3119 σθαι·
2657 3067 2908 3136 καθάπερ
2968 3067 3063 3117 καὶ
3118 3066 3175 3117 ὲν
3208 3067 3271 3132 τῇ
3318 3066 3606 3133 σωματικῇ
3659 3064 3771 3133 ζωῇ
3812 3065 3878 3116 τὰ
3915 3064 4057 3117 αὐτὰ

2402 3165 2445 3221 C
2476 3158 2884 3229 ἀρῤωστήματα
2941 3155 3250 3225 συμϐαίνει,
3304 3156 3399 3209 καὶ
3449 3154 3611 3209 πάλιν
3664 3157 3776 3218 τοῖς
3841 3158 4050 3225 ὀμοίοις

2477 3252 2873 3321 θεραπεύονται
2906 3251 3249 3318 φαρμάκοις.

2552 3350 2718 3402 Πάλιν
2744 3348 2869 3402 ἐπεὶ
2907 3349 2957 3400 οἱ
2992 3347 3223 3417 χορηγοὶ
3252 3349 3348 3399 καὶ
3377 3350 3628 3399 τακτικοὶ
3667 3347 3767 3415 τῆς
3814 3364 4059 3416 σωματι-

2479 3444 2579 3510 κῆς
2610 3442 2755 3508 ζωῆς
2776 3440 2941 3509 διχῶς
2969 3439 3328 3509 θεωροῦνται·
3356 3440 3661 3503 τουτέστιν,
3702 3440 3733 3508 ἦ
3782 3442 3922 3491 κατᾶ
3960 3440 4058 3506 τὴν

2476 3534 2572 3602 τῆς
2607 3534 2823 3600 φύσεως
2858 3534 3219 3602 γονιμότητα,
3275 3532 3413 3600 ὅπερ
3471 3531 3588 3583 ἐστὶ
3618 3532 3728 3583 τῶν
3754 3533 3980 3597 γονέων,
4024 3534 4055 3599 ἦ

2477 3626 2620 3678 κατὰ
2659 3626 2758 3693 τὴν
2792 3625 3079 3693 πολιτικὴν
3111 3624 3309 3693 ἀρχὴν,
3367 3624 3434 3676 δι’
3468 3618 3531 3693 ἦς
3564 3624 3625 3675 τὸ
3654 3624 3929 3691 εἰρηνικὸν
3958 3626 4057 3690 τῆς

2480 3720 2626 3785 ζωῆς
2663 3722 3035 3789 συντηρεῖται,
3068 3719 3204 3786 ὅπερ
3254 3718 3366 3779 τοῖς
3408 3716 3815 3785 βασιλεῦσμκα).
3849 3719 4052 3782 ἄρχου-

2480 3829 2564 3863 σιν
2597 3811 2810 3880 ἀνήκει·
2846 3809 2989 3861 οὕτω
3025 3809 3121 3862 καὶ
3161 3809 3219 3860 ὲν
3255 3811 3319 3877 τῇ
3358 3810 3708 3877 πνευματικῇ
3762 3806 3899 3875 ζωῇ,
3949 3810 4059 3861 εἰσὶ

2482 3904 2581 3971 μὲν
2612 3901 2843 3970 χορηγοὶ
2874 3902 2967 3954 καὶ
2995 3898 3317 3967 φυλακτικοὶ
3351 3898 3450 3965 τῆς
3484 3900 3863 3964 πνευματικῆς
3913 3894 4057 3962 ζωῆς

2480 3992 2621 4045 κατά
2670 3992 2767 4059 τὴν
2804 3991 3184 4059 πνευματικὴν
3214 3990 3493 4041 διακονίαν
3546 3990 3729 4055 μόνον.
3760 3988 3895 4056 ὅπερ
3941 3989 4054 4037 ἐστἴ

2479 4081 2571 4133 τοῦ
2611 4082 2915 4150 μυστηρίου
2957 4080 3066 4131 τῶν
3111 4079 3356 4142 τάξεων·
3402 4081 3497 4131 καὶ
3555 4079 3844 4146 θεωρεῖται
3900 4078 4056 4128 τοῦτν

2481 4176 2538 4225 ἐν
2577 4176 2687 4236 τοῖς
2719 4172 3035 4243 ἀρχιερεῦσι
3069 4173 3164 4224 καὶ
3219 4174 3332 4233 τοῖς
3386 4170 3567 4231 ἀλλοις
3596 4171 3905 4236 οἰκονόμοις
3960 4170 4056 4237 τῆς

2481 4270 2862 4333 πνευμσ.τ·κῆς
2895 4265 3193 4324 πολιτείας·
3222 4264 3329 4316 εἰσὶ
3355 4263 3413 4315 δὲ
3462 4263 3556 4315 καὶ
3588 4263 3729 4315 κατὰ
3763 4263 3858 4331 τὴν
3889 4280 4055 4313 πνευ-

2482 4357 2721 4429 ματικὴν
2749 4358 2897 4426 ζωὴν
2949 4356 3089 4427 ὁμοῦ
3127 4357 3221 4409 καὶ
3272 4356 3611 4424 σωματικήν·
3645 4355 3673 4407 ὃ
3727 4356 3936 4421 γίνεται
3972 4355 4056 4406 Cri

2480 4451 2574 4504 τοῦ
2611 4450 2938 4521 μυστηρίου,
2996 4448 3133 4502 καθ’.
3169 4449 3197 4500 ὅ
3246 4449 3606 4517 συνέρχονται
3636 4447 3664 4498 ὁ
3714 4447 3855 4515 ἀνὴρ
3901 4448 3995 4497 καὶ
4026 4446 4055 4499 ἦ

783 4536 1143 4604 rnligiosaque
1176 4538 1365 4602 pietate
1397 4551 1457 4587 ac
1494 4536 1583 4588 Dei
1614 4535 1758 4588 cultu
1805 4536 2107 4587 enutriant.
2143 4536 2361 4605 Alioqui
2399 4507 2449 4566 Β
2477 4560 2532 4610 γι

2310 4538 2361 4591 Hi
2399 4507 2449 4566 D
2477 4544 2637 4610 γυνὴ,
2663 4541 2808 4594 ὥστε
2839 4539 3097 4609 γεννῆσαι
3125 4537 3318 4591 τέκνον
3348 4537 3443 4588 καὶ
3490 4535 3798 4603 ἀναθρέψαι
3850 4536 3927 4595 εἰς
3962 4535 4047 4603 τὴι

780 4628 923 4679 enim
965 4629 1149 4691 nequit
1188 4628 1300 4680 iil‘l'i
1346 4637 1403 4679 ut
1453 4628 1752 4679 humanum
1788 4642 1984 4693 genus,
2020 4626 2148 4679 dum
2185 4642 2369 4681 rerum

782 4720 895 4772 ha-c
932 4722 1265 4773 nnivrrsttas
1294 4720 1357 4772 ad
1397 4731 1705 4773 extremum
1767 4719 2111 4783 inunutetar,
2154 4734 2370 4786 perma-

782 4827 923 4865 neat.
966 4813 1117 4879 Quod
1156 4816 1281 4866 item
1330 4814 1527 4881 nuptizc
1557 4814 1689 4866 nihil
1724 4815 2079 4882 turpitudinis
2110 4816 2365 4884 habeant;

778 4925 1088 4976 quanquam
1112 4908 1254 4959 enim
1282 4906 1563 4973 virginitas
1590 4905 1825 4957 nobilior
1848 4915 1951 4967 est,
1980 4908 2117 4959 hami
2141 4910 2368 4976 prointh

775 4998 1141 5052 exsecrahiIes
1189 4998 1388 5066 nnpti.e
1431 4996 1673 5064 nihilque
1720 4995 2073 5051 honorahiles
2106 4999 2173 5052 ".
2212 4998 2367 5054 Unde

774 5101 828 5145 et
860 5090 1114 5144 Christus
1155 5104 1251 5142 sua
1277 5104 1369 5140 eas
1393 5089 1678 5157 praesentia
1715 5088 2006 5141 honoravit
2044 5091 2093 5142 in
2117 5090 2265 5145 Cana
2294 5094 2360 5146 ⁷⁸.

777 5185 852 5237 liv
887 5182 1096 5235 ratione
1140 5190 1467 5234 tamencum
1495 5178 1615 5233 aliis
1649 5180 1904 5233 utendum
1936 5194 2362 5250 sacramentum,

776 5288 890 5330 tum
931 5279 1055 5332 isto.
1088 5278 1141 5331 Si
1176 5278 1322 5331 enim
1364 5276 1444 5330 vel
1476 5276 1527 5327 in
1570 5275 1673 5329 hoc
1704 5275 1785 5328 vel
1824 5276 1877 5327 in
1911 5276 2141 5345 reliquis
2165 5317 2178 5337 ,
2216 5279 2359 5348 quod

772 5374 843 5425 sit.
873 5386 937 5425 ex
974 5370 1183 5425 ratione
1216 5369 1432 5421 deliciat
1461 5409 1475 5433 ,
1513 5368 1712 5420 nedum
1748 5366 1948 5419 nullam
1987 5366 2220 5422 aﬂerunt
2254 5371 2361 5424 uti-

773 5462 1006 5525 litatum,
1040 5478 1227 5516 verum
1260 5463 1426 5515 etiam
1474 5463 1654 5515 alieno
1698 5476 1726 5513 a
1780 5460 1989 5515 ratione
2044 5478 2145 5518 usu
2192 5464 2360 5533 pluri-

773 5574 918 5611 mum
956 5558 1115 5613 nohis
1146 5558 1406 5611 damnum
1451 5566 1661 5611 creant.

846 5652 918 5706 De
953 5653 1057 5706 illis
1093 5653 1275 5723 itaque
1310 5653 1698 5718 sacramentis,
1733 5668 1851 5722 qua:
1881 5651 2039 5709 nobis
2073 5651 2197 5706 data
2233 5659 2361 5707 sunt

855 5836 899 5864 f"
944 5833 1103 5888 Ilebr.
1166 5852 1286 5900 λιιι,
1332 5836 1382 5890 εί.
1463 5840 1505 5869 "°
1552 5836 1710 5894 Joan.
1752 5855 1812 5893 ll.
1857 5843 1900 5893 l.

2476 4633 2567 4686 τοῦ
2593 4632 2728 4687 Θεοῦ
2752 4634 3029 4701 λατρείαν.
3068 4630 3276 4687 Ἀλλωε
3326 4632 3434 4697 γὰρ
3467 4628 3568 4679 οὐκ
3622 4628 3737 4679 ἐστι
3776 4627 4055 4695 διαμένειν

2472 4726 2533 4777 τὸ
2564 4726 2905 4796 ἀνθρώπινον
2939 4725 3097 4790 γένος
3144 4724 3307 4791 μέχρι
3353 4722 3449 4787 τῆς
3484 4719 3577 4772 τοῦ
3614 4720 3816 4780 παντὸς
3867 4720 3960 4770 ἐπὶ
3998 4720 4054 4770 το

2473 4819 2700 4887 ἔτχατον
2723 4816 3082 4878 ἀλλοιώσεως·
3108 4816 3201 4868 καὶ
3223 4817 3305 4867 ὅτι
3325 4815 3499 4881 γάμος
3523 4811 3622 4863 οὐκ
3644 4812 3790 4862 ἐστιν
3808 4811 3932 4877 αἰσχ
3944 4810 4053 4875 priv-

2470 4910 2532 4961 ού
2564 4910 2675 4977 γὰρ
2723 4909 2771 4960 εί
2829 4904 3164 4977 ἡπαρθενία
3217 4901 3573 4971 τιμιώτερον,
3628 4899 3919 4967 pastu-am
3961 4900 4050 4948 καί

2471 5002 2671 5069 ἄτιμον
2704 5000 2764 5053 τὸ
2797 5000 2891 5052 τοῦ
2914 4998 3121 5068 γάμου.
3150 4997 3241 5048 Διὸ
3276 4998 3372 5047 καὶ
3412 4994 3439 5043 ὁ
3482 4991 3713 5062 Χριστὸς
3746 4990 3907 5041 αὑτὸν
3943 4991 4051 5041 ut-

2474 5110 2646 5163 μησεν
2702 5094 2759 5145 ἐν
2793 5092 2950 5160 Κανᾷ
2996 5092 3061 5157 τῇ
3112 5087 3312 5140 ἑαυτοῦ
3355 5084 3654 5154 παρουσίᾳ.
3720 5083 3864 5150 Πλὴν
3911 5083 4051 5133 κατὰ

2469 5185 2630 5253 λόγον
2658 5185 2741 5237 δεῖ
2770 5184 2863 5235 καὶ
2892 5185 3007 5244 τοῖς
3037 5181 3218 5241 ἄλλοις
3246 5181 3340 5232 καὶ
3371 5178 3547 5245 τούτῳ
3574 5175 3832 5246 χρῆσθαι.
3861 5174 3919 5224 El
3947 5175 4050 5240 γὰρ

2466 5277 2529 5330 τὸ
2570 5275 2714 5327 κατά
2744 5276 2901 5342 λόγον
2930 5273 3127 5327 ἄπεστι
3164 5270 3261 5324 καὶ
3293 5272 3385 5323 ἐπὶ
3434 5271 3630 5322 τούτου
3665 5267 3761 5319 καὶ
3804 5266 3895 5316 ἐπὶ
3946 5265 4050 5314 τῶν

2472 5368 2651 5422 ἄλλων
2681 5366 3021 5437 μυστηρίων,
3052 5363 3113 5417 οὐ
3143 5362 3306 5431 μόνον
3331 5361 3484 5414 οὐδὲν
3508 5357 3891 5428 ὠφελούμεθα,
3916 5356 4049 5408 ἀλλὰ

2471 5462 2567 5514 καὶ
2602 5458 2955 5529 βλαῃόμεθα
2982 5456 3113 5524 παρ’
3143 5456 3323 5508 αὐτῶν
3348 5452 3437 5504 διὰ
3464 5451 3567 5522 τὴν
3615 5451 3811 5517 ἄλογον
3852 5449 4050 5517 χρῆσιν

2470 5558 2652 5631 ἡμῶν.
4072 5536 4081 5543 ¹

2543 5650 2679 5720 Πιερί
2707 5648 2806 5717 μὲν
2837 5642 2931 5701 οὖν
2949 5646 3053 5700 τῶν
3088 5637 3537 5713 παραδεδομένων
3562 5639 3696 5707 ἡμῖν
3726 5652 4047 5707 poetarum:
