4428 6444
375 382 482 446 669

1401 389 1495 446 DE
1541 385 1955 444 PRlNClPllS
1997 385 2201 443 FlDEl
2244 388 2699 447 CATHOLICE.

3519 396 3623 454 610

378 501 457 557 εἰς
517 498 879 563 ἀναγὲννησιν
930 497 1019 547 καὶ
1072 495 1366 565 θεραπείαν
1394 498 1493 562 τῆς
1525 495 1794 563 ἡμετέρας
1847 495 1945 562 φύ-
1977 497 2015 552 Α
2051 494 2113 545 ad

1870 495 1945 545 :‘J-
1977 497 2015 552 Α
2051 494 2113 545 ad
2146 504 2350 547 naturae
2382 506 2581 549 nostra:
2618 497 2846 565 spiritali
2893 498 2997 552 vita
3051 501 3511 568 regenerationem
3557 520 3619 556 ac

374 604 512 647 σεως
549 588 693 639 κατά
727 588 827 656 τὴν
852 588 1227 656 πνευματικὴν
1255 588 1400 656 ζωὴν
1441 587 1596 639 ταῦτ’
1627 589 1685 638 ἐν
1714 589 1945 655 ἐπιτομῇ

370 676 687 744 διήλθομεν
723 677 791 728 τὰ
819 677 873 728 δὲ
907 677 1179 743 βαθύτεραι
1217 676 1309 727 καὶ
1337 676 1637 744 λεπτότερα
1676 679 1732 728 ἐν
1764 678 1947 738 αὐτοῖς

371 770 487 826 τοί;
518 767 615 832 τὴν
644 767 798 820 θείαν
829 766 1075 835 μετιοῦσι
1103 766 1345 835 Γραφὴν,
1387 767 1480 819 καὶ
1529 770 1641 828 τοῖς
1696 767 1945 820 διδασκά-

372 841 497 917 λοις
524 860 620 923 τῆς
680 859 777 910 τοῦ
832 858 967 912 Θεοῦ
1018 859 1347 927 Ἐκκλησίας
1380 860 1704 929 τρανότερον
1740 863 1945 931 ἀνακα-

371 944 733 1011 λυφθήσεται.
1470 976 1507 1004 ,ι

444 1034 749 1101 Παρέδοντο
781 1035 835 1087 δέ
872 1037 964 1087 καὶ
993 1036 1097 1087 ὑπὸ
1125 1037 1216 1087 τοῦ
1253 1035 1502 1089 διαϐόλου
1528 1041 1803 1107 μυστήριά
1826 1058 1947 1093 τινα

372 1123 545 1190 ἐναγῆ
596 1123 718 1175 κατ’
754 1124 917 1177 αὐτὸν
942 1127 1056 1184 τοῖς
1103 1126 1162 1177 τὸ
1195 1127 1364 1192 ὄνομα
1404 1128 1495 1178 τοῦ
1529 1129 1656 1181 Υίοῦ
1686 1132 1780 1181 τοῦ
1809 1132 1945 1183 Θεοῦ

373 1214 737 1281 ἀρνουμένοις
773 1217 866 1267 καὶ
892 1215 991 1283 τὴν
1019 1216 1437 1286 ἐνανθρώπησιν
1472 1219 1660 1283 αὑτοῦ,
1695 1225 1785 1273 καὶ
1815 1224 1948 1273 ὑπο-

370 1306 728 1371 ταττομένοις
763 1308 913 1373 αύτῷ
953 1306 1029 1375 τῷ
1058 1308 1309 1376 διαὸόλῳ,
1364 1310 1394 1377 ἢ
1449 1311 1541 1361 καὶ
1577 1312 1679 1361 ὑπὸ
1736 1311 1813 1379 τῷ
1852 1312 1943 1363 τοῦ

372 1396 509 1447 Θεοῦ
538 1398 765 1465 ὀνόματι
797 1399 889 1449 ὑπ’
936 1399 1146 1450 ἐκείνου
1188 1403 1243 1451 ἐν
1284 1401 1565 1463 εὐσεϐείας
1597 1404 1946 1470 προσχήματι

369 1485 780 1553 ἁπαιωμένοις.
825 1489 935 1539 Καὶ
984 1489 1092 1557 γὰρ
1127 1490 1221 1541 καὶ
1272 1490 1422 1559 παρὰ
1451 1491 1660 1553 τούτοις
1692 1494 1796 1543 είσὶ
1852 1495 1945 1546 καὶ

370 1579 618 1641 νηστεῖαι
647 1579 736 1627 καὶ
764 1577 976 1629 τελεταὶ
1010 1582 1105 1629 καὶ
1143 1581 1329 1648 ἑορταὶ
1378 1581 1469 1632 καὶ
1500 1581 1821 1645 ἀπολούσεις
1854 1585 1945 1636 καὶ

371 1668 551 1731 φῶτα,
585 1671 663 1729 είς
694 1669 922 1736 ἄγγελον
965 1672 1143 1737 φωτὸς
1180 1673 1272 1722 τοῦ
1326 1673 1564 1741 πονηροῦ
1611 1675 1799 1726 ἑαυτὸν
1853 1692 1946 1742 με·

366 1758 905 1824 τασχηματίζοντοςο
963 1762 1139 1812 καίτοι
1196 1764 1291 1814 καὶ
1352 1765 1483 1831 ἡμῖν
1521 1764 1624 1817 εἰσι
1661 1766 1814 1833 φῶτα
1852 1767 1945 1820 καὶ

369 1848 685 1916 ἐλλάμψεις·
720 1852 835 1901 ἀλλ’
879 1852 939 1903 οῦ
987 1852 1231 1918 τοιαῦτα,
1264 1856 1422 1906 ὁποῖα
1451 1855 1501 1906 οἱ
1534 1855 1813 1927 μάρτυρες
1846 1859 1943 1924 τῆς

366 1937 632 2004 ἀληθείας
681 1942 740 1991 ἐν
786 1944 905 2004 ταῖς
960 1945 1231 2010 φυλακαῖς
1281 1944 1494 2011 ἐώρων,
1531 1947 1671 2014 άπερ
1706 1948 1817 1999 ἔσθ’
1858 1951 1946 2000 ὅτε

367 2030 462 2079 καὶ
520 2031 624 2081 ὑπὸ
673 2030 783 2085 τῶν
828 2032 1074 2085 ἀπίστων
1109 2035 1418 2099 ἐϐλέποντο,
1459 2037 1537 2099 είς
1571 2038 1792 2107 ἔλεγχον
1848 2042 1948 2107 μὲν

364 2118 550 2170 αὐτῶν
590 2121 684 2173 καὶ
732 2124 1078 2191 κατάκρισιν,
1135 2125 1216 2186 είς
1251 2125 1448 2193 θάρσος
1484 2127 1540 2178 δὲ
1588 2128 1687 2195 τῆς
1724 2131 1947 2182 ἐκείνων

361 2205 567 2275 ψυχῆς,
623 2208 717 2259 καὶ
751 2210 1046 2280 appaream
1079 2215 1173 2265 καὶ
1204 2212 1395 2266 ἐλπίδα
1446 2217 1538 2268 καὶ
1576 2214 1948 2287 πληροᾳορίαν

364 2296 467 2364 τῆς
504 2297 817 2366 -μελλούσης
872 2301 1071 2364 αὐτοὺς
1133 2303 1452 2367 ἐκδέξεσοαι
1517 2309 1945 2379 μακαριότητος,

367 2388 466 2438 καὶ
515 2389 594 2451 είς
635 2391 858 2455 ἔνδειξιν
901 2394 994 2445 τοῦ
1028 2395 1110 2446 ὅτι
1168 2398 1236 2448 τὰ
1288 2400 1438 2466 παρά
1493 2401 1601 2452 τῶν
1652 2403 1947 2470 μαρτύρων

366 2477 505 2546 ἔργα
556 2481 829 2551 ἀποδοχῆς
867 2482 1056 2554 ἔτυχον
1103 2487 1257 2555 παρά
1294 2488 1369 2557 τῷ
1419 2489 1558 2557 Θεῷ.
1624 2492 1837 2544 Ἐκεῖνα
1889 2493 1945 2546 δὲ

366 2568 603 2636 θόρυὸον
628 2572 721 2623 καὶ
746 2574 997 2643 ταραχὴν
1021 2575 1116 2626 καὶ
1144 2577 1346 2646 τρόμον
1369 2578 1655 2647 ἐμποιοῦσι
1686 2585 1751 2650 τῇ
1774 2582 1941 2652 ψυχῇ.
1968 2627 1973 2633 .

368 2661 535 2714 Ὀθεν
566 2663 822 2716 τοσοῦτον
881 2666 1231 2735 διαφέρουσιν
1279 2670 1549 2740 ἀλλήλων,
1609 2674 1782 2727 δτιτέι
1848 2677 1946 2744 μὲν

363 2753 612 2821 ἡμέτερα
662 2757 939 2825 μυστήρια
970 2759 1224 2827 ἁληθιναί
1252 2762 1363 2812 είσι
1395 2764 1717 2832 καθάρσεις,
1757 2766 1948 2819 ἀναϐι-

372 2842 645 2903 ϐάζουσαι
689 2845 838 2913 ἡμᾶς
867 2846 1003 2916 πρὸς
1028 2849 1278 2918 οὐρανὸν,
1310 2854 1401 2903 καὶ
1455 2854 1813 2921 προξενοῦσαι
1846 2858 1945 2925 τὴν

366 2931 464 2983 τοῦ
496 2933 629 2985 Θεοῦ
663 2934 967 3004 βασιλείαν,
1026 2940 1120 2991 καὶ
1151 2939 1373 2993 ἐνοῦσαι
1424 2943 1572 3013 αὖτῷ
1599 2944 1676 3013 τῷ
1705 2946 1844 3016 Θεῷ,
1880 2948 1947 3001 ἂν

369 3025 536 3092 μόνον
564 3024 664 3093 τὴν
715 3028 1098 3097 προσήκουσαν
1128 3030 1413 3084 εῦλάόειαν
1442 3036 1534 3086 καὶ
1569 3034 1752 3087 πίστιν
1806 3038 1944 3108 ἔχω-

2052 585 2411 647 cnrationem,
2445 586 2556 639 luce
2591 587 2693 639 sub
2723 589 3038 654 compendio
3067 592 3470 654 percurrimus:
3500 610 3621 658 qnse

2054 686 2177 723 vero
2221 673 2271 725 in
2307 676 2386 726 cis
2418 676 2611 729 altiora
2650 685 2778 729 sunt
2813 685 2864 729 et
2901 678 3203 739 subtiliora,
3239 680 3321 732 his
3352 681 3443 748 qui
3479 684 3618 735 diii-

2053 777 2149 815 nas
2183 763 2489 831 Scripturas
2546 768 2756 834 legent,
2790 778 2841 820 et
2873 770 2938 818 ab
2969 766 3223 821 Eeclesim
3256 770 3346 821 Dei
3377 771 3618 825 doctori-

2053 852 2152 906 bus
2193 854 2395 907 clarius
2428 858 2712 910 manifesta
2747 858 2897 911 ﬁent.

2121 1026 2261 1089 Quin
2296 1029 2457 1080 etiam
2501 1044 2529 1081 a
2566 1031 2778 1082 diabolo
2816 1031 3043 1083 scelesta
3075 1033 3340 1105 qumilani.
3379 1050 3475 1099 pro
3504 1035 3621 1102 ejus

2033 1118 2285 1178 ratione.
2344 1121 2537 1171 tradita
2595 1132 2929 1172 sacramenta
2968 1134 3093 1174 sunt
3124 1138 3185 1174 ac
3222 1127 3471 1192 mysteria
3502 1167 3513 1185 ,
3555 1128 3622 1176 iis

2048 1208 2140 1271 qui
2185 1208 2301 1260 Filii
2339 1209 2427 1260 Dei
2480 1225 2675 1261 nomen
2716 1215 2988 1278 abnegrunt
3038 1227 3097 1262 ac
3132 1216 3271 1278 quod
3328 1215 3415 1265 ille
3462 1216 3623 1265 linum

2052 1297 2226 1351 factus
2253 1310 2351 1357 est.
2389 1302 2597 1367 ipsique
2637 1303 2855 1353 diabolo
2887 1318 3004 1355 sese
3038 1305 3367 1370 maneipant,
3407 1314 3497 1355 ant
3529 1307 3620 1371 qui

2048 1392 2210 1445 etiam
2246 1394 2346 1445 sub
2370 1393 2460 1445 Dei
2495 1396 2712 1446 nomine
2745 1397 2959 1462 pietatis
2992 1397 3135 1447 larva
3171 1398 3237 1448 ab
3265 1413 3328 1448 eo
3358 1399 3621 1450 seducun-

2052 1490 2154 1533 tur.
2197 1481 2329 1533 Nam
2364 1484 2501 1550 aputl
2539 1484 2637 1535 hos
2679 1497 2903 1551 quoque
2935 1485 3134 1553 jejunia
3187 1497 3312 1539 sunt
3361 1499 3411 1539 ct
3454 1504 3620 1539 ciere

2050 1574 2247 1625 monia)
2277 1574 2650 1642 festoruman
2683 1576 2969 1639 solemnia,
3000 1588 3052 1628 et
3084 1579 3335 1630 lustrales
3359 1580 3622 1645 etpiatio-

2050 1675 2147 1715 nes
2179 1671 2231 1715 et
2264 1662 2496 1728 Iumina;
2530 1665 2656 1715 dum
2716 1665 3001 1725 nimirum,
3047 1682 3103 1718 se
3158 1669 3522 1733 nequissimus
3568 1670 3619 1719 iu

2049 1753 2299 1821 angelum
2356 1756 2491 1806 lucis
2527 1757 2874 1823 transﬁgurat
2909 1756 2975 1818 ",
3009 1773 3317 1824 quanquam
3356 1776 3422 1812 ne
3462 1762 3623 1813 nobis

2049 1846 2265 1912 quidem
2307 1846 2508 1900 desunt
2536 1847 2738 1899 lumina
2788 1857 2839 1899 ct
2889 1849 3324 1913 illustrationes;
3364 1852 3501 1903 haud
3531 1844 3620 1904 ta-

2050 1951 2173 1990 men
2209 1938 2389 2005 qualia
2424 1938 2668 1990 veritatis
2704 1948 2869 1990 testes
2905 1941 3099 2007 (sarcti
3132 1940 3386 1994 nimirum
3424 1956 3623 2013 marty-

2048 2030 2159 2096 res)
2192 2028 2244 2081 in
2278 2030 2567 2097 ergastulis
2600 2030 2883 2083 constituti
2920 2031 3162 2084 riderqu
3194 2051 3207 2095 ;
3256 2048 3373 2100 qn:e
3407 2045 3455 2087 ct
3492 2037 3625 2103 ipsis

2047 2119 2375 2188 quandoque
2417 2120 2726 2175 inlidelibus
2778 2134 3067 2191 conspecta
3108 2134 3267 2186 sunt,
3321 2128 3386 2179 ad
3434 2143 3623 2182 eorum

2049 2210 2431 2264 revinccudam
2515 2214 2873 2281 pervicaciam
2944 2230 3007 2265 ac
3070 2219 3621 2283 cendemnationem;

2048 2312 2469 2371 sanctorumque
2506 2304 2697 2356 ﬁducia
2730 2305 3005 2372 augendos
3058 2308 3301 2367 animos,
3354 2312 3621 2363 arrhabo—

2049 2410 2279 2464 nemque
2326 2410 2389 2449 ac
2436 2412 2585 2465 spem
2623 2408 2935 2465 certamque
2973 2399 3436 2465 exspectationem
3491 2418 3625 2470 prie-

2048 2486 2324 2547 standam,
2366 2495 2671 2555 exceptura:
2718 2488 2841 2539 illos
2877 2488 3189 2552 bealitatis;
3221 2506 3282 2542 ac
3316 2492 3529 2544 demum
3567 2504 3624 2544 ut

2048 2576 2174 2630 inde
2205 2576 2550 2639 claresceret,
2591 2587 2887 2645 martyrum
2918 2592 3080 2644 opera
3113 2594 3175 2630 ac
3205 2580 3487 2645 passiones
3521 2580 3627 2633 lleo

2046 2677 2263 2735 accepta
2299 2683 2440 2721 esse.
2476 2667 2572 2720 Illa
2605 2682 2729 2720 vero
2781 2683 2843 2720 ac
2896 2669 3163 2721 diabolica
3215 2672 3455 2721 animum
3508 2680 3624 2723 tur—

2046 2758 2201 2824 bant,
2232 2736 2603 2827 terroremque
2632 2774 2696 2811 ac
2737 2760 3015 2812 horrorem
3044 2759 3318 2827 ingerunt.
3344 2761 3628 2828 Tanloque

2048 2853 2161 2907 haec
2200 2867 2229 2904 a
2283 2866 2342 2905 se
2393 2852 2623 2905 invicem
2668 2853 2872 2906 distant
2922 2852 3239 2905 discrimine
3268 2892 3281 2916 ,
3324 2863 3382 2906 ut
3443 2868 3626 2906 nostra

2048 2944 2303 3012 mysteria
2335 2959 2398 2998 ac
2416 2956 2760 2998 sacramenta
2818 2958 2959 2998 verm
2983 2944 3091 2998 sint
3119 2946 3468 2998 lustrationes
3510 2962 3631 3013 qua:

2049 3032 2099 3084 in
2136 3034 2333 3087 malum
2364 3034 2684 3101 provehant,
2722 3033 2926 3100 Deique
2954 3048 3180 3103 regnum
3212 3034 3538 3097 concilient,
3565 3050 3629 3088 ac

369 3131 471 3182 μεν
510 3116 645 3185 πρὸς
675 3117 773 3186 τὴν
803 3120 1201 3187 παραδοδεὶραν
1233 3123 1365 3191 ἡμῖν
1411 3124 1505 3175 ὑπ’
1535 3127 1701 3179 αὑτοῦ
1736 3128 1941 3197 πίστιν,
1970 3135 2013 3191 C
2048 3125 2118 3194 ἰρε

1878 3148 1941 3197 ιν,
1970 3135 2013 3191 c
2048 3125 2149 3194 ipsi
2193 3125 2306 3178 Deo
2353 3126 2637 3189 couniant,
2689 3125 2734 3179 si
2782 3126 2941 3178 modo
2995 3125 3164 3178 solum
3217 3126 3627 3179 convenientem

366 3204 465 3256 καὶ
489 3204 851 3275 φυλάττωμεν
878 3208 1047 3278 αὐτὴν
1074 3208 1243 3276 ὑγιῶς
1272 3213 1365 3265 καὶ
1394 3212 1573 3282 λόγοις
1619 3219 1713 3271 καὶ
1739 3218 1942 3290 ἔργοις·

370 3294 432 3345 αἱ
454 3295 509 3347 δέ
535 3296 643 3348 τῶν
673 3297 779 3360 ἔξω
804 3298 1127 3371 καθάρσεις,
1161 3297 1270 3355 οἷαί
1303 3306 1410 3357 εισι
1457 3308 1563 3360 τῶν
1591 3311 1946 3381 ἀρνουμένων

363 3384 458 3435 τδν
492 3384 618 3436 Υἱδν
643 3389 737 3439 τοῦ
766 3388 903 3439 Θεοῦ
940 3391 1034 3442 καὶ
1060 3394 1158 3460 τὴν
1191 3392 1471 3462 σάρκωσιν
1503 3398 1695 3463 αὐτοῦ,
1725 3402 1861 3471 πρὸς
1889 3404 1946 3456 τὸ

370 3479 563 3540 σκότος
613 3480 672 3531 τὸ
725 3481 990 3550 ἐξώτερον
1021 3484 1235 3553 ἄγουσι,
1273 3490 1366 3541 καὶ
1398 3490 1494 3541 τοῦ
1525 3492 1776 3546 διαόόλου
1813 3496 1945 3567 κληο

372 3572 639 3639 ρονόμους
692 3574 1016 3641 ἐργάζονται
1047 3593 1063 3609 ο
1115 3580 1361 3645 ἐκείνους
1421 3584 1685 3652 δηλονότι,
1750 3590 1947 3654 οἵτινες

369 3662 728 3733 ἀπατώμενοι
759 3667 853 3717 καὶ
881 3667 1225 3737 πλανώμενοι
1259 3674 1387 3742 παρ’
1416 3676 1581 3729 αὐτοῦ
1636 3678 1686 3730 δι
1732 3680 1949 3735 εἰδωλοο

367 3749 626 3819 λατρείας
655 3756 750 3805 καὶ
778 3756 954 3809 ἄλλων
986 3759 1148 3812 τινῶν
1180 3764 1616 3834 πεπλανημένων
1636 3768 1945 3839 δογμάτων,

369 3846 463 3895 καὶ
491 3845 577 3895 διὰ
610 3846 720 3898 τῶν
755 3852 1020 3919 μυσαρῶν
1046 3853 1212 3905 αὐτοῦ
1239 3855 1558 3926 καθάρσεων
1589 3865 1949 3933 προσέχουσιν

373 3935 523 4001 αῦτῴ
549 3952 562 3964 ο
594 3937 627 4005 ἢ
679 3942 797 4005 καὶ,
847 3940 923 4003 ὠς
972 3944 1273 4012 νομίζουσι,
1314 3948 1406 4001 τὸν
1436 3949 1568 4003 Θεὸν
1613 3953 1947 4023 ἐπισφαλῶς,

371 4029 468 4077 καὶ
500 4030 597 4096 οὐχ
636 4028 711 4089 ῶς
761 4030 863 4092 δεῖ,
923 4037 1341 4101 προσκυνοῦσιν.
1380 4039 1519 4093 Ὀσα
1576 4044 1672 4112 μὲν
1720 4039 1814 4099 οὖν
1842 4050 1950 4104 ἀπὸ

374 4117 614 4212 πίστεως
664 4121 1048 4191 ἀναμφιϐόλως
1099 4128 1473 4200 ὁμολογοῦμεν
1504 4136 1635 4205 περὶ
1664 4138 1761 4207 τῆς
1812 4157 1948 4212 σαρ-

367 4204 596 4268 κώσεως
623 4210 717 4262 τοῦ
764 4210 891 4264 Υἱοῦ
942 4214 1035 4267 τοῦ
1069 4217 1230 4282 Θεοῦ,
1285 4221 1439 4273 ταῦτ’
1486 4226 1606 4278 ἐστὶ
1664 4230 1733 4281 τὰ
1784 4204 1951 4301 κεφα-

367 4294 760 4371 λαιωδέστερα.

981 4399 1231 4455 ΚΕΦΑΛ.
1273 4402 1347 4457 Ζ’.

2052 3218 2306 3286 pietatem
2341 3217 2612 3286 [idemque
2644 3222 2771 3287 erga
2815 3218 3070 3270 traditam
3111 3216 3273 3269 nobis
3303 3217 3369 3268 ab
3406 3216 3523 3285 ipso
3570 3217 3628 3268 ﬁ-

2048 3314 2167 3366 dem
2226 3314 2545 3376 liabeamus,
2593 3310 2893 3381 sanamqne
2941 3329 3059 3368 eam
3094 3313 3276 3366 verbis
3325 3315 3526 3381 pariter
3579 3321 3632 3365 et

2049 3405 2304 3473 operibus
2338 3405 2744 3459 custodiamus;
2798 3406 3046 3459 Profanzr.
3092 3420 3219 3457 vero
3268 3404 3629 3472 expiationes,

2049 3497 2235 3565 quales
2263 3506 2389 3550 sunt
2415 3511 2604 3550 eorum
2633 3494 2723 3564 τιυὶ
2761 3495 2849 3549 Dei
2886 3495 3081 3549 Filium
3120 3496 3348 3563 ejusque
3382 3497 3632 3547 incarna-

2051 3590 2251 3642 tionem
2288 3599 2511 3656 negaut,
2540 3587 2605 3641 ad
2658 3588 2912 3641 tenebras
2958 3598 3255 3641 exteriores
3286 3587 3514 3649 ducum,
3572 3600 3634 3638 ac

2050 3681 2253 3735 diaboli
2288 3681 2525 3735 limi-edes
2555 3680 2832 3746 efﬁciunt;
2869 3680 2993 3735 illos
3032 3680 3241 3734 scilicet
3290 3680 3380 3747 qui
3440 3680 3506 3731 ab
3559 3694 3626 3731 eo

2050 3773 2258 3851 seducti
2289 3773 2583 3843 erroreqn'e
2627 3773 2803 3827 abacti
2840 3788 2931 3840 per
2963 3772 3329 3825 idololatrian)
3394 3783 3448 3824 et
3497 3770 3634 3822 alias

2055 3868 2320 3934 quasdam
2351 3866 2516 3920 falsas
2547 3867 2843 3926 doctrinas,
2873 3864 3103 3932 ejusque
3144 3865 3509 3916 exs~crandas
3553 3863 3635 3947 lu.-

2051 3957 2367 4018 strationes,
2423 3960 2660 4011 animum
2699 3958 2745 4009 ei
2800 3955 3126 4019 attendunt;
3182 3955 3261 4008 vel
3320 3955 3532 4021 etiam,
3573 3966 3634 4009 ut

2051 4047 2365 4115 opinantur,
2419 4046 2798 4117 superstitiose
2850 4046 3118 4115 falsoque,
3172 4060 3271 4098 nec
3327 4056 3383 4098 ut
3440 4046 3632 4108 decet,

2054 4137 2219 4189 Deum
2251 4137 2499 4190 adorant.
2544 4135 2677 4201 Qua:
2711 4150 2874 4205 porro
2913 4151 2976 4189 ex
3018 4135 3120 4190 ﬁde
3159 4136 3293 4189 citra
3325 4136 3487 4188 ullam
3528 4136 3632 4190 dn-

2053 4225 2369 4281 bitationem
2404 4228 2468 4281 de
2494 4225 2613 4280 Filii
2651 4226 2743 4281 Dei
2788 4226 3164 4281 incarnatione
3193 4226 3493 4291 credimus,
3530 4220 3635 4281 isla

2052 4316 2497 4386 compendiosius
2530 4317 2725 4371 tradita
2760 4330 2907 4371 sunt.

2654 4406 2882 4461 CAPUT
2928 4406 3036 4459 Vll.

343 4498 503 4560 ,Ἔτι
536 4503 667 4569 περὶ
700 4502 810 4572 τῆς
849 4508 1210 4576 σαρκώσεως
1254 4510 1321 4566 ἐκ
1377 4517 1601 4583 λόγων,
1656 4520 1733 4584 ὡς
1788 4523 1955 4578 ἐνδέ-
1985 4497 2092 4577 D-A

1885 4525 1955 4578 ῖέ-
1985 4497 2035 4561 θη
2056 4525 2240 4577 Adhuc
2264 4524 2326 4577 de
2356 4522 2743 4585 incarnatione,
2782 4537 2845 4574 ea:
2870 4522 3135 4573 rationum
3167 4531 3441 4573 momentis
3476 4537 3634 4588 quan-

1064 4597 1257 4646 χεται.

445 4662 564 4715 Ἰνα
594 4664 649 4716 δὲ
686 4666 780 4718 καὶ
810 4666 967 4734 λόγον
1015 4670 1232 4740 ἔχωμεν
1271 4677 1671 4743 συμφωνοῦντα
1713 4682 1843 4749 ἡμῖν
1872 4686 1950 4747 είς

366 4774 437 4811 τι
466 4760 574 4813 ἀπὸ
599 4761 698 4832 τῆς
732 4764 990 4831 πίστεως,
1026 4770 1118 4821 καὶ
1159 4770 1246 4821 ἵνα
1277 4773 1407 4823 ὅταν
1438 4791 1520 4836 τις
1561 4776 1669 4826 τῶν
1704 4777 1950 4831 ἀπίστων

369 4849 608 4921 ὀνειδίζῃ
663 4854 796 4922 ἡμῖν
832 4855 955 4920 Πῶς
1010 4857 1242 4929 λέγομεν
1276 4862 1358 4914 ὅτι
1422 4865 1447 4914 ό
1508 4862 1632 4927 Υἱὸς
1678 4866 1768 4918 τοῦ
1816 4868 1949 4922 Θεοῦ

369 4944 660 5013 ἐσαρκώθη
693 4946 789 4998 καὶ
815 4941 1072 5013 ἀπέθανε,
1114 4951 1295 5020 λέγειν
1345 4952 1579 5024 ἔχωμεν,
1621 4957 1744 5011 Ὅτι
1799 4961 1951 5015 οὐδὲν

370 5033 573 5085 ἄτοπον
600 5036 907 5103 ἀκολουθεῖ,
946 5040 1081 5093 άλλά
1134 5045 1226 5094 καὶ
1283 5045 1629 5101 δικαιότατον
1666 5049 1759 5103 καὶ
1814 5068 1952 5121 πρε-

373 5128 739 5195 πωδέστατον,
780 5132 876 5184 καὶ
912 5133 1010 5185 οὐκ
1034 5135 1208 5199 ἄλλως
1238 5137 1344 5191 ἔδει
1396 5141 1679 5207 γενέσθαι,
1717 5142 1948 5213 λέγομεν

373 5217 496 5287 ήδη.

446 5311 689 5381 Φανερὺν
728 5312 886 5366 τοῦτο
936 5319 1102 5369 πᾶσιν
1148 5321 1478 5390 ἀνθρώποις,
1531 5325 1613 5377 ὅτι
1658 5328 1724 5379 τὰ
1758 5328 1948 5395 λογικὰ

376 5400 576 5466 πάντα,
604 5402 827 5470 ἄγγελοι
860 5409 952 5458 καὶ
979 5410 1280 5477 ἄνθρωποι,
1316 5413 1403 5466 διὰ
1430 5416 1587 5483 λόγου
1617 5418 1903 5486 ἐνεργοῦσι
1931 5439 1944 5453 ·

374 5494 468 5547 καί
508 5494 739 5560 μάλιστα
787 5502 1020 5570 φανερὸν
1064 5504 1157 5556 ἐπὶ
1206 5506 1314 5559 τῶν
1361 5509 1661 5579 οἰκοδόμων
1719 5512 1948 5565 καὶτῶν

373 5584 551 5637 ἄλλων
574 5590 834 5657 τεχνιτῶν
856 5594 1093 5650 πάντων.
1114 5597 1173 5650 '0
1201 5600 1305 5668 γὰρ
1328 5600 1607 5671 οἰκοδόμος
1635 5604 1754 5656 σνλ)
1770 5605 1946 5674 αμϐάο

447 5774 492 5807 ⁷⁸
515 5776 563 5831 ll
590 5776 721 5834 Gor.
751 5786 827 5839 πὶ,
863 5775 949 5829 Η.

2603 4602 2713 4644 tum
2749 4610 2825 4644 res
2859 4594 3080 4659 patitur.

2120 4684 2183 4739 Ut
2215 4700 2342 4738 vero
2374 4686 2535 4737 etiam
2572 4683 2836 4736 rationem
2876 4683 2927 4734 in
2979 4683 3086 4735 illis
3120 4696 3241 4750 qua:
3282 4690 3407 4735 sunt
3440 4682 3504 4732 de
3534 4679 3640 4732 [ille

2050 4775 2209 4829 nobis
2241 4775 2669 4829 consentientem
2710 4772 3029 4836 habeamus,
3070 4781 3125 4826 et
3175 4782 3227 4824 ut
3286 4787 3406 4823 cum
3448 4771 3639 4822 intide-

2050 4868 2183 4921 lium
2217 4843 2419 4935 aliquis
2458 4863 2897 4934 exproliraverit,
2946 4862 3233 4928 Quomodo
3286 4860 3376 4913 Dei
3435 4859 3636 4912 Filium

2052 4961 2395 5011 lncarnatum
2430 4966 2592 5024 alque
2629 4969 2900 5008 mortuum
2932 4970 3052 5008 esse
3090 4955 3376 5017 dicamus;
3412 4969 3642 5020 respon—

2053 5056 2181 5105 dere
2205 5051 2477 5119 pOSs‘imus
2512 5066 2525 5100 :
2555 5050 2760 5101 nullum
2795 5050 2918 5099 inde
2950 5050 3246 5100 absurdum
3279 5052 3431 5114 sequi
3460 5064 3472 5109 ;
3505 5048 3640 5113 quin

2064 5142 2205 5197 istud
2244 5153 2357 5196 tum
2400 5142 2768 5210 justiSsinium
2801 5155 2921 5194 esse
2974 5150 3084 5193 tum
3138 5142 3590 5193 decentissimum
3624 5179 3641 5202 ,

2056 5254 2153 5292 nec
2187 5254 2296 5291 rem
2328 5238 2480 5291 aliter
2521 5239 2633 5306 geri
2667 5238 2941 5302 debuisse,
2979 5238 3139 5290 etiam
3173 5236 3427 5290 divinus.
3550 5224 3559 5237 ’

2130 5330 2356 5383 Cunctis
2412 5329 2762 5383 manifestum
2805 5334 3127 5384 morta‘ilius
3176 5342 3280 5387 est.
3320 5330 3504 5382 omnia
3550 5343 3638 5397 ra-

2063 5426 2211 5478 tione
2252 5426 2475 5493 praulila
2520 5426 2767 5494 (angelos
2803 5426 3014 5479 scilicet
3043 5438 3203 5494 atque
3235 5426 3505 5491 homines)
3548 5437 3643 5491 per

2062 5517 2327 5568 rationein
2368 5519 2583 5584 operari
2610 5533 2622 5581 ;
2654 5534 2714 5570 ac
2746 5519 3069 5581 rnnipriniis
3102 5534 3185 5571 res
3235 5517 3284 5568 in
3325 5517 3430 5570 illis
3466 5517 3642 5567 maui-

2066 5614 2194 5664 lesla
2226 5624 2327 5669 est.
2364 5610 2456 5680 qui
2504 5611 2650 5664 acies
2679 5610 2950 5663 miiilicant
2976 5652 2991 5677 ,
3025 5626 3086 5665 ac
3132 5610 3356 5679 reliquis
3387 5609 3643 5661 omnibus
