4428 6444
770 387 868 453 till

2037 389 2088 445 Μ
2103 388 2430 445 .\NUELlS
2463 387 2766 446 CALEC/E

3915 387 4018 448 612

768 523 1093 577 artiﬁcibus.
1123 524 1471 577 Arehitectus
1497 528 1643 578 enim
1666 524 2121 578 exstruendarum
2150 522 2347 575 aedium
2379 526 2426 583 Α
2454 538 2508 573 νε

2259 538 2347 575 um
2379 526 2426 583 Α
2454 538 2534 573 νει
2557 523 2615 573 ἐν
2644 523 2721 588 τῷ
2744 518 2941 572 ἐαυτοῦ
2968 520 3042 588 νῷ
3059 520 3120 573 τδ
3149 517 3285 581 εἶδος
3309 521 3404 574 καὶ
3422 521 3519 589 τὴν
3540 521 3687 572 οέσιν
3713 520 3812 588 τῆς
3835 522 4008 587 τυχού.

765 612 1000 664 formam
1037 612 1312 682 situmque
1356 626 1536 666 mente
1589 628 1686 667 sua
1732 614 2008 681 concipit;
2061 613 2249 680 sicque
2284 628 2345 662 ac

769 702 930 754 talem
967 702 1191 754 domum
1226 704 1601 755 aedificandam
1633 708 1816 755 animo
1845 704 2116 771 designat,
2148 703 2345 769 illaque

768 791 1069 844 instructus
1100 793 1310 843 ratione
1336 792 1591 846 aedificat.
1630 793 1707 845 Ac
1738 807 1955 857 rursus,
1987 805 2048 843 ea
2080 806 2210 843 casu
2244 789 2345 841 ali-

763 896 874 947 quo
914 881 1205 945 dissoluta,
1247 897 1343 950 per
1382 883 1627 935 eamdem
1660 897 1766 950 qua
1802 882 1959 950 prius
1996 880 2346 942 considerat,

763 986 828 1024 ac
862 972 1165 1024 srcundum
1187 972 1434 1024 eamdem
1464 973 1729 1024 rationem
1771 972 2040 1025 instaurat
2066 988 2080 1034 ;
2112 972 2155 1024 si
2186 971 2348 1023 modo

768 1062 839 1111 ita
873 1064 1059 1113 animo
1100 1068 1451 1126 comparatus
1486 1069 1588 1122 est,
1629 1062 1957 1113 uteamdem
1994 1062 2044 1112 in
2093 1061 2348 1113 omnibus

765 1167 889 1203 cum
918 1154 1099 1219 priore
1121 1150 1305 1217 illique
1331 1150 1563 1202 similem
1590 1151 1812 1202 domum
1845 1153 1969 1205 velit
1997 1152 2345 1204 remdilicarc.

766 1241 891 1294 ιιιιιο
928 1252 1106 1294 autem
1142 1242 1284 1293 ratio
1313 1258 1411 1294 seu
1465 1257 1648 1295 sermo
1707 1243 1937 1295 interior
1982 1242 2182 1295 dicitur
2215 1242 2350 1294 resi—

765 1330 1011 1394 densque
1052 1330 1105 1383 in
1158 1332 1380 1392 animo;
1432 1343 1493 1382 ac
1543 1346 1652 1396 pne
1703 1330 1947 1398 reliquis,
1982 1330 2056 1382 uti
2087 1330 2345 1394 diximus,

768 1418 856 1469 Dei
894 1417 1177 1471 Sermonis
1208 1433 1303 1471 seu
1337 1416 1499 1470 Verbi
1535 1417 1715 1486 imago
1743 1426 1846 1473 est.
1878 1418 1984 1470 Per
2016 1410 2159 1471 hunc
2189 1418 2337 1471 enim

765 1508 843 1561 sic
889 1510 939 1559 in
1003 1509 1185 1560 animo
1241 1508 1569 1562 residentem
1613 1522 1920 1563 sermonem
1972 1522 2035 1561 ac
2087 1507 2347 1561 rationem

765 1600 1058 1653 rationales
1089 1599 1346 1661 dicimur,
1396 1600 1513 1652 sive
1549 1599 1877 1663 dormimus,
1913 1598 2026 1652 sive
2057 1607 2303 1652 tacemus
2335 1614 2349 1662 ;

765 1708 872 1745 non
912 1707 1006 1759 per
1039 1706 1163 1744 eum
1199 1691 1291 1758 qui
1346 1706 1441 1745 ore
1477 1690 1772 1758 profertur.
1828 1691 1926 1769 llic
1974 1691 2117 1743 enim
2168 1706 2351 1744 sermo

764 1799 869 1835 non
902 1797 1116 1850 semper
1144 1792 1249 1836 est.
1285 1766 1482 1836 Sermo
1521 1783 1688 1851 igitur
1734 1766 1965 1835 interior
1995 1793 2047 1835 et
2078 1782 2129 1835 in
2166 1782 2351 1835 animo

763 1875 1009 1927 residens
1048 1874 1204 1941 longe
1252 1875 1488 1928 nobilior
1519 1890 1777 1930 sermone
1814 1876 2088 1943 prolatitio
2121 1884 2224 1939 est,
2254 1868 2347 1943 qui
2386 1850 2426 1904 Β

767 1965 976 2019 scilicet
1005 1980 1101 2033 per
1138 1965 1299 2018 verba
1343 1966 1591 2034 quardam
1628 1976 1791 2033 atque
1830 1967 2051 2019 nomina
2105 1968 2348 2021 exterius

762 2056 1059 2124 profertur.
1091 2056 1189 2110 llic
1220 2059 1366 2111 enim
1402 2066 1621 2125 prepter
1648 2058 1799 2110 illum
1827 2058 2098 2119 consistit,
2121 2072 2184 2110 ac
2212 2073 2346 2125 quo-

760 2147 1053 2201 dammodo
1083 2146 1161 2200 illi
1192 2148 1450 2202 accidens
1483 2147 1717 2201 exsistit.
1773 2145 2020 2215 llincque
2054 2146 2188 2200 adeo
2244 2147 2303 2199 fit
2331 2185 2346 2207 ,

762 2249 822 2293 ut
863 2254 969 2291 non
1004 2239 1085 2293 sic
1130 2251 1255 2304 apte-
1291 2255 1355 2292 ac
1405 2242 1792 2293 convenienter
1827 2239 2133 2308 prolatitius
2166 2254 2347 2292 sermo

760 2333 815 2383 in
853 2331 1163 2397 exemplum
1192 2341 1507 2384 assumatur
1540 2346 1601 2382 ac
1633 2330 1991 2383 simulacrum
2026 2329 2196 2382 divini
2229 2327 2351 2382 Ser-

760 2422 941 2476 monis
981 2436 1074 2475 seu
1113 2420 1314 2487 Verbi;
1351 2423 1444 2475 sed
1475 2431 1529 2474 ut
1558 2423 1740 2487 potius
1772 2421 1865 2490 qui
1896 2421 1949 2473 in
1983 2421 2169 2473 animo
2203 2420 2346 2474 resi-

756 2515 871 2578 det,
898 2523 952 2566 ut
976 2514 1068 2580 qtti
1110 2514 1346 2566 nobilior
1375 2512 1465 2566 sit.
1498 2512 1632 2565 Nam
1661 2514 1825 2568 etiam
1861 2512 2127 2569 debemus
2161 2514 2342 2567 divina

757 2614 1155 2673 repraesentare
1208 2620 1275 2658 ex
1311 2604 1400 2669 iis,
1428 2619 1661 2674 quorum
1711 2606 1882 2674 major
1912 2605 2229 2675 priestantia
2254 2607 2345 2660 sit.

758 2696 909 2749 Nihil
944 2711 1111 2764 porro
1141 2697 1193 2749 in
1231 2695 1431 2750 creatis
1467 2706 1644 2750 mente
1676 2706 1862 2750 nostra
1888 2737 1902 2759 ,
1934 2698 1988 2750 in
2025 2700 2351 2766 eaque.‘ser-

761 2800 924 2840 mane
958 2801 1020 2837 ac
1054 2785 1220 2838 verbo
1251 2800 1344 2837 seu
1392 2784 1640 2847 ratione,
1676 2787 2028 2851 praestantius
2061 2780 2305 2840 occurrit
2332 2801 2347 2850 ;

759 2879 907 2930 unde
940 2879 1104 2931 etiam
1140 2876 1304 2943 hujus
1342 2878 1555 2931 ratione
1593 2878 1755 2930 homo
1788 2878 1988 2931 dicitur
2015 2879 2194 2949 imago
2232 2879 2347 2933 Dei.

761 2970 1154 3023 Verumtamen
1190 2968 1277 3022 hic
1304 2984 1523 3038 quoque
1558 2970 1713 3023 valde
1756 2986 1784 3021 a
1842 2969 1933 3023 Dei
1992 2971 2255 3024 Sermone
2286 2985 2350 3024 ac

760 3060 945 3117 Verbo
974 3061 1178 3116 deficit.
1214 3060 1304 3115 Dei
1342 3063 1488 3115 enitn
1524 3061 1720 3115 Sermo
1754 3063 1870 3129 ipse
1900 3078 2024 3115 vere
2073 3064 2348 3117 (-xsistens

758 3170 822 3210 ac
872 3154 1059 3209 eﬂicax
1117 3164 1236 3220 est;
1283 3155 1337 3208 in
1387 3156 1572 3207 animo
1604 3162 1788 3207 autem
1841 3156 2110 3216 residens,
2149 3158 2348 3211 mentis

759 3248 1016 3300 accidens
1066 3256 1169 3301 est.
1227 3246 1303 3299 Ex
1342 3247 1408 3299 iis
1440 3247 1586 3299 enim
1619 3262 1741 3314 quae
1774 3247 1951 3301 oculis
1988 3247 2239 3301 videntur
2275 3262 2340 3303 ac

756 3349 939 3391 mente
981 3322 1379 3406 intelliguntur,
1413 3352 1609 3391 sensus
1654 3353 1821 3405 opera
1870 3341 2036 3391 menti
2078 3337 2340 3405 advenit;

757 3429 1005 3494 quandiu
1059 3428 1269 3481 scilicet
1313 3441 1566 3480 versatur
1603 3428 1655 3479 in
1706 3441 1937 3494 corpore
1990 3428 2178 3496 illique
2217 3444 2345 3482 con-

754 3520 947 3585 juncta
986 3530 1090 3572 est.
1128 3518 1339 3571 ldcirco
1364 3519 1528 3570 etiam
1565 3517 1920 3586 imperfectus
1948 3529 2055 3580 est,
2091 3521 2183 3588 qui
2218 3535 2349 3588 pau-

2450 628 2550 679 σης
2568 613 2768 674 οἰκίας,
2788 613 2883 663 ὅτε
2898 611 3074 662 τοιάδε
3100 628 3183 670 τις
3204 614 3298 662 καὶ
3331 613 3508 664 τοιάδε
3536 613 3801 682 προσήκει
3821 611 4023 662 οίκοδιι-

2450 702 2716 771 μηθῆναι,
2736 702 2831 754 καὶ⁵
2861 701 2928 754 δι’
2955 702 3164 753 ἐκείνου
3196 703 3291 753 τοῦ
3319 702 3482 767 λόγου
3511 704 3714 768 ταύτην
3733 701 4024 767 οἰκοδομεῖ,

2446 786 2509 844 οῦ
2540 794 2636 843 καὶ
2669 794 2935 859 πρότερον
2971 793 3063 842 καὶ
3096 792 3236 843 κατὰ
3265 792 3356 842 τὸν
3388 792 3550 843 αὑτὸν
3581 792 3758 857 λόγον,
3804 793 3852 842 εί
3887 793 4028 842 κατᾶ

2451 884 2630 937 πάντα
2653 884 2751 952 τὴν
2781 883 2952 952 αὐτὴν
2973 884 3153 935 οἰκίαν
3179 885 3244 949 τῇ
3283 883 3527 951 προτέρᾳ
3559 884 3652 933 καὶ
3682 881 3876 947 όμοίαν
3904 880 4026 947 βού-

2451 975 2604 1026 λεται
2633 972 3131 1039 ἀνοικοδομεῖν.ἶ’0
3160 971 3213 1022 δὲ
3244 970 3485 1032 τοιοῦτος
3522 972 3676 1033 λόγος
3705 970 3921 1036 λέγεται
3951 971 4007 1019 ἐν

2450 1062 2718 1122 διάυετος’
2747 1062 2803 1121 ὃς
2836 1062 2931 1111 καὶ
2958 1059 3159 1127 μᾶλλον
3181 1059 3290 1109 τῶν
3335 1060 3510 1111 ἄλλων
3541 1059 3705 1110 εἰκών
3738 1061 3907 1118 ἐστιν,
3955 1058 4030 1118 ὡς

2452 1153 2691 1218 εἴρηται,
2726 1149 2819 1201 τοῦ
2853 1152 3029 1214 Λόγον
3062 1149 3156 1199 τοῦ
3182 1149 3339 1201 Θεοῦ.
3378 1149 3534 1200 Κατᾶ
3576 1148 3766 1201 τοῦτον
3808 1148 3913 1215 γὰρ
3941 1151 4031 1198 τ“.ν

2451 1243 2755 1295 ἐνδιάθετον
2784 1242 2945 1307 λόγον
2977 1242 3071 1293 καὶ
3099 1240 3310 1306 λογικοὶ
3338 1240 3627 1307 λεγόμεοα,
3670 1241 3781 1290 εἴτε
3830 1239 4033 1306 κοιμώ·

2456 1334 2627 1400 μεῢα,
2666 1333 2775 1383 εἴτε
2829 1331 3149 1397 σιωπῶμεν,
3205 1330 3263 1379 οὐ
3319 1332 3460 1380 κατά
3511 1329 3602 1379 τὸν
3652 1329 4030 1397 προφορικόν·

2450 1417 2607 1486 οὗτος
2647 1424 2757 1491 γὰρ
2786 1422 2887 1473 οὐκ
2913 1422 2998 1474 ἀεί
3029 1423 3172 1474 ἐστι.
3199 1421 3388 1486 Πολλῷ
3416 1417 3509 1473 οὖν
3534 1422 3561 1471 6
3586 1420 3892 1482 ἐνδιάθετός
3918 1423 4035 1472 ἐστι

2450 1514 2544 1565 τοῦ
2578 1510 2919 1581 προφορικοῦ
2975 1510 3328 1579 τιμιώτερος,
3382 1512 3440 1573 ὃς
3486 1511 3573 1563 διὰ
3630 1512 3894 1579 ῥημάτων
3942 1512 4035 1561 καὶ

2451 1603 2733 1671 ὀνομάτων
2760 1599 2960 1665 ἔξωθεν
2990 1602 3345 1670 προφέρεται.
3378 1596 3549 1660 Οὗτος
3581 1603 3690 1669 γὰρ
3717 1600 3787 1652 δι’
3824 1603 4032 1652 ἐκεῖνον

2454 1694 2793 1757 συνίσταται,
2830 1693 2925 1745 καὶ
2950 1693 3155 1761 τρόπον
3184 1694 3306 1743 τινὰ
3340 1692 3686 1758 συμϐεϐηκός
3711 1694 3862 1744 ἐστιν
3894 1691 4038 1745 ἐκεί-

2454 1801 2547 1852 νῳ,
2582 1783 2678 1835 Διὰ
2704 1781 2868 1834 τοῦτο
2893 1782 2953 1834 ού
3002 1782 3261 1834 τοσοῦτόν
3291 1785 3438 1833 ἐστιν
3476 1784 3675 1841 οἰκεῖος
3707 1782 3735 1831 6
3771 1798 4037 1851 npo;opt-

2456 1876 2549 1934 κδς
2579 1873 2737 1938 λόγος
2764 1873 2841 1935 εἰς
2872 1872 3225 1941 παράδειγμα
3264 1874 3359 1924 καὶ
3406 1873 3590 1923 εἰκόνα
3618 1871 3712 1922 τιῦ
3744 1874 3917 1939 Λόγου
3943 1872 4036 1923 ταῦ

2456 1965 2591 2017 Θεοῦ
2630 1963 3034 2031 λαμϐάνεσθαι,
3090 1965 3229 2017 ἀλλὰ
3276 1964 3479 2033 μᾶλλον
3528 1966 3555 2015 ὁ
3601 1964 3910 2025 ἐνδιάθετος
3964 1963 4039 2025 ὡς

2455 2053 2807 2123 τιμιώτερος
2838 2055 2962 2106 ἐπεὶ
2992 2056 3088 2106 καὶ
3128 2055 3236 2108 ἀπὸ
3267 2055 3376 2105 τῶν
3428 2057 3775 2124 τιμιωτέρων
3820 2056 4037 2122 ὀφείλο-

2460 2164 2561 2215 μεν
2588 2146 2656 2197 τᾶ
2681 2146 2803 2197 θεῖα
2855 2146 3169 2209 εἰκονίζειν.
3226 2146 3568 2214 Τιμιώτερον
3604 2145 3659 2197 δὲ
3692 2146 3788 2196 τοῦ
3817 2147 3875 2195 ἐν
3907 2145 4041 2212 ἡμῖν

2456 2237 2549 2290 νοῦ
2584 2238 2679 2289 καὶ
2708 2238 2868 2305 λόγου
2904 2238 3003 2290 οὐκ
3034 2237 3183 2290 ἐστιν
3212 2238 3271 2289 ἐν
3300 2240 3412 2298 τοῖς
3437 2239 3754 2305 κτίσμασιν“
3784 2236 3910 2288 ὅθεν
3943 2238 4041 2288 καὶ

2456 2329 2599 2379 κατὰ
2645 2327 2807 2380 τοῦτο
2855 2326 3081 2393 λέγεται
3115 2327 3143 2377 6
3180 2328 3470 2395 ἄνθρωπος
3522 2325 3689 2379 εἰκὼν
3737 2325 3831 2378 τοῦ
3877 2324 4037 2379 Θεοῦ.

2456 2420 2568 2473 Καὶ
2593 2420 2701 2489 γὰρ
2731 2420 2853 2473 κατ’
2887 2419 3075 2472 εἰκόνα
3111 2418 3380 2487 ἐπλάσθη.
3415 2420 3559 2486 Πλὴν
3592 2420 3686 2471 καὶ
3709 2413 3859 2480 οὗτος
3893 2421 4040 2471 πάνυ

2458 2512 2714 2565 λείπεται
2738 2510 2834 2563 τοῦ
2868 2511 3043 2577 Λόγου
3069 2511 3164 2563 τοῦ
3192 2511 3350 2564 Θεοῦ.
3391 2511 3451 2565 '0
3482 2512 3581 2581 μὲν
3606 2513 3713 2582 γὰρ
3740 2513 4043 2566 ἐνυπόστα-

2454 2618 2546 2664 τος
2604 2602 2701 2655 καὶ
2734 2601 2989 2668 ἐνεργής·
3027 2602 3055 2651 ὁ
3113 2598 3168 2653 δὲ
3200 2600 3508 2663 ἐνδιάθετος
3550 2600 3897 2670 συμϐεϐηκός
3921 2602 4042 2654 ἐστι

2456 2691 2534 2760 τῷ
2578 2690 2673 2759 νῷ.
2720 2690 2856 2742 Ἀπὸ
2881 2693 2991 2757 γὰρ
3016 2689 3125 2741 τῶν
3151 2691 3447 2758 ὁρωμένων
3483 2692 3576 2742 καὶ
3605 2692 3916 2759 νοουμένων
3947 2692 4042 2745 διὰ

2454 2783 2553 2851 τῆς
2579 2781 2890 2849 αίσοήσεως
2938 2781 3253 2846 ἐπιγίνεται
3282 2781 3362 2850 τῷ
3390 2780 3487 2851 νῷ,
3534 2782 3730 2848 ἐφόσον
3771 2781 3909 2849 μετὰ
3940 2781 4045 2833 σώο

2461 2875 2632 2941 ματός
2666 2874 2805 2925 ἐστι.
2850 2871 2942 2923 Διὸ
2990 2872 3087 2923 καὶ
3126 2872 3323 2941 ἀτελής
3372 2874 3491 2925 ἐστι
3541 2874 3662 2925 κατ’
3695 2873 3876 2939 ὀλίγον
3909 2890 4046 2940 συμ-

2460 2954 2798 3036 πλεκόμενος
2834 2970 2928 3019 καὶ
2986 2968 3236 3035 ὕστερος.
3296 2968 3439 3018 Αύτὺ
3492 2968 3599 3034 γὰρ
3650 2967 3712 3019 τὸ
3744 2967 4046 3035 δυνάμενον

2458 3064 2595 3113 νοεῖν
2628 3060 2722 3111 κα)⁸
2753 3060 2780 3111 ό
2815 3060 2980 3121 τόπος
3033 3060 3140 3111 τῶν
3170 3059 3379 3128 νοητῶν
3408 3059 3568 3112 εἰδῶν
3622 3061 3773 3113 ἐστιν
3819 3060 3847 3111 6
3895 3058 4044 3121 νοῦς,

2457 3153 2513 3213 ὃς
2547 3154 2696 3204 ἐστιν
2744 3151 2922 3204 οὐσία.
2959 3152 3039 3203 Τὸ.
3060 3151 3117 3203 δὲ
3141 3151 3218 3220 τῷ
3250 3151 3328 3221 νῷ
3354 3151 3420 3204 δι’
3448 3151 3659 3204 ἑαυτῶν
3685 3150 4049 3228 ἐπιγινόμενα

2462 3245 2569 3296 ἀπὸ
2591 3243 2700 3297 τῶν
2725 3242 2927 3309 ἔξωθεν
2946 3242 3175 3313 ὕστερον
3201 3242 3576 3314 συνεργούσης
3606 3243 3707 3310 τῆς
3733 3242 4047 3309 αἰσθήσεως

2461 3339 2600 3405 μετὰ
2639 3337 2741 3405 τὴν
2763 3335 3046 3389 τελείωσιν
3085 3333 3184 3387 τοῦ
3214 3335 3513 3404 ὀργανικοῦ
3550 3334 3827 3403 σώματος,
3878 3332 4050 3386 ταῦτα

2457 3428 2636 3479 πάντα
2666 3430 2778 3480 cici.
2820 3426 3228 3495 συμϐεϐηκότα.
3278 3427 3371 3480 Διὸ
3401 3429 3498 3479 καὶ
3530 3432 3619 3479 τὸν
3661 3425 3830 3479 πολλὰ
3870 3427 4045 3479 ἰδόντα

2463 3521 2759 3589 πολυμαοῆ
2787 3520 3045 3590 λέγομεν.

758 3613 907 3666 latim
936 3620 1280 3673 contexatur,
1306 3617 1543 3678 ortuque
1571 3610 1841 3677 posterior
1865 3611 1957 3664 sit.
2008 3610 2188 3675 Ipsum
2213 3612 2357 3665 enim
2400 3626 2565 3681 penes
2605 3612 2749 3681 quod
2787 3612 3124 3682 intelligendi
3190 3610 3458 3675 facultas,
3513 3624 3576 3664 ac
3626 3610 3778 3667 locus
3838 3610 4049 3682 specie-

759 3719 880 3758 tum
904 3719 1024 3772 qua:
1048 3705 1102 3756 in
1135 3702 1464 3756 intellectum
1490 3701 1716 3767 cadunt,
1746 3718 1902 3758 mens
1930 3711 2036 3769 est,
2064 3718 2184 3773 quae
2243 3704 2551 3760 substantia
2587 3714 2692 3762 est.
2731 3706 2860 3766 Quae
2920 3716 3102 3761 autem
3145 3714 3333 3775 postea
3371 3703 3536 3769 menti
3565 3718 3663 3757 sua
3727 3703 3778 3757 vi
3819 3705 3887 3760 ab
3953 3716 4053 3759 ex‘

758 3794 1054 3849 terioribus
1094 3806 1291 3845 sensus
1317 3806 1502 3860 opera,
1538 3806 1769 3860 corpore
1813 3792 1927 3861 jam
1981 3794 2204 3871 organis
2234 3795 2499 3864 perfecto,
2566 3795 2897 3863 adveniunt,
2929 3806 3122 3853 cuncta
3151 3800 3264 3853 ltazc
3329 3796 3634 3852 accidentia
3689 3808 3838 3853 sunt.
3898 3798 4051 3855 Unde

754 3887 919 3939 etiam
956 3900 1077 3937 eum
1101 3881 1194 3950 qui
1229 3883 1398 3934 multa
1434 3880 1604 3944 novit,
1635 3883 1801 3936 multa
1830 3883 2050 3938 doctum
2084 3885 2337 3949 dicimus,
2382 3904 2477 3944 seu
2515 3890 2609 3961 qui
2637 3892 2808 3945 tnulta
2845 3890 3121 3946 didicerit.

835 3980 974 4045 Quia
1025 3978 1194 4046 igitur
1247 3975 1410 4029 etiam
1467 3974 1609 4029 Deus
1666 3976 1956 4030 rationalis
2007 3986 2123 4043 (seu
2184 3980 2361 4047 magis

760 4073 1033 4128 Sermone
1071 4066 1360 4137 Verboque
1393 4066 1676 4137 praeditus)
1732 4077 1856 4122 est:
1901 4085 1965 4123 ac
2003 4069 2094 4139 qui
2137 4070 2362 4124 difﬁtea-

757 4174 847 4218 ιλιι·
875 4162 1059 4217 nullus
1091 4163 1208 4229 est';
1242 4175 1342 4214 nec
1373 4161 1493 4227 ejus
1525 4158 1718 4213 Sermo
1750 4175 1812 4215 ac
1841 4159 2075 4214 Verbum
2104 4162 2359 4217 accidens

757 4266 841 4309 est
877 4252 1203 4321 (absurdum
1237 4252 1441 4321 quippe
1474 4263 1530 4304 ut
1564 4252 1732 4304 ullum
1777 4255 1829 4305 in
1861 4253 1970 4307 Deo
2000 4254 2216 4308 dicatur
2264 4270 2357 4308 ac-

756 4345 998 4416 cidens),
1027 4345 1122 4400 sed
1161 4359 1287 4398 vere
1317 4343 1592 4397 exsistens
1618 4352 1672 4398 et
1720 4344 1908 4398 vivens
1937 4344 2353 4415 perfectumque

754 4452 877 4503 cst;
912 4437 1120 4490 idcirco
1151 4436 1388 4490 dicimus
1420 4432 1589 4488 Deum
1641 4452 1734 4500 per
1761 4436 1997 4490 Verbum
2027 4452 2188 4491 suum
2220 4455 2353 4492 cun-

2544 3983 2700 4038 Ἐπεὶ
2730 3985 2916 4038 τοίνυν
2964 3985 3061 4036 καὶ
3113 3986 3141 4036 6
3188 3983 3323 4045 Θεός
3375 3985 3491 4035 ἐστι
3538 3983 3781 4051 λογικὸς,
3830 3985 3859 4039 ὃ
3896 3989 4051 4057 παρὰ

2453 4076 2677 4131 πὶντων
2730 4076 3113 4146 ὁμολογεῖται·
3151 4075 3179 4129 6
3236 4076 3293 4129 δὲ
3326 4077 3499 4144 Λόγος
3546 4076 3717 4130 αὐτοῦ
3765 4079 3866 4130 οὐκ
3933 4082 4050 4131 ἔστι

2457 4168 2810 4239 συμϐεϐηκός
2852 4168 2936 4239 (τὸ
2964 4168 3071 4239 γὰρ
3122 4171 3179 4223 ἐν
3222 4169 3299 4239 τῷ
3330 4169 3449 4240 Θεῷ
3479 4169 3830 4239 συμϐεϐηκὸς
3869 4170 4052 4239 λέγειν

2453 4259 2707 4330 ﬁrm-rw)“
2735 4260 2853 4312 ἀλλ’
2874 4263 3022 4313 ἐστιν
3043 4260 3409 4323 ἐνυπόστατος
3442 4262 3533 4313 καὶ
3559 4262 3669 4325 ζῶν
3695 4262 3792 4315 καὶ
3814 4264 4046 4327 τέλειος·

2454 4352 2544 4403 διὰ
2574 4353 2731 4405 τοῦτο
2764 4352 2997 4421 λέγομεν
3029 4352 3113 4405 ὅτι
3145 4355 3173 4405 ό
3218 4352 3352 4415 Θεὸς
3375 4352 3464 4407 διὰ
3499 4352 3593 4405 τοῦ
3644 4354 3838 4407 ἑαυτοῦ
3872 4356 4050 4423 Λόγου

2455 4444 2523 4495 τὰ
2546 4445 2722 4497 πάντα
2747 4444 3025 4512 ἐποίησεν.
3059 4445 3120 4496 Ei
3144 4443 3275 4511 γοῦν
3296 4445 3364 4497 δι’
3397 4444 3564 4497 αὐτοῦ
3591 4444 3813 4511 ἐγένετο
3843 4448 4048 4513 πάντα,

753 4544 842 4583 eta
870 4527 1211 4583 condidisse.
1248 4528 1384 4580 Cum
1409 4540 1541 4595 ergo
1573 4542 1669 4594 per
1705 4526 1882 4594 ipsum
1920 4526 2060 4582 facta
2092 4530 2203 4583 sint
2228 4525 2349 4581 om-
2383 4511 2426 4568 θ
2460 4553 2502 4587 χ.

2303 4544 2349 4581 ι·
2383 4511 2426 4568 D
2460 4538 2556 4589 καὶ
2610 4540 2639 4588 6
2684 4511 2976 4606 ἄνθρωπος
3026 4536 3094 4590 δι’
3126 4537 3294 4589 αὑτοῦ
3332 4538 3617 4605 ἐπλάσθη,
3654 4538 3723 4590 δι’
3758 4538 3924 4592 αὑτοῦ
3958 4511 4052 4594 καὶ

755 4628 869 4688 nia,
900 4639 963 4677 ac
992 4638 1083 4692 per
1112 4622 1241 4676 illttd
1279 4621 1442 4673 homo
1470 4619 1645 4674 factus
1672 4621 1835 4674 fuerit
1869 4632 2033 4692 atque
2060 4625 2350 4690 formatus,

753 4728 852 4781 per
886 4715 1066 4781 ipsum
1106 4710 1488 4772 nihilominus,
1529 4726 1656 4764 eum
1691 4713 1783 4781 qui
1818 4715 2091 4767 contritus
2130 4715 2307 4768 fuerat
2335 4752 2349 4777 ,

754 4821 913 4857 t‘tilth
935 4804 1097 4857 nieus
1126 4801 1227 4858 fttit
1255 4803 1496 4871 reparari
1529 4821 1540 4854 :
1568 4818 1662 4871 per
1687 4805 1832 4859 hunc
1861 4807 2075 4860 scilicet
2103 4812 2350 4861 modum.

752 4900 894 4963 Quia
929 4898 1076 4950 enim
1113 4898 1412 4950 humanum
1453 4913 1625 4967 genus
1656 4913 1720 4951 ex
1757 4899 1865 4953 illis
1896 4908 2006 4963 est,
2030 4916 2153 4970 quae
2180 4916 2210 4954 a
2242 4900 2352 4955 Deo

756 4992 969 5044 ratione
1006 4990 1212 5043 utentia
1252 4990 1474 5043 condita
1517 4999 1679 5056 sunt;
1726 4992 1891 5045 homo
1935 5005 2213 5062 quatenus
2264 5010 2352 5049 ra.

756 5086 908 5136 tione
942 5083 1211 5151 liberique
1247 5082 1462 5135 arbitrii
1502 5083 1765 5137 facultate
1803 5086 2085 5153 praaditus,
2124 5086 2352 5155 reliquis

753 5175 1078 5229 inanimatis
1109 5186 1160 5228 et
1191 5175 1448 5229 animatis
1483 5175 1772 5244 brutisquc
1804 5176 2178 5231 animantibus
2215 5192 2353 5243 prae-

746 5268 938 5332 cellit;
986 5268 1129 5335 quod
1187 5267 1312 5319 item
1376 5266 1480 5319 alia
1536 5276 1758 5335 propter
1802 5268 2078 5322 hominem
2132 5268 2351 5323 condita

752 5369 909 5421 sunt,
941 5369 1000 5413 ut
1048 5374 1141 5426 per
1174 5360 1445 5412 rationem
1484 5366 1540 5412 et
1581 5358 1871 5413 scientiam
1919 5359 2028 5413 illis
2062 5359 2248 5429 prtesit
2280 5359 2349 5412 ".

752 5453 925 5505 Bruta
957 5468 1197 5521 nanque
1244 5452 1546 5506 animantia
1586 5453 1734 5507 nullo
1783 5453 2018 5507 coasilio
2054 5453 2238 5508 omnia
2270 5450 2349 5506 fa-

746 5549 901 5602 ciunt
931 5550 997 5601 ad
1028 5566 1151 5617 qua:
1188 5556 1501 5611 moventur,
1542 5548 1777 5601 naturali
1808 5548 1857 5601 vi
1890 5549 1944 5601 in
1980 5547 2067 5601 illa
2100 5548 2349 5613 incitata;

753 5642 901 5695 haud
942 5659 1102 5696 st-cus
1139 5660 1199 5695 ac
1229 5653 1373 5695 terra
1408 5654 1460 5696 et
1490 5644 1723 5695 arbores
1756 5644 1877 5695 sine
1911 5642 2124 5697 ratione
2170 5650 2225 5694 et
2258 5654 2353 5692 vo-

746 5733 960 5788 luntate
1009 5751 1071 5787 ac
1109 5735 1341 5789 consilio
1377 5734 1732 5788 frnctificant.
1772 5733 1983 5789 Idcirco
2016 5734 2350 5789 conveniens

747 5840 888 5896 crat,
926 5844 1044 5883 eam
1082 5830 1288 5883 homini
1341 5845 1528 5884 curam
1566 5828 1816 5882 adhiberi
1846 5871 1859 5893 ,
1918 5844 2022 5897 qua
2065 5842 2349 5900 reparare-

2458 4627 2819 4697 συντριϐέντα
2854 4628 3018 4681 πάλιν
3081 4630 3326 4698 ἔπρεπεν
3372 4629 3537 4682 αὑτὸν
3571 4630 4046 4699 ἁνακαινισθῆναι,

2464 4721 2713 4790 Ἔπρεπε
2740 4720 2795 4772 δὲ
2828 4721 2969 4774 κατὰ
3003 4720 3184 4775 τοῦτο.
3236 4722 3395 4775 Ἐπεὶ
3439 4721 3549 4791 γὰρ
3600 4723 3668 4776 τὰ
3697 4724 3893 4792 λογικὰ
3934 4728 4051 4776 κτί-

2458 4828 2644 4880 σματα
2672 4811 3019 4882 οίᾶνορωποι
3048 4814 3375 4881 τιμιώτερόν
3406 4815 3521 4867 ἐστι
3553 4815 3663 4868 τῶν
3698 4815 3874 4867 ἄλλων
3911 4815 4052 4883 ἀξύ-

2456 4920 2568 4972 χων
2602 4904 2698 4956 καὶ
2733 4903 2998 4973 ἐμψύχων
3032 4907 3127 4957 καὶ
3153 4905 3365 4974 ἀλόγων
3396 4905 3574 4971 ζώων,
3621 4906 3815 4960 καθότι
3845 4909 3993 4960 ἐστὶν
4023 4910 4052 4960 6

2456 4996 2753 5066 ἄνθρωπος
2784 4997 3005 5065 λογικὸν
3031 4998 3126 5049 καὶ
3156 4997 3533 5065 αὐτεξούσιον,
3573 5000 3667 5053 καὶ
3694 5000 3777 5051 ὅτι
3812 5001 3879 5052 τὰ
3910 4999 4048 5052 ἄλλα

2456 5089 2544 5141 διὰ
2597 5091 2689 5141 τὸν
2726 5090 3014 5160 ἄνθρωπον
3063 5090 3331 5157 ἐγένοντο,
3389 5092 3476 5144 ἵνα
3534 5092 3676 5162 ἄρχῃ
3738 5092 3915 5146 αὐτῶν
3960 5092 4050 5145 διὰ

2457 5182 2618 5250 λόγου
2652 5183 2749 5235 καὶ
2773 5183 3054 5249 γνώσεως·
3086 5182 3154 5235 τὰ
3182 5182 3289 5252 γὰρ
3324 5183 3494 5253 ἄλογα
3548 5183 3661 5249 ζῶα
3697 5185 3818 5254 δίχα
3852 5186 4051 5255 βουλῆς

2458 5274 2670 5326 πςιοῦσι
2700 5275 2809 5326 πᾶν
2844 5275 2924 5335 είς
2954 5275 3093 5339 ὅπερ
3130 5272 3195 5326 ἂν
3228 5274 3515 5344 mnsam,
3541 5278 3607 5345 τῇ
3645 5280 3851 5346 φυσικῇ
3883 5270 4048 5330 Suvi-

2460 5380 2549 5432 μει
2609 5364 2749 5433 πρὸς
2808 5362 2982 5415 ταῦτα
3044 5365 3361 5434 κινούμενα,
3424 5364 3635 5420 mir?»
3668 5368 3938 5436 τρόπονή
3974 5366 4049 5437 γῆ

2459 5458 2553 5509 καὶ
2582 5457 2649 5508 τὰ
2700 5456 2895 5525 δένδρα
2946 5456 3161 5523 ἀλόγως
3195 5457 3290 5511 καὶ
3341 5459 3727 5526 ἀπροαιρέτως
3778 5461 3875 5513 καὶ
3920 5458 4048 5527 δίχα

2459 5547 2657 5616 βουλῆς
2694 5545 3132 5617 καρποφοροῦσν
3174 5547 3263 5600 διὰ
3314 5547 3475 5600 τοῦτο
3524 5547 3765 5618 ἔπρεπεν
3821 5550 3907 5601 ἵνα
3952 5552 4050 5605 καὶ

2456 5641 2556 5709 τὴν
2588 5640 2913 5709 ἐπιμέλειαν
2942 5643 2967 5691 6
2999 5640 3286 5708 ἄνθρωπος
3312 5639 3450 5710 εὖρῃ
3495 5643 3573 5703 είς
3623 5642 3683 5693 τὸ
3727 5643 4051 5710 ἐπανορθω-

2459 5732 2641 5802 Οῆναι,
2676 5732 2770 5783 καὶ
2831 5732 3035 5801 μᾶλλον
3069 5730 3101 5800 ἢ
3137 5732 3295 5801 εἴπερ
3322 5732 3450 5786 ἄλλο
3502 5750 3555 5785 τι
3606 5732 3716 5785 τῶν
3748 5735 4051 5805 όρωμένωι

2461 5825 2779 5894 κτισμάτων
2817 5821 3098 5875 συνέϐαινε
3138 5826 3470 5878 καταπεσεῖν
3508 5824 3602 5878 καὶ
3637 5823 4000 5896 συντριϐῆναι
4031 5840 4046 5856 ⁶
