4428 6444
380 422 487 487 6ί3

1383 412 1948 479 ΟΕΖΡΠΙΝΟΙΡΙΙΞ
1983 416 2188 474 FIDEI
2226 416 2695 479 CATIIOLlCzl‘Z.

3508 424 3613 483 6H

381 535 617 601 ἐπείπερ
646 534 677 586 6
706 534 991 601 ἄνθρωπος
1024 530 1123 599 τῆς
1156 528 1417 598 ἀληθινῆς
1446 526 1567 579 6606
1602 527 1697 579 καὶ
1737 526 1952 588 εὐθείας
1982 535 2026 593 Α
2058 536 2130 581 tm

1870 527 1952 588 ίας
1982 535 2026 593 Α
2058 530 2180 595 ιυεξς
2212 529 2406 597 potiori
2440 534 2701 585 nimirum
2738 532 2966 594 ratione,
3000 547 3162 600 quam
3196 533 3239 585 si
3271 532 3436 585 ullum
3471 536 3612 586 aliud

381 624 659 691 ἐξετράπη
718 623 814 674 καὶ
863 622 1140 689 ἐπλανήθη
1175 622 1266 671 καὶ
1296 619 1624 671 ἐκπέπτωκε
1656 618 1756 685 τῆς
1804 618 1955 686 παρά

382 715 478 767 τοῦ
515 715 653 767 Θεοῦ
697 714 949 780 δοθείσης
977 712 1125 781 αὺτῷ
1170 711 1359 780 τιμῆς.
1405 708 1716 777 Ἑπλανήοη
1767 709 1822 761 δὲ
1866 712 1957 760 καὶ

384 807 634 869 ἐξέπεσε,
668 806 805 857 διότι
847 806 946 856 ούκ
979 804 1321 855 ἐπολιτεύετο
1352 802 1539 870 ὥσπερ
1582 799 1768 863 ἔταξεν
1798 801 1959 851 αὑτὶν

384 897 411 945 6
435 895 566 954 Θεὸς
596 893 653 957 ἐξ
692 893 885 962 ἀρχῆς·
921 892 1033 944 ἀλλ’
1072 894 1151 943 ὅτι
1182 890 1283 957 τὴν
1331 889 1527 941 ἐαυτοῦ
1560 888 1800 953 θέλησιν,
1840 886 1958 952 ἥτις

385 984 587 1051 ὤφειλε
613 984 798 1050 ζητεῖν
831 983 898 1034 τὰ
925 982 1177 1051 οὐράνια,
1213 980 1528 1049 διέστρεφεν
1562 981 1590 1031 6
1630 978 1917 1047 ἄνθρωπος
1944 994 1955 1006 υ

387 1078 484 1128 καὶ
514 1077 637 1131 ἀντὶ
660 1074 756 1127 τοῦ
790 1076 1014 1143 ἀγαπᾷν
1063 1076 1157 1128 καὶ
1189 1074 1364 1127 θέλειν
1411 1074 1584 1127 ταῦτα
1629 1072 1723 1126 καὶ
1756 1072 1958 1140 ζητεῖν,

392 1166 690 1233 ᾑρετίσατο
722 1168 787 1217 τὰ
817 1167 978 1234 γήϊνα
1016 1168 1107 1218 καὶ
1139 1165 1428 1232 σωματικά
1451 1179 1466 1196 ⁶
1495 1165 1592 1226 τὰς
1633 1164 1841 1232 ὀρέξεις
1867 1164 1962 1215 καὶ

392 1255 694 1324 ἐπιθυμίας
730 1259 824 1309 xal
856 1257 1051 1326 ἡδονάς
1082 1257 1179 1317 τὰς
1212 1256 1465 1322 ἀλόγους.
1499 1254 1750 1321 Ὠρμησε
1783 1254 1840 1305 δὲ
1870 1254 1964 1305 ἐπὶ

392 1348 575 1411 τοῦτο,
607 1348 799 1416 ἐπειδὴ
834 1350 861 1400 6
887 1348 1173 1416 ἄνθρωπος
1200 1346 1545 1410 αύτεξούσιος
1579 1344 1843 1413 ἐπλάσθη,
1870 1345 1962 1395 καὶ

392 1439 495 1505 τῆς
533 1438 731 1507 ἀρετῆς
786 1438 885 1489 οὐκ
938 1439 1234 1507 εισήγαγεν
1281 1439 1307 1488 6
1348 1435 1481 1493 Θεὸς
1524 1436 1769 1502 ἀνάγκην
1802 1437 1857 1485 ἐν
1884 1434 1962 1503 τῷ

395 1527 692 1595 ἀνθρώπῳ,
753 1528 819 1579 ἵν’
851 1527 947 1597 ἔχῃ
1007 1527 1271 1593 στέφανον
1329 1527 1422 1577 καὶ
1459 1525 1624 1594 τιμὴν
1671 1524 1767 1576 καὶ
1814 1520 1965 1586 ἀξιον

392 1615 489 1667 τὸν
522 1617 736 1683 μισθὸν,
767 1617 842 1680 ὠς
870 1618 1086 1670 οἴκοθεν
1110 1618 1171 1668 16
1202 1616 1405 1683 ἀγαθὸν
1434 1615 1889 1685 προαιρούμενος.

2059 631 2365 677 creatorum
2401 622 2696 679 visibilium
2724 622 2915 676 collabi
2946 623 3258 691 contigisset
3283 626 3615 695 accenteri;

2060 713 2203 778 quod
2240 714 2329 767 ille
2372 730 2400 768 a
2433 732 2557 769 vera
2592 726 2847 782 rectaque
2877 714 2960 767 via
2997 713 3287 766 deﬂexerat
3318 724 3367 765 et
3400 728 3619 766 exerra-

2064 813 2231 861 vcrat,
2274 814 2435 871 atque
2464 806 2532 856 ab
2578 806 2783 857 honore
2822 803 2920 855 sibi
2952 803 3209 855 divinitus
3239 817 3501 854 concesso
3532 820 3621 856 ex-

2063 894 2292 946 ciderat.
2337 896 2629 947 Exerrarat
2664 912 2789 948 vero
2817 904 2868 946 et
2899 896 3201 956 exciderat,
3234 896 3377 961 quod
3414 910 3515 946 non
3552 898 3621 945 ita

2062 986 2229 1038 vitam
2278 988 2614 1049 instituerat,
2651 998 2707 1039 ut
2741 1002 2768 1038 a
2823 988 3085 1053 principio
3123 988 3195 1038 illi
3249 987 3389 1039 Dens
3424 988 3627 1037 consti—

2069 1082 2287 1138 tuerat;
2328 1076 2421 1128 sed
2468 1077 2609 1142 quod
2640 1068 2968 1127 voluntatem
3015 1091 3165 1128 suam
3195 1115 3207 1135 ,
3242 1090 3357 1141 qum
3387 1077 3626 1126 (mleSIizt

2064 1176 2307 1229 quaerere
2353 1164 2638 1225 debuerat,
2677 1173 3051 1231 perverterat;
3086 1180 3318 1231 cumque
3358 1166 3469 1218 haec
3510 1166 3630 1217 dili-

2064 1268 2190 1321 gere
2230 1268 2292 1307 ac
2329 1256 2463 1308 velle
2492 1266 2543 1307 et
2573 1271 2815 1323 quaerere
2855 1265 3151 1323 Oporteret,
3195 1265 3407 1308 terrena
3442 1267 3491 1306 et
3516 1270 3631 1306 cor-

2067 1344 2272 1409 poralia
2307 1346 2635 1412 prmtulerat,
2671 1346 2987 1413 cupiditates
3022 1356 3260 1400 sectatus
3287 1355 3339 1399 et
3366 1346 3628 1397 desideria

2071 1450 2132 1486 ac
2170 1435 2422 1488 libidines
2472 1451 2501 1489 a
2542 1420 2752 1489 ratione
2785 1438 2941 1505 longe
2983 1438 3358 1490 abhorrentes.
3418 1438 3470 1488 ιιι
3508 1450 3632 1487 vero

2073 1526 2235 1578 homo
2276 1542 2565 1594 aggressus
2598 1538 2678 1581 est
2706 1570 2720 1592 ,
2753 1530 2897 1597 quod
2939 1527 3197 1581 facultate
3237 1529 3445 1580 arbitrii
3474 1544 3635 1578 ortiv-

2074 1628 2161 1669 tus
2195 1617 2462 1673 formatus
2493 1620 2689 1685 fuerat,
2724 1636 2823 1674 nec
2850 1621 2897 1673 ei
2933 1621 3074 1675 Deus
3104 1621 3318 1674 virtutis
3340 1620 3637 1673 necessu..—

392 1720 502 1765 tem
536 1712 826 1775 indiderat,
875 1721 936 1765 ut
966 1727 1224 1766 coronam
1254 1721 1307 1766 et
1340 1712 1602 1764 honorem
1632 1711 1962 1781 dignamque
2001 1713 2306 1767 mercedem
2349 1724 2793 1785 consequeretur,
2829 1725 2885 1769 ut
2919 1716 3011 1784 qui
3079 1716 3191 1783 ipse
3233 1730 3260 1767 a
3311 1729 3369 1767 se
3438 1714 3637 1765 bonum

388 1808 637 1875 eligeret.

468 1899 625 1950 Κατά
657 1898 757 1967 τὴν
806 1898 1024 1967 θέλησιν
1052 1897 1146 1950 06v
1186 1897 1353 1950 αὑτοῦ
1386 1899 1414 1950 6
1453 1898 1740 1967 ἄνθρωπος
1790 1898 1959 1950 ἐπλα-
1986 1898 2035 1958 Β
2134 1894 2217 1948 Su:

1888 1915 1959 1949 ,α-
1986 1898 2035 1958 Β
2134 1894 2244 1948 Sua
2278 1894 2458 1963 itaque
2492 1892 2769 1947 voluntate
2796 1893 2958 1947 homo
3010 1903 3306 1954 erraverat,
3340 1882 3637 1946 secundum

394 1990 558 2057 νήθη,
594 1988 716 2041 καθ’
748 1989 831 2058 δή
881 1990 1159 2057 τελειότης
1184 1990 1280 2041 τοῦ
1336 1989 1627 2058 ἀνθρώπου
1664 1990 1978 2059 θεωρεῖται,

397 2080 497 2132 καὶ
523 2079 792 2148 ὼλίσθησε
820 2081 914 2131 καὶ
940 2080 1164 2145 ἐξέπεσε
1196 2080 1295 2148 τῆς
1312 2081 1471 2151 δόξης
1494 2081 1586 2134 τοῦ
1609 2080 1767 2140 Θεοῦ,
1790 2082 1976 2150 δηλον-

393 2171 479 2221 ότι
542 2170 631 2222 διὰ
690 2171 790 2239 τὴν
851 2169 1297 2240 διεστραμμένην
1357 2170 1580 2241 θέλησιν
1637 2170 1837 2224 αὑτοῦ·
1900 2170 1980 2222 διὸ

396 2260 493 2310 καὶ
524 2258 894 2328 κατεδικάσθη
936 2258 1030 2310 τὸν
1058 2258 1309 2326 θάνατον,
1349 2262 1430 2315 ὅτι
1478 2262 1678 2331 θνητὴν
1728 2258 1842 2331 εἶχε
1874 2262 1979 2331 φύε

399 2365 513 2416 σιν,
536 2351 847 2421 δυναμένην
879 2349 1273 2420 ἀποθνήσκειν.
1309 2352 1490 2424 Ὅπερ
1529 2353 1617 2406 διά
1671 2353 1979 2424 φιλανθρω-

402 2443 542 2496 πίαν
591 2443 814 2509 ἐγένετο
842 2441 933 2493 τοῦ
960 2440 1119 2506 Θεοῦ,
1154 2445 1243 2499 ἵνα
1277 2444 1353 2514 μὴ
1402 2445 1671 2499 ἀθάνατον
1776 2446 1837 2498 τὸ
1877 2462 1980 2498 κα-

407 2534 529 2598 κον,
581 2534 715 2593 ἀλλά
745 2533 989 2602 παύηται
1017 2535 1115 2603 τῆς
1139 2536 1442 2605 ἁμαρτίας,
1487 2538 1838 2608 μεμνημένος
1884 2536 1979 2590 τοῦ

408 2623 644 2678 θανάτου
664 2624 757 2676 καὶ
782 2622 1115 2692 φδὸούμενος
1144 2626 1330 2680 αὐτόν.
1381 2628 1491 2680 Καὶ
1524 2628 1636 2696 γὰίρ
1686 2626 1775 2678 διὰ
1826 2624 1983 2679 τοῦτο

400 2718 503 2787 τὴν
525 2716 705 2787 ψυχὴν
751 2717 828 2787 τῷ
859 2716 1041 2785 θνητῷ
1071 2717 1287 2787 σώματι
1310 2718 1658 2782 συνέπλεξεν,
1709 2717 1799 2783 ἶν’,
1850 2720 1981 2771 ὅταν

405 2811 715 2881 προαιρεθῇ
746 2812 814 2864 τὰ
846 2810 1029 2879 φαῦλα
1081 2812 1169 2862 διὰ
1199 2810 1299 2881 τὴν
1332 2810 1814 2879 αὑτεξουσιότητα,
1874 2829 1981 2864 πα-

407 2901 671 2971 ραχρῆμα
712 2900 1153 2969 καταδικάζηται
1188 2899 1557 2966 ἀποθνήσκων
1597 2900 1685 2952 διά
1718 2898 1819 2967 τὴν
1850 2898 1981 2970 θνηο

403 2997 609 3065 τότητα
654 2996 750 3049 τοῦ
795 2994 1085 3065 σώματος·
1130 2996 1272 3066 ὅπερ
1299 2994 1498 3065 ἔμελλε
1527 2994 1745 3056 πάντως
1782 2993 1983 3047 ἀθάνα-

402 3105 499 3142 τον
522 3083 684 3153 εῖναι,
719 3088 771 3140 εί
804 3089 1107 3161 προῃρεῖτο
1133 3086 1202 3141 τά
1232 3086 1439 3155 ἀγαθὰ,
1493 3087 1589 3139 καὶ
1619 3085 1763 3152 άπερ
1794 3086 1821 3137 6
1849 3084 1984 3147 Θεὸς

404 3176 680 3232 ἐϐούλετο.
741 3179 921 3239 Μέσος
981 3176 1091 3247 γὰρ
1160 3177 1488 3247 θνητότητος
1540 3178 1637 3230 καὶ
1680 3175 1982 3237 ἀθανασίας
2005 3216 2051 3279 C

405 3268 678 3339 ἐπλάσθη.
726 3270 785 3322 Ὀ
814 3270 872 3321 δὲ
906 3270 1086 3324 Σατάν
1109 3270 1171 3322 οὐ
1214 3268 1583 3339 κατεδικάσθη
1617 3267 1982 3335 ἀποθνήσκειν

407 3361 661 3413 ἐκπεσὼν
693 3362 787 3413 τοῦ
816 3361 977 3426 Θεοῦ,
1000 3364 1083 3415 ὅτι
1132 3362 1335 3433 θνητὴν
1360 3362 1544 3430 φύσιν,
1585 3359 1776 3430 ὥσπερ
1797 3361 1982 3430 ἡμεῖς,

406 3455 510 3504 οὐκ
539 3448 679 3522 εἶχε,
710 3453 1015 3523 δυναμένην
1049 3456 1437 3523 ἀποθνήσκειν.
1466 3454 1564 3505 Διά
1609 3450 1788 3504 ταῦτα
1820 3452 1913 3503 καὶ
1958 3454 1986 3503 6

410 3543 511 3611 μὲν
554 3542 845 3612 ἄνθρωπος
880 3546 1135 3614 μετανοεῖ
1187 3544 1538 3613 μεμνημένος
1584 3542 1677 3597 τοῦ
1729 3542 1983 3609 θανάτου,

411 3636 506 3687 καὶ
540 3635 700 3687 τοῦτο
724 3640 900 3688 ποιεῖν
927 3637 1158 3690 δύναται
1189 3638 1385 3704 ἐφόσον
1417 3636 1483 3705 ζῇ
1538 3637 1675 3705 μετά
1727 3635 1820 3688 106
1879 3636 1987 3688 σώ-

410 3744 583 3796 ματος
630 3727 726 3779 τοῦ
751 3728 1092 3795 μεταϐλητοῦ
1127 3729 1320 3780 τούτου
1352 3744 1368 3759 ο
1406 3729 1545 3797 μετά
1574 3726 1631 3779 δὲ
1686 3727 1779 3779 τὸν
1826 3727 1988 3779 θάνα-

406 3819 591 3881 τον,οῦ
619 3819 932 3888 δυνήσεται,
962 3820 1078 3873 ἀλλ’
1113 3819 1382 3889 ἄτρεπτος
1433 3818 1731 3871 διατελέσει
1758 3818 1989 3871 διαπανο

408 3912 525 3977 τὸς,
555 3913 657 3981 τὴν
688 3912 963 3983 λαχοῦσαν
992 3911 1179 3983 χώραν
1222 3912 1374 3982 αὐτῷ
1405 3911 1652 3981 κατέχων
1682 3923 1701 3943 θ
1728 3914 1756 3964 6
1788 3910 1845 3963 δέ
1874 3910 1991 3963 δαί-

414 4022 535 4075 μων
556 4006 627 4057 οὐ
659 4006 916 4071 μετανοεῖ
942 4005 1031 4059 διὰ
1058 4004 1119 4057 16
1149 4005 1247 4073 τῆς
1282 3998 1483 4058 ἐαυτοῦ
1535 4003 1754 4073 φύσεως
1779 4003 1991 4073 ἀμετά-

412 4099 635 4168 ϐλητον.
691 4079 758 4152 ’Θ
813 4098 924 4170 γὰρ
1008 4098 1240 4161 θάνατος
1302 4100 1362 4152 ἐν
1427 4096 1759 4169 ἀνθρώποις,
1835 4097 1992 4152 τοῦτο

414 4190 692 4251 ἔκπτωσις
726 4190 783 4241 ἐν
813 4187 1093 4257 ἀγγέλοις.

500 4371 656 4424 Ἐπεὶ
688 4366 784 4423 οῦν
822 4370 1175 4440 ὁμολογεῖται
1204 4372 1286 4424 ὅτι
1328 4372 1482 4441 παρὰ
1500 4373 1595 4426 τοῦ
1652 4374 1790 4429 Θεοῦ
1852 4377 1995 4429 κατά

414 4463 507 4515 τδν
542 4463 821 4531 πρέποντα
862 4462 1146 4531 κρίνονται
1176 4462 1359 4530 λόγον,
1388 4464 1598 4533 ἔπρεπε
1619 4466 1682 4516 16
1717 4464 1994 4535 ἀνθρώπι-

358 4592 367 4603 .
416 4570 507 4604 νον
538 4549 1033 4622 ἐπανορθώσασθαι
1069 4553 1288 4621 νόσημα
1314 4552 1403 4605 διὰ
1446 4551 1541 4605 τοῦ
1571 4552 1770 4605 ἐαυτοῦ
1793 4555 1991 4621 Λόγου,

415 4646 486 4697 δι’
517 4636 579 4695 06
615 4645 707 4696 καὶ
732 4644 974 4712 ὲξαρχῆς
998 4644 1032 4713 ἡ
1054 4642 1167 4697 τῶν
1199 4644 1505 4713 ἀνθρώπων
1534 4643 1784 4713 ἐπλάσθη
1810 4646 1995 4714 φύσις.

432 4737 587 4790 Ἐπεὶ
619 4736 677 4789 δέ
700 4736 762 4789 16
793 4736 1008 4806 νόσημα
1038 4735 1150 4787 τῶν
1200 4734 1508 4804 ἀνθρώπων
1536 4735 1570 4803 ή
1598 4735 1844 4807 ἁμαρτία
1907 4731 1998 4803 ἦν,

422 4830 559 4897 ὅπερ
598 4828 904 4898 ἐνήργησεν
954 4828 987 4896 ἡ
1022 4828 1170 4897 κακὴ
1208 4825 1448 4895 θέλησις,
1505 4826 1746 4896 ἔπρεπεν
1789 4827 1874 4879 ἶνα
1906 4827 2001 4879 καὶ

422 4923 454 4989 ἡ
488 4920 864 4989 ἐπανόρθωσις
899 4918 1080 4981 οἰκεία,
1140 4920 1237 4972 καὶ
1287 4918 1606 4989 ἁρμόζουσα
1759 4920 1896 4987 πρὸς
1939 4921 2000 4970 16

424 5014 643 5081 νόσημα
670 5028 683 5042 ·
740 5010 931 5081 ὥσπερ
984 5014 1081 5065 καὶ
1113 5012 1161 5063 οἱ
1203 5012 1382 5080 ἰατροὶ
1412 5010 1510 5073 τὰς
1550 5011 1845 5081 θεραπείας
1868 5013 1998 5064 ἀνα-

421 5104 615 5169 λόγους
655 5102 872 5154 ποιοῦσι
914 5103 1050 5171 πρὸς
1077 5103 1135 5154 16
1159 5102 1370 5170 νόσημα
1396 5104 1488 5155 καὶ
1520 5102 1611 5155 τὸν
1636 5102 1992 5155 ἀσθενοῦντα.

424 5196 536 5248 Καὶ
562 5196 673 5263 γάρ
696 5211 848 5262 φασι,
897 5214 914 5244 ι
960 5194 1041 5245 Τά
1081 5194 1300 5246 ἐναντία
1325 5194 1434 5246 τῶν
1466 5194 1724 5247 ἐναντίων
1768 5195 1997 5262 ἰάματα.

424 5286 583 5339 υῦτω
615 5287 660 5338 δ’
686 5286 753 5338 ἂν
778 5281 846 5356 ἦν
874 5288 1054 5340 οἰκεία
1092 5287 1188 5339 καὶ
1251 5286 1569 5356 ἁρμόζουσα
1625 5290 1657 5356 ἡ
1707 5286 2000 5355 θεραπεία.

426 5380 563 5445 εἴγε
589 5380 617 5431 6
645 5377 744 5448 μὲν
774 5378 1059 5448 ἄνθρωπος
1112 5378 1249 5431 καθὸ
1299 5379 1648 5451 αύτεξούσιος
1683 5377 1863 5446 οἰκείᾳ⁵
1921 5377 2005 5427 θε-

424 5472 583 5539 λήσει
610 5472 907 5542 προῃρεῖτο
935 5473 994 5523 16
1045 5471 1255 5539 ἀγαθόν
1293 5488 1306 5501 ’
1349 5472 1471 5524 ἐπεὶ
1512 5473 1605 5523 καὶ
1634 5473 1810 5539 οἰκείᾳ
1845 5471 2005 5539 θελή·

427 5579 515 5615 σει
547 5561 828 5631 πφῃρέθη
853 5562 913 5613 1'0
956 5561 1126 5615 κακόν
1150 5578 1161 5592 ·
1195 5564 1229 5632 ή
1266 5562 1321 5615 δὲ
1356 5563 1575 5632 θὲλησις
1627 5563 1817 5626 αὑτοῦ,
1857 5561 1909 5614 εἴ
1943 5579 2001 5629 γε

426 5634 807 5708 κατευαῖδοῦτο
842 5656 937 5706 καὶ
973 5655 1339 5709 κατευθύνετο
1397 5655 1533 5727 πρὸς
1594 5654 1690 5722 τὴν
1740 5654 1856 5707 ὁδὸν
1910 5654 2003 5706 τοῦ

505 5835 549 5864 τ’
583 5832 719 5889 Gen.
769 5849 804 5899 I,
843 5833 931 5886 ‘26.

2078 2001 2242 2054 quam
2293 1986 2529 2039 hominis
2564 1984 2825 2055 perfectio
2852 1986 3250 2049 consideratur,
3288 1995 3450 2053 atque
3482 2001 3509 2038 a
3548 1985 3641 2038 Dei

2078 2075 2250 2144 gloria
2279 2074 2596 2139 exciderat;
2627 2075 2698 2128 ob
2732 2089 3043 2145 perversam
3078 2075 3331 2129 nimirum
3358 2091 3509 2128 suam
3548 2091 3644 2127 vo-

2079 2164 2371 2218 luntatem.
2398 2164 2766 2230 Quamobrem
2801 2167 2963 2220 etiam
2994 2167 3183 2220 mortis
3216 2166 3507 2221 damnatus
3537 2177 3642 2227 est,

2077 2253 2223 2321 quod
2257 2254 2472 2307 mortali
2507 2264 2701 2307 natura
2736 2255 2996 2324 praeditus
3025 2265 3162 2317 erat,
3198 2254 3464 2321 ejusmodi
3497 2256 3644 2309 scili-

2077 2355 2165 2400 cet
2212 2360 2333 2413 qua:
2377 2344 2516 2398 mori
2560 2354 2767 2415 posset.
2821 2345 2977 2411 Quod
3024 2346 3200 2414 ipsum
3258 2350 3497 2414 impensa
3552 2346 3644 2401 Dii

2080 2437 2421 2501 humanitate
2453 2451 2516 2492 ac
2539 2438 2823 2493 clementia
2851 2437 3053 2493 factum
3089 2448 3194 2501 est,
3221 2455 3286 2493 ne
3314 2440 3511 2491 malum
3549 2441 3647 2491 im-

2080 2526 2313 2578 mortale
2362 2524 2523 2590 foret,
2572 2526 2665 2580 sed
2714 2524 2977 2595 peccandi
3021 2527 3180 2581 finem
3230 2529 3391 2581 homo
3422 2528 3645 2592 faceret,

2079 2630 2241 2683 quem
2295 2618 2487 2672 mortis
2535 2620 2797 2671 memoria
2859 2620 3088 2690 ejusque
3142 2632 3318 2675 metus
3373 2622 3425 2674 in
3471 2622 3650 2675 ofﬁcio

2079 2707 2404 2761 contineret.
2449 2708 2581 2761 Nam
2616 2718 2671 2762 et
2709 2709 2833 2763 ideo
2858 2711 3073 2763 mortali
3098 2712 3314 2780 corpori
3344 2712 3649 2778 conjttnxc—

2080 2807 2166 2851 rat
2216 2780 2479 2864 animam,
2514 2809 2595 2863 ut,
2648 2800 2694 2856 si
2749 2816 2856 2871 qua
2911 2802 3170 2871 prarditns
3220 2812 3339 2856 erat
3394 2802 3649 2858 facultate

2084 2886 2319 2951 arbitrii,
2372 2888 2514 2942 mala
2564 2889 2808 2960 eligeret,
2859 2890 3146 2945 confestim
3197 2892 3388 2945 mortis
3434 2902 3638 2945 senten-

2080 2979 2236 3041 tiam,
2267 2994 2496 3049 corpore
2549 2982 2789 3045 mortali,
2850 2982 3179 3048 incurreret,
3234 2984 3375 3051 (μιυά
3428 2987 3649 3037 omnino

2082 3066 2391 3121 immortale
2444 3065 2688 3122 futurum
2735 3078 2872 3137 erat,
2918 3071 2963 3125 si
3003 3072 3165 3135 bona,
3195 3081 3247 3124 et
3289 3088 3409 3138 qum
3450 3086 3513 3123 ex
3561 3070 3652 3123 ι)ιί

2082 3166 2268 3212 essent
2293 3158 2575 3212 voluntate
2599 3167 2940 3227 praeptaret.
2968 3159 3175 3214 Medius
3199 3160 3343 3214 enim
3371 3176 3474 3212 IIIOI
3491 3163 3651 3212 talem

2087 3250 2229 3305 inter
2255 3259 2311 3304 et
2343 3238 2702 3305 Immortalem
2733 3261 2932 3304 sortem
2977 3251 3229 3305 conditus
3266 3250 3460 3305 fuerat.
3487 3252 3653 3305 Satan

2087 3358 2240 3406 vero,
2294 3360 2416 3399 cum
2447 3360 2512 3399 ex
2562 3327 2673 3398 Deo
2715 3344 2996 3405 exciderit,
3042 3347 3185 3398 haud
3239 3353 3417 3397 tamen
3459 3346 3654 3400 mortis

2086 3437 2378 3490 damnatus
2431 3444 2552 3501 est,
2604 3430 2751 3513 quod
2798 3437 3013 3489 mortali
3066 3447 3295 3497 natura,
3336 3437 3477 3489 sicut
3526 3453 3647 3498 nos,

2090 3531 2352 3597 praeditus
2382 3543 2490 3581 non
2526 3522 2801 3599 erat,'qua
2835 3528 3044 3582 scilicet
3089 3528 3222 3581 mori
3259 3539 3461 3597 posset.
3496 3526 3661 3580 llinc-

2088 3636 2195 3690 que
2230 3621 2366 3675 adeo
2398 3630 2500 3682 est,
2546 3630 2606 3675 ut
2638 3622 2824 3685 homo,
2875 3620 3063 3674 mortis
3100 3634 3329 3683 memor,
3364 3622 3657 3687 pteniteat;

2090 3712 2320 3782 ejusque
2352 3714 2429 3769 rei
2482 3713 2559 3768 illi
2593 3713 2827 3767 facultas
2872 3724 2974 3779 est,
3025 3714 3269 3782 quandiu
3306 3724 3556 3766 versatur
3607 3714 3657 3763 in

2091 3806 2339 3860 mutabili
2370 3806 2474 3860 hoc
2509 3820 2739 3875 corpore
2768 3822 2781 3859 ε
2834 3817 2957 3874 post
2986 3814 3214 3859 mortem
3251 3819 3401 3869 vero,
3438 3805 3663 3856 minime.

2092 3895 2275 3950 futura
2314 3906 2420 3961 est,
2456 3896 2549 3950 sed
2601 3910 2818 3966 semper
2849 3894 3205 3949 immutabilis
3242 3894 3366 3956 erit,
3400 3909 3523 3947 eum
3568 3894 3660 3962 qui

2094 3987 2170 4040 illi
2223 3987 2480 4055 obtigerit
2535 3987 2715 4041 locum
2768 3987 3036 4040 retinens.
3084 3986 3301 4039 Damon
3335 4000 3466 4038 vero
3514 3986 3660 4038 nulla

2093 4079 2417 4149 paenitentia
2448 4078 2690 4142 ducitur,
2720 4094 2827 4146 qua
2871 4078 3135 4147 prazditus
3164 4088 3357 4132 natura
3401 4078 3667 4133 immobili

2094 4168 2388 4235 est.'Quod
2436 4170 2583 4225 enim
2631 4184 2779 4224 mors
2815 4169 3132 4223 hominibus
3164 4178 3269 4232 est,
3304 4168 3355 4222 id
3395 4182 3555 4223 casus
3584 4182 3671 4222 est

2099 4264 2329 4332 angens.

2168 4356 2309 4423 Quia
2354 4355 2519 4425 igitur
2563 4353 2903 4425 exploratum
2935 4363 3038 4420 est,
3070 4354 3420 4409 convenienti
3455 4369 3549 4408 eos
3585 4369 3672 4407 ra-

2099 4450 2247 4504 tione
2295 4464 2325 4503 a
2376 4448 2483 4503 Deo
2528 4448 2764 4517 judicari
2805 4465 2819 4501 :
2859 4447 3085 4501 decebat
3139 4462 3233 4515 per
3281 4445 3400 4514 ejus
3438 4444 3671 4499 Verbum

2099 4540 2322 4594 humani
2359 4540 2573 4609 generis
2600 4538 2797 4608 depelli
2847 4539 3099 4592 morbum
3136 4546 3301 4605 atque
3342 4536 3546 4600 sanari,
3575 4553 3672 4605 per

2104 4633 2247 4702 quod
2294 4632 2459 4685 etiam
2511 4646 2539 4683 a
2596 4631 2868 4699 principio
2921 4632 3158 4682 humana
3204 4640 3396 4682 natura
3443 4630 3676 4681 formata

2100 4726 2300 4779 fuerat.
2334 4722 2470 4789 Quia
2506 4737 2637 4774 vero
2672 4719 2896 4775 morbus
2931 4721 3018 4773 ille
3047 4729 3328 4789 peccatum
3353 4730 3489 4783 erat,
3519 4720 3679 4787 cujus

2102 4817 2316 4873 auctori
2373 4815 2512 4869 mala
2566 4813 2820 4868 voluntas
2874 4813 3181 4875 exstiterat,
3237 4811 3466 4866 decebat
3512 4822 3570 4865 ut
3624 4822 3681 4867 et

2102 4909 2318 4964 curatio
2360 4907 2581 4977 propria
2613 4915 2761 4960 esset
2789 4920 2854 4959 ae
2897 4919 2997 4973 pro
3043 4904 3220 4958 morbi
3273 4906 3487 4961 ratione
3514 4919 3683 4974 appo—

2102 5002 2227 5055 sita.
2262 5000 2346 5054 Uti
2381 5000 2543 5053 etiam
2592 4998 2813 5058 medici,
2850 5013 2947 5065 pro
2974 4996 3152 5050 morhi
3180 5005 3339 5066 atque
3368 4998 3556 5066 aegroti
3593 5014 3682 5049 ra-

2105 5096 2253 5148 tione
2288 5093 2464 5145 solent
2508 5091 2766 5144 adhibere
2810 5091 3075 5155 remedia,
3109 5104 3338 5157 quorum
3371 5090 3501 5143 illud
3534 5104 3687 5143 con:-

2107 5200 2268 5239 tnune
2319 5182 2537 5237 effatum
2588 5198 2655 5233 ει
2699 5181 2987 5236 Contraria
3039 5185 3440 5238 contrariontm
3514 5183 3689 5235 med;-

2102 5286 2373 5333 camenta.
2412 5294 2430 5327 ι
2472 5274 2562 5328 Sic
2599 5288 2727 5327 vero
2778 5289 3000 5342 propria
3036 5286 3271 5342 aptaque
3308 5278 3493 5326 futura
3526 5292 3686 5325 rina-

2106 5370 2178 5423 tio
2207 5376 2345 5429 erat.
2369 5365 2413 5420 si
2449 5365 2635 5424 homo,
2670 5378 2776 5431 qua
2811 5363 3023 5416 ratione
3072 5362 3223 5415 liberi
3253 5362 3463 5413 arbitrii
3510 5360 3685 5433 fartil-

2109 5473 2219 5517 tate
2255 5460 2517 5529 prteditus
2546 5467 2649 5520 est,
2681 5456 2900 5525 propria
2927 5456 3207 5508 voluntate
3235 5456 3433 5506 bonum
3464 5454 3689 5520 eligt'rr't

2117 5556 2339 5624 (quippe
2373 5551 2465 5622 qui
2514 5550 2628 5619 ipse
2680 5550 2898 5619 propria
2931 5548 3119 5603 eadem
3166 5547 3442 5601 voluntate
3489 5549 3693 5600 malum

2115 5646 2373 5719 elegerat)
2403 5645 2628 5715 ejusque
2663 5644 2775 5714 ipsa
2810 5644 3063 5697 voluntas
3109 5641 3404 5713 (siquidem
3436 5640 3524 5694 illa
3568 5652 3692 5710 pro-
