4428 6444
389 402 501 467 6ιῖ

1343 397 1440 457 DE
1484 398 1904 458 PRINCIPIIS
1944 399 2155 458 FIDEI
2188 402 2657 463 ΕΛΤΙΙΟΙᾸΟτΕ.

3521 403 3626 464 618

396 516 733 567 συνίσταται*
760 510 836 570 εἰς
868 510 934 578 ῆν
992 506 1153 569 αὖτις
1201 507 1348 574 ἡμᾶς
1406 508 1646 562 εἵλκυσε.
1691 510 1803 577 Τὴν
1852 510 1960 576 γὰρ
1993 516 2033 572 Α
2066 511 2141 563 sci

1872 510 1960 576 πὰρ
1993 516 2033 572 Α
2066 510 2274 564 scilicet
2310 513 2516 565 visione
2564 513 2817 591 positam)
2854 512 2917 565 ad
2953 525 3114 579 quam
3161 512 3274 579 ipse
3306 526 3403 565 nos
3439 518 3621 566 traxit.

392 605 680 660 ἀσθένειαν
733 600 928 655 ἑαυτοῦ
960 598 1253 665 γινώσκων
1305 600 1331 649 ὁ
1385 596 1691 667 ἄνθρωπος,
1737 599 1837 651 (οὐκ
1893 600 1959 651 ἂν

394 696 613 762 ἐνόμισε
639 691 774 761 πρὸς
803 691 1008 758 ταύτην
1034 687 1333 756 δυνηθῇιαι
1362 687 1674 755 ἀφίξεσθαι,
1695 688 1742 739 εἰ
1771 689 1844 757 μὴ
1861 691 1960 759 τὴν

397 785 553 852 παρά
602 782 738 837 Θεοῦ
786 784 865 842 εἰς
915 778 1104 831 ἑαυτὸν
1161 778 1390 828 εὸλεπεν
1448 777 1615 829 οὖσαν
1667 778 1957 846 τοσαύτην,

396 872 540 924 ὥστε
568 870 658 923 τὸν
680 870 815 920 Θεὸν
864 868 1152 935 ἄνθρωπον
1184 864 1461 932 γενέσθαι,
1508 867 1602 917 καὶ
1645 868 1692 916 εί
1724 866 1799 934 μὴ
1825 866 1961 933 πρὸς

402 945 601 1014 ἑαυτὸν
633 960 660 1009 ὁ
691 960 823 1020 Θεὸς
851 960 999 1026 ἡμᾶς
1034 956 1415 1026 προύκαλεῖτο.
1458 957 1519 1008 Et
1554 957 1664 1025 γάρ
1696 956 1771 1024 μὴ
1804 956 1963 1009 δυνα-

400 1053 493 1103 τὸν
515 1048 582 1119 ἦν
605 1051 739 1119 πρὸς
771 1050 861 1101 τὸν
888 1048 1022 1099 Θεὸν
1044 1049 1191 1115 ἡμᾶς
1223 1045 1364 1098 κατὰ
1387 1046 1446 1098 τὸ
1502 1046 1782 1115 ἐγχωροῦν
1832 1048 1961 1098 ἀνα-

398 1140 697 1204 τείνεσθαι,
730 1141 829 1191 οὐκ
855 1139 920 1191 ἂν
949 1139 1007 1188 τὸ
1031 1137 1293 1189 ἀδύνατον
1325 1138 1401 1198 εἰς
1437 1138 1502 1187 τά
1534 1136 1771 1190 ἀδύνατα
1793 1137 1962 1207 πρού-

400 1231 638 1282 καλεῖτο.

474 1320 634 1371 Ὥστε
661 1319 720 1368 τὸ
743 1316 1071 1385 τιμιώτατον
1103 1316 1196 1367 τοῦ
1216 1316 1352 1368 Θεοῦ
1392 1316 1595 1379 κτίσμα
1624 1320 1651 1369 ὁ
1680 1317 1962 1386 ἄνθρωπος

395 1409 617 1473 ἐπέγνω
638 1409 728 1458 τὸν
756 1407 934 1473 ἀληθῆ
966 1407 1101 1458 Θεὸν
1139 1406 1227 1457 διὰ
1258 1406 1352 1458 τοῦ
1388 1406 1481 1457 τὸν
1504 1405 1640 1457 Θεὸν
1674 1406 1963 1475 ἄνθρωπον

397 1496 683 1563 γενέσθαι,
719 1497 944 1563 καὶτῆς
988 1496 1098 1547 τῶν
1120 1481 1391 1564 δαιμόνων
1442 1496 1651 1564 ἀπέστη
1708 1497 1961 1564 λατρείας

396 1588 496 1638 καὶ
530 1589 763 1648 πλάνης,
782 1588 878 1637 καὶ
909 1585 1005 1652 τῆς
1038 1586 1232 1643 ἰάσεως
1260 1585 1467 1653 ἔτυχεν.
1492 1585 1566 1637 Οὔ
1597 1586 1703 1653 γάρ
1727 1581 1795 1655 ἦν
1817 1587 1963 1648 εἰκὸς

396 1678 496 1729 τὸν
520 1678 675 1740 Θεὸν,
697 1676 899 1743 ἀγαθὸν
921 1675 1075 1738 ὅντα,
1095 1676 1153 1727 τδ
1173 1675 1370 1727 ἑαυτοῦ
1397 1674 1621 1743 πλάσμα
1645 1677 1963 1728 καταλιπεῖν

398 1763 729 1831 ἀϐοήθητον.

2062 596 2236 651 Homo
2285 601 2427 652 enim
2476 614 2587 653 sua:
2631 602 2889 653 conscius
2938 598 3305 659 ἱηίίτῐηὶιειιίε.²
3332 617 3622 668 nunquam

2061 702 2119 739 se
2153 688 2217 739 ad
2253 703 2369 742 eam
2400 704 2686 743 evasurum
2718 692 3074 753 existimaret,
3105 692 3209 745 nisi
3241 699 3443 751 tantam
3479 692 3529 743 in
3567 707 3626 743 se

2066 777 2155 830 Dei
2202 779 2572 845 dignationem
2606 780 2837 841 videret,
2883 790 2939 834 ut
2986 791 3037 831 et
3074 782 3211 832 Deus
3250 782 3412 832 homo
3452 782 3624 844 ﬁeret,

2061 882 2126 919 ac
2159 867 2262 919 nisi
2298 867 2361 920 ad
2415 882 2473 921 se
2520 866 2661 921 Deus
2697 882 2797 921 nos
2846 870 3119 921 invitaret.
3177 869 3287 920 Nisi
3317 869 3459 919 enim
3512 871 3625 920 ﬁeri

2065 966 2266 1023 posset,
2309 966 2364 1010 ut
2397 971 2494 1025 pro
2526 966 2723 1009 nostra:
2769 957 3039 1011 facultatis
3074 959 3295 1010 modulo
3339 960 3402 1010 ad
3456 959 3623 1010 Deum

2064 1044 2165 1112 ipsi
2226 1047 2581 1109 eniteremur,
2625 1062 2900 1113 nunquam
2963 1048 3051 1101 ille
3110 1050 3173 1099 ad
3243 1050 3625 1117 impossibilia,

2064 1134 2207 1201 quod
2239 1134 2580 1202 impossibile
2614 1144 2785 1198 esset,
2825 1148 3165 1203 provocaret.

2137 1304 2341 1372 Itaque.
2383 1308 2473 1372 qui
2516 1307 2658 1360 inter
2692 1307 2781 1362 Dei
2833 1310 3084 1377 ﬁgmenta
3118 1313 3409 1380 principem
3450 1315 3626 1366 loc-nni

2068 1398 2232 1449 tenet.
2266 1394 2447 1456 homo,
2482 1383 2820 1449 inde-verum
2850 1403 3066 1465 agnovit
3095 1400 3282 1472 Deum,
3311 1408 3452 1469 quod
3489 1405 3627 1456 Deus

2074 1481 2237 1534 homo
2273 1483 2446 1537 factus
2476 1497 2593 1550 est;
2630 1478 3040 1556 ξιιιςροιιριιςιμιιι
3072 1509 3097 1543 a
3144 1496 3446 1546 dminonum
3481 1498 3627 1547 cultu

2067 1584 2131 1622 ac
2169 1585 2379 1630 errore,
2422 1575 2709 1627 sanitatem
2756 1577 3006 1643 indeptus
3048 1591 3148 1631 est.
3193 1584 3307 1633 Non
3342 1584 3482 1635 enim
3539 1600 3633 1650 par

2067 1667 2182 1712 erat
2251 1671 2309 1713 ut
2381 1662 2542 1725 Drus,
2591 1666 2682 1731 qui
2736 1660 3036 1726 louus’sit.
3102 1670 3413 1737 ﬁgmentum
3472 1692 3631 1727 suum

2067 1751 2212 1801 omni
2247 1751 2567 1805 destitutum
2597 1771 2697 1820 ope
2730 1758 3082 1825 relinqueret.

476 1855 710 1908 Ἔπειτα
732 1854 854 1906 ἐπεὶ
906 1854 1171 1922 ἐλέγομεν
1194 1856 1254 1905 τὸ
1286 1854 1629 1922 ἀνθρώπινον
1661 1854 1965 1922 ἁμάρτημα
1995 1864 2041 1923 Β
2146 1839 2219 1893 De

1882 1871 1965 1922 ‘Pa
1995 1864 2041 1923 Β
2146 1839 2371 1901 Deinde,
2421 1844 2545 1909 quia
2592 1845 2908 1899 dicebamus
2962 1860 3243 1917 peccatum
3292 1852 3534 1907 hominis
3578 1856 3631 1907 iu

398 1947 757 1999 συνίστασθαι
791 1947 855 1998 ἐκ
887 1945 981 1997 τοῦ
1036 1945 1105 1996 τὰ
1156 1944 1338 2012 φαῦλα
1401 1944 1694 2012 ἐπιθυμεῖν
1760 1944 1856 1995 καὶ
1900 1946 1965 1996 τά

401 2042 694 2106 σωματικᾶ
750 2036 954 2104 ἀγαθὰ,
1002 2034 1071 2086 τά
1121 2036 1174 2086 δὲ
1214 2034 1409 2087 αέὡνια
1462 2034 1641 2100 ἀγαθά
1684 2036 1964 2103 οὐδαμῶς’

402 2131 523 2191 πῶς
576 2124 645 2198 ἦν
688 2127 915 2179 δυνατὸν
978 2124 1137 2177 τοῦτο
1216 2124 1647 2192 θεραπευθῆναι,
1703 2124 1969 2192 καὶπρὸς

404 2221 540 2273 Θεὸν
579 2218 901 2286 ἀναχθῆναι,
936 2215 1003 2268 δι’
1028 2208 1103 2267 ὧν
1145 2214 1347 2281 ἔπραξε
1373 2216 1466 2267 καὶ
1515 2215 1758 2268 πέπονθε
1793 2218 1967 2270 καθαο

407 2310 735 2382 ρῶςέδειξε.
778 2308 879 2362 Καὶ
908 2308 1013 2375 γάρ
1037 2306 1275 2375 πένητας
1303 2307 1493 2373 γονέας
1538 2307 1840 2369 προείλετο.
1872 2310 1970 2377 τὴν

400 2404 460 2454 δὲ
484 2407 687 2471 ἀρετην
716 2399 984 2459 τελείους.
1015 2399 1103 2449 ἵνα
1133 2397 1319 2466 μηδεὶς
1345 2397 1681 2466 ὲγκαυχᾶται
1705 2401 1769 2467 τῇ
1811 2401 1967 2452 ἀσρε.

398 2494 524 2563 vei;
548 2492 645 2557 τῆς
680 2488 905 2558 σαρκός.
936 2488 1153 2557 Πτωχὸν
1187 2484 1298 2557 εἶχε
1333 2486 1468 2555 βίον,
1498 2488 1583 2539 ἵνα
1612 2488 1735 2551 τοὺς
1765 2489 1972 2559 ἀνθρώ-

403 2598 543 2641 πους
575 2579 762 2649 διδάξῃ
794 2579 1089 2647 χρημάτων
1126 2581 1508 2647 καταφρονεῖν.
1571 2579 1998 2650 Ἕστερημένος·

403 2671 711 2739 ἀξιώματος
736 2669 941 2730 διεϐίω,
973 2668 1060 2721 ἴνα
1091 2668 1277 2739 παύσῃ
1336 2670 1463 2732 τοὺς
1500 2668 1824 2738 ἀνθρώπους
1874 2670 1974 2739 τῆς

400 2762 642 2816 ἀτάκτου
671 2759 802 2829 περὶ
830 2758 926 2821 τὰς
976 2757 1141 2827 τιμάς
1187 2758 1504 2828 ἐπιθυμίας,
1538 2760 1726 2826 Πόνον,
1796 2761 1972 2831 λιμὸν,

401 2852 587 2918 δίψαν,
611 2850 882 2920 μάστιγας
906 2849 1178 2917 ὑπέμενεν
1209 2849 1265 2900 ὲν
1290 2848 1367 2917 τῷ
1396 2848 1631 2917 σώματι,
1670 2851 1756 2902 ἵνα
1792 2851 1974 2921 διδάξῃ

405 2943 535 3001 τοὺς
561 2938 878 3007 ἀνθρώπους
938 2938 1011 3006 μὴ
1052 2936 1214 3007 ἡδονῇ
1266 2938 1359 2989 καὶ
1416 2942 1596 3008 τρυφῇ
1651 2941 1745 2992 καὶ
1793 2941 1977 2994 ἀνέσει

410 3031 783 3099 προσέχοντας
824 3028 1156 3094 ἀφίστασθαι
1190 3028 1287 3080 τοῦ
1343 3029 1441 3096 τῆς
1493 3032 1695 3101 ἀρετῆς
1746 3032 1973 3099 ἀγαθοῦ.

410 3124 579 3184 Τέλος
618 3123 846 3174 θάνατον
872 3121 1189 3190 ὑπέμεινεν.
1223 3120 1309 3171 ἵνα
1338 3120 1529 3188 μηδεὶς
1553 3122 1639 3172 διά
1671 3121 1761 3172 τὸν
1814 3123 1978 3190 φόϐον

2073 1929 2175 1983 hoc
2211 1931 2447 1999 positum
2475 1948 2616 1997 esse,
2648 1937 2791 2002 quod
2830 1938 2969 1989 mala
3004 1942 3355 2006 concupiscnt
3389 1944 3636 2011 bonaque

2072 2026 2417 2093 corporalia,
2477 2043 2819 2097 nequaquam
2886 2048 3013 2085 vero
3067 2036 3205 2088 bona
3258 2039 3633 2105 sempiterna;

2072 2127 2309 2181 quonam
2340 2118 2500 2169 modo
2530 2118 2643 2171 ﬁeri
2677 2120 2868 2187 possit,
2909 2133 2967 2174 ut
3004 2123 3125 2177 huic
3163 2126 3301 2178 malo
3335 2129 3633 2182 remedium

2073 2199 2395 2255 adhibeatur
2422 2213 2473 2254 et
2506 2204 2667 2257 homo
2696 2207 2760 2259 ad
2800 2208 2964 2260 Deum
2995 2225 3266 2279 assurgat,
3298 2217 3495 2281 quibus
3530 2220 3640 2284 egit

2074 2299 2237 2357 atque
2266 2307 2460 2359 passus
2488 2305 2572 2347 est
2606 2296 2813 2362 liquido
2848 2302 3108 2352 ostendit.
3147 2305 3355 2356 Etenim
3386 2318 3639 2373 parentes

2076 2395 2341 2451 pauperes
2380 2384 2563 2453 elegit,
2599 2390 2688 2453 qni
2725 2397 2903 2442 tamen
2932 2392 3129 2444 virtute
3155 2395 3376 2461 perfecti
3412 2409 3636 2460 essent;

2081 2488 2146 2525 ne
2168 2473 2291 2541 quis
2326 2473 2583 2541 glorietur
2607 2477 2695 2541 qni
2722 2479 2900 2533 carnis
2931 2480 3240 2537 inﬁrmitate
3266 2488 3641 2546 cireunulatus

2078 2561 2168 2613 sit.
2227 2561 2368 2615 Pene
2423 2567 2656 2619 mendici
2694 2569 2854 2620 vitam
2906 2572 3044 2638 egit,
3101 2587 3157 2626 ut
3215 2584 3641 2636 contemnendas

2078 2656 2335 2718 pecunias
2388 2656 2635 2712 homines
2676 2660 2915 2718 doceret.
2969 2663 3120 2717 Nulla
3171 2669 3430 2737 dignitate
3486 2691 3647 2728 mun-

2077 2743 2222 2796 dano
2263 2746 2408 2797 cultu
2460 2748 2710 2803 sublimis
2738 2752 2898 2803 vitam
2935 2757 3195 2818 traduxit,
3238 2769 3291 2811 ut
3342 2762 3406 2813 ah
3440 2763 3645 2818 inordi-

2080 2845 2202 2889 nata
2269 2838 2536 2891 honorum
2595 2842 2891 2909 cupiditate
2942 2844 3222 2899 hominum
3280 2866 3647 2920 compesceret

2081 2931 2317 2984 animos.
2368 2931 2796 2993 Lassitudinem,
2852 2933 3070 3000 famem,
3111 2939 3281 3004 sitim,
3325 2945 3542 2997 verbera
3595 2949 3646 3000 iu

2080 3035 2307 3086 corpore
2357 3022 2642 3082 sustinuit,
2683 3033 2740 3076 ut
2795 3026 3014 3080 doceret
3068 3028 3316 3084 homines
3363 3035 3647 3101 voluptati,

2084 3114 2318 3177 deliciis,
2358 3114 2589 3167 molliori
2637 3116 2761 3167 vita:
2806 3117 3051 3170 animum
3103 3113 3436 3185 addieentes,
3473 3142 3501 3178 a
3545 3129 3650 3180 vir-

408 3212 507 3268 τοῦ
535 3211 766 3265 θανάτου
792 3212 895 3280 τὴν
929 3210 1184 3280 ἀλήθειαν
1212 3211 1681 3281 ἐγκαταλιμπάνῃ.
1719 3213 1823 3265 Τὸν
1849 3216 1976 3265 επο-
2007 3198 2053 3257 C
2088 3214 2157 3257 llll

1903 3230 1976 3265 το-
2007 3198 2053 3257 C
2088 3207 2218 3259 tutis
2258 3206 2399 3260 bono
2432 3222 2536 3259 non
2580 3202 2890 3260 abscedere.
2936 3207 3218 3263 l'ostremo
3264 3227 3487 3268 mortem
3533 3234 3652 3286 per-

412 3304 679 3356 νεξδιστον
718 3304 803 3355 διὰ
835 3302 1071 3372 σταυροῦ
1105 3303 1387 3371 προείλετο
1409 3302 1655 3366 θάνατον,
1685 3305 1771 3355 ἶνα
1791 3305 1979 3373 μηδεὶς

410 3397 555 3466 ὑπὲρ
583 3397 680 3463 τῆς
732 3395 988 3463 ἀληθείας
1007 3394 1097 3448 τὸν
1128 3395 1485 3449 ἐπονείδιστον
1510 3397 1844 3466 ἐκτρέπηται
1887 3397 1983 3451 θά-

408 3504 593 3540 νατον.
630 3486 789 3537 Ὥστε
836 3486 1077 3555 προσῆκε
1115 3487 1205 3539 τὸν
1223 3488 1353 3538 Θεὸν
1383 3487 1672 3555 ἄνθρωπον
1700 3486 1977 3555 γενέσθαι,

413 3580 503 3631 ἶνα
534 3578 612 3647 τῷ
664 3577 783 3629 καθ’
846 3578 1008 3629 αὑτὸν
1062 3577 1421 3644 ὑποδείγματι
1483 3579 1609 3640 τοὺς
1655 3578 1979 3647 ἀνθρώπους

412 3671 510 3722 ἐπὶ
544 3670 643 3737 τὴν
676 3668 874 3737 ἀρετὴν
923 3668 1345 3734 προκαλέσηται,
1389 3668 1530 3720 καθά
1558 3686 1723 3736 φησιν
1747 3671 1772 3721 ὁ
1799 3669 1981 3737 μακά·

412 3777 532 3829 ριος
567 3760 791 3828 Πέτρος,
823 3777 840 3808 ι
877 3758 1107 3826 Χριστὸς
1152 3757 1419 3809 πέπονθεν
1451 3757 1591 3827 ὑπὲρ
1642 3758 1821 3827 ἡμῶν,
1849 3762 1983 3828 ἡμῖν

414 3850 916 3918 ἐγκαταλιμπάνων
946 3849 1338 3916 ὑπογραμμὸν,
1366 3848 1456 3901 ἴνα
1483 3851 1595 3911 τοῖς
1654 3851 1858 3919 ἴχνεσιν
1888 3852 1984 3902 αὑ-

414 3945 510 3996 τοῦ
547 3942 1103 4009 ἐπακολουθήοωμεν.
1148 3960 1165 3991 ι

498 4034 827 4086 Ἐπειδὲοὺ
870 4033 1030 4102 μόνον
1085 4032 1151 4085 τὰ
1214 4032 1314 4099 τῆς
1376 4031 1577 4101 ἀρετῆς
1630 4032 1765 4100 ἔργα
1828 4031 1987 4085 ἱκανά

414 4127 524 4178 εἰσι
560 4123 689 4193 πρὸς
717 4124 777 4175 τὸ
806 4125 993 4192 τυχεῖν
1026 4125 1124 4193 τῆς
1158 4123 1382 4176 αἰωνίου
1404 4122 1825 4192 μακαριότητος,
1849 4122 1987 4175 ἀλλά

414 4218 512 4270 καὶ
546 4219 578 4285 ἡ
607 4216 802 4283 γνῶσις
827 4218 923 4284 τῆς
957 4216 1087 4284 περὶ
1123 4214 1254 4268 Θεὸν
1289 4214 1549 4283 ἀληθείας
1573 4229 1588 4246 ·
1654 4215 1752 4266 οὐκ
1810 4209 1878 4283 ἧν
1930 4215 1987 4266 δὲ

413 4310 644 4362 δυνατὸν
682 4309 782 4377 τὴν
812 4310 940 4376 περὶ
976 4306 1108 4359 Θεὸν
1162 4307 1425 4376 ἀλήθειαν
1491 4307 1780 4375 ἄνθρωπον
1834 4305 1985 4357 διδά-

416 4417 619 4454 σκοντα
640 4399 1035 4467 πιστευθῆναιο
1091 4398 1206 4450 εστι
1245 4398 1354 4463 γάρ
1399 4399 1494 4450 καὶ¹
1550 4398 1836 4464 ἀπατῆσαι
1892 4396 1988 4449 καὶ

375 4536 384 4549 ,
412 4489 765 4557 ἀπατηθῆναι
785 4491 875 4541 τὸν
905 4488 1191 4556 ἄνθρωπον
1214 4504 1227 4516 ·
1256 4488 1364 4540 ἔδει
1398 4488 1491 4539 καὶ
1518 4488 1660 4541 κατά
1698 4487 1856 4540 τοῦτο
1895 4489 1987 4539 τὸν

416 4581 552 4633 Θεὸν
579 4579 865 4648 ἄνθρωπον
890 4581 1187 4646 γενόμενον
1217 4579 1315 4649 τὴν
1335 4580 1511 4648 ἀληθῆ
1538 4585 1721 4631 πίστιν
1752 4579 1983 4644 διδάξαι,

419 4674 510 4723 ἶνα
545 4672 710 4740 μηδὲν
731 4672 1033 4741 ἀμφίϐολον
1064 4672 1183 4740 ἔχῃ,
1216 4671 1289 4733 ὡς
1324 4672 1430 4722 ἀπὸ
1482 4669 1622 4723 Θεοῦ
1658 4671 1751 4722 καὶ
1782 4670 1992 4739 ἀνθρώο

422 4779 527 4814 που
559 4761 947 4830 παραδοθεῖσα.
983 4761 1107 4812 Ὅτι
1137 4761 1193 4813 δὲ
1229 4762 1359 4823 Θεὸς
1387 4756 1477 4829 ἦν,
1524 4761 1725 4825 ἐδίδαξε
1769 4762 1856 4813 διὰ
1882 4761 1992 4812 τῶν

421 4853 744 4920 θαυμάτων,
786 4852 821 4905 ἆ
857 4851 1109 4920 οὐδαμῶς
1134 4850 1455 4922 ἀνθρωπίνῃ
1483 4852 1710 4921 δυνάμει
1767 4851 1993 4905 δύναται

419 4944 779 5016 ἐργάσασθαι.
811 4944 951 4996 ’Δλλσ
978 4944 1167 5014 ἐπειδὴ
1220 4947 1347 5007 τοὺς
1398 4946 1499 5013 μὲν
1530 4947 1651 4997 τότε
1716 4945 1993 5014 παρόντας

420 5039 517 5090 καὶ
540 5036 780 5105 ὁρῶντας
820 5037 967 5098 είκδς
991 5032 1059 5104 ἦν
1112 5038 1232 5089 τότε
1284 5037 1587 5101 πιστεύειν,
1654 5040 1701 5089 οἱ
1744 5037 1799 5088 δὲ
1859 5038 1996 5104 μετά

419 5126 596 5179 ταῦτα
659 5123 1065 5198 προύὗάλλοντο
1116 5128 1181 5179 ἂν
1234 5128 1530 5197 πλάσματα
1590 5129 1762 5182 ταῦτα
1814 5126 1951 5181 εἶναι
1983 5143 1997 5157 ·

421 5219 516 5268 καὶ
567 5217 702 5283 πρὸς
735 5217 894 5269 τοῦτο
923 5217 1200 5286 ἐπενοήθη
1238 5220 1533 5288 θεραπεία.
1584 5219 1644 5270 Εἰ
1696 5219 1803 5288 γὰρ
1835 5222 1861 5270 ὁ
1899 5219 1997 5285 τὴν
2032 5208 2050 5227 ⁸

420 5311 607 5363 πίστιν
642 5312 846 5380 ταύτην
870 5311 1085 5374 διδάξας
1141 5312 1235 5363 κα)⁸
1252 5312 1319 5363 τὰ
1348 5311 1605 5380 θαύματα
1655 5311 1995 5380 ἐργάσασθαι

419 5403 711 5470 λεγόμενος
747 5402 1002 5465 πλούσιος
1055 5398 1146 5473 ἦν,
1199 5405 1292 5455 καὶ
1363 5406 1539 5473 ἀρχὴν
1595 5405 1838 5472 μεγάλην
1898 5404 1993 5455 καὶ

420 5493 812 5563 στρατεύματα
842 5491 1005 5563 εἶχεν,
1042 5497 1216 5559 ἔδοξεν
1247 5496 1312 5548 ἂν
1351 5499 1491 5549 τισὶν
1556 5498 1638 5547 ὅτι
1695 5497 1728 5565 ἠ
1782 5495 1992 5546 ἐκείνου

418 5586 737 5639 διδασκαλία
792 5588 886 5641 καὶ
933 5588 1001 5641 τὰ
1054 5588 1310 5657 θαύματα
1374 5589 1671 5657 πλάσματά
1729 5591 1853 5651 εἰσι,
1903 5591 1994 5639 καὶ

502 5762 594 5815 ’³1
631 5762 775 5817 Petr.
820 5774 883 5823 ιι,
923 5760 1015 5814 ει.

755 5855 1023 5911 ΙννΑΤιιοι.
1065 5850 1181 5910 Gn.
1229 5848 1337 5908 CLI
1353 5848 1391 5911 l.

2087 3296 2227 3359 tulit,
2277 3303 2335 3348 ut
2388 3310 2546 3349 nemo
2597 3290 2785 3351 mortis
2832 3306 2972 3350 metu
3030 3299 3320 3356 deterritus
3373 3305 3649 3360 veritatem

2044 3386 2317 3440 'deserat.
2389 3384 2868 3440 Probrosis‘simam
2922 3393 3099 3444 erucis
3174 3396 3441 3462 supplicio
3491 3400 3652 3467 elegit

2084 3488 2334 3539 mortem,
2378 3491 2436 3532 ut
2484 3474 2775 3548 nemo‘pro
2806 3482 3033 3536 veritate
3070 3484 3390 3549 probrosam
3422 3501 3649 3544 mortem

2083 3567 2344 3637 defugiat.
2395 3568 2580 3638 Itaque
2630 3572 2960 3625 conveniens
3012 3584 3152 3638 erat,
3205 3585 3260 3627 ut
3316 3577 3455 3631 Deus
3494 3583 3657 3634 homo

2085 3659 2253 3721 ﬁeret,
2290 3675 2399 3727 quo
2447 3661 2703 3713 nimirum
2754 3664 3003 3731 exemplo
3032 3680 3131 3717 suo
3166 3668 3412 3723 homines
3448 3673 3512 3723 ad
3549 3674 3658 3725 vir~

2088 3758 2257 3802 tntem
2311 3762 2651 3817 provocaret,
2702 3752 2775 3804 uti
2809 3754 2881 3805 ait
2925 3754 3119 3821 beatus
3169 3756 3359 3811 Petrus
3396 3776 3407 3812 ε
3447 3780 3464 3811 ι
3502 3763 3660 3816 Chri-

2089 3848 2204 3892 stus
2234 3854 2427 3907 passus
2455 3851 2535 3894 est
2570 3857 2666 3910 pro
2712 3844 2887 3905 nobis,
2932 3847 3089 3899 nobis
3128 3849 3444 3919 relinquens
3476 3868 3662 3923 exem:

2089 3930 2260 3999 plum,
2293 3941 2349 3985 ut
2383 3947 2674 4000 sequamur
2702 3935 2923 4004 vestigia
2960 3938 3076 4003 ejus
3102 3940 3165 3991 ".
3208 3959 3225 3990 ι

2162 4019 2297 4085 Quia
2345 4036 2471 4074 vero
2506 4038 2612 4075 non
2662 4024 2775 4077 sala
2815 4026 3031 4080 virtutis
3071 4044 3228 4097 opera
3277 4032 3571 4100 sufﬁciunt,
3605 4049 3663 4090 ut

2090 4123 2349 4169 :eternam
2381 4116 2507 4184 quis
2550 4116 2945 4170 beatitudinem
2992 4133 3382 4189 consequatur,
3419 4128 3512 4179 scd
3568 4145 3659 4182 ne-

2090 4208 2327 4261 cess-aria
2358 4222 2576 4275 quoque
2607 4208 2849 4262 veritatis
2882 4209 2947 4262 de
2982 4209 3090 4264 Deo
3129 4215 3369 4273 coanitio
3398 4227 3480 4269 est
3515 4235 3527 4269 :
3568 4237 3665 4272 nee

2092 4312 2222 4351 vero
2258 4298 2375 4351 ﬁeri
2422 4305 2634 4365 poterat
2662 4309 2718 4351 ut
2763 4300 2925 4357 homo
2957 4302 3237 4355 veritatem
3281 4305 3508 4368 docens,
3546 4325 3667 4376 qua:

2092 4391 2158 4443 de
2207 4386 2316 4441 Deo
2352 4400 2454 4450 est,
2488 4400 2691 4442 certam
2727 4391 2952 4442 omnino
2984 4392 3139 4444 tidem
3189 4396 3447 4459 haberet;
3503 4400 3667 4452 homo

2092 4483 2235 4534 enim
2282 4489 2334 4533 et
2381 4481 2554 4547 decipi
2593 4491 2641 4532 et
2684 4480 2934 4548 decipere
2986 4494 3184 4549 potest,
3221 4501 3283 4539 ea
3316 4502 3533 4555 quoque
3583 4507 3670 4543 ra-

2095 4573 2239 4625 tione
2276 4572 2522 4633 dccebat,
2572 4580 2626 4624 ιιι
2679 4571 2818 4625 Deus
2856 4573 3035 4626 factus
3070 4576 3234 4628 homo
3279 4592 3461 4631 veram
3510 4580 3665 4633 ﬁdem

2090 4665 2330 4727 doceret,
2364 4679 2473 4733 quo
2511 4664 2597 4717 illa
2649 4664 2783 4718 nihil
2829 4666 3168 4735 ambiguum,
3216 4670 3357 4723 velut
3393 4686 3420 4722 a
3466 4670 3574 4724 Deo
3617 4688 3670 4724 et

2092 4759 2317 4813 homine
2347 4759 2570 4821 tradita,
2605 4758 2851 4813 haberet.
2894 4761 3024 4815 Esse
3056 4772 3238 4814 autem
3288 4778 3345 4816 se
3381 4764 3544 4817 Deum
3577 4766 3672 4817 do-

2095 4850 2207 4904 cuit
2250 4865 2346 4919 per
2381 4850 2668 4914 miracula,
2704 4867 2825 4948 qua:
2857 4852 2999 4903 nulla
3034 4853 3271 4905 humana
3309 4855 3504 4908 virtute
3541 4871 3669 4923 pos-

2096 4953 2222 4994 sunt
2262 4942 2529 5009 przestari.
2582 4940 2729 5005 ριιὶςῖ
2755 4952 2933 4994 tamen
2975 4958 3071 5009 par
3104 4952 3242 5004 erat,
3279 4958 3372 4997 eos
3418 4946 3508 5013 qui
3545 4956 3673 4999 tunc

2097 5043 2394 5103 pra'sentes
2427 5042 2584 5086 erant
2614 5048 2674 5086 ac
2700 5033 2975 5099 videbam,
3014 5044 3143 5089 tunc
3177 5036 3525 5101 credituros;
3576 5055 3671 5107 po-

2097 5134 2273 5177 steros
2306 5137 2455 5183 vero,
2510 5122 2761 5191 ﬁgmenta
2818 5124 2931 5176 ha-c
2980 5139 3123 5185 esse,
3173 5128 3289 5177 tore.
3328 5128 3670 5192 objeeluros;

2100 5216 2224 5268 huic
2273 5231 2488 5283 quoque
2546 5215 2851 5283 excogitata
2889 5216 3068 5267 cantio
3101 5227 3200 5269 est.
3243 5216 3374 5270 Nam
3426 5220 3468 5273 si
3506 5220 3549 5273 is
3582 5239 3672 5289 qni

2100 5308 2241 5361 hunc
2286 5308 2468 5360 docuit
2504 5305 2688 5363 ﬁdem.
2721 5314 2774 5357 et
2813 5306 2904 5373 qui
2944 5306 3205 5360 miracula
3242 5308 3436 5364 fecisse
3483 5327 3676 5364 narra-

2106 5410 2214 5461 tur,
2244 5399 2394 5453 dives
2445 5397 2655 5460 fuisset,
2705 5398 3003 5467 ingensque
3053 5401 3342 5468 imperium
3390 5418 3451 5455 ac
3492 5404 3678 5473 copias

2106 5494 2350 5557 haberet,
2401 5493 2586 5545 venire
2634 5491 2689 5543 in
2740 5500 2973 5545 mentem
3034 5493 3195 5547 alicui
3250 5505 3478 5563 poterat,
3534 5497 3679 5551 illius

2108 5588 2411 5641 doctrinam
2452 5601 2514 5639 ae
2557 5584 2817 5639 miracula
2854 5583 3107 5653 ﬁgmenta
3141 5602 3284 5652 esse,
3335 5589 3679 5658 humanaque

3210 5857 3287 5916 ΞΟ
