4428 6444
348 420 455 485 621

1326 416 1421 474 DE
1464 410 1889 474 PRINCIPIIS
1933 411 2135 469 FlDEl
2182 386 2654 470 cu'uocicze.

3512 406 3622 468 629.

348 536 539 598 λόγον.
578 531 639 583 El
677 531 783 599 γὰρ
807 529 1153 598 ἀλλοτρόπως
1168 525 1692 594 ἠλευθερούμεθα,ἢ
1727 522 1939 592 ὁρισμῷ
1970 521 2017 580 Α
2050 521 2097 574 Di

1871 522 1939 590 λῴ
1970 521 2017 580 Α
2050 521 2138 574 Dei
2188 522 2408 575 decreto
2448 531 2501 575 ct
2540 521 2803 589 potentia,
2855 520 2969 573 sive
3002 533 3085 587 poi
3147 517 3423 599 angelum,
3478 521 3620 573 haud

350 625 451 675 του
480 622 618 675 Θ..οὖ
646 625 741 674 xui.
766 622 1011 689 δυνάμει,
1049 621 1083 689 ἢ
1115 619 1183 671 δι’
1232 619 1489 685 ἀγγέλου,
1547 618 1648 668 οὐκ
1684 617 1749 668 ἂν
1803 618 1938 681 ἡκο-

352 715 542 766 λούθει
569 714 630 765 τὸ
668 714 807 783 μετά
832 712 1206 777 δικαιοσύνης.
1243 710 1407 763 Ἀλλά
1452 709 1561 778 μὴν
1587 711 1615 761 6
1674 708 1807 769 Θεὸς
1860 708 1941 759 δί-

356 805 519 865 καιός
546 805 699 855 ἐστιν
764 804 851 855 Ὠ⁸
878 799 973 856 οὖν
1004 805 1031 855 6
1064 802 1223 868 λόγος
1278 801 1376 867 τῆς
1425 798 1777 867 δικαιοσύνης
1804 797 1943 867 ἀπή-

351 910 462 953 nu,
501 913 675 957 ουτω,
710 896 801 962 ἔγέ
870 912 950 954 το.
1006 897 1102 948 Ικα
1140 912 1174 962 η
1214 894 1271 946 δὲ
1309 894 1485 961 ὲράνη
1505 893 1595 944 καῖ
1631 893 1663 960 ἡ
1698 890 1939 952 διάλυσι,

352 982 454 1033 τοῦ
482 982 828 1051 πταίσματο,
887 983 982 1035 τοῦ
1025 983 1374 1053 ἀνθρωπίνου
1443 984 1597 1052 παρά
1645 1000 1742 1035 του
1809 983 1939 1035 Υίου

349 1089 454 1124 του
483 1062 622 1125 Ο-οὖ
658 1075 953 1142 γενομένη,
979 1073 1038 1136 ὃς
1065 1074 1517 1143 προσλαϐόμενος
1564 1075 1769 1143 σάρκα,
1804 1077 1910 1127 πάν

355 1181 472 1224 τως
497 1165 726 1233 ἄπειρον
758 1166 859 1233 τὴν
892 1166 1050 1230 ἀξίαν
1080 1161 1215 1235 εἷχε,
1260 1168 1358 1217 καὶ
1399 1167 1473 1227 ὡς
1526 1167 1658 1227 Θεὸς
1723 1169 1817 1219 καὶ
1867 1168 1943 1228 ὡς

358 1254 651 1322 ἄνθρωπος
682 1256 1070 1325 ἀναμάρτητος
1148 1257 1314 1308 Ὅσον
1353 1257 1447 1308 οὖν
1486 1260 1517 1325 ἡ
1568 1257 1704 1320 ἀξία
1748 1260 1941 1311 τούτου

359 1342 650 1412 ὑπερεῖχε,
680 1345 937 1398 τοσοῦτον
981 1346 1227 1415 ἠδυνήθη
1284 1346 1485 1415 ῥᾳδίως
1536 1350 1634 1401 καὶ
1691 1349 1789 1417 τὴν
1836 1350 1945 1403 τῶν

357 1433 672 1502 ἀνθρώπων
718 1438 858 1505 πρὸς
886 1438 977 1488 τὸν
1008 1437 1142 1489 Θεὸν
1171 1438 1374 1506 ἔχθραν
1418 1437 1797 1496 διαλύσασθαι.
1836 1443 1946 1493 Καὶ

362 1527 475 1591 γάρ
509 1527 674 1594 ἴσμεν
720 1528 805 1580 ὅτι
853 1531 880 1580 6
917 1529 1140 1597 μείζονα
1168 1530 1308 1599 ἔχων
1365 1530 1548 1594 ἀξίαν,
1590 1525 1756 1597 οἷονῆ
1795 1531 1928 1599 βασι-

360 1614 727 1683 λευςῆάλλος
785 1634 869 1678 τις
929 1618 1238 1688 ὑπερέχων,
1277 1621 1615 1689 παρακαλῶν
1666 1621 1805 1689 ὑπὲρ
1832 1623 1918 1673 δια

360 1702 570 1763 λύσεω,
604 1704 749 1766 τινος
792 1706 1131 1777 ἀδικήματος
1228 1710 1432 1775 μᾶλλον
1481 1709 1857 1773 εἰσακούεται,
1908 1712 1940 1780 ἢ

362 1795 416 1845 εῖ
463 1811 547 1851 τις
584 1795 721 1866 ὑπὲρ
754 1796 917 1849 αὑτοῦ
944 1798 1132 1850 τούτο.)
1156 1798 1249 1851 τοῦ
1277 1799 1618 1867 ἀδικήματος
1662 1802 1946 1871 ίκετηρίαν

366 1903 673 1952 προτεινοι,
718 1887 1062 1956 στρατιώτης
1104 1890 1332 1961 τυχδνῆ
1386 1891 1573 1961 ἕτερός
1617 1910 1699 1955 τις
1749 1893 1914 1946 ὑποῆε

362 1973 577 2041 σηκώς.
609 1976 778 2029 Ὅθεν
812 1979 908 2029 καὶ
936 1979 1082 2031 κατά
1107 1997 1266 2032 τουτο
1289 1981 1399 2033 ἔδει
1435 1982 1529 2033 τὸν
1559 1982 1694 2033 Θεὸν
1740 1983 1948 2052 ἀνθρω-

370 2084 472 2118 πον
502 2068 783 2133 γενέσθαι,
813 2070 900 2122 ἵνα
929 2071 1159 2141 ἄπειρον
1206 2074 1307 2141 τὴν
1339 2074 1498 2139 ἀξίαν
1541 2075 1678 2145 ἔχων
1740 2076 1943 2147 δυνηθῇ

364 2158 433 2209 τὰ
461 2160 842 2229 ἁμαρτήματα
892 2161 1253 2217 διαλύσασθαι
1284 2164 1405 2220 ῥτῶν
1452 2166 1780 2249 ἀνθρώπων·
1812 2169 1950 2239 ὅπερ

363 2246 526 2307 ἄλλος
556 2248 802 2301 οὐδέποτ’
836 2248 901 2301 ἂν
920 2250 1172 2319 ἐδυνήθη,
1203 2253 1303 2305 οὐκ
1326 2246 1577 2321 ἄγγελος,
1610 2256 1708 2307 οὐκ
1738 2256 1950 2326 ἄνθρω-

368 2355 467 2399 πος
534 2338 720 2402 Οὐδεὶς
761 2340 870 2408 γὰρ
894 2340 956 2393 ἂι
990 2341 1222 2413 ὲξισώθη
1261 2361 1323 2413 τι,
1370 2345 1436 2410 ἀξ
1463 2364 1497 2416 ᾳ
1526 2364 1619 2399 του
1662 2348 1949 2419 Θεανθρώ-

372 2443 479 2478 που
519 2429 720 2495 Λόγου.
769 2452 782 2469 ν

442 2521 539 2570 Διὰ
571 2522 741 2574 ταῦτα
773 2524 954 2577 τοίνυν
988 2526 1049 2578 οὐ
1072 2525 1155 2578 δεῖ
1187 2526 1373 2595 λέγθιν
1396 2531 1470 2581 ὅτε
1510 2530 1595 2582 ἑδ⁹
1657 2549 1732 2584 ’το
1766 2535 1793 2585 6
1820 2532 1862 2585 Ο
1897 2533 1951 2596 ὸς

375 2606 469 2659 τὸν
495 2609 782 2680 ᾇνθρωπον
813 2614 888 2683 μὴ
909 2617 1208 2685 συγχωρεῖν
1237 2623 1419 2671 πεσεῖν
1444 2620 1519 2680 είς
1542 2620 1641 2689 τὴν
1660 2622 1953 2691 ἁμαρτίαν.
1990 2606 1991 2609 Ἴ

375 2697 549 2749 Τοῦτο
577 2715 687 2768 γάρ
710 2701 799 2754 τὸν
829 2704 987 2771 λόγον
1018 2706 1112 2757 τοῦ
1147 2707 1495 2769 αὐτεξουσίου
1536 2712 1767 2780 ἀναιρεῖ.
1813 2714 1871 2765 '0
1900 2716 1954 2767 δὲ

375 2788 510 2849 Θεὸς
531 2789 629 2859 τὴν
657 2791 807 2855 τάξιν
827 2794 937 2846 τῶν
960 2796 1300 2864 πραγμάτων
1323 2800 1422 2851 οὐκ
1444 2801 1678 2871 ἀναιρεῖ,
1700 2803 1837 2856 ἀλλά
1855 2806 1957 2856 σὼ-

372 2878 479 2939 ζει.
498 2879 636 2932 Οὔτε
672 2882 965 2951 μὴνλέγειν
987 2886 1133 2949 εἰκὸς
1159 2888 1239 2940 ὃτι
1264 2889 1486 2942 ἐδύνατο
1506 2893 1633 2945 ἄνευ
1664 2894 1956 2961 διαλύσεως

379 2971 483 3039 τῆς
515 2973 794 3041 ἁμαρτίας
843 2976 935 3028 τὸν
980 2976 1271 3048 ἄνθρωπον
1323 2980 1584 3050 καθᾶραι.
1636 2985 1806 3037 Τοῦτο
1851 3004 1958 3057 γαρ

376 3062 477 3131 τὴν
504 3064 661 3128 τάξιν
692 3066 788 3134 τῆς
808 3068 1156 3136 δικαιοσύνης
1178 3071 1412 3140 ἀνα-ρεῖ.
1447 3074 1696 3127 Φαίνεται
1725 3080 1903 3129 τοίνυν
1933 3081 1960 3130 6

2045 610 2131 662 illa
2175 612 2351 674 nobis,
2406 610 2617 676 justitia
2670 618 2889 668 comite,
2944 618 3093 677 pirta
3150 598 3424 665 cssetLAt
3476 623 3621 661 Nlllll

2046 699 2188 754 Deus
2227 701 2411 769 justus
2450 709 2553 754 est.
2588 700 3058 765 Quoniadii‘iouuin
3096 698 3261 766 igitur
3292 699 3624 765 cxposcebat

2039 793 2265 860 iustitia:
2306 793 2467 856 ratio,
2504 792 2579 845 ita
2627 792 2831 845 factum
2875 788 3303 843 est.‘Suﬂieiens
3353 804 3484 870 vero
3525 791 3624 840 liii-

2045 900 2189 939 mani
2225 901 2257 954 g
2315 904 2327 938 i
2368 902 2389 939 r
2510 883 2695 938 ll‘c.s.e
2795 883 2805 933 l
2854 891 2929 935 tio
2962 898 2988 934 a
3026 882 3116 934 Dei
3155 880 3295 934 Filio
3337 881 3478 936 facta
3510 882 3623 935 visa

2043 990 2146 1041 est,
2173 980 2262 1046 qui
2294 978 2554 1033 nimirum
2594 986 2876 1044 assumpta
2916 991 3102 1036 carne,
3131 975 3358 1029 omnino
3399 976 3625 1029 inﬁnitio

2045 1067 2349 1135 dignitatis,
2397 1066 2666 1133 nullique,
2714 1075 2826 1119 tum
2875 1075 2934 1119 ιιι
2984 1064 3148 1128 Deus,
3197 1073 3414 1118 tum‘ut
3459 1066 3622 1118 homo

2045 1158 2322 1213 obnoxius
2375 1170 2601 1228 peccato
2651 1167 2817 1212 cs<et.
2852 1158 3128 1223 Quantum
3168 1156 3332 1226 igitur
3370 1157 3490 1224 ejus
3535 1157 3587 1208 di

2046 1249 2224 1315 gnitas
2258 1250 2571 1318 praestabat,
2619 1256 2769 1300 tanto
2813 1258 2867 1300 et
2915 1248 3127 1301 {acilius
3178 1247 3461 1301 hominum
3495 1261 3620 1300 cum

2047 1342 2157 1393 Deo
2190 1340 2531 1392 inimicitiam
2581 1338 2881 1393 dissolicre
2916 1338 3111 1405 potuit.
3146 1336 3255 1391 Nec
3296 1338 3442 1391 enim
3472 1337 3621 1401 latet,

2046 1431 2135 1497 qui
2187 1430 2377 1496 majori
2430 1431 2593 1498 pollet
2645 1429 2930 1497 dignitate,
2987 1440 3111 1495 puta
3168 1444 3283 1492 rev,
3334 1429 3446 1481 sive
3483 1428 3625 1480 alius

2047 1522 2315 1590 quiSpiam
2352 1536 2664 1589 procerum,
2699 1522 2826 1573 dum
2862 1535 3049 1587 preces
3073 1519 3231 1572 offert
3269 1520 3334 1572 ad
3368 1521 3626 1588 injuriani

2048 1616 2287 1677 aliquam
2326 1612 2662 1673 diluendam.
2698 1613 2878 1680 [otius
2924 1613 3197 1674 exaudiri,
3224 1627 3385 1682 quam
3415 1616 3460 1667 si
3506 1614 3630 1682 quis

2053 1720 2151 1774 pro
2182 1707 2371 1761 eadem
2404 1706 2602 1773 injuiia
2634 1707 2929 1773 supplicet,
2959 1714 3085 1773 puta
3115 1707 3295 1769 mrles,
3330 1706 3444 1760 sive
3472 1707 3630 1775 quis—

2052 1813 2175 1868 quis
2202 1798 2347 1851 alius
2374 1799 2639 1867 dignitate
2673 1797 2887 1849 inferio.
2928 1807 3031 1849 est.
3069 1796 3277 1851 ldcirro
3309 1796 3541 1851 decebat
3571 1809 3631 1850 ιιι

2054 1890 2194 1942 Deus
2230 1904 2328 1957 per
2362 1889 2506 1940 hunc
2539 1889 2758 1940 modum
2796 1889 2957 1940 lioiiio
2998 1888 3170 1951 tierct,
3207 1897 3263 1940 ut
3296 1889 3387 1956 qui
3422 1888 3627 1940 inﬁnita

2036 1980 2314 2049 ,dignilate
2374 1980 2645 2047 pollebat,
2709 1980 2991 2031 hominum
3050 1991 3269 2048 peccata
3326 1979 3633 2033 dissolvi-ie

2050 2083 2258 2144 posset,
2307 2074 2453 2142 quod
2507 2086 2671 2125 iicmo
2720 2086 2959 2139 unquam
3015 2072 3158 2125 alius
3205 2073 3493 2140 potuisset,
3526 2088 3632 2124 non

2051 2164 2296 2233 angelus,
2326 2179 2432 2216 non
2469 2163 2669 2226 homo;
2696 2163 2876 2219 nullus
2898 2162 3042 2217 enim
3070 2165 3184 2233 pari
3217 2164 3485 2234 dignitate
3508 2178 3633 2217 cum

2057 2256 2232 2310 Verbo
2268 2253 2373 2308 Deo
2416 2255 2634 2309 homine
2664 2263 2767 2308 est.

2130 2524 2259 2578 E-im
2295 2526 2456 2593 igitur
2500 2524 2570 2577 ob
2604 2536 2824 2576 causam
2866 2522 3007 2575 haud
3057 2523 3347 2576 dicendum
3378 2534 3464 2577 est
3490 2518 3638 2593 ,po-

2057 2617 2231 2671 tuisse
2276 2616 2443 2670 Deum
2487 2631 2593 2668 non
2630 2616 2940 2683 permitti-rc
2972 2625 3025 2667 ιιι
3071 2617 3232 2668 homo
3265 2618 3317 2669 in
3349 2628 3633 2685 peccatum

2058 2708 2301 2761 caderet.
2341 2707 2452 2762 Hoc
2499 2709 2643 2761 enim
2701 2708 2856 2761 liberi
2904 2708 3109 2761 arbitrii
3154 2709 3416 2763 rationem
3455 2711 3634 2774 tollit;

2061 2798 2205 2852 Deus
2234 2809 2416 2853 autem
2455 2813 2635 2853 rerum
2667 2799 2912 2853 ordinem
2958 2815 3064 2853 non
3120 2801 3278 2864 tollit,
3326 2804 3420 2856 sed
3456 2817 3640 2856 servat

2063 2890 2413 2944 incolumem.
2449 2890 2517 2942 At
2553 2904 2731 2959 neque
2759 2906 2855 2958 par
2882 2900 3053 2945 estut
3090 2891 3361 2955 dicamus,
3396 2897 3643 2963 potuisse

2064 2982 2270 3049 absque
2327 2982 2535 3049 peccati
2580 2981 2947 3036 dissolutione
2982 2982 3264 3037 hominem
3307 2986 3637 3042 emundare.

2066 3071 2178 3125 lloc
2227 3074 2370 3125 enim
2408 3070 2636 3141 iustitiae
2674 3073 2815 3127 tollit
2866 3073 3136 3128 ordinem.
3211 3074 3408 3145 Liquet
3474 3077 3640 3146 igitur

372 3154 508 3215 Θεὸς
524 3155 604 3207 ὅτι
620 3156 708 3207 διὰ
725 3156 818 3210 τοῦ
841 3159 1072 3212 θανάτου
1090 3160 1183 3214 τοῦ
1212 3162 1337 3215 Υἱοῦ
1363 3181 1526 3218 αυτου
1545 3166 1641 3235 τὴν
1662 3171 1769 3218 τῶν
1788 3187 1960 3236 πραγ-
1989 3182 2029 3235 c
2069 3164 2121 3216 01

1892 3187 1960 3236 ,γ-
1989 3182 2029 3235 c
2069 3164 2232 3217 Deum
2266 3180 2361 3233 per
2389 3174 2615 3219 mortem
2642 3165 2778 3220 Filio
2803 3166 2885 3219 sui
2912 3181 3090 3220 rerum
3117 3169 3366 3224 ordinem
3391 3186 3641 3226 servasse

374 3247 563 3313 μάτων
624 3250 862 3318 ἐτήρησε
906 3251 1061 3316 τάξιν
1082 3255 1177 3305 καὶ
1215 3255 1358 3306 κατὰ
1383 3257 1481 3323 τὴν
1506 3259 1664 3324 φύσιν
1696 3261 1785 3312 καὶ
1817 3263 1957 3312 κατὰ

371 3336 474 3404 τὴν
513 3336 889 3408 δικαιοσύνην.
925 3343 1037 3395 Καί
1077 3345 1209 3413 ἡμῖν
1240 3346 1393 3399 οὐδὲν
1418 3348 1560 3415 άτοπ
1594 3366 1621 3399 ν
1648 3350 1955 3413 ἀκολουθεῖ,

374 3426 596 3493 λέγουσι
643 3430 732 3481 τὸν
773 3432 894 3483 Υίδν
928 3434 1023 3485 τοῦ
1058 3435 1194 3487 Θεοῦ
1231 3436 1522 3506 ἄνθρωπον
1568 3441 1827 3506 γενέσθαι
1864 3446 1957 3495 καὶ

371 3517 693 3573 ἀποθανεῖ).
737 3522 943 3585 Ἀλιλως
992 3542 1051 3576 τε
1088 3530 1146 3576 ὲν
1194 3529 1306 3588 τοῖς
1345 3544 1440 3580 του
1488 3528 1625 3582 Θεοῦ
1666 3532 1849 3601 ἔργοις
1895 3534 1955 3586 ού

371 3606 532 3659 τοῦτο
558 3613 783 3662 σκοπεῖν
815 3612 918 3675 δεῖ,
954 3613 1037 3666 ὅτι
1069 3614 1189 3667 τόδε
1218 3632 1272 3667 τι
1306 3618 1398 3670 καὶ
1431 3619 1501 3673 δι’
1532 3621 1721 3692 ἑτέρου
1752 3624 1955 3692 τρόπου

371 3700 596 3751 ἐδύνατο
626 3702 902 3768 γενέσθαι,
941 3706 1073 3758 ἀλλά
1097 3706 1213 3771 πῶς
1246 3708 1314 3761 ἂν
1337 3712 1687 3782 οἰκειοτέρως
1715 3715 1951 3782 ἐγένετο,

372 3793 470 3843 καί
508 3794 555 3844 εί
585 3794 660 3862 μὴ
694 3794 752 3846 τὸ
788 3794 1010 3865 ἄριστόν
1040 3800 1187 3852 ἐστιν
1216 3800 1390 3865 οὕτως
1418 3802 1493 3867 ὡς
1528 3804 1664 3874 ἔχει.

447 3964 511 4016 Et
544 3965 588 4016 δ’
615 3966 694 4017 ὅου
723 3967 957 4039 λέγομεν
1022 3972 1080 4024 '0
1114 3974 1245 4037 ea»;
1272 3976 1543 4041 ἀπέθανε,
1570 3979 1677 4033 τῶν
1709 3983 1954 4037 ἀπίστων

372 4070 457 4115 τις
491 4054 605 4118 πῶς
636 4055 859 4110 δύναται
895 4061 1154 4126 γενέσθαι
1185 4062 1345 4117 τοῦτο
1372 4065 1646 4137 διαπορεῖ,
1679 4069 1820 4125 ὥστε
1862 4092 1951 4127 νο·

374 4146 558 4213 μίζειν
608 4148 691 4201 ὅτι
745 4149 773 4201 ὁ
826 4150 958 4212 Θεὸς
1004 4154 1083 4214 είς
1139 4156 1542 4226 ἀνθρωπότητα
1604 4164 1952 4235 μετεϐλήῡηο

372 4239 491 4289 ἀλλ’
523 4241 685 4309 ἡμεῖς
717 4242 876 4296 τοῦτο
899 4246 999 4314 οὐχ
1033 4244 1176 4299 οὕτω
1201 4248 1459 4319 λέγομεν.
1488 4251 1569 4304 Τὰ
1593 4255 1700 4324 γάρ
1726 4256 1955 4325 σώματά

371 4334 483 4383 εἰσι
515 4335 583 4383 τά
637 4335 1050 4402 μεταϐάλλοντα
1074 4339 1153 4402 είς
1187 4340 1420 4409 αλΛηλα,
1472 4345 1547 4406 ὡς
1579 4346 1685 4415 ἀὴρ
1732 4366 1842 4418 πυρ
1871 4351 1955 4415 γί-

369 4440 546 4485 νεται.
574 4426 652 4486 εἰς
680 4426 791 4496 πῦρ
825 4428 1167 4496 μεταϐάλλον
1189 4448 1205 4463 ·
1237 4434 1304 4486 τὰ
1331 4435 1388 4487 δὲ
1419 4437 1693 4504 ἀσώματα
1717 4439 1795 4508 τῷ
1826 4441 1955 4511 δρα-

2061 3255 2415 3317 incolumem,
2454 3257 2568 3310 site
2600 3272 2724 3324 quis
2774 3271 3023 3313 naturam
3060 3271 3288 3328 spectet,
3339 3264 3451 3316 sive
3480 3265 3638 3332 justi-

2050 3345 2213 3398 ‘tiam.
2252 3345 2361 3399 Nec
2396 3346 2619 3401 absurdi
2660 3349 2868 3415 aliquid
2903 3361 3169 3419 sequitur,
3203 3369 3267 3404 eo
3302 3356 3445 3422 quod
3487 3356 3643 3409 dica-

2060 3452 2182 3487 mus
2220 3437 2307 3489 1)ίεί
2346 3435 2540 3491 Filium
2573 3438 2775 3493 factum
2805 3455 2929 3496 esse
2965 3442 3240 3496 hominem
3270 3460 3333 3498 ac
3365 3458 3639 3500 mortuum

2060 3540 2206 3578 esse.
2244 3525 2467 3580 Accedit
2496 3567 2511 3591 ,
2545 3543 2654 3581 non
2699 3530 2799 3583 hoc
2838 3532 3195 3598 spectandum
3230 3534 3283 3586 iii
3327 3534 3421 3589 Dei
3456 3539 3640 3605 operi.

2063 3617 2185 3681 lius,
2219 3626 2466 3684 potuisse
2506 3618 2608 3672 hoc
2638 3630 2731 3673 aut
2770 3621 2898 3674 illud
2930 3622 3022 3676 tali
3054 3624 3137 3677 vel
3172 3626 3265 3678 tali
3303 3627 3466 3680 modo
3495 3628 3637 3691 tiei-i,

2058 3710 2150 3762 sed
2200 3710 2478 3776 quomodo
2546 3714 2963 3767 convenientius
2994 3718 3250 3785 quodque
3283 3717 3486 3773 factum
3529 3720 3636 3780 sit;

2059 3815 2121 3853 ac
2153 3816 2281 3852 nuiii
2319 3803 2586 3870 optimum
2616 3804 2686 3857 sit
2717 3807 2859 3872 quod
2894 3806 2974 3860 sic
3000 3822 3059 3861 se
3087 3823 3174 3863 res
3208 3809 3463 3873 habeant,
3492 3827 3553 3866 ac
3582 3829 3641 3867 se

2059 3892 2278 3946 habent.
2462 3892 2479 3903 ’

2128 3984 2224 4039 Sin
2256 3997 2435 4041 autem
2472 3989 2677 4044 idcirco
2708 3992 2853 4060 quod
2884 3992 3133 4051 dicimus
3160 3996 3331 4052 Deum
3365 4009 3640 4055 mortuum

2057 4090 2199 4141 esse,
2256 4077 2552 4132 intidelium
2589 4081 2788 4150 aliquis
2836 4084 3067 4147 dubitet.
3117 4102 3354 4156 quonam
3389 4090 3442 4143 id
3482 4093 3644 4145 modo

2059 4169 2173 4223 ﬁeri
2206 4170 2400 4238 possit,
2434 4179 2493 4225 ιιι
2518 4173 2896 4231 existimemus
2935 4176 3103 4232 Deum
3152 4180 3205 4233 in
3252 4191 3500 4237 naturam
3543 4186 3633 4238 IIII-

2058 4275 2277 4315 manam
2312 4270 2584 4317 mutatum
2643 4268 2809 4320 esse?
2857 4271 3251 4337 respondemus
3300 4274 3350 4326 id
3389 4290 3488 4329 nos
3531 4291 3640 4330 non

2057 4353 2259 4406 dicere.
2303 4351 2507 4422 Nempe
2549 4371 2780 4424 corpora
2820 4369 2967 4425 sunt,
3005 4376 3125 4429 qua:
3154 4364 3256 4417 alia
3286 4365 3340 4419 in
3369 4367 3475 4421 alia
3513 4383 3602 4421 mu

2058 4454 2262 4523 tantur,
2300 4456 2426 4515 puta
2462 4462 2554 4502 aer
2594 4449 2734 4517 ignis
2763 4450 3014 4517 eﬁicntur,
3050 4456 3191 4523 quod
3222 4473 3274 4510 in
3313 4474 3491 4529 Ignem
3526 4452 3644 4515 inii-

369 4515 547 4583 στικῷ
575 4517 674 4583 τῆς
709 4518 891 4570 αὐτῶν
932 4520 1218 4590 δυνάμεως
1268 4526 1513 4579 ἐνοῦνται
1552 4530 1664 4591 τοίς
1712 4548 1949 4599 σωματιο
1987 4527 2027 4578 Ῐ)
2059 4547 2118 4589 ιρι

1891 4550 1949 4584 τις
1987 4527 2027 4578 ὓ
2059 4546 2223 4590 tctiir.
2260 4540 2579 4606 Incorporea
2617 4555 2753 4595 vero
2802 4557 2915 4597 sua:
2944 4544 3024 4596 vis
3054 4543 3290 4600 elﬁcacia
3319 4552 3640 4619 corporibus

369 4606 511 4667 κοῖς,
546 4608 637 4657 καὶ
674 4607 741 4659 δι’
784 4609 965 4663 αὐτῶν
1008 4602 1290 4682 διήκουσιν
1317 4633 1332 4647 ·
1384 4618 1637 4689 ὥσπερὴ
1688 4622 1834 4691 ψυχὴ
1882 4633 1957 4695 τῷ

370 4696 587 4764 σώματι
620 4700 855 4752 ἑνοῦται.
896 4701 955 4753 Ει
988 4703 1101 4774 δὲή
1132 4706 1279 4775 ψυχὴ
1310 4709 1387 4775 τῲ
1433 4710 1643 4778 σώματι
1690 4715 1952 4783 ὲνουμένη

365 4786 430 4837 ον’»
491 4789 890 4854 μεταϐάλλεται
943 4797 1063 4848 κατ’
1117 4799 1342 4852 οὖσίανο
1415 4804 1599 4873 πολλῷ
1664 4807 1866 4875 μᾶλλον
1926 4812 1953 4861 ὁ

367 4880 712 4945 ἁπλουσατος
748 4886 882 4948 Θεὸς
914 4888 1075 4942 πλέον
1105 4891 1136 4960 ἢ
1172 4892 1237 4944 ἂν
1265 4893 1409 4948 εἴποι
1440 4914 1520 4957 τις
1542 4899 1766 4952 δύναται
1798 4901 1950 4955 ἐνοῦ-

366 4972 495 5024 σοαι
526 4992 633 5035 τοι,
686 4993 929 5043 σωμασο,
968 4982 1043 5049 μὴ
1099 4985 1595 5057 μ-ταϐαλλόμ·νος.
1647 4994 1808 5046 Ἀλλὰ
1856 4998 1948 5049 καὶ

364 5066 428 5115 τὺ
460 5081 571 5134 πιρρ
596 5066 687 5119 τὸν
718 5070 938 5140 σίδηρον
972 5073 1196 5142 πύρινον
1227 5078 1416 5145 ποιῶν,
1447 5081 1506 5131 οὺ
1542 5084 1944 5149 μεταϐάλλεται

371 5159 453 5209 εἶ’
497 5160 596 5227 τὴν
649 5163 744 5213 τοῦ
779 5165 945 5235 πυρὸς
1001 5168 1208 5222 ούσὶαν.
1260 5170 1488 5225 Ἀλλ’ὲν
1542 5174 1640 5242 μὲν
1674 5182 1784 5239 τοῖς
1839 5182 1954 5233 κτί-

370 5267 541 5316 σματι
578 5253 700 5305 κατ’
752 5254 909 5307 ἄλλον
949 5259 1149 5327 τρόπον
1174 5264 1201 5312 ὁ
1231 5261 1363 5323 Θεὸς
1409 5264 1567 5315 οἰκεῖ’
1620 5269 1712 5317 καὶ
1744 5269 1836 5320 τού
1852 5287 1953 5335 ..οις

369 5342 611 5402 ἐν,ῦ;αι.
641 5348 752 5408 τοῖς
789 5348 887 5415 μὲν
919 5350 1125 5412 πλεῖοι,
1151 5356 1264 5414 τοῖς
1297 5352 1353 5406 δὲ
1400 5354 1642 5418 ἔλαττον,
1680 5360 1823 5412 κατὰ
1855 5365 1954 5430 τὴν

368 5432 661 5501 ἀναλογίαν
690 5438 787 5506 τὴς
827 5440 1006 5492 au:th
1044 5442 1258 5508 φύσεως
1284 5446 1378 5502 καὶ
1413 5445 1752 5515 τελειότητος
1791 5453 1950 5516 μετέ-

368 5526 566 5594 χεσοαι
604 5516 899 5597 λεγόμενος
948 5533 1269 5601 ἀμεθέκτως
1297 5552 1309 5567 ·
1361 5540 1416 5589 ὲν
1446 5538 1500 5589 δὲ
1536 5542 1599 5608 τῇ
1647 5545 1954 5612 προσλήψει

367 5634 543 5691 ταυτῃ
572 5620 673 5688 τῆς
719 5625 943 5699 σαρκὸς,
978 5626 1045 5695 ἢν
1100 5628 1127 5677 6
1159 5628 1294 5693 θεὸς
1341 5631 1521 5699 ὲαυ.ῳ
1574 5651 1713 5685 υπεσ
1755 5638 1948 5704 ήσαιο,

369 5711 703 5785 ὑψηλότερον
735 5720 935 5787 τρόπον
966 5723 1056 5773 καὶ
1093 5723 1179 5773 ἐπ’
1210 5723 1420 5776 ἐκείνου
1466 5725 1627 5793 μόνον
1666 5731 1949 5798 συμϐάντα

370 5807 464 5858 καὶ
502 5809 965 5883 ἀποβρητότερον,
994 5815 1085 5867 καὶ
1126 5815 1314 5886 μεῖζον
1351 5817 1381 5888 ἢ
1409 5818 1438 5870 6
1467 5819 1587 5882 νοῦς
1617 5822 1947 5877 καταλαϐειν

2063 4626 2349 4687 uniuntur,
2390 4642 2564 4694 eaque
2594 4630 2902 4697 pervadunt
2930 4646 2996 4685 ac
3024 4643 3344 4701 penetrant;
3374 4647 3608 4707 quemad

2060 4719 2280 4771 modum
2314 4733 2492 4771 anima
2527 4722 2742 4789 corpori
2780 4722 2987 4777 unitur.
3021 4726 3174 4790 Quod
3207 4730 3251 4781 si
3289 4733 3470 4786 anima
3517 4750 3641 4788 cor-

2058 4812 2171 4875 pori
2225 4819 2376 4863 unita
2426 4825 2532 4863 non
2592 4820 2834 4868 mutatur
2881 4818 3182 4875 secundum
3235 4823 3640 4892 substantiam;

2054 4901 2250 4969 potimi
2277 4902 2435 4969 longe
2464 4903 2676 4958 ratione
2700 4907 2856 4974 cujus
2882 4923 3095 4964 summa
3118 4912 3467 4982 simplicitas,
3497 4918 3641 4973 Deus

2053 5010 2115 5046 nc
2154 4998 2325 5065 magis
2355 5011 2519 5065 quam
2561 4999 2705 5052 ullus
2733 5001 2915 5055 verbis
2959 5016 3308 5073 assequatur,
3360 5013 3507 5065 nulla
3556 5029 3643 5067 Slll

2053 5096 2355 5142 mutatione
2390 5092 2714 5159 corporibus
2766 5094 2909 5146 uiiiii
2950 5106 3147 5164 potest.
3195 5099 3339 5165 Quin
3372 5112 3427 5157 ct
3458 5105 3601 5175 ignis
3624 5149 3640 5168 .

2061 5178 2290 5247 ignitum
2322 5180 2568 5235 faciendo
2606 5184 2829 5248 lerrum,
2862 5194 2970 5239 non
3002 5199 3243 5245 mutatur
3276 5194 3327 5246 in
3378 5195 3503 5250 ferri
3541 5217 3642 5252 n.i-

2062 5277 2260 5323 turam.
2297 5269 2496 5325 Verum
2542 5273 2647 5326 alio
2684 5278 2845 5330 modo
2892 5277 3035 5334 Deus
3069 5281 3122 5335 in
3155 5286 3354 5339 creatis
3391 5288 3600 5344 habitat
3623 5336 3637 5353 ,

2060 5363 2276 5431 illisque
2310 5365 2525 5427 unitur,
2559 5366 2681 5421 aliis
2721 5370 2865 5438 plus,
2897 5373 3021 5427 aliis
3053 5373 3266 5442 minus;
3315 5380 3405 5446 qui
3445 5398 3640 5453 nempe

2064 5470 2162 5523 pro
2200 5471 2390 5511 eorum
2440 5468 2649 5514 natura:
2699 5463 2920 5518 modqu
2970 5481 3033 5519 ac
3084 5469 3439 5536 perfectionis
3489 5487 3640 5529 extra

2063 5564 2277 5601 onmem
2331 5551 2797 5621 participationem
2837 5558 3153 5628 participari
3185 5561 3417 5619 dicatur.
3452 5566 3508 5620 In
3541 5571 3643 5622 liae

2064 5656 2244 5693 auem
2296 5643 2481 5698 carn’s
2547 5662 2777 5716 issimp;
2841 5664 2906 5703 ne
2998 5668 3161 5720 quam
3214 5659 3315 5709 sibi
3352 5658 3466 5727 ipSt‘
3500 5661 3643 5717 Deus

2064 5735 2327 5800 condidit,
2360 5736 2541 5791 altiori
2574 5741 2756 5805 modo,
2787 5756 2849 5795 ac
2897 5744 2987 5811 qui
3023 5759 3088 5799 eo
3131 5748 3480 5805 solummodo
3511 5769 3645 5806 eou-

2062 5829 2269 5898 tiiigat,
2321 5831 2734 5902 abstrusiusque
2786 5848 2847 5891 ac
2892 5837 3064 5906 magis
3112 5853 3275 5907 quam
3329 5858 3482 5899 mens
3536 5846 3642 5899 ulla
