  <div class='ocr_page' id='page_1' title='image "/cluster/home/n/w/nwhite01/storage/ocr_20150623/152/nnc1.0046980377/321.png"; bbox 0 0 4428 6444; ppageno 0'>
   <div class='ocr_carea' id='block_1_1' title="bbox 803 391 909 451">
    <p class='ocr_par' dir='ltr' id='par_1_1' title="bbox 803 391 909 451">
     <span class='ocr_line' id='line_1_1' title="bbox 803 391 909 451; baseline 0 0"><span class='ocrx_word' id='word_1_1' title='bbox 803 391 909 451; x_wconf 76' lang='lat'><strong>69.3</strong></span> 
     </span>
    </p>
   </div>
   <div class='ocr_carea' id='block_1_2' title="bbox 2064 390 2786 453">
    <p class='ocr_par' dir='ltr' id='par_1_2' title="bbox 2064 390 2786 453">
     <span class='ocr_line' id='line_1_2' title="bbox 2064 390 2786 453; baseline -0.003 -2"><span class='ocrx_word' id='word_1_2' title='bbox 2064 392 2458 453; x_wconf 80' lang='lat' dir='ltr'><strong>MANUELIS</strong></span> <span class='ocrx_word' id='word_1_3' title='bbox 2483 390 2786 451; x_wconf 62' lang='lat' dir='ltr'><strong>CALECIE</strong></span> 
     </span>
    </p>
   </div>
   <div class='ocr_carea' id='block_1_3' title="bbox 3937 376 4044 446">
    <p class='ocr_par' dir='ltr' id='par_1_3' title="bbox 3937 376 4044 446">
     <span class='ocr_line' id='line_1_3' title="bbox 3937 376 4044 446; baseline 0.047 -4"><span class='ocrx_word' id='word_1_4' title='bbox 3937 376 4044 446; x_wconf 62' lang='grc' dir='ltr'><strong>σοι</strong></span> 
     </span>
    </p>
   </div>
   <div class='ocr_carea' id='block_1_4' title="bbox 801 500 2550 576">
    <p class='ocr_par' dir='ltr' id='par_1_4' title="bbox 801 505 2550 576">
     <span class='ocr_line' id='line_1_4' title="bbox 801 505 2550 576; baseline -0.002 -16"><span class='ocrx_word' id='word_1_5' title='bbox 801 508 1262 575; x_wconf 71' lang='grc' dir='ltr'>ρυιιιιποιιριιιιοτε</span> <span class='ocrx_word' id='word_1_6' title='bbox 1294 508 1470 561; x_wconf 76' lang='lat' dir='ltr'><strong>valeat</strong></span> <span class='ocrx_word' id='word_1_7' title='bbox 1520 506 1668 576; x_wconf 85' lang='lat' dir='ltr'><strong>(nam</strong></span> <span class='ocrx_word' id='word_1_8' title='bbox 1724 521 1899 576; x_wconf 84' lang='lat' dir='ltr'><strong>neque</strong></span> <span class='ocrx_word' id='word_1_9' title='bbox 1931 515 2136 560; x_wconf 78' lang='lat' dir='ltr'><strong>naturae</strong></span> <span class='ocrx_word' id='word_1_10' title='bbox 2176 506 2373 559; x_wconf 70' lang='lat' dir='ltr'><strong>divina:</strong></span> <span class='ocrx_word' id='word_1_11' title='bbox 2403 516 2446 571; x_wconf 79' lang='grc' dir='ltr'>Α</span> <span class='ocrx_word' id='word_1_12' title='bbox 2477 505 2550 569; x_wconf 83' lang='grc' dir='ltr'>ὲξι</span> 
     </span>
    </p>
   </div>
   <div class='ocr_carea' id='block_1_5' title="bbox 2295 500 4044 576">
    <p class='ocr_par' dir='ltr' id='par_1_5' title="bbox 2295 500 4044 573">
     <span class='ocr_line' id='line_1_5' title="bbox 2295 500 4044 573; baseline -0.003 -16"><span class='ocrx_word' id='word_1_13' title='bbox 2295 522 2373 559; x_wconf 70' lang='lat' dir='ltr'><strong>na:</strong></span> <span class='ocrx_word' id='word_1_14' title='bbox 2403 516 2446 571; x_wconf 79' lang='grc' dir='ltr'><strong>Α</strong></span> <span class='ocrx_word' id='word_1_15' title='bbox 2477 505 2735 573; x_wconf 75' lang='grc' dir='ltr'>ἐξισχύει.</span> <span class='ocrx_word' id='word_1_16' title='bbox 2785 504 3016 571; x_wconf 79' lang='grc' dir='ltr'>ἐπείπερ</span> <span class='ocrx_word' id='word_1_17' title='bbox 3052 504 3170 556; x_wconf 78' lang='grc' dir='ltr'>οῦδὲ</span> <span class='ocrx_word' id='word_1_18' title='bbox 3209 502 3269 556; x_wconf 74' lang='grc' dir='ltr'>τὸ</span> <span class='ocrx_word' id='word_1_19' title='bbox 3298 502 3589 573; x_wconf 73' lang='grc' dir='ltr'><strong>δραστικὸν</strong></span> <span class='ocrx_word' id='word_1_20' title='bbox 3634 502 3731 567; x_wconf 74' lang='grc' dir='ltr'>τῆς</span> <span class='ocrx_word' id='word_1_21' title='bbox 3763 500 3911 562; x_wconf 80' lang='grc' dir='ltr'>θείας</span> <span class='ocrx_word' id='word_1_22' title='bbox 3941 501 4044 566; x_wconf 78' lang='grc' dir='ltr'>φύ¹</span> 
     </span>
    </p>
   </div>
   <div class='ocr_carea' id='block_1_6' title="bbox 802 593 2370 661">
    <p class='ocr_par' dir='ltr' id='par_1_6' title="bbox 802 593 2370 661">
     <span class='ocr_line' id='line_1_6' title="bbox 802 593 2370 661; baseline 0.001 -17"><span class='ocrx_word' id='word_1_23' title='bbox 802 595 906 644; x_wconf 88' lang='lat' dir='ltr'><strong>vim</strong></span> <span class='ocrx_word' id='word_1_24' title='bbox 934 610 995 645; x_wconf 80' lang='lat' dir='ltr'><strong>ac</strong></span> <span class='ocrx_word' id='word_1_25' title='bbox 1023 593 1392 647; x_wconf 76' lang='lat' dir='ltr'><strong>ellicacitatcin</strong></span> <span class='ocrx_word' id='word_1_26' title='bbox 1421 612 1571 647; x_wconf 89' lang='lat' dir='ltr'><strong>mens</strong></span> <span class='ocrx_word' id='word_1_27' title='bbox 1609 597 1842 647; x_wconf 89' lang='lat' dir='ltr'><strong>humana</strong></span> <span class='ocrx_word' id='word_1_28' title='bbox 1875 596 2006 646; x_wconf 87' lang='lat' dir='ltr'><strong>satis</strong></span> <span class='ocrx_word' id='word_1_29' title='bbox 2030 595 2243 661; x_wconf 80' lang='lat' dir='ltr'><strong>assequi</strong></span> <span class='ocrx_word' id='word_1_30' title='bbox 2280 599 2370 660; x_wconf 82' lang='lat' dir='ltr'><strong>po-</strong></span> 
     </span>
    </p>
   </div>
   <div class='ocr_carea' id='block_1_7' title="bbox 802 684 2375 751">
    <p class='ocr_par' dir='ltr' id='par_1_7' title="bbox 802 684 2375 751">
     <span class='ocr_line' id='line_1_7' title="bbox 802 684 2375 751; baseline -0.001 -17"><span class='ocrx_word' id='word_1_31' title='bbox 802 686 949 750; x_wconf 67' lang='lat' dir='ltr'><strong>test),</strong></span> <span class='ocrx_word' id='word_1_32' title='bbox 972 692 1287 751; x_wconf 83' lang='lat' dir='ltr'><strong>tantumque</strong></span> <span class='ocrx_word' id='word_1_33' title='bbox 1319 686 1504 737; x_wconf 91' lang='lat' dir='ltr'><strong>nnitus</strong></span> <span class='ocrx_word' id='word_1_34' title='bbox 1534 694 1636 745; x_wconf 89' lang='lat' dir='ltr'><strong>est,</strong></span> <span class='ocrx_word' id='word_1_35' title='bbox 1669 694 1726 735; x_wconf 94' lang='lat' dir='ltr'><strong>nt</strong></span> <span class='ocrx_word' id='word_1_36' title='bbox 1748 700 1867 751; x_wconf 78' lang='lat' dir='ltr'><strong>qua:</strong></span> <span class='ocrx_word' id='word_1_37' title='bbox 1901 684 2104 736; x_wconf 86' lang='lat' dir='ltr'><strong>unione</strong></span> <span class='ocrx_word' id='word_1_38' title='bbox 2129 694 2375 735; x_wconf 85' lang='lat' dir='ltr'><strong>conserta</strong></span> 
     </span>
    </p>
   </div>
   <div class='ocr_carea' id='block_1_8' title="bbox 803 770 2377 840">
    <p class='ocr_par' dir='ltr' id='par_1_8' title="bbox 803 770 2377 840">
     <span class='ocr_line' id='line_1_8' title="bbox 803 770 2377 840; baseline -0.003 -12"><span class='ocrx_word' id='word_1_39' title='bbox 803 788 927 828; x_wconf 70' lang='lat' dir='ltr'><strong>sunt</strong></span> <span class='ocrx_word' id='word_1_40' title='bbox 954 815 967 836; x_wconf 91' lang='lat'><strong>,</strong></span> <span class='ocrx_word' id='word_1_41' title='bbox 1005 776 1107 826; x_wconf 88' lang='lat' dir='ltr'><strong>alia</strong></span> <span class='ocrx_word' id='word_1_42' title='bbox 1158 777 1225 824; x_wconf 90' lang='lat' dir='ltr'><strong>ab</strong></span> <span class='ocrx_word' id='word_1_43' title='bbox 1261 775 1381 825; x_wconf 89' lang='lat' dir='ltr'><strong>aliis</strong></span> <span class='ocrx_word' id='word_1_44' title='bbox 1415 774 1797 840; x_wconf 84' lang='lat' dir='ltr'><strong>inseparabilia</strong></span> <span class='ocrx_word' id='word_1_45' title='bbox 1832 780 2121 835; x_wconf 84' lang='lat' dir='ltr'><strong>maneant;</strong></span> <span class='ocrx_word' id='word_1_46' title='bbox 2163 770 2377 825; x_wconf 92' lang='lat' dir='ltr'><strong>tametsi</strong></span> 
     </span>
    </p>
   </div>
   <div class='ocr_carea' id='block_1_9' title="bbox 801 862 2377 931">
    <p class='ocr_par' dir='ltr' id='par_1_9' title="bbox 801 862 2377 931">
     <span class='ocr_line' id='line_1_9' title="bbox 801 862 2377 931; baseline -0.003 -14"><span class='ocrx_word' id='word_1_47' title='bbox 801 882 912 931; x_wconf 79' lang='lat' dir='ltr'><strong>quo</strong></span> <span class='ocrx_word' id='word_1_48' title='bbox 946 874 1185 930; x_wconf 84' lang='lat' dir='ltr'><strong>tempore</strong></span> <span class='ocrx_word' id='word_1_49' title='bbox 1222 872 1394 915; x_wconf 87' lang='lat' dir='ltr'><strong>morte</strong></span> <span class='ocrx_word' id='word_1_50' title='bbox 1427 862 1645 914; x_wconf 82' lang='lat' dir='ltr'><strong>functus</strong></span> <span class='ocrx_word' id='word_1_51' title='bbox 1682 872 1763 913; x_wconf 85' lang='lat' dir='ltr'><strong>est</strong></span> <span class='ocrx_word' id='word_1_52' title='bbox 1789 903 1801 925; x_wconf 93' lang='lat'><strong>,</strong></span> <span class='ocrx_word' id='word_1_53' title='bbox 1837 863 2020 913; x_wconf 89' lang='lat' dir='ltr'><strong>anima</strong></span> <span class='ocrx_word' id='word_1_54' title='bbox 2073 876 2101 913; x_wconf 92' lang='lat' dir='ltr'><strong>a</strong></span> <span class='ocrx_word' id='word_1_55' title='bbox 2149 875 2377 928; x_wconf 87' lang='lat' dir='ltr'><strong>corpore</strong></span> 
     </span>
    </p>
   </div>
   <div class='ocr_carea' id='block_1_10' title="bbox 804 954 2377 1022">
    <p class='ocr_par' dir='ltr' id='par_1_10' title="bbox 804 954 2377 1022">
     <span class='ocr_line' id='line_1_10' title="bbox 804 954 2377 1022; baseline -0.002 -14"><span class='ocrx_word' id='word_1_56' title='bbox 804 958 1072 1022; x_wconf 78' lang='lat' dir='ltr'><strong>tantiSpcr</strong></span> <span class='ocrx_word' id='word_1_57' title='bbox 1108 955 1458 1006; x_wconf 75' lang='lat' dir='ltr'><strong>abscesserit.</strong></span> <span class='ocrx_word' id='word_1_58' title='bbox 1508 954 1773 1020; x_wconf 74' lang='lat' dir='ltr'><strong>Quodque</strong></span> <span class='ocrx_word' id='word_1_59' title='bbox 1818 968 2029 1005; x_wconf 87' lang='lat' dir='ltr'><strong>summa</strong></span> <span class='ocrx_word' id='word_1_60' title='bbox 2080 954 2196 1005; x_wconf 69' lang='lat' dir='ltr'><strong>haec</strong></span> <span class='ocrx_word' id='word_1_61' title='bbox 2249 955 2377 1005; x_wconf 92' lang='lat' dir='ltr'><strong>unio</strong></span> 
     </span>
    </p>
   </div>
   <div class='ocr_carea' id='block_1_11' title="bbox 799 1040 2377 1109">
    <p class='ocr_par' dir='ltr' id='par_1_11' title="bbox 799 1040 2377 1109">
     <span class='ocr_line' id='line_1_11' title="bbox 799 1040 2377 1109; baseline -0.002 -12"><span class='ocrx_word' id='word_1_62' title='bbox 799 1049 914 1109; x_wconf 71' lang='lat' dir='ltr'><strong>sit,</strong></span> <span class='ocrx_word' id='word_1_63' title='bbox 978 1047 1209 1097; x_wconf 87' lang='lat' dir='ltr'><strong>alterum</strong></span> <span class='ocrx_word' id='word_1_64' title='bbox 1268 1044 1491 1095; x_wconf 75' lang='lat' dir='ltr'><strong>alterius</strong></span> <span class='ocrx_word' id='word_1_65' title='bbox 1548 1045 1768 1094; x_wconf 79' lang='lat' dir='ltr'><strong>nomine</strong></span> <span class='ocrx_word' id='word_1_66' title='bbox 1818 1050 2185 1108; x_wconf 75' lang='lat' dir='ltr'><strong>nuncupatur,</strong></span> <span class='ocrx_word' id='word_1_67' title='bbox 2236 1040 2377 1094; x_wconf 74' lang='lat' dir='ltr'><strong>licus</strong></span> 
     </span>
    </p>
   </div>
   <div class='ocr_carea' id='block_1_12' title="bbox 803 1132 2379 1201">
    <p class='ocr_par' dir='ltr' id='par_1_12' title="bbox 803 1132 2379 1201">
     <span class='ocr_line' id='line_1_12' title="bbox 803 1132 2379 1201; baseline -0.004 -12"><span class='ocrx_word' id='word_1_68' title='bbox 803 1140 985 1197; x_wconf 82' lang='lat' dir='ltr'><strong>homo,</strong></span> <span class='ocrx_word' id='word_1_69' title='bbox 1020 1152 1080 1188; x_wconf 81' lang='lat' dir='ltr'><strong>ac</strong></span> <span class='ocrx_word' id='word_1_70' title='bbox 1124 1137 1284 1187; x_wconf 88' lang='lat' dir='ltr'><strong>homo</strong></span> <span class='ocrx_word' id='word_1_71' title='bbox 1332 1133 1509 1198; x_wconf 83' lang='lat' dir='ltr'><strong>Deus;</strong></span> <span class='ocrx_word' id='word_1_72' title='bbox 1562 1134 1848 1201; x_wconf 86' lang='lat' dir='ltr'><strong>amboque,</strong></span> <span class='ocrx_word' id='word_1_73' title='bbox 1888 1148 1992 1184; x_wconf 89' lang='lat' dir='ltr'><strong>una</strong></span> <span class='ocrx_word' id='word_1_74' title='bbox 2029 1132 2233 1184; x_wconf 83' lang='lat' dir='ltr'><strong>scilicet</strong></span> <span class='ocrx_word' id='word_1_75' title='bbox 2281 1133 2379 1200; x_wconf 85' lang='lat' dir='ltr'><strong>hy-</strong></span> 
     </span>
    </p>
   </div>
   <div class='ocr_carea' id='block_1_13' title="bbox 804 1224 2373 1295">
    <p class='ocr_par' dir='ltr' id='par_1_13' title="bbox 804 1224 2373 1295">
     <span class='ocr_line' id='line_1_13' title="bbox 804 1224 2373 1295; baseline -0.002 -19"><span class='ocrx_word' id='word_1_76' title='bbox 804 1230 1042 1295; x_wconf 73' lang='lat' dir='ltr'><strong>postasis&#39;</strong></span> <span class='ocrx_word' id='word_1_77' title='bbox 1075 1243 1137 1279; x_wconf 90' lang='lat' dir='ltr'><strong>ac</strong></span> <span class='ocrx_word' id='word_1_78' title='bbox 1170 1242 1421 1293; x_wconf 82' lang='lat' dir='ltr'><strong>persona,</strong></span> <span class='ocrx_word' id='word_1_79' title='bbox 1456 1226 1595 1276; x_wconf 91' lang='lat' dir='ltr'><strong>idem</strong></span> <span class='ocrx_word' id='word_1_80' title='bbox 1632 1226 1769 1277; x_wconf 86' lang='lat' dir='ltr'><strong>Dens</strong></span> <span class='ocrx_word' id='word_1_81' title='bbox 1799 1233 1850 1275; x_wconf 87' lang='lat' dir='ltr'><strong>et</strong></span> <span class='ocrx_word' id='word_1_82' title='bbox 1883 1224 2047 1276; x_wconf 89' lang='lat' dir='ltr'><strong>homo</strong></span> <span class='ocrx_word' id='word_1_83' title='bbox 2072 1224 2373 1276; x_wconf 88' lang='lat' dir='ltr'><strong>secundum</strong></span> 
     </span>
    </p>
   </div>
   <div class='ocr_carea' id='block_1_14' title="bbox 804 1314 2378 1384">
    <p class='ocr_par' dir='ltr' id='par_1_14' title="bbox 804 1314 2378 1384">
     <span class='ocr_line' id='line_1_14' title="bbox 804 1314 2378 1384; baseline -0.003 -15"><span class='ocrx_word' id='word_1_84' title='bbox 804 1320 946 1370; x_wconf 84' lang='lat' dir='ltr'><strong>aliud</strong></span> <span class='ocrx_word' id='word_1_85' title='bbox 991 1329 1153 1384; x_wconf 72' lang='lat' dir='ltr'><strong>atque</strong></span> <span class='ocrx_word' id='word_1_86' title='bbox 1198 1316 1366 1368; x_wconf 81' lang='lat' dir='ltr'><strong>aliud.</strong></span> <span class='ocrx_word' id='word_1_87' title='bbox 1400 1316 1873 1378; x_wconf 79' lang='lat' dir='ltr'><strong>Quemadmodum</strong></span> <span class='ocrx_word' id='word_1_88' title='bbox 1907 1317 2070 1367; x_wconf 88' lang='lat' dir='ltr'><strong>etiam</strong></span> <span class='ocrx_word' id='word_1_89' title='bbox 2111 1314 2271 1365; x_wconf 89' lang='lat' dir='ltr'><strong>homo</strong></span> <span class='ocrx_word' id='word_1_90' title='bbox 2303 1315 2378 1365; x_wconf 80' lang='lat' dir='ltr'><strong>\i-</strong></span> 
     </span>
    </p>
   </div>
   <div class='ocr_carea' id='block_1_15' title="bbox 801 1406 2375 1473">
    <p class='ocr_par' dir='ltr' id='par_1_15' title="bbox 801 1406 2375 1473">
     <span class='ocr_line' id='line_1_15' title="bbox 801 1406 2375 1473; baseline 0.001 -18"><span class='ocrx_word' id='word_1_91' title='bbox 801 1411 934 1459; x_wconf 76' lang='lat' dir='ltr'><strong>deus</strong></span> <span class='ocrx_word' id='word_1_92' title='bbox 964 1419 1126 1473; x_wconf 72' lang='grc' dir='ltr'>ειιιμιιτ</span> <span class='ocrx_word' id='word_1_93' title='bbox 1161 1408 1411 1472; x_wconf 75' lang='lat' dir='ltr'><strong>audiens,</strong></span> <span class='ocrx_word' id='word_1_94' title='bbox 1456 1424 1563 1458; x_wconf 91' lang='lat' dir='ltr'><strong>non</strong></span> <span class='ocrx_word' id='word_1_95' title='bbox 1591 1408 1889 1458; x_wconf 71' lang='lat' dir='ltr'><strong>secundum</strong></span> <span class='ocrx_word' id='word_1_96' title='bbox 1925 1406 2061 1457; x_wconf 88' lang='lat' dir='ltr'><strong>idem</strong></span> <span class='ocrx_word' id='word_1_97' title='bbox 2094 1408 2240 1457; x_wconf 88' lang='lat' dir='ltr'><strong>videt</strong></span> <span class='ocrx_word' id='word_1_98' title='bbox 2276 1422 2375 1457; x_wconf 81' lang='lat' dir='ltr'><strong>au-</strong></span> 
     </span>
    </p>
   </div>
   <div class='ocr_carea' id='block_1_16' title="bbox 800 1496 2377 1568">
    <p class='ocr_par' dir='ltr' id='par_1_16' title="bbox 800 1496 2377 1568">
     <span class='ocr_line' id='line_1_16' title="bbox 800 1496 2377 1568; baseline -0.003 -17"><span class='ocrx_word' id='word_1_99' title='bbox 800 1503 983 1568; x_wconf 75' lang='lat' dir='ltr'><strong>ditque</strong></span> <span class='ocrx_word' id='word_1_100' title='bbox 1013 1517 1026 1564; x_wconf 91' lang='lat'><strong>;</strong></span> <span class='ocrx_word' id='word_1_101' title='bbox 1064 1502 1153 1552; x_wconf 64' lang='lat' dir='ltr'><strong>sed</strong></span> <span class='ocrx_word' id='word_1_102' title='bbox 1186 1501 1416 1551; x_wconf 88' lang='lat' dir='ltr'><strong>alterum</strong></span> <span class='ocrx_word' id='word_1_103' title='bbox 1448 1500 1686 1564; x_wconf 75' lang='lat' dir='ltr'><strong>quidem,</strong></span> <span class='ocrx_word' id='word_1_104' title='bbox 1719 1513 1824 1565; x_wconf 83' lang='lat' dir='ltr'><strong>qua</strong></span> <span class='ocrx_word' id='word_1_105' title='bbox 1861 1496 2116 1549; x_wconf 77' lang='lat' dir='ltr'><strong>facultate</strong></span> <span class='ocrx_word' id='word_1_106' title='bbox 2143 1497 2377 1559; x_wconf 77' lang='lat' dir='ltr'><strong>vivendi;</strong></span> 
     </span>
    </p>
   </div>
   <div class='ocr_carea' id='block_1_17' title="bbox 801 1590 1904 1659">
    <p class='ocr_par' dir='ltr' id='par_1_17' title="bbox 801 1590 1904 1659">
     <span class='ocr_line' id='line_1_17' title="bbox 801 1590 1904 1659; baseline -0.005 -15"><span class='ocrx_word' id='word_1_107' title='bbox 801 1595 1055 1655; x_wconf 72' lang='lat' dir='ltr'><strong>alti‘t&#39;ttm,</strong></span> <span class='ocrx_word' id='word_1_108' title='bbox 1093 1600 1195 1659; x_wconf 78' lang='lat' dir='ltr'><strong>qna</strong></span> <span class='ocrx_word' id='word_1_109' title='bbox 1233 1590 1482 1643; x_wconf 79' lang='lat' dir='ltr'><strong>audiendi</strong></span> <span class='ocrx_word' id='word_1_110' title='bbox 1516 1591 1773 1657; x_wconf 69' lang='lat' dir='ltr'><strong>pra‘ditns</strong></span> <span class='ocrx_word' id='word_1_111' title='bbox 1800 1598 1904 1641; x_wconf 71' lang='lat' dir='ltr'><strong>est.</strong></span> 
     </span>
    </p>
   </div>
   <div class='ocr_carea' id='block_1_18' title="bbox 870 1697 2381 1767">
    <p class='ocr_par' dir='ltr' id='par_1_18' title="bbox 870 1697 2381 1767">
     <span class='ocr_line' id='line_1_18' title="bbox 870 1697 2381 1767; baseline -0.003 -14"><span class='ocrx_word' id='word_1_112' title='bbox 870 1702 1041 1767; x_wconf 83' lang='lat' dir='ltr'><strong>llujns</strong></span> <span class='ocrx_word' id='word_1_113' title='bbox 1094 1710 1272 1753; x_wconf 89' lang='lat' dir='ltr'><strong>autem</strong></span> <span class='ocrx_word' id='word_1_114' title='bbox 1304 1699 1546 1760; x_wconf 82' lang='lat' dir='ltr'><strong>unionis,</strong></span> <span class='ocrx_word' id='word_1_115' title='bbox 1602 1699 1810 1749; x_wconf 89' lang='lat' dir='ltr'><strong>nullum</strong></span> <span class='ocrx_word' id='word_1_116' title='bbox 1860 1697 2136 1764; x_wconf 82' lang='lat' dir='ltr'><strong>proprium</strong></span> <span class='ocrx_word' id='word_1_117' title='bbox 2197 1711 2381 1750; x_wconf 78' lang='lat' dir='ltr'><strong>exem-</strong></span> 
     </span>
    </p>
   </div>
   <div class='ocr_carea' id='block_1_19' title="bbox 802 1786 2376 1860">
    <p class='ocr_par' dir='ltr' id='par_1_19' title="bbox 802 1786 2376 1860">
     <span class='ocr_line' id='line_1_19' title="bbox 802 1786 2376 1860; baseline -0.003 -17"><span class='ocrx_word' id='word_1_118' title='bbox 802 1792 944 1860; x_wconf 87' lang='lat' dir='ltr'><strong>plum</strong></span> <span class='ocrx_word' id='word_1_119' title='bbox 985 1801 1086 1842; x_wconf 82' lang='lat' dir='ltr'><strong>est.</strong></span> <span class='ocrx_word' id='word_1_120' title='bbox 1127 1789 1181 1841; x_wconf 90' lang='lat' dir='ltr'><strong>Si</strong></span> <span class='ocrx_word' id='word_1_121' title='bbox 1233 1788 1375 1841; x_wconf 84' lang='lat' dir='ltr'><strong>enim</strong></span> <span class='ocrx_word' id='word_1_122' title='bbox 1427 1788 1574 1840; x_wconf 86' lang='lat' dir='ltr'><strong>velut</strong></span> <span class='ocrx_word' id='word_1_123' title='bbox 1623 1787 1924 1839; x_wconf 67' lang='lat' dir='ltr'><strong>naturalem</strong></span> <span class='ocrx_word' id='word_1_124' title='bbox 1963 1786 2276 1854; x_wconf 66' lang='lat' dir='ltr'><strong>{potentiam</strong></span> <span class='ocrx_word' id='word_1_125' title='bbox 2321 1786 2376 1839; x_wconf 89' lang='lat' dir='ltr'><strong>in</strong></span> 
     </span>
    </p>
   </div>
   <div class='ocr_carea' id='block_1_20' title="bbox 801 1878 2374 1950">
    <p class='ocr_par' dir='ltr' id='par_1_20' title="bbox 801 1878 2374 1950">
     <span class='ocr_line' id='line_1_20' title="bbox 801 1878 2374 1950; baseline -0.004 -17"><span class='ocrx_word' id='word_1_126' title='bbox 801 1883 1123 1950; x_wconf 82' lang='lat' dir='ltr'><strong>corporibus</strong></span> <span class='ocrx_word' id='word_1_127' title='bbox 1162 1880 1563 1933; x_wconf 82' lang='lat' dir='ltr'><strong>consideratam</strong></span> <span class='ocrx_word' id='word_1_128' title='bbox 1600 1878 1833 1944; x_wconf 79' lang='lat' dir='ltr'><strong>exempli</strong></span> <span class='ocrx_word' id='word_1_129' title='bbox 1884 1878 2007 1930; x_wconf 82' lang='lat' dir='ltr'><strong>loco</strong></span> <span class='ocrx_word' id='word_1_130' title='bbox 2053 1878 2374 1945; x_wconf 82' lang='lat' dir='ltr'><strong>produxeri-</strong></span> 
     </span>
    </p>
   </div>
   <div class='ocr_carea' id='block_1_21' title="bbox 804 1966 2377 2039">
    <p class='ocr_par' dir='ltr' id='par_1_21' title="bbox 804 1966 2377 2039">
     <span class='ocr_line' id='line_1_21' title="bbox 804 1966 2377 2039; baseline -0.002 -14"><span class='ocrx_word' id='word_1_131' title='bbox 804 1992 945 2036; x_wconf 82' lang='lat' dir='ltr'><strong>mns,</strong></span> <span class='ocrx_word' id='word_1_132' title='bbox 988 1986 1079 2026; x_wconf 91' lang='lat' dir='ltr'><strong>aut</strong></span> <span class='ocrx_word' id='word_1_133' title='bbox 1112 1973 1204 2039; x_wconf 79' lang='lat' dir='ltr'><strong>qui</strong></span> <span class='ocrx_word' id='word_1_134' title='bbox 1241 1973 1292 2023; x_wconf 92' lang='lat' dir='ltr'><strong>in</strong></span> <span class='ocrx_word' id='word_1_135' title='bbox 1328 1971 1491 2023; x_wconf 84' lang='lat' dir='ltr'><strong>corde</strong></span> <span class='ocrx_word' id='word_1_136' title='bbox 1532 1980 1799 2031; x_wconf 74' lang='lat' dir='ltr'><strong>versatur,</strong></span> <span class='ocrx_word' id='word_1_137' title='bbox 1836 1984 2142 2019; x_wconf 76' lang='lat' dir='ltr'><strong>sermonem</strong></span> <span class='ocrx_word' id='word_1_138' title='bbox 2166 2008 2183 2033; x_wconf 88' lang='lat'><strong>,</strong></span> <span class='ocrx_word' id='word_1_139' title='bbox 2220 1966 2377 2022; x_wconf 55' lang='lat' dir='ltr'><strong>l&#39;or‘rs-</strong></span> 
     </span>
    </p>
   </div>
   <div class='ocr_carea' id='block_1_22' title="bbox 798 2058 2374 2132">
    <p class='ocr_par' dir='ltr' id='par_1_22' title="bbox 798 2058 2374 2132">
     <span class='ocr_line' id='line_1_22' title="bbox 798 2058 2374 2132; baseline -0.001 -20"><span class='ocrx_word' id='word_1_140' title='bbox 798 2082 903 2132; x_wconf 55' lang='lat' dir='ltr'><strong>que</strong></span> <span class='ocrx_word' id='word_1_141' title='bbox 951 2063 1272 2115; x_wconf 83' lang='lat' dir='ltr'><strong>inti-rmeilia</strong></span> <span class='ocrx_word' id='word_1_142' title='bbox 1308 2077 1437 2112; x_wconf 69' lang='lat' dir='ltr'><strong>voce</strong></span> <span class='ocrx_word' id='word_1_143' title='bbox 1484 2058 1907 2119; x_wconf 68' lang='lat' dir='ltr'><strong>manifestatur,</strong></span> <span class='ocrx_word' id='word_1_144' title='bbox 1953 2058 2030 2109; x_wconf 86' lang='lat' dir='ltr'><strong>vel</strong></span> <span class='ocrx_word' id='word_1_145' title='bbox 2082 2058 2251 2110; x_wconf 90' lang='lat' dir='ltr'><strong>animi</strong></span> <span class='ocrx_word' id='word_1_146' title='bbox 2308 2058 2374 2110; x_wconf 86' lang='lat' dir='ltr'><strong>ad</strong></span> 
     </span>
    </p>
   </div>
   <div class='ocr_carea' id='block_1_23' title="bbox 798 2148 2374 2223">
    <p class='ocr_par' dir='ltr' id='par_1_23' title="bbox 798 2148 2374 2223">
     <span class='ocr_line' id='line_1_23' title="bbox 798 2148 2374 2223; baseline -0.004 -16"><span class='ocrx_word' id='word_1_147' title='bbox 798 2170 1018 2223; x_wconf 84' lang='lat' dir='ltr'><strong>corpus,</strong></span> <span class='ocrx_word' id='word_1_148' title='bbox 1056 2156 1135 2205; x_wconf 75' lang='lat' dir='ltr'><strong>vel</strong></span> <span class='ocrx_word' id='word_1_149' title='bbox 1188 2153 1327 2219; x_wconf 75' lang='lat' dir='ltr'><strong>ignis</strong></span> <span class='ocrx_word' id='word_1_150' title='bbox 1374 2148 1437 2203; x_wconf 91' lang='lat' dir='ltr'><strong>ad</strong></span> <span class='ocrx_word' id='word_1_151' title='bbox 1476 2150 1679 2203; x_wconf 78' lang='lat' dir='ltr'><strong>ferrum</strong></span> <span class='ocrx_word' id='word_1_152' title='bbox 1715 2150 1807 2201; x_wconf 86' lang='lat' dir='ltr'><strong>illo</strong></span> <span class='ocrx_word' id='word_1_153' title='bbox 1841 2150 2120 2201; x_wconf 83' lang='lat' dir='ltr'><strong>incensum</strong></span> <span class='ocrx_word' id='word_1_154' title='bbox 2161 2149 2374 2202; x_wconf 84' lang='lat' dir='ltr'><strong>habitu-</strong></span> 
     </span>
    </p>
   </div>
   <div class='ocr_carea' id='block_1_24' title="bbox 797 2240 2377 2312">
    <p class='ocr_par' dir='ltr' id='par_1_24' title="bbox 797 2240 2377 2312">
     <span class='ocr_line' id='line_1_24' title="bbox 797 2240 2377 2312; baseline -0.003 -14"><span class='ocrx_word' id='word_1_155' title='bbox 797 2248 977 2299; x_wconf 89' lang='lat' dir='ltr'><strong>dinem</strong></span> <span class='ocrx_word' id='word_1_156' title='bbox 1032 2260 1340 2312; x_wconf 62' lang='lat' dir='ltr'><strong>nexumque</strong></span> <span class='ocrx_word' id='word_1_157' title='bbox 1378 2244 1697 2303; x_wconf 74' lang='lat' dir='ltr'><strong>dixcrimns,</strong></span> <span class='ocrx_word' id='word_1_158' title='bbox 1753 2241 1886 2293; x_wconf 81' lang='lat' dir='ltr'><strong>nihil</strong></span> <span class='ocrx_word' id='word_1_159' title='bbox 1933 2240 2077 2307; x_wconf 81' lang='lat' dir='ltr'><strong>quod</strong></span> <span class='ocrx_word' id='word_1_160' title='bbox 2128 2240 2202 2294; x_wconf 90' lang='lat' dir='ltr'><strong>sit</strong></span> <span class='ocrx_word' id='word_1_161' title='bbox 2248 2254 2377 2307; x_wconf 86' lang='lat' dir='ltr'><strong>pro—</strong></span> 
     </span>
    </p>
   </div>
   <div class='ocr_carea' id='block_1_25' title="bbox 796 2332 2376 2408">
    <p class='ocr_par' dir='ltr' id='par_1_25' title="bbox 796 2332 2376 2408">
     <span class='ocr_line' id='line_1_25' title="bbox 796 2332 2376 2408; baseline -0.004 -18"><span class='ocrx_word' id='word_1_162' title='bbox 796 2340 974 2408; x_wconf 84' lang='lat' dir='ltr'><strong>prium</strong></span> <span class='ocrx_word' id='word_1_163' title='bbox 1006 2338 1203 2389; x_wconf 82' lang='lat' dir='ltr'><strong>dielttt&#39;i</strong></span> <span class='ocrx_word' id='word_1_164' title='bbox 1237 2350 1451 2387; x_wconf 86' lang='lat' dir='ltr'><strong>sumus.</strong></span> <span class='ocrx_word' id='word_1_165' title='bbox 1493 2332 1614 2388; x_wconf 82' lang='lat' dir='ltr'><strong>“.I&#39;C</strong></span> <span class='ocrx_word' id='word_1_166' title='bbox 1647 2334 1787 2384; x_wconf 92' lang='lat' dir='ltr'><strong>enim</strong></span> <span class='ocrx_word' id='word_1_167' title='bbox 1840 2348 1944 2385; x_wconf 95' lang='lat' dir='ltr'><strong>non</strong></span> <span class='ocrx_word' id='word_1_168' title='bbox 1994 2332 2109 2398; x_wconf 83' lang='lat' dir='ltr'><strong>ipsa</strong></span> <span class='ocrx_word' id='word_1_169' title='bbox 2158 2345 2282 2384; x_wconf 85' lang='lat' dir='ltr'><strong>vere</strong></span> <span class='ocrx_word' id='word_1_170' title='bbox 2312 2346 2376 2383; x_wconf 86' lang='lat' dir='ltr'><strong>ac</strong></span> 
     </span>
    </p>
   </div>
   <div class='ocr_carea' id='block_1_26' title="bbox 795 2421 2377 2498">
    <p class='ocr_par' dir='ltr' id='par_1_26' title="bbox 795 2421 2377 2498">
     <span class='ocr_line' id='line_1_26' title="bbox 795 2421 2377 2498; baseline -0.004 -17"><span class='ocrx_word' id='word_1_171' title='bbox 795 2447 890 2498; x_wconf 83' lang='lat' dir='ltr'><strong>per</strong></span> <span class='ocrx_word' id='word_1_172' title='bbox 921 2446 978 2484; x_wconf 90' lang='lat' dir='ltr'><strong>sc</strong></span> <span class='ocrx_word' id='word_1_173' title='bbox 1012 2429 1350 2491; x_wconf 75' lang='lat' dir='ltr'><strong>exsistentia,</strong></span> <span class='ocrx_word' id='word_1_174' title='bbox 1390 2425 1669 2493; x_wconf 72' lang='lat' dir='ltr'><strong>magisque</strong></span> <span class='ocrx_word' id='word_1_175' title='bbox 1701 2422 2052 2475; x_wconf 84' lang='lat' dir='ltr'><strong>continentur</strong></span> <span class='ocrx_word' id='word_1_176' title='bbox 2079 2432 2244 2490; x_wconf 86' lang='lat' dir='ltr'><strong>atque</strong></span> <span class='ocrx_word' id='word_1_177' title='bbox 2282 2421 2377 2474; x_wconf 86' lang='lat' dir='ltr'><strong>ha-</strong></span> 
     </span>
    </p>
   </div>
   <div class='ocr_carea' id='block_1_27' title="bbox 787 2512 2360 2588">
    <p class='ocr_par' dir='ltr' id='par_1_27' title="bbox 787 2512 2360 2588">
     <span class='ocr_line' id='line_1_27' title="bbox 787 2512 2360 2588; baseline -0.008 -11"><span class='ocrx_word' id='word_1_178' title='bbox 787 2517 1014 2581; x_wconf 73' lang='lat' dir='ltr'><strong>bentur,</strong></span> <span class='ocrx_word' id='word_1_179' title='bbox 1050 2535 1211 2588; x_wconf 86' lang='lat' dir='ltr'><strong>quam</strong></span> <span class='ocrx_word' id='word_1_180' title='bbox 1267 2520 1377 2585; x_wconf 89' lang='lat' dir='ltr'><strong>ipsa</strong></span> <span class='ocrx_word' id='word_1_181' title='bbox 1428 2517 1741 2569; x_wconf 85' lang='lat' dir='ltr'><strong>contineant</strong></span> <span class='ocrx_word' id='word_1_182' title='bbox 1774 2529 1837 2567; x_wconf 87' lang='lat' dir='ltr'><strong>ac</strong></span> <span class='ocrx_word' id='word_1_183' title='bbox 1870 2514 2121 2567; x_wconf 78' lang='lat' dir='ltr'><strong>habeant.</strong></span> <span class='ocrx_word' id='word_1_184' title='bbox 2160 2514 2228 2565; x_wconf 80' lang='lat' dir='ltr'><strong>At</strong></span> <span class='ocrx_word' id='word_1_185' title='bbox 2268 2512 2360 2566; x_wconf 84' lang='lat' dir='ltr'><strong>Dei</strong></span> 
     </span>
    </p>
   </div>
   <div class='ocr_carea' id='block_1_28' title="bbox 796 2607 2378 2682">
    <p class='ocr_par' dir='ltr' id='par_1_28' title="bbox 796 2607 2378 2682">
     <span class='ocr_line' id='line_1_28' title="bbox 796 2607 2378 2682; baseline -0.007 -13"><span class='ocrx_word' id='word_1_186' title='bbox 796 2615 966 2669; x_wconf 85' lang='lat' dir='ltr'><strong>Filius</strong></span> <span class='ocrx_word' id='word_1_187' title='bbox 1006 2615 1122 2682; x_wconf 87' lang='lat' dir='ltr'><strong>ipse</strong></span> <span class='ocrx_word' id='word_1_188' title='bbox 1162 2628 1287 2664; x_wconf 85' lang='lat' dir='ltr'><strong>vere</strong></span> <span class='ocrx_word' id='word_1_189' title='bbox 1342 2625 1404 2662; x_wconf 89' lang='lat' dir='ltr'><strong>ac</strong></span> <span class='ocrx_word' id='word_1_190' title='bbox 1440 2625 1534 2675; x_wconf 88' lang='lat' dir='ltr'><strong>per</strong></span> <span class='ocrx_word' id='word_1_191' title='bbox 1572 2623 1629 2661; x_wconf 91' lang='lat' dir='ltr'><strong>se</strong></span> <span class='ocrx_word' id='word_1_192' title='bbox 1657 2609 1949 2669; x_wconf 77' lang='lat' dir='ltr'><strong>exsisteus,</strong></span> <span class='ocrx_word' id='word_1_193' title='bbox 1987 2607 2279 2673; x_wconf 78' lang='lat' dir='ltr'><strong>vivensque</strong></span> <span class='ocrx_word' id='word_1_194' title='bbox 2312 2618 2378 2658; x_wconf 89' lang='lat' dir='ltr'><strong>ac</strong></span> 
     </span>
    </p>
   </div>
   <div class='ocr_carea' id='block_1_29' title="bbox 797 2697 2377 2777">
    <p class='ocr_par' dir='ltr' id='par_1_29' title="bbox 797 2697 2377 2777">
     <span class='ocr_line' id='line_1_29' title="bbox 797 2697 2377 2777; baseline -0.007 -17"><span class='ocrx_word' id='word_1_195' title='bbox 797 2706 1070 2777; x_wconf 81' lang='lat' dir='ltr'><strong>perfectus</strong></span> <span class='ocrx_word' id='word_1_196' title='bbox 1103 2713 1215 2767; x_wconf 88' lang='lat' dir='ltr'><strong>est;</strong></span> <span class='ocrx_word' id='word_1_197' title='bbox 1250 2717 1311 2754; x_wconf 86' lang='lat' dir='ltr'><strong>ac</strong></span> <span class='ocrx_word' id='word_1_198' title='bbox 1364 2702 1507 2753; x_wconf 87' lang='lat' dir='ltr'><strong>velut</strong></span> <span class='ocrx_word' id='word_1_199' title='bbox 1547 2700 1676 2767; x_wconf 81' lang='lat' dir='ltr'><strong>quid</strong></span> <span class='ocrx_word' id='word_1_200' title='bbox 1716 2699 1950 2751; x_wconf 85' lang='lat' dir='ltr'><strong>nobilius</strong></span> <span class='ocrx_word' id='word_1_201' title='bbox 1998 2697 2377 2765; x_wconf 71' lang='lat' dir='ltr'><strong>prwstantius-</strong></span> 
     </span>
    </p>
   </div>
   <div class='ocr_carea' id='block_1_30' title="bbox 793 2787 2380 2870">
    <p class='ocr_par' dir='ltr' id='par_1_30' title="bbox 793 2787 2380 2870">
     <span class='ocr_line' id='line_1_30' title="bbox 793 2787 2380 2870; baseline -0.008 -16"><span class='ocrx_word' id='word_1_202' title='bbox 793 2817 922 2870; x_wconf 87' lang='lat' dir='ltr'><strong>que,</strong></span> <span class='ocrx_word' id='word_1_203' title='bbox 956 2807 1291 2866; x_wconf 84' lang='lat' dir='ltr'><strong>assumptam</strong></span> <span class='ocrx_word' id='word_1_204' title='bbox 1327 2798 1613 2848; x_wconf 88' lang='lat' dir='ltr'><strong>humanam</strong></span> <span class='ocrx_word' id='word_1_205' title='bbox 1650 2794 1890 2844; x_wconf 87' lang='lat' dir='ltr'><strong>continet</strong></span> <span class='ocrx_word' id='word_1_206' title='bbox 1936 2791 2225 2858; x_wconf 86' lang='lat' dir='ltr'><strong>habetque.</strong></span> <span class='ocrx_word' id='word_1_207' title='bbox 2275 2787 2380 2842; x_wconf 81' lang='lat' dir='ltr'><strong>Ne-</strong></span> 
     </span>
    </p>
   </div>
   <div class='ocr_carea' id='block_1_31' title="bbox 795 2878 2371 2960">
    <p class='ocr_par' dir='ltr' id='par_1_31' title="bbox 795 2878 2371 2960">
     <span class='ocr_line' id='line_1_31' title="bbox 795 2878 2371 2960; baseline -0.01 -17"><span class='ocrx_word' id='word_1_208' title='bbox 795 2906 901 2960; x_wconf 75' lang='lat' dir='ltr'><strong>que</strong></span> <span class='ocrx_word' id='word_1_209' title='bbox 955 2891 1173 2942; x_wconf 82' lang='lat' dir='ltr'><strong>demum</strong></span> <span class='ocrx_word' id='word_1_210' title='bbox 1222 2888 1361 2939; x_wconf 88' lang='lat' dir='ltr'><strong>sicut</strong></span> <span class='ocrx_word' id='word_1_211' title='bbox 1414 2884 1648 2937; x_wconf 84' lang='lat' dir='ltr'><strong>dicimus</strong></span> <span class='ocrx_word' id='word_1_212' title='bbox 1682 2889 1930 2933; x_wconf 89' lang='lat' dir='ltr'><strong>naturam</strong></span> <span class='ocrx_word' id='word_1_213' title='bbox 1966 2878 2261 2930; x_wconf 84' lang='lat' dir='ltr'><strong>humanam</strong></span> <span class='ocrx_word' id='word_1_214' title='bbox 2306 2890 2371 2927; x_wconf 79' lang='lat' dir='ltr'><strong>ex</strong></span> 
     </span>
    </p>
   </div>
   <div class='ocr_carea' id='block_1_32' title="bbox 795 2969 2377 3047">
    <p class='ocr_par' dir='ltr' id='par_1_32' title="bbox 795 2969 2377 3047">
     <span class='ocr_line' id='line_1_32' title="bbox 795 2969 2377 3047; baseline -0.01 -14"><span class='ocrx_word' id='word_1_215' title='bbox 795 2982 1007 3033; x_wconf 68' lang='lat' dir='ltr'><strong>duabus</strong></span> <span class='ocrx_word' id='word_1_216' title='bbox 1045 2977 1297 3047; x_wconf 89' lang='lat' dir='ltr'><strong>partibus</strong></span> <span class='ocrx_word' id='word_1_217' title='bbox 1330 2974 1532 3040; x_wconf 88' lang='lat' dir='ltr'><strong>(anima</strong></span> <span class='ocrx_word' id='word_1_218' title='bbox 1584 2971 1791 3024; x_wconf 82' lang='lat' dir='ltr'><strong>scilicet</strong></span> <span class='ocrx_word' id='word_1_219' title='bbox 1837 2979 1890 3021; x_wconf 86' lang='lat' dir='ltr'><strong>et</strong></span> <span class='ocrx_word' id='word_1_220' title='bbox 1937 2969 2188 3035; x_wconf 87' lang='lat' dir='ltr'><strong>corpore)</strong></span> <span class='ocrx_word' id='word_1_221' title='bbox 2242 2979 2377 3018; x_wconf 69' lang='lat' dir='ltr'><strong>cono</strong></span> 
     </span>
    </p>
   </div>
   <div class='ocr_carea' id='block_1_33' title="bbox 794 3055 2376 3133">
    <p class='ocr_par' dir='ltr' id='par_1_33' title="bbox 794 3055 2376 3133">
     <span class='ocr_line' id='line_1_33' title="bbox 794 3055 2376 3133; baseline -0.012 -7"><span class='ocrx_word' id='word_1_222' title='bbox 794 3083 962 3126; x_wconf 84' lang='lat' dir='ltr'><strong>stare.</strong></span> <span class='ocrx_word' id='word_1_223' title='bbox 996 3069 1128 3121; x_wconf 79' lang='lat' dir='ltr'><strong>Nam</strong></span> <span class='ocrx_word' id='word_1_224' title='bbox 1157 3079 1207 3119; x_wconf 77' lang='lat' dir='ltr'><strong>et</strong></span> <span class='ocrx_word' id='word_1_225' title='bbox 1236 3067 1414 3118; x_wconf 86' lang='lat' dir='ltr'><strong>anima</strong></span> <span class='ocrx_word' id='word_1_226' title='bbox 1454 3062 1687 3133; x_wconf 76' lang='lat' dir='ltr'><strong>(tametsi</strong></span> <span class='ocrx_word' id='word_1_227' title='bbox 1728 3060 1970 3112; x_wconf 90' lang='lat' dir='ltr'><strong>omnium</strong></span> <span class='ocrx_word' id='word_1_228' title='bbox 2012 3055 2218 3125; x_wconf 85' lang='lat' dir='ltr'><strong>judicio</strong></span> <span class='ocrx_word' id='word_1_229' title='bbox 2252 3071 2376 3109; x_wconf 80' lang='lat' dir='ltr'><strong>cor-</strong></span> 
     </span>
    </p>
   </div>
   <div class='ocr_carea' id='block_1_34' title="bbox 2480 593 4047 661">
    <p class='ocr_par' dir='ltr' id='par_1_34' title="bbox 2480 593 4047 661">
     <span class='ocr_line' id='line_1_34' title="bbox 2480 593 4047 661; baseline -0.003 -14"><span class='ocrx_word' id='word_1_230' title='bbox 2480 613 2615 659; x_wconf 81' lang='grc' dir='ltr'>σεως</span> <span class='ocrx_word' id='word_1_231' title='bbox 2644 599 2671 647; x_wconf 83' lang='grc' dir='ltr'><strong>ό</strong></span> <span class='ocrx_word' id='word_1_232' title='bbox 2699 597 2821 656; x_wconf 89' lang='grc' dir='ltr'>νοῦς</span> <span class='ocrx_word' id='word_1_233' title='bbox 2847 599 2874 647; x_wconf 81' lang='grc' dir='ltr'><strong>ό</strong></span> <span class='ocrx_word' id='word_1_234' title='bbox 2907 594 3242 661; x_wconf 67' lang='grc' dir='ltr'>ἀνθρὺπινος</span> <span class='ocrx_word' id='word_1_235' title='bbox 3297 593 3624 645; x_wconf 76' lang='grc' dir='ltr'>καταλαϐεῖν</span> <span class='ocrx_word' id='word_1_236' title='bbox 3662 593 3911 649; x_wconf 64' lang='grc' dir='ltr'>δὶνιτσι,</span> <span class='ocrx_word' id='word_1_237' title='bbox 3950 593 4047 643; x_wconf 76' lang='grc' dir='ltr'><strong>καὶ</strong></span> 
     </span>
    </p>
   </div>
   <div class='ocr_carea' id='block_1_35' title="bbox 2478 682 4048 753">
    <p class='ocr_par' dir='ltr' id='par_1_35' title="bbox 2478 682 4048 753">
     <span class='ocr_line' id='line_1_35' title="bbox 2478 682 4048 753; baseline -0.004 -17"><span class='ocrx_word' id='word_1_238' title='bbox 2478 685 2731 736; x_wconf 82' lang='grc' dir='ltr'>τοσοῦτον</span> <span class='ocrx_word' id='word_1_239' title='bbox 2754 687 2984 753; x_wconf 72' lang='grc' dir='ltr'>ἥνωται,</span> <span class='ocrx_word' id='word_1_240' title='bbox 3012 684 3151 735; x_wconf 81' lang='grc' dir='ltr'>ὥστε</span> <span class='ocrx_word' id='word_1_241' title='bbox 3175 685 3240 734; x_wconf 82' lang='grc' dir='ltr'><strong>τά</strong></span> <span class='ocrx_word' id='word_1_242' title='bbox 3270 684 3606 751; x_wconf 78' lang='grc' dir='ltr'><strong>συναφθέντα</strong></span> <span class='ocrx_word' id='word_1_243' title='bbox 3631 684 3907 749; x_wconf 60' lang='grc' dir='ltr'>ἀχώριστα</span> <span class='ocrx_word' id='word_1_244' title='bbox 3935 682 4048 731; x_wconf 72' lang='grc' dir='ltr'>δια-</span> 
     </span>
    </p>
   </div>
   <div class='ocr_carea' id='block_1_36' title="bbox 2483 772 4047 844">
    <p class='ocr_par' dir='ltr' id='par_1_36' title="bbox 2483 772 4047 844">
     <span class='ocr_line' id='line_1_36' title="bbox 2483 772 4047 844; baseline -0.003 -16"><span class='ocrx_word' id='word_1_245' title='bbox 2483 780 2688 843; x_wconf 84' lang='grc' dir='ltr'>μεῖναι,</span> <span class='ocrx_word' id='word_1_246' title='bbox 2724 779 2772 829; x_wconf 83' lang='grc' dir='ltr'><strong>εί</strong></span> <span class='ocrx_word' id='word_1_247' title='bbox 2817 778 2911 830; x_wconf 76' lang='grc' dir='ltr'>καὶ</span> <span class='ocrx_word' id='word_1_248' title='bbox 2941 779 2970 844; x_wconf 81' lang='grc' dir='ltr'>ἡ</span> <span class='ocrx_word' id='word_1_249' title='bbox 3000 776 3316 844; x_wconf 76' lang='grc' dir='ltr'><strong>ἀνθρωπίνη</strong></span> <span class='ocrx_word' id='word_1_250' title='bbox 3350 777 3498 843; x_wconf 71' lang='grc' dir='ltr'>ψυχὴ</span> <span class='ocrx_word' id='word_1_251' title='bbox 3542 778 3600 827; x_wconf 86' lang='grc' dir='ltr'>ὲν</span> <span class='ocrx_word' id='word_1_252' title='bbox 3633 776 3709 841; x_wconf 83' lang='grc' dir='ltr'>τῷ</span> <span class='ocrx_word' id='word_1_253' title='bbox 3748 775 3923 842; x_wconf 77' lang='grc' dir='ltr'>καιρῴ</span> <span class='ocrx_word' id='word_1_254' title='bbox 3954 772 4047 824; x_wconf 69' lang='grc' dir='ltr'><strong>τοῦ</strong></span> 
     </span>
    </p>
   </div>
   <div class='ocr_carea' id='block_1_37' title="bbox 2482 867 4049 937">
    <p class='ocr_par' dir='ltr' id='par_1_37' title="bbox 2482 867 4049 937">
     <span class='ocr_line' id='line_1_37' title="bbox 2482 867 4049 937; baseline -0.004 -16"><span class='ocrx_word' id='word_1_255' title='bbox 2482 869 2715 921; x_wconf 71' lang='grc' dir='ltr'>θανάτου</span> <span class='ocrx_word' id='word_1_256' title='bbox 2751 870 2842 919; x_wconf 82' lang='grc' dir='ltr'><strong>τοῦ</strong></span> <span class='ocrx_word' id='word_1_257' title='bbox 2880 869 3135 937; x_wconf 84' lang='grc' dir='ltr'>σώματος</span> <span class='ocrx_word' id='word_1_258' title='bbox 3168 870 3304 935; x_wconf 64' lang='grc' dir='ltr'>πρὸς</span> <span class='ocrx_word' id='word_1_259' title='bbox 3360 868 3541 933; x_wconf 75' lang='grc' dir='ltr'>ὀλίγον</span> <span class='ocrx_word' id='word_1_260' title='bbox 3575 868 3758 933; x_wconf 78' lang='grc' dir='ltr'><strong>διέστη</strong></span> <span class='ocrx_word' id='word_1_261' title='bbox 3782 867 3930 917; x_wconf 72' lang='grc' dir='ltr'>’,καὶ</span> <span class='ocrx_word' id='word_1_262' title='bbox 3960 867 4049 916; x_wconf 76' lang='grc' dir='ltr'><strong>διὰ</strong></span> 
     </span>
    </p>
   </div>
   <div class='ocr_carea' id='block_1_38' title="bbox 2479 957 4049 1027">
    <p class='ocr_par' dir='ltr' id='par_1_38' title="bbox 2479 957 4049 1027">
     <span class='ocr_line' id='line_1_38' title="bbox 2479 957 4049 1027; baseline -0.003 -17"><span class='ocrx_word' id='word_1_263' title='bbox 2479 959 2579 1027; x_wconf 78' lang='grc' dir='ltr'>τὴν</span> <span class='ocrx_word' id='word_1_264' title='bbox 2608 960 2785 1026; x_wconf 79' lang='grc' dir='ltr'>ἄκραν</span> <span class='ocrx_word' id='word_1_265' title='bbox 2814 960 3007 1011; x_wconf 76' lang='grc' dir='ltr'>ἕνωσιν</span> <span class='ocrx_word' id='word_1_266' title='bbox 3037 961 3096 1010; x_wconf 84' lang='grc' dir='ltr'>τὸ</span> <span class='ocrx_word' id='word_1_267' title='bbox 3126 960 3313 1027; x_wconf 83' lang='grc' dir='ltr'>ἓτερον</span> <span class='ocrx_word' id='word_1_268' title='bbox 3345 959 3421 1025; x_wconf 84' lang='grc' dir='ltr'>τῷ</span> <span class='ocrx_word' id='word_1_269' title='bbox 3453 959 3545 1010; x_wconf 69' lang='grc' dir='ltr'><strong>τοῦ</strong></span> <span class='ocrx_word' id='word_1_270' title='bbox 3591 960 3779 1024; x_wconf 78' lang='grc' dir='ltr'>ἐτέρου</span> <span class='ocrx_word' id='word_1_271' title='bbox 3822 957 4009 1022; x_wconf 82' lang='grc' dir='ltr'>όνόμα</span> <span class='ocrx_word' id='word_1_272' title='bbox 4032 973 4049 1006; x_wconf 92' lang='grc' dir='ltr'><strong>ι</strong></span> 
     </span>
    </p>
   </div>
   <div class='ocr_carea' id='block_1_39' title="bbox 2481 1046 4050 1117">
    <p class='ocr_par' dir='ltr' id='par_1_39' title="bbox 2481 1046 4050 1117">
     <span class='ocr_line' id='line_1_39' title="bbox 2481 1046 4050 1117; baseline -0.003 -19"><span class='ocrx_word' id='word_1_273' title='bbox 2481 1048 2739 1114; x_wconf 77' lang='grc' dir='ltr'>λέγεσθαι</span> <span class='ocrx_word' id='word_1_274' title='bbox 2768 1046 2855 1117; x_wconf 81' lang='grc' dir='ltr'><strong>ἦν,</strong></span> <span class='ocrx_word' id='word_1_275' title='bbox 2890 1052 2982 1100; x_wconf 75' lang='grc' dir='ltr'>τὸν</span> <span class='ocrx_word' id='word_1_276' title='bbox 3024 1050 3157 1101; x_wconf 81' lang='grc' dir='ltr'>Θεὸν</span> <span class='ocrx_word' id='word_1_277' title='bbox 3191 1050 3478 1117; x_wconf 79' lang='grc' dir='ltr'>ἄνθρωπον</span> <span class='ocrx_word' id='word_1_278' title='bbox 3510 1049 3601 1099; x_wconf 59' lang='grc' dir='ltr'><strong>καὶ⁸</strong></span> <span class='ocrx_word' id='word_1_279' title='bbox 3636 1049 3725 1099; x_wconf 68' lang='grc' dir='ltr'>τὸν</span> <span class='ocrx_word' id='word_1_280' title='bbox 3759 1048 4050 1114; x_wconf 84' lang='grc' dir='ltr'>ἄνθρωπον</span> 
     </span>
    </p>
   </div>
   <div class='ocr_carea' id='block_1_40' title="bbox 2481 1135 4051 1213">
    <p class='ocr_par' dir='ltr' id='par_1_40' title="bbox 2481 1135 4051 1213">
     <span class='ocr_line' id='line_1_40' title="bbox 2481 1135 4051 1213; baseline -0.002 -26"><span class='ocrx_word' id='word_1_281' title='bbox 2481 1137 2634 1199; x_wconf 82' lang='grc' dir='ltr'>Θεὸν,</span> <span class='ocrx_word' id='word_1_282' title='bbox 2674 1140 2767 1188; x_wconf 72' lang='grc' dir='ltr'>καὶ</span> <span class='ocrx_word' id='word_1_283' title='bbox 2812 1140 3119 1213; x_wconf 61' lang='grc' dir='ltr'>ἀμφότερα,</span> <span class='ocrx_word' id='word_1_284' title='bbox 3166 1140 3415 1190; x_wconf 80' lang='grc' dir='ltr'><strong>τουτέστι</strong></span> <span class='ocrx_word' id='word_1_285' title='bbox 3446 1138 3544 1204; x_wconf 81' lang='grc' dir='ltr'><strong>τὴν</strong></span> <span class='ocrx_word' id='word_1_286' title='bbox 3592 1135 3723 1204; x_wconf 90' lang='grc' dir='ltr'>μίαν</span> <span class='ocrx_word' id='word_1_287' title='bbox 3754 1136 4051 1187; x_wconf 75' lang='grc' dir='ltr'><strong>ὑπόστασιν</strong></span> 
     </span>
    </p>
   </div>
   <div class='ocr_carea' id='block_1_41' title="bbox 2483 1228 4049 1298">
    <p class='ocr_par' dir='ltr' id='par_1_41' title="bbox 2483 1228 4049 1298">
     <span class='ocr_line' id='line_1_41' title="bbox 2483 1228 4049 1298; baseline -0.003 -17"><span class='ocrx_word' id='word_1_288' title='bbox 2483 1230 2572 1281; x_wconf 77' lang='grc' dir='ltr'><strong>τὸν</strong></span> <span class='ocrx_word' id='word_1_289' title='bbox 2602 1230 2765 1279; x_wconf 59' lang='grc' dir='ltr'>αὺτὸν</span> <span class='ocrx_word' id='word_1_290' title='bbox 2796 1230 2927 1280; x_wconf 84' lang='grc' dir='ltr'>Θεὸν</span> <span class='ocrx_word' id='word_1_291' title='bbox 2969 1232 3063 1281; x_wconf 69' lang='grc' dir='ltr'>καὶ</span> <span class='ocrx_word' id='word_1_292' title='bbox 3092 1231 3381 1298; x_wconf 78' lang='grc' dir='ltr'>ἄνθρωπον</span> <span class='ocrx_word' id='word_1_293' title='bbox 3421 1231 3540 1281; x_wconf 83' lang='grc' dir='ltr'>κατ’</span> <span class='ocrx_word' id='word_1_294' title='bbox 3581 1230 3708 1282; x_wconf 73' lang='grc' dir='ltr'>ἄλλο</span> <span class='ocrx_word' id='word_1_295' title='bbox 3758 1231 3849 1280; x_wconf 59' lang='grc' dir='ltr'>καὶ</span> <span class='ocrx_word' id='word_1_296' title='bbox 3877 1228 4003 1278; x_wconf 70' lang='grc' dir='ltr'>ἄλλο</span> <span class='ocrx_word' id='word_1_297' title='bbox 4033 1243 4049 1257; x_wconf 88' lang='grc'><strong>·</strong></span> 
     </span>
    </p>
   </div>
   <div class='ocr_carea' id='block_1_42' title="bbox 2482 1317 4052 1388">
    <p class='ocr_par' dir='ltr' id='par_1_42' title="bbox 2482 1317 4052 1388">
     <span class='ocr_line' id='line_1_42' title="bbox 2482 1317 4052 1388; baseline 0.001 -19"><span class='ocrx_word' id='word_1_298' title='bbox 2482 1317 2671 1388; x_wconf 75' lang='grc' dir='ltr'>ὥσπερ</span> <span class='ocrx_word' id='word_1_299' title='bbox 2706 1320 2796 1368; x_wconf 71' lang='grc' dir='ltr'>καὶ</span> <span class='ocrx_word' id='word_1_300' title='bbox 2825 1322 2851 1369; x_wconf 76' lang='grc' dir='ltr'><strong>ό</strong></span> <span class='ocrx_word' id='word_1_301' title='bbox 2882 1318 3169 1386; x_wconf 71' lang='grc' dir='ltr'>ἅνθρωπος</span> <span class='ocrx_word' id='word_1_302' title='bbox 3212 1320 3353 1387; x_wconf 73' lang='grc' dir='ltr'>ὀρῶν</span> <span class='ocrx_word' id='word_1_303' title='bbox 3398 1322 3491 1372; x_wconf 75' lang='grc' dir='ltr'>καὶ</span> <span class='ocrx_word' id='word_1_304' title='bbox 3531 1322 3766 1383; x_wconf 81' lang='grc' dir='ltr'>ἀκούων,</span> <span class='ocrx_word' id='word_1_305' title='bbox 3810 1320 3870 1369; x_wconf 80' lang='grc' dir='ltr'><strong>οὑ</strong></span> <span class='ocrx_word' id='word_1_306' title='bbox 3912 1321 4052 1371; x_wconf 61' lang='grc' dir='ltr'>κατὰ</span> 
     </span>
    </p>
   </div>
   <div class='ocr_carea' id='block_1_43' title="bbox 2481 1408 4052 1479">
    <p class='ocr_par' dir='ltr' id='par_1_43' title="bbox 2481 1408 4052 1479">
     <span class='ocr_line' id='line_1_43' title="bbox 2481 1408 4052 1479; baseline 0.001 -22"><span class='ocrx_word' id='word_1_307' title='bbox 2481 1408 2541 1457; x_wconf 78' lang='grc' dir='ltr'>τὸ</span> <span class='ocrx_word' id='word_1_308' title='bbox 2572 1409 2701 1458; x_wconf 60' lang='grc' dir='ltr'>αὐτ),</span> <span class='ocrx_word' id='word_1_309' title='bbox 2757 1410 2856 1476; x_wconf 76' lang='grc' dir='ltr'><strong>ὁρᾷ</strong></span> <span class='ocrx_word' id='word_1_310' title='bbox 2908 1412 3000 1461; x_wconf 70' lang='grc' dir='ltr'>καὶ</span> <span class='ocrx_word' id='word_1_311' title='bbox 3051 1411 3234 1461; x_wconf 74' lang='grc' dir='ltr'>ἀκούει</span> <span class='ocrx_word' id='word_1_312' title='bbox 3264 1426 3279 1442; x_wconf 77' lang='grc' dir='ltr'><strong>ο</strong></span> <span class='ocrx_word' id='word_1_313' title='bbox 3326 1411 3459 1461; x_wconf 74' lang='grc' dir='ltr'>ἀλλά</span> <span class='ocrx_word' id='word_1_314' title='bbox 3512 1412 3573 1461; x_wconf 75' lang='grc' dir='ltr'>τὸ</span> <span class='ocrx_word' id='word_1_315' title='bbox 3612 1413 3712 1479; x_wconf 80' lang='grc' dir='ltr'><strong>μὲν</strong></span> <span class='ocrx_word' id='word_1_316' title='bbox 3770 1412 3907 1462; x_wconf 75' lang='grc' dir='ltr'><strong>κατά</strong></span> <span class='ocrx_word' id='word_1_317' title='bbox 3953 1412 4052 1477; x_wconf 76' lang='grc' dir='ltr'>τὴν</span> 
     </span>
    </p>
   </div>
   <div class='ocr_carea' id='block_1_44' title="bbox 2484 1499 3890 1571">
    <p class='ocr_par' dir='ltr' id='par_1_44' title="bbox 2484 1499 3890 1571">
     <span class='ocr_line' id='line_1_44' title="bbox 2484 1499 3890 1571; baseline 0.004 -22"><span class='ocrx_word' id='word_1_318' title='bbox 2484 1499 2748 1568; x_wconf 72' lang='grc' dir='ltr'>ὁρατικὴν</span> <span class='ocrx_word' id='word_1_319' title='bbox 2786 1500 3036 1568; x_wconf 80' lang='grc' dir='ltr'>δύναμιν,</span> <span class='ocrx_word' id='word_1_320' title='bbox 3070 1502 3127 1551; x_wconf 71' lang='grc' dir='ltr'>τὸ</span> <span class='ocrx_word' id='word_1_321' title='bbox 3154 1501 3209 1554; x_wconf 75' lang='grc' dir='ltr'><strong>δὲ</strong></span> <span class='ocrx_word' id='word_1_322' title='bbox 3242 1503 3383 1553; x_wconf 85' lang='grc' dir='ltr'>κατὰ</span> <span class='ocrx_word' id='word_1_323' title='bbox 3414 1503 3513 1571; x_wconf 83' lang='grc' dir='ltr'><strong>τὴν</strong></span> <span class='ocrx_word' id='word_1_324' title='bbox 3540 1504 3890 1570; x_wconf 79' lang='grc' dir='ltr'>ἀκουστιχήν.</span> 
     </span>
    </p>
   </div>
   <div class='ocr_carea' id='block_1_45' title="bbox 2557 1677 4050 1747">
    <p class='ocr_par' dir='ltr' id='par_1_45' title="bbox 2557 1677 4050 1747">
     <span class='ocr_line' id='line_1_45' title="bbox 2557 1677 4050 1747; baseline 0.003 -20"><span class='ocrx_word' id='word_1_325' title='bbox 2557 1677 2914 1745; x_wconf 72' lang='grc' dir='ltr'>Ιιαράδειγμα</span> <span class='ocrx_word' id='word_1_326' title='bbox 2938 1680 2992 1731; x_wconf 81' lang='grc' dir='ltr'><strong>δὲ</strong></span> <span class='ocrx_word' id='word_1_327' title='bbox 3028 1679 3125 1746; x_wconf 81' lang='grc' dir='ltr'>τῆς</span> <span class='ocrx_word' id='word_1_328' title='bbox 3157 1679 3404 1742; x_wconf 82' lang='grc' dir='ltr'>ὲνώσεως</span> <span class='ocrx_word' id='word_1_329' title='bbox 3430 1682 3631 1747; x_wconf 79' lang='grc' dir='ltr'><strong>ταύτης</strong></span> <span class='ocrx_word' id='word_1_330' title='bbox 3661 1683 3762 1733; x_wconf 79' lang='grc' dir='ltr'>οὐκ</span> <span class='ocrx_word' id='word_1_331' title='bbox 3788 1682 3933 1732; x_wconf 76' lang='grc' dir='ltr'>ἐστιν</span> <span class='ocrx_word' id='word_1_332' title='bbox 3956 1682 4050 1732; x_wconf 76' lang='grc' dir='ltr'>οὐ·</span> 
     </span>
    </p>
   </div>
   <div class='ocr_carea' id='block_1_46' title="bbox 2482 1765 4048 1839">
    <p class='ocr_par' dir='ltr' id='par_1_46' title="bbox 2482 1765 4048 1839">
     <span class='ocr_line' id='line_1_46' title="bbox 2482 1765 4048 1839; baseline 0.002 -21"><span class='ocrx_word' id='word_1_333' title='bbox 2482 1765 2569 1818; x_wconf 83' lang='grc' dir='ltr'>δὲν</span> <span class='ocrx_word' id='word_1_334' title='bbox 2601 1769 2819 1819; x_wconf 77' lang='grc' dir='ltr'>οἰκεῖον.</span> <span class='ocrx_word' id='word_1_335' title='bbox 2854 1769 2912 1819; x_wconf 85' lang='grc' dir='ltr'><strong>Εἰ</strong></span> <span class='ocrx_word' id='word_1_336' title='bbox 2938 1770 3047 1836; x_wconf 69' lang='grc' dir='ltr'><strong>γὰρ</strong></span> <span class='ocrx_word' id='word_1_337' title='bbox 3082 1770 3270 1838; x_wconf 80' lang='grc' dir='ltr'>ὥσπερ</span> <span class='ocrx_word' id='word_1_338' title='bbox 3308 1772 3549 1839; x_wconf 80' lang='grc' dir='ltr'>φυσικὴν</span> <span class='ocrx_word' id='word_1_339' title='bbox 3580 1772 3827 1837; x_wconf 79' lang='grc' dir='ltr'>δύναμιν</span> <span class='ocrx_word' id='word_1_340' title='bbox 3859 1774 3956 1838; x_wconf 80' lang='grc' dir='ltr'>τὴν</span> <span class='ocrx_word' id='word_1_341' title='bbox 3990 1776 4048 1822; x_wconf 78' lang='grc' dir='ltr'>ἐν</span> 
     </span>
    </p>
   </div>
   <div class='ocr_carea' id='block_1_47' title="bbox 2482 1858 4046 1929">
    <p class='ocr_par' dir='ltr' id='par_1_47' title="bbox 2482 1858 4046 1929">
     <span class='ocr_line' id='line_1_47' title="bbox 2482 1858 4046 1929; baseline 0.003 -21"><span class='ocrx_word' id='word_1_342' title='bbox 2482 1860 2590 1919; x_wconf 83' lang='grc' dir='ltr'>τοῖς</span> <span class='ocrx_word' id='word_1_343' title='bbox 2624 1858 2837 1918; x_wconf 81' lang='grc' dir='ltr'>σώμασι</span> <span class='ocrx_word' id='word_1_344' title='bbox 2866 1860 3249 1929; x_wconf 70' lang='grc' dir='ltr'>θεωρουμένην</span> <span class='ocrx_word' id='word_1_345' title='bbox 3271 1863 3346 1921; x_wconf 80' lang='grc' dir='ltr'>ὡς</span> <span class='ocrx_word' id='word_1_346' title='bbox 3372 1863 3717 1928; x_wconf 75' lang='grc' dir='ltr'>παράδειγμα</span> <span class='ocrx_word' id='word_1_347' title='bbox 3747 1864 4046 1928; x_wconf 74' lang='grc' dir='ltr'>προϐαλοῦ-</span> 
     </span>
    </p>
   </div>
   <div class='ocr_carea' id='block_1_48' title="bbox 2483 1952 4051 2021">
    <p class='ocr_par' dir='ltr' id='par_1_48' title="bbox 2483 1952 4051 2021">
     <span class='ocr_line' id='line_1_48' title="bbox 2483 1952 4051 2021; baseline 0 -19"><span class='ocrx_word' id='word_1_348' title='bbox 2483 1968 2604 2015; x_wconf 84' lang='grc' dir='ltr'>μεν,</span> <span class='ocrx_word' id='word_1_349' title='bbox 2638 1952 2666 2018; x_wconf 76' lang='grc' dir='ltr'><strong>ἢ</strong></span> <span class='ocrx_word' id='word_1_350' title='bbox 2703 1952 2792 2001; x_wconf 67' lang='grc' dir='ltr'>τὸν</span> <span class='ocrx_word' id='word_1_351' title='bbox 2827 1953 2884 2002; x_wconf 70' lang='grc' dir='ltr'>ἐν</span> <span class='ocrx_word' id='word_1_352' title='bbox 2919 1952 3119 2021; x_wconf 78' lang='grc' dir='ltr'>καρδία</span> <span class='ocrx_word' id='word_1_353' title='bbox 3146 1952 3324 2017; x_wconf 82' lang='grc' dir='ltr'>λόγον,</span> <span class='ocrx_word' id='word_1_354' title='bbox 3355 1952 3411 2013; x_wconf 87' lang='grc' dir='ltr'>ὃς</span> <span class='ocrx_word' id='word_1_355' title='bbox 3442 1952 3529 2003; x_wconf 75' lang='grc' dir='ltr'><strong>διὰ</strong></span> <span class='ocrx_word' id='word_1_356' title='bbox 3560 1953 3655 2019; x_wconf 82' lang='grc' dir='ltr'>τῆς</span> <span class='ocrx_word' id='word_1_357' title='bbox 3692 1956 3874 2017; x_wconf 66' lang='grc' dir='ltr'>φωνῆς</span> <span class='ocrx_word' id='word_1_358' title='bbox 3917 1953 4051 2015; x_wconf 77' lang='grc' dir='ltr'><strong>ἔξω·</strong></span> 
     </span>
    </p>
   </div>
   <div class='ocr_carea' id='block_1_49' title="bbox 2482 2041 4055 2111">
    <p class='ocr_par' dir='ltr' id='par_1_49' title="bbox 2482 2041 4055 2111">
     <span class='ocr_line' id='line_1_49' title="bbox 2482 2041 4055 2111; baseline 0.001 -19"><span class='ocrx_word' id='word_1_359' title='bbox 2482 2041 2573 2093; x_wconf 89' lang='grc' dir='ltr'><strong>θεν</strong></span> <span class='ocrx_word' id='word_1_360' title='bbox 2601 2042 2880 2109; x_wconf 66' lang='grc' dir='ltr'>δηλοῦται,</span> <span class='ocrx_word' id='word_1_361' title='bbox 2912 2043 2943 2106; x_wconf 78' lang='grc' dir='ltr'>ἢ</span> <span class='ocrx_word' id='word_1_362' title='bbox 2972 2043 3067 2110; x_wconf 79' lang='grc' dir='ltr'>τὴν</span> <span class='ocrx_word' id='word_1_363' title='bbox 3097 2043 3274 2110; x_wconf 73' lang='grc' dir='ltr'>ψυχὴν</span> <span class='ocrx_word' id='word_1_364' title='bbox 3309 2042 3440 2111; x_wconf 80' lang='grc' dir='ltr'>πρὸς</span> <span class='ocrx_word' id='word_1_365' title='bbox 3474 2043 3533 2093; x_wconf 83' lang='grc' dir='ltr'><strong>τὸ</strong></span> <span class='ocrx_word' id='word_1_366' title='bbox 3567 2042 3745 2110; x_wconf 77' lang='grc' dir='ltr'>σῶμα,</span> <span class='ocrx_word' id='word_1_367' title='bbox 3794 2042 3823 2110; x_wconf 77' lang='grc' dir='ltr'>ἦ</span> <span class='ocrx_word' id='word_1_368' title='bbox 3860 2045 3917 2093; x_wconf 65' lang='grc' dir='ltr'><strong>τὸ</strong></span> <span class='ocrx_word' id='word_1_369' title='bbox 3943 2044 4055 2109; x_wconf 86' lang='grc' dir='ltr'><strong>πῦρ</strong></span> 
     </span>
    </p>
   </div>
   <div class='ocr_carea' id='block_1_50' title="bbox 2480 2120 4055 2203">
    <p class='ocr_par' dir='ltr' id='par_1_50' title="bbox 2480 2120 4055 2203">
     <span class='ocr_line' id='line_1_50' title="bbox 2480 2120 4055 2203; baseline 0.001 -20"><span class='ocrx_word' id='word_1_370' title='bbox 2480 2133 2616 2203; x_wconf 70' lang='grc' dir='ltr'>πρὸς</span> <span class='ocrx_word' id='word_1_371' title='bbox 2655 2134 2746 2185; x_wconf 76' lang='grc' dir='ltr'><strong>τὸν</strong></span> <span class='ocrx_word' id='word_1_372' title='bbox 2802 2134 3023 2201; x_wconf 76' lang='grc' dir='ltr'>σίδηρον</span> <span class='ocrx_word' id='word_1_373' title='bbox 3072 2120 3483 2203; x_wconf 65' lang='grc' dir='ltr'>ἐπι-πυρούμενον</span> <span class='ocrx_word' id='word_1_374' title='bbox 3539 2134 3847 2193; x_wconf 75' lang='grc' dir='ltr'>ὑπἀὐτοῦ,</span> <span class='ocrx_word' id='word_1_375' title='bbox 3902 2135 4055 2186; x_wconf 64' lang='grc' dir='ltr'>οὐδὲν</span> 
     </span>
    </p>
   </div>
   <div class='ocr_carea' id='block_1_51' title="bbox 2480 2222 4057 2292">
    <p class='ocr_par' dir='ltr' id='par_1_51' title="bbox 2480 2222 4057 2292">
     <span class='ocr_line' id='line_1_51' title="bbox 2480 2222 4057 2292; baseline 0.001 -17"><span class='ocrx_word' id='word_1_376' title='bbox 2480 2222 2713 2291; x_wconf 77' lang='grc' dir='ltr'>ἐροῦμεν</span> <span class='ocrx_word' id='word_1_377' title='bbox 2760 2225 2978 2277; x_wconf 80' lang='grc' dir='ltr'>οἰκεῖον.</span> <span class='ocrx_word' id='word_1_378' title='bbox 3019 2223 3201 2275; x_wconf 83' lang='grc' dir='ltr'>Ταῦτα</span> <span class='ocrx_word' id='word_1_379' title='bbox 3242 2226 3350 2292; x_wconf 79' lang='grc' dir='ltr'><strong>γὰρ</strong></span> <span class='ocrx_word' id='word_1_380' title='bbox 3401 2224 3752 2276; x_wconf 87' lang='grc' dir='ltr'>ἀνυπόστατά</span> <span class='ocrx_word' id='word_1_381' title='bbox 3798 2226 3927 2287; x_wconf 84' lang='grc' dir='ltr'>εἰσι,</span> <span class='ocrx_word' id='word_1_382' title='bbox 3962 2227 4057 2277; x_wconf 73' lang='grc' dir='ltr'>καὶ</span> 
     </span>
    </p>
   </div>
   <div class='ocr_carea' id='block_1_52' title="bbox 2483 2312 4055 2383">
    <p class='ocr_par' dir='ltr' id='par_1_52' title="bbox 2483 2312 4055 2383">
     <span class='ocr_line' id='line_1_52' title="bbox 2483 2312 4055 2383; baseline 0.004 -19"><span class='ocrx_word' id='word_1_383' title='bbox 2483 2312 2687 2380; x_wconf 83' lang='grc' dir='ltr'>μᾶλλον</span> <span class='ocrx_word' id='word_1_384' title='bbox 2740 2312 3088 2380; x_wconf 81' lang='grc' dir='ltr'>περιέχονται</span> <span class='ocrx_word' id='word_1_385' title='bbox 3119 2314 3151 2375; x_wconf 68' lang='grc' dir='ltr'><strong>ἢ</strong></span> <span class='ocrx_word' id='word_1_386' title='bbox 3206 2315 3575 2383; x_wconf 85' lang='grc' dir='ltr'>περιέχουσιν.</span> <span class='ocrx_word' id='word_1_387' title='bbox 3613 2317 3673 2368; x_wconf 90' lang='lat'><strong>&#39;0</strong></span> <span class='ocrx_word' id='word_1_388' title='bbox 3697 2317 3753 2369; x_wconf 84' lang='grc' dir='ltr'><strong>δὲ</strong></span> <span class='ocrx_word' id='word_1_389' title='bbox 3794 2319 3914 2379; x_wconf 74' lang='grc' dir='ltr'>Υἱὸς</span> <span class='ocrx_word' id='word_1_390' title='bbox 3959 2320 4055 2370; x_wconf 88' lang='grc' dir='ltr'><strong>τοῦ</strong></span> 
     </span>
    </p>
   </div>
   <div class='ocr_carea' id='block_1_53' title="bbox 2477 2403 4055 2473">
    <p class='ocr_par' dir='ltr' id='par_1_53' title="bbox 2477 2403 4055 2473">
     <span class='ocr_line' id='line_1_53' title="bbox 2477 2403 4055 2473; baseline 0.005 -19"><span class='ocrx_word' id='word_1_391' title='bbox 2477 2403 2614 2455; x_wconf 88' lang='grc' dir='ltr'>Θεοῦ</span> <span class='ocrx_word' id='word_1_392' title='bbox 2642 2406 3003 2467; x_wconf 81' lang='grc' dir='ltr'>ὲνυπόστατός</span> <span class='ocrx_word' id='word_1_393' title='bbox 3032 2408 3145 2458; x_wconf 80' lang='grc' dir='ltr'>ἐστι</span> <span class='ocrx_word' id='word_1_394' title='bbox 3186 2410 3279 2459; x_wconf 79' lang='grc' dir='ltr'><strong>καὶ</strong></span> <span class='ocrx_word' id='word_1_395' title='bbox 3319 2407 3425 2470; x_wconf 75' lang='grc' dir='ltr'>ζῶν</span> <span class='ocrx_word' id='word_1_396' title='bbox 3464 2410 3555 2461; x_wconf 77' lang='grc' dir='ltr'><strong>καὶ</strong></span> <span class='ocrx_word' id='word_1_397' title='bbox 3587 2410 3791 2470; x_wconf 82' lang='grc' dir='ltr'>τέλειος</span> <span class='ocrx_word' id='word_1_398' title='bbox 3813 2426 3828 2439; x_wconf 73' lang='grc' dir='ltr'><strong>ο</strong></span> <span class='ocrx_word' id='word_1_399' title='bbox 3862 2413 3953 2462; x_wconf 78' lang='grc' dir='ltr'>καὶ</span> <span class='ocrx_word' id='word_1_400' title='bbox 3979 2412 4055 2473; x_wconf 85' lang='grc' dir='ltr'><strong>ὡς</strong></span> 
     </span>
    </p>
   </div>
   <div class='ocr_carea' id='block_1_54' title="bbox 2477 2496 4055 2580">
    <p class='ocr_par' dir='ltr' id='par_1_54' title="bbox 2477 2496 4055 2580">
     <span class='ocr_line' id='line_1_54' title="bbox 2477 2496 4055 2580; baseline 0.003 -32"><span class='ocrx_word' id='word_1_401' title='bbox 2477 2496 2807 2580; x_wconf 81' lang='grc' dir='ltr'>τιμιώτερον</span> <span class='ocrx_word' id='word_1_402' title='bbox 2828 2501 2921 2551; x_wconf 79' lang='grc' dir='ltr'><strong>καὶ</strong></span> <span class='ocrx_word' id='word_1_403' title='bbox 2944 2502 3194 2568; x_wconf 85' lang='grc' dir='ltr'>κρεῖττον</span> <span class='ocrx_word' id='word_1_404' title='bbox 3218 2504 3463 2571; x_wconf 83' lang='grc' dir='ltr'>περιέχει</span> <span class='ocrx_word' id='word_1_405' title='bbox 3493 2503 3586 2571; x_wconf 84' lang='grc' dir='ltr'>τὴν</span> <span class='ocrx_word' id='word_1_406' title='bbox 3613 2503 4055 2573; x_wconf 69' lang='grc' dir='ltr'>προσληφθεῖσαν</span> 
     </span>
    </p>
   </div>
   <div class='ocr_carea' id='block_1_55' title="bbox 2478 2589 4055 2665">
    <p class='ocr_par' dir='ltr' id='par_1_55' title="bbox 2478 2589 4055 2665">
     <span class='ocr_line' id='line_1_55' title="bbox 2478 2589 4055 2665; baseline 0.004 -24"><span class='ocrx_word' id='word_1_407' title='bbox 2478 2589 2827 2659; x_wconf 78' lang='grc' dir='ltr'>ἀνθρωπίνην</span> <span class='ocrx_word' id='word_1_408' title='bbox 2856 2591 3040 2659; x_wconf 88' lang='grc' dir='ltr'>φύσιν.</span> <span class='ocrx_word' id='word_1_409' title='bbox 3078 2594 3154 2646; x_wconf 73' lang='grc' dir='ltr'><strong>Οὐ</strong></span> <span class='ocrx_word' id='word_1_410' title='bbox 3190 2596 3297 2662; x_wconf 81' lang='grc' dir='ltr'><strong>μὴν</strong></span> <span class='ocrx_word' id='word_1_411' title='bbox 3323 2594 3432 2647; x_wconf 81' lang='grc' dir='ltr'>οὐδ’</span> <span class='ocrx_word' id='word_1_412' title='bbox 3475 2594 3665 2665; x_wconf 80' lang='grc' dir='ltr'>ὥσπερ</span> <span class='ocrx_word' id='word_1_413' title='bbox 3698 2596 3930 2665; x_wconf 81' lang='grc' dir='ltr'>λέγομεν</span> <span class='ocrx_word' id='word_1_414' title='bbox 3971 2598 4055 2648; x_wconf 83' lang='grc' dir='ltr'>ὅτι</span> 
     </span>
    </p>
   </div>
   <div class='ocr_carea' id='block_1_56' title="bbox 2480 2681 4055 2755">
    <p class='ocr_par' dir='ltr' id='par_1_56' title="bbox 2480 2681 4055 2755">
     <span class='ocr_line' id='line_1_56' title="bbox 2480 2681 4055 2755; baseline 0.004 -23"><span class='ocrx_word' id='word_1_415' title='bbox 2480 2682 2512 2749; x_wconf 80' lang='grc' dir='ltr'>ἠ</span> <span class='ocrx_word' id='word_1_416' title='bbox 2549 2681 2865 2751; x_wconf 76' lang='grc' dir='ltr'>ἀνθρωπίνη</span> <span class='ocrx_word' id='word_1_417' title='bbox 2894 2684 3055 2751; x_wconf 81' lang='grc' dir='ltr'>φύσις</span> <span class='ocrx_word' id='word_1_418' title='bbox 3090 2686 3154 2737; x_wconf 81' lang='grc' dir='ltr'><strong>ὲκ</strong></span> <span class='ocrx_word' id='word_1_419' title='bbox 3177 2685 3272 2737; x_wconf 88' lang='grc' dir='ltr'>δύο</span> <span class='ocrx_word' id='word_1_420' title='bbox 3308 2686 3491 2755; x_wconf 84' lang='grc' dir='ltr'>μερῶν</span> <span class='ocrx_word' id='word_1_421' title='bbox 3528 2685 3833 2751; x_wconf 72' lang='grc' dir='ltr'>σύγκειται,</span> <span class='ocrx_word' id='word_1_422' title='bbox 3862 2689 4055 2754; x_wconf 75' lang='grc' dir='ltr'>σώμα-</span> 
     </span>
    </p>
   </div>
   <div class='ocr_carea' id='block_1_57' title="bbox 2478 2774 4056 2848">
    <p class='ocr_par' dir='ltr' id='par_1_57' title="bbox 2478 2774 4056 2848">
     <span class='ocr_line' id='line_1_57' title="bbox 2478 2774 4056 2848; baseline 0.004 -22"><span class='ocrx_word' id='word_1_423' title='bbox 2478 2790 2566 2834; x_wconf 84' lang='grc' dir='ltr'><strong>τος</strong></span> <span class='ocrx_word' id='word_1_424' title='bbox 2594 2774 2686 2825; x_wconf 65' lang='grc' dir='ltr'>καὶ</span> <span class='ocrx_word' id='word_1_425' title='bbox 2725 2774 2903 2843; x_wconf 76' lang='grc' dir='ltr'>ψυχῆς</span> <span class='ocrx_word' id='word_1_426' title='bbox 2950 2780 3068 2839; x_wconf 78' lang='grc' dir='ltr'><strong>(καὶ</strong></span> <span class='ocrx_word' id='word_1_427' title='bbox 3103 2777 3209 2846; x_wconf 74' lang='grc' dir='ltr'><strong>γὰρ</strong></span> <span class='ocrx_word' id='word_1_428' title='bbox 3246 2779 3279 2845; x_wconf 79' lang='grc' dir='ltr'>ἡ</span> <span class='ocrx_word' id='word_1_429' title='bbox 3322 2779 3488 2847; x_wconf 76' lang='grc' dir='ltr'>ψυχὴ,</span> <span class='ocrx_word' id='word_1_430' title='bbox 3528 2780 3575 2829; x_wconf 87' lang='grc' dir='ltr'>εἰ</span> <span class='ocrx_word' id='word_1_431' title='bbox 3622 2781 3716 2831; x_wconf 81' lang='grc' dir='ltr'>καὶ</span> <span class='ocrx_word' id='word_1_432' title='bbox 3750 2782 4056 2848; x_wconf 85' lang='grc' dir='ltr'>τιμιωτέρα</span> 
     </span>
    </p>
   </div>
   <div class='ocr_carea' id='block_1_58' title="bbox 2482 2857 4056 2941">
    <p class='ocr_par' dir='ltr' id='par_1_58' title="bbox 2482 2857 4056 2941">
     <span class='ocr_line' id='line_1_58' title="bbox 2482 2857 4056 2941; baseline 0.003 -23"><span class='ocrx_word' id='word_1_433' title='bbox 2482 2867 2571 2919; x_wconf 91' lang='grc' dir='ltr'><strong>τοῦ</strong></span> <span class='ocrx_word' id='word_1_434' title='bbox 2599 2857 2856 2935; x_wconf 65' lang='grc' dir='ltr'>σώματος’</span> <span class='ocrx_word' id='word_1_435' title='bbox 2886 2870 3253 2937; x_wconf 73' lang='grc' dir='ltr'><strong>ὁμολογεῖται,</strong></span> <span class='ocrx_word' id='word_1_436' title='bbox 3288 2872 3403 2922; x_wconf 85' lang='grc' dir='ltr'>ἀλλ’</span> <span class='ocrx_word' id='word_1_437' title='bbox 3432 2872 3524 2924; x_wconf 85' lang='grc' dir='ltr'><strong>οὑν</strong></span> <span class='ocrx_word' id='word_1_438' title='bbox 3559 2873 3754 2941; x_wconf 76' lang='grc' dir='ltr'>ἀτελής</span> <span class='ocrx_word' id='word_1_439' title='bbox 3796 2875 3942 2925; x_wconf 82' lang='grc' dir='ltr'>ἐστιν</span> <span class='ocrx_word' id='word_1_440' title='bbox 3974 2876 4056 2935; x_wconf 80' lang='grc' dir='ltr'>εἰς</span> 
     </span>
    </p>
   </div>
   <div class='ocr_carea' id='block_1_59' title="bbox 2480 2960 4056 3030">
    <p class='ocr_par' dir='ltr' id='par_1_59' title="bbox 2480 2960 4056 3030">
     <span class='ocr_line' id='line_1_59' title="bbox 2480 2960 4056 3030; baseline 0.002 -19"><span class='ocrx_word' id='word_1_441' title='bbox 2480 2960 2541 3011; x_wconf 76' lang='grc' dir='ltr'><strong>τὸ</strong></span> <span class='ocrx_word' id='word_1_442' title='bbox 2575 2962 2839 3028; x_wconf 78' lang='grc' dir='ltr'>συστῆσαι</span> <span class='ocrx_word' id='word_1_443' title='bbox 2895 2960 3029 3027; x_wconf 85' lang='grc' dir='ltr'>μόνη</span> <span class='ocrx_word' id='word_1_444' title='bbox 3064 2962 3269 3011; x_wconf 82' lang='grc' dir='ltr'>τέλειον</span> <span class='ocrx_word' id='word_1_445' title='bbox 3312 2961 3624 3030; x_wconf 76' lang='grc' dir='ltr'>ἄνθρωπον)</span> <span class='ocrx_word' id='word_1_446' title='bbox 3650 2979 3662 2992; x_wconf 91' lang='grc'><strong>·</strong></span> <span class='ocrx_word' id='word_1_447' title='bbox 3694 2966 3831 3016; x_wconf 83' lang='grc' dir='ltr'><strong>κατά</strong></span> <span class='ocrx_word' id='word_1_448' title='bbox 3865 2965 4056 3016; x_wconf 84' lang='grc' dir='ltr'>τοῦτον</span> 
     </span>
    </p>
   </div>
   <div class='ocr_carea' id='block_1_60' title="bbox 2482 3051 4057 3122">
    <p class='ocr_par' dir='ltr' id='par_1_60' title="bbox 2482 3051 4057 3122">
     <span class='ocr_line' id='line_1_60' title="bbox 2482 3051 4057 3122; baseline 0.001 -18"><span class='ocrx_word' id='word_1_449' title='bbox 2482 3052 2571 3104; x_wconf 57' lang='grc' dir='ltr'><strong>τὶν</strong></span> <span class='ocrx_word' id='word_1_450' title='bbox 2603 3052 2806 3119; x_wconf 84' lang='grc' dir='ltr'>τρόπον</span> <span class='ocrx_word' id='word_1_451' title='bbox 2862 3051 3096 3118; x_wconf 79' lang='grc' dir='ltr'>λέγομεν</span> <span class='ocrx_word' id='word_1_452' title='bbox 3129 3053 3209 3103; x_wconf 80' lang='grc' dir='ltr'>ὅτι</span> <span class='ocrx_word' id='word_1_453' title='bbox 3257 3053 3288 3121; x_wconf 81' lang='grc' dir='ltr'>ἠ</span> <span class='ocrx_word' id='word_1_454' title='bbox 3338 3053 3431 3104; x_wconf 89' lang='grc' dir='ltr'><strong>τοῦ</strong></span> <span class='ocrx_word' id='word_1_455' title='bbox 3489 3053 3729 3122; x_wconf 83' lang='grc' dir='ltr'>Χριστοῦ</span> <span class='ocrx_word' id='word_1_456' title='bbox 3780 3054 3943 3122; x_wconf 80' lang='grc' dir='ltr'>φύσις</span> <span class='ocrx_word' id='word_1_457' title='bbox 3991 3057 4057 3105; x_wconf 77' lang='grc' dir='ltr'><strong>ὲκ</strong></span> 
     </span>
    </p>
   </div>
   <div class='ocr_carea' id='block_1_61' title="bbox 794 3142 2543 3235">
    <p class='ocr_par' dir='ltr' id='par_1_61' title="bbox 794 3144 2543 3235">
     <span class='ocr_line' id='line_1_61' title="bbox 794 3144 2543 3235; baseline -0.013 -19"><span class='ocrx_word' id='word_1_458' title='bbox 794 3180 924 3235; x_wconf 82' lang='lat' dir='ltr'><strong>pore</strong></span> <span class='ocrx_word' id='word_1_459' title='bbox 981 3161 1214 3215; x_wconf 90' lang='lat' dir='ltr'><strong>nobilior</strong></span> <span class='ocrx_word' id='word_1_460' title='bbox 1256 3165 1358 3219; x_wconf 90' lang='lat' dir='ltr'><strong>est,</strong></span> <span class='ocrx_word' id='word_1_461' title='bbox 1410 3152 1777 3223; x_wconf 81' lang='lat' dir='ltr'><strong>imperfectior</strong></span> <span class='ocrx_word' id='word_1_462' title='bbox 1835 3148 2192 3203; x_wconf 82' lang='lat' dir='ltr'><strong>nihilominus</strong></span> <span class='ocrx_word' id='word_1_463' title='bbox 2244 3158 2369 3209; x_wconf 89' lang='lat' dir='ltr'><strong>est,</strong></span> <span class='ocrx_word' id='word_1_464' title='bbox 2405 3173 2448 3235; x_wconf 80' lang='lat' dir='ltr'><strong><em>C</em></strong></span> <span class='ocrx_word' id='word_1_465' title='bbox 2484 3144 2543 3211; x_wconf 78' lang='grc' dir='ltr'>μέ</span> 
     </span>
    </p>
   </div>
   <div class='ocr_carea' id='block_1_62' title="bbox 2305 3142 4054 3235">
    <p class='ocr_par' dir='ltr' id='par_1_62' title="bbox 2307 3142 4054 3235">
     <span class='ocr_line' id='line_1_62' title="bbox 2307 3142 4054 3235; baseline 0.001 -41"><span class='ocrx_word' id='word_1_466' title='bbox 2307 3158 2323 3199; x_wconf 83' lang='grc' dir='ltr'><strong>ι</strong></span> <span class='ocrx_word' id='word_1_467' title='bbox 2354 3185 2369 3209; x_wconf 83' lang='grc'><em>,</em></span> <span class='ocrx_word' id='word_1_468' title='bbox 2405 3173 2448 3235; x_wconf 81' lang='lat' dir='ltr'><strong><em>C</em></strong></span> <span class='ocrx_word' id='word_1_469' title='bbox 2484 3143 2685 3211; x_wconf 78' lang='grc' dir='ltr'>μέρους</span> <span class='ocrx_word' id='word_1_470' title='bbox 2720 3142 3003 3207; x_wconf 76' lang='grc' dir='ltr'>σύγκειται</span> <span class='ocrx_word' id='word_1_471' title='bbox 3035 3142 3132 3210; x_wconf 83' lang='grc' dir='ltr'><strong>τῆς</strong></span> <span class='ocrx_word' id='word_1_472' title='bbox 3176 3143 3433 3213; x_wconf 81' lang='grc' dir='ltr'>θεότητος</span> <span class='ocrx_word' id='word_1_473' title='bbox 3463 3146 3559 3196; x_wconf 75' lang='grc' dir='ltr'>καὶ</span> <span class='ocrx_word' id='word_1_474' title='bbox 3589 3146 4013 3213; x_wconf 78' lang='grc' dir='ltr'>ἀνθρωπότητος</span> <span class='ocrx_word' id='word_1_475' title='bbox 4039 3160 4054 3176; x_wconf 76' lang='grc' dir='ltr'><strong>ο</strong></span> 
     </span>
    </p>
   </div>
   <div class='ocr_carea' id='block_1_63' title="bbox 793 3238 2367 3324">
    <p class='ocr_par' dir='ltr' id='par_1_63' title="bbox 793 3238 2367 3324">
     <span class='ocr_line' id='line_1_63' title="bbox 793 3238 2367 3324; baseline -0.012 -18"><span class='ocrx_word' id='word_1_476' title='bbox 793 3271 956 3324; x_wconf 72' lang='lat' dir='ltr'><strong>quam</strong></span> <span class='ocrx_word' id='word_1_477' title='bbox 998 3265 1053 3306; x_wconf 92' lang='lat' dir='ltr'><strong>nt</strong></span> <span class='ocrx_word' id='word_1_478' title='bbox 1103 3268 1208 3303; x_wconf 88' lang='lat' dir='ltr'><strong>una</strong></span> <span class='ocrx_word' id='word_1_479' title='bbox 1242 3250 1355 3315; x_wconf 87' lang='lat' dir='ltr'><strong>ipsa</strong></span> <span class='ocrx_word' id='word_1_480' title='bbox 1405 3247 1681 3300; x_wconf 89' lang='lat' dir='ltr'><strong>hominem</strong></span> <span class='ocrx_word' id='word_1_481' title='bbox 1713 3242 2013 3311; x_wconf 73' lang='lat' dir='ltr'><strong>perfectum</strong></span> <span class='ocrx_word' id='word_1_482' title='bbox 2048 3238 2367 3307; x_wconf 78' lang='lat' dir='ltr'><strong>constituat)</strong></span> 
     </span>
    </p>
   </div>
   <div class='ocr_carea' id='block_1_64' title="bbox 794 3330 2370 3411">
    <p class='ocr_par' dir='ltr' id='par_1_64' title="bbox 794 3330 2370 3411">
     <span class='ocr_line' id='line_1_64' title="bbox 794 3330 2370 3411; baseline -0.008 -17"><span class='ocrx_word' id='word_1_483' title='bbox 794 3347 873 3399; x_wconf 77' lang='lat' dir='ltr'><strong>sic</strong></span> <span class='ocrx_word' id='word_1_484' title='bbox 904 3356 1121 3411; x_wconf 72' lang='lat' dir='ltr'><strong>quoque</strong></span> <span class='ocrx_word' id='word_1_485' title='bbox 1148 3340 1450 3405; x_wconf 80' lang='lat' dir='ltr'><strong>eodemque</strong></span> <span class='ocrx_word' id='word_1_486' title='bbox 1480 3336 1643 3388; x_wconf 91' lang='lat' dir='ltr'><strong>modo</strong></span> <span class='ocrx_word' id='word_1_487' title='bbox 1682 3334 1940 3393; x_wconf 77' lang='lat' dir='ltr'><strong>dicimus,</strong></span> <span class='ocrx_word' id='word_1_488' title='bbox 1969 3330 2169 3385; x_wconf 87' lang='lat' dir='ltr'><strong>Christi</strong></span> <span class='ocrx_word' id='word_1_489' title='bbox 2206 3339 2370 3382; x_wconf 84' lang='lat' dir='ltr'><strong>natu-</strong></span> 
     </span>
    </p>
   </div>
   <div class='ocr_carea' id='block_1_65' title="bbox 797 3415 2371 3500">
    <p class='ocr_par' dir='ltr' id='par_1_65' title="bbox 797 3415 2371 3500">
     <span class='ocr_line' id='line_1_65' title="bbox 797 3415 2371 3500; baseline -0.014 -12"><span class='ocrx_word' id='word_1_490' title='bbox 797 3453 911 3489; x_wconf 86' lang='lat' dir='ltr'><strong>ram</strong></span> <span class='ocrx_word' id='word_1_491' title='bbox 943 3450 1005 3486; x_wconf 66' lang='lat' dir='ltr'><strong>ex</strong></span> <span class='ocrx_word' id='word_1_492' title='bbox 1045 3442 1196 3500; x_wconf 88' lang='lat' dir='ltr'><strong>parte</strong></span> <span class='ocrx_word' id='word_1_493' title='bbox 1228 3427 1449 3481; x_wconf 82' lang='lat' dir='ltr'><strong>conﬂari</strong></span> <span class='ocrx_word' id='word_1_494' title='bbox 1482 3426 1680 3477; x_wconf 88' lang='lat' dir='ltr'><strong>deitate</strong></span> <span class='ocrx_word' id='word_1_495' title='bbox 1710 3436 1772 3474; x_wconf 86' lang='lat' dir='ltr'><strong>ac</strong></span> <span class='ocrx_word' id='word_1_496' title='bbox 1821 3418 2162 3473; x_wconf 88' lang='lat' dir='ltr'><strong>humanitate</strong></span> <span class='ocrx_word' id='word_1_497' title='bbox 2191 3432 2208 3480; x_wconf 88' lang='lat'><strong>;</strong></span> <span class='ocrx_word' id='word_1_498' title='bbox 2250 3415 2371 3469; x_wconf 83' lang='lat' dir='ltr'><strong>Dei-</strong></span> 
     </span>
    </p>
   </div>
   <div class='ocr_carea' id='block_1_66' title="bbox 796 3506 2370 3588">
    <p class='ocr_par' dir='ltr' id='par_1_66' title="bbox 796 3506 2370 3588">
     <span class='ocr_line' id='line_1_66' title="bbox 796 3506 2370 3588; baseline -0.014 -8"><span class='ocrx_word' id='word_1_499' title='bbox 796 3539 881 3581; x_wconf 66' lang='lat' dir='ltr'><strong>tus</strong></span> <span class='ocrx_word' id='word_1_500' title='bbox 912 3525 1057 3579; x_wconf 87' lang='lat' dir='ltr'><strong>enim</strong></span> <span class='ocrx_word' id='word_1_501' title='bbox 1094 3535 1359 3588; x_wconf 75' lang='lat' dir='ltr'><strong>nusquam</strong></span> <span class='ocrx_word' id='word_1_502' title='bbox 1395 3533 1519 3587; x_wconf 87' lang='lat' dir='ltr'><strong>pars</strong></span> <span class='ocrx_word' id='word_1_503' title='bbox 1550 3527 1649 3569; x_wconf 85' lang='lat' dir='ltr'><strong>est.</strong></span> <span class='ocrx_word' id='word_1_504' title='bbox 1682 3514 1816 3566; x_wconf 83' lang='lat' dir='ltr'><strong>Nam</strong></span> <span class='ocrx_word' id='word_1_505' title='bbox 1852 3512 2030 3566; x_wconf 91' lang='lat' dir='ltr'><strong>omnis</strong></span> <span class='ocrx_word' id='word_1_506' title='bbox 2058 3524 2204 3578; x_wconf 88' lang='lat' dir='ltr'><strong>pars,</strong></span> <span class='ocrx_word' id='word_1_507' title='bbox 2240 3506 2370 3576; x_wconf 87' lang='lat' dir='ltr'><strong>quid</strong></span> 
     </span>
    </p>
   </div>
   <div class='ocr_carea' id='block_1_67' title="bbox 795 3601 2372 3686">
    <p class='ocr_par' dir='ltr' id='par_1_67' title="bbox 795 3601 2372 3686">
     <span class='ocr_line' id='line_1_67' title="bbox 795 3601 2372 3686; baseline -0.013 -17"><span class='ocrx_word' id='word_1_508' title='bbox 795 3618 1169 3686; x_wconf 79' lang='lat' dir='ltr'><strong>imperfectum</strong></span> <span class='ocrx_word' id='word_1_509' title='bbox 1199 3622 1301 3671; x_wconf 79' lang='lat' dir='ltr'><strong>est.</strong></span> <span class='ocrx_word' id='word_1_510' title='bbox 1333 3626 1432 3663; x_wconf 79' lang='lat' dir='ltr'><strong>nec</strong></span> <span class='ocrx_word' id='word_1_511' title='bbox 1467 3608 1680 3670; x_wconf 87' lang='lat' dir='ltr'><strong>Deitati,</strong></span> <span class='ocrx_word' id='word_1_512' title='bbox 1707 3620 1829 3659; x_wconf 87' lang='lat' dir='ltr'><strong>cum</strong></span> <span class='ocrx_word' id='word_1_513' title='bbox 1862 3601 2253 3671; x_wconf 82' lang='lat' dir='ltr'><strong>perfectissima</strong></span> <span class='ocrx_word' id='word_1_514' title='bbox 2280 3607 2372 3661; x_wconf 70' lang='grc' dir='ltr'>εει,</span> 
     </span>
    </p>
   </div>
   <div class='ocr_carea' id='block_1_68' title="bbox 795 3690 2371 3769">
    <p class='ocr_par' dir='ltr' id='par_1_68' title="bbox 795 3690 2371 3769">
     <span class='ocr_line' id='line_1_68' title="bbox 795 3690 2371 3769; baseline -0.014 -6"><span class='ocrx_word' id='word_1_515' title='bbox 795 3710 903 3763; x_wconf 87' lang='lat' dir='ltr'><strong>ulla</strong></span> <span class='ocrx_word' id='word_1_516' title='bbox 931 3707 1133 3760; x_wconf 86' lang='lat' dir='ltr'><strong>additio</strong></span> <span class='ocrx_word' id='word_1_517' title='bbox 1164 3706 1260 3769; x_wconf 84' lang='lat' dir='ltr'><strong>lit;</strong></span> <span class='ocrx_word' id='word_1_518' title='bbox 1290 3702 1381 3757; x_wconf 85' lang='lat' dir='ltr'><strong>sed</strong></span> <span class='ocrx_word' id='word_1_519' title='bbox 1415 3703 1496 3756; x_wconf 89' lang='lat' dir='ltr'><strong>sic</strong></span> <span class='ocrx_word' id='word_1_520' title='bbox 1524 3699 1781 3761; x_wconf 83' lang='lat' dir='ltr'><strong>dicimus,</strong></span> <span class='ocrx_word' id='word_1_521' title='bbox 1818 3695 2020 3749; x_wconf 77' lang='lat' dir='ltr'><strong>Christi</strong></span> <span class='ocrx_word' id='word_1_522' title='bbox 2052 3690 2371 3761; x_wconf 81' lang='lat' dir='ltr'><strong>bypostasin</strong></span> 
     </span>
    </p>
   </div>
   <div class='ocr_carea' id='block_1_69' title="bbox 793 3787 2371 3869">
    <p class='ocr_par' dir='ltr' id='par_1_69' title="bbox 793 3787 2371 3869">
     <span class='ocr_line' id='line_1_69' title="bbox 793 3787 2371 3869; baseline -0.013 -14"><span class='ocrx_word' id='word_1_523' title='bbox 793 3819 887 3855; x_wconf 81' lang='lat' dir='ltr'><strong>seu</strong></span> <span class='ocrx_word' id='word_1_524' title='bbox 927 3814 1219 3869; x_wconf 81' lang='lat' dir='ltr'><strong>personam</strong></span> <span class='ocrx_word' id='word_1_525' title='bbox 1252 3811 1317 3849; x_wconf 76' lang='lat' dir='ltr'><strong>ex</strong></span> <span class='ocrx_word' id='word_1_526' title='bbox 1355 3794 1563 3848; x_wconf 87' lang='lat' dir='ltr'><strong>Deitate</strong></span> <span class='ocrx_word' id='word_1_527' title='bbox 1596 3806 1716 3845; x_wconf 89' lang='lat' dir='ltr'><strong>esse</strong></span> <span class='ocrx_word' id='word_1_528' title='bbox 1744 3799 1809 3851; x_wconf 68' lang='grc' dir='ltr'>,οι</span> <span class='ocrx_word' id='word_1_529' title='bbox 1839 3787 2179 3846; x_wconf 83' lang='lat' dir='ltr'><strong>humanitate</strong></span> <span class='ocrx_word' id='word_1_530' title='bbox 2206 3798 2220 3847; x_wconf 90' lang='lat'><strong>;</strong></span> <span class='ocrx_word' id='word_1_531' title='bbox 2260 3799 2371 3836; x_wconf 90' lang='lat' dir='ltr'><strong>non</strong></span> 
     </span>
    </p>
   </div>
   <div class='ocr_carea' id='block_1_70' title="bbox 792 3873 2375 3950">
    <p class='ocr_par' dir='ltr' id='par_1_70' title="bbox 792 3873 2375 3950">
     <span class='ocr_line' id='line_1_70' title="bbox 792 3873 2375 3950; baseline -0.009 -11"><span class='ocrx_word' id='word_1_532' title='bbox 792 3892 939 3942; x_wconf 81' lang='lat' dir='ltr'><strong>velut</strong></span> <span class='ocrx_word' id='word_1_533' title='bbox 970 3888 1128 3939; x_wconf 87' lang='lat' dir='ltr'><strong>ambo</strong></span> <span class='ocrx_word' id='word_1_534' title='bbox 1173 3887 1283 3937; x_wconf 73' lang='lat' dir='ltr'><strong>luce</strong></span> <span class='ocrx_word' id='word_1_535' title='bbox 1314 3884 1433 3950; x_wconf 83' lang='lat' dir='ltr'><strong>ejus</strong></span> <span class='ocrx_word' id='word_1_536' title='bbox 1466 3890 1650 3950; x_wconf 86' lang='lat' dir='ltr'><strong>partes</strong></span> <span class='ocrx_word' id='word_1_537' title='bbox 1678 3880 1826 3943; x_wconf 86' lang='lat' dir='ltr'><strong>sint,</strong></span> <span class='ocrx_word' id='word_1_538' title='bbox 1872 3876 1966 3931; x_wconf 88' lang='lat' dir='ltr'><strong>sed</strong></span> <span class='ocrx_word' id='word_1_539' title='bbox 2015 3876 2161 3943; x_wconf 81' lang='lat' dir='ltr'><strong>quod</strong></span> <span class='ocrx_word' id='word_1_540' title='bbox 2200 3873 2375 3927; x_wconf 67' lang='lat' dir='ltr'><strong>ambae</strong></span> 
     </span>
    </p>
   </div>
   <div class='ocr_carea' id='block_1_71' title="bbox 793 3965 2374 4034">
    <p class='ocr_par' dir='ltr' id='par_1_71' title="bbox 793 3965 2374 4034">
     <span class='ocr_line' id='line_1_71' title="bbox 793 3965 2374 4034; baseline -0.009 -1"><span class='ocrx_word' id='word_1_541' title='bbox 793 3989 1001 4033; x_wconf 78' lang='lat' dir='ltr'><strong>natura:</strong></span> <span class='ocrx_word' id='word_1_542' title='bbox 1053 3973 1378 4028; x_wconf 87' lang='lat' dir='ltr'><strong>immutabili</strong></span> <span class='ocrx_word' id='word_1_543' title='bbox 1422 3988 1560 4024; x_wconf 82' lang='lat' dir='ltr'><strong>nexu</strong></span> <span class='ocrx_word' id='word_1_544' title='bbox 1614 3974 1668 4022; x_wconf 86' lang='lat' dir='ltr'><strong>in</strong></span> <span class='ocrx_word' id='word_1_545' title='bbox 1717 3983 1885 4022; x_wconf 89' lang='lat' dir='ltr'><strong>unum</strong></span> <span class='ocrx_word' id='word_1_546' title='bbox 1923 3966 2267 4034; x_wconf 86' lang='lat' dir='ltr'><strong>copulentur.</strong></span> <span class='ocrx_word' id='word_1_547' title='bbox 2304 3965 2374 4018; x_wconf 81' lang='lat' dir='ltr'><strong>At</strong></span> 
     </span>
    </p>
   </div>
   <div class='ocr_carea' id='block_1_72' title="bbox 792 4058 2371 4138">
    <p class='ocr_par' dir='ltr' id='par_1_72' title="bbox 792 4058 2371 4138">
     <span class='ocr_line' id='line_1_72' title="bbox 792 4058 2371 4138; baseline -0.01 -14"><span class='ocrx_word' id='word_1_548' title='bbox 792 4087 969 4138; x_wconf 77' lang='lat' dir='ltr'><strong>neque</strong></span> <span class='ocrx_word' id='word_1_549' title='bbox 1000 4066 1238 4120; x_wconf 88' lang='lat' dir='ltr'><strong>dicimus</strong></span> <span class='ocrx_word' id='word_1_550' title='bbox 1280 4080 1345 4116; x_wconf 78' lang='lat' dir='ltr'><strong>cx</strong></span> <span class='ocrx_word' id='word_1_551' title='bbox 1385 4063 1597 4117; x_wconf 88' lang='lat' dir='ltr'><strong>duabus</strong></span> <span class='ocrx_word' id='word_1_552' title='bbox 1625 4058 1948 4114; x_wconf 80' lang='lat' dir='ltr'><strong>substantiis</strong></span> <span class='ocrx_word' id='word_1_553' title='bbox 1984 4073 2146 4112; x_wconf 83' lang='lat' dir='ltr'><strong>unam</strong></span> <span class='ocrx_word' id='word_1_554' title='bbox 2178 4072 2371 4126; x_wconf 83' lang='lat' dir='ltr'><strong>quam-</strong></span> 
     </span>
    </p>
   </div>
   <div class='ocr_carea' id='block_1_73' title="bbox 791 4149 2374 4233">
    <p class='ocr_par' dir='ltr' id='par_1_73' title="bbox 791 4149 2374 4233">
     <span class='ocr_line' id='line_1_73' title="bbox 791 4149 2374 4233; baseline -0.009 -18"><span class='ocrx_word' id='word_1_555' title='bbox 791 4178 955 4233; x_wconf 69' lang='lat' dir='ltr'><strong>quam</strong></span> <span class='ocrx_word' id='word_1_556' title='bbox 994 4159 1208 4213; x_wconf 82' lang='lat' dir='ltr'><strong>tertiam</strong></span> <span class='ocrx_word' id='word_1_557' title='bbox 1250 4168 1503 4209; x_wconf 85' lang='lat' dir='ltr'><strong>naturain</strong></span> <span class='ocrx_word' id='word_1_558' title='bbox 1540 4160 2001 4219; x_wconf 87' lang='lat' dir='ltr'><strong>eonteinperatam</strong></span> <span class='ocrx_word' id='word_1_559' title='bbox 2042 4164 2185 4211; x_wconf 81' lang='lat' dir='ltr'><strong>esse;</strong></span> <span class='ocrx_word' id='word_1_560' title='bbox 2231 4149 2374 4202; x_wconf 73' lang='lat' dir='ltr'><strong>sicut</strong></span> 
     </span>
    </p>
   </div>
   <div class='ocr_carea' id='block_1_74' title="bbox 792 4241 2379 4319">
    <p class='ocr_par' dir='ltr' id='par_1_74' title="bbox 792 4241 2379 4319">
     <span class='ocr_line' id='line_1_74' title="bbox 792 4241 2379 4319; baseline -0.008 -15"><span class='ocrx_word' id='word_1_561' title='bbox 792 4258 975 4308; x_wconf 64' lang='lat' dir='ltr'><strong>vinum</strong></span> <span class='ocrx_word' id='word_1_562' title='bbox 1028 4261 1080 4306; x_wconf 88' lang='lat' dir='ltr'><strong>et</strong></span> <span class='ocrx_word' id='word_1_563' title='bbox 1124 4264 1263 4319; x_wconf 70' lang='lat' dir='ltr'><strong>aqua</strong></span> <span class='ocrx_word' id='word_1_564' title='bbox 1318 4250 1370 4299; x_wconf 93' lang='lat' dir='ltr'><strong>in</strong></span> <span class='ocrx_word' id='word_1_565' title='bbox 1422 4262 1588 4298; x_wconf 91' lang='lat' dir='ltr'><strong>unum</strong></span> <span class='ocrx_word' id='word_1_566' title='bbox 1636 4251 2026 4311; x_wconf 84' lang='lat' dir='ltr'><strong>temperantur,</strong></span> <span class='ocrx_word' id='word_1_567' title='bbox 2062 4241 2205 4309; x_wconf 86' lang='lat' dir='ltr'><strong>quod</strong></span> <span class='ocrx_word' id='word_1_568' title='bbox 2245 4256 2379 4293; x_wconf 84' lang='lat' dir='ltr'><strong>neu-</strong></span> 
     </span>
    </p>
   </div>
   <div class='ocr_carea' id='block_1_75' title="bbox 2479 3232 4058 3304">
    <p class='ocr_par' dir='ltr' id='par_1_75' title="bbox 2479 3232 4058 3304">
     <span class='ocr_line' id='line_1_75' title="bbox 2479 3232 4058 3304; baseline 0.003 -20"><span class='ocrx_word' id='word_1_569' title='bbox 2479 3235 2511 3301; x_wconf 79' lang='grc' dir='ltr'><strong>ἡ</strong></span> <span class='ocrx_word' id='word_1_570' title='bbox 2546 3234 2652 3301; x_wconf 79' lang='grc' dir='ltr'>γὰρ</span> <span class='ocrx_word' id='word_1_571' title='bbox 2703 3232 2894 3303; x_wconf 88' lang='grc' dir='ltr'>θεότης</span> <span class='ocrx_word' id='word_1_572' title='bbox 2953 3238 3119 3303; x_wconf 85' lang='grc' dir='ltr'>μέρος</span> <span class='ocrx_word' id='word_1_573' title='bbox 3158 3234 3258 3286; x_wconf 88' lang='grc' dir='ltr'><strong>οὑκ</strong></span> <span class='ocrx_word' id='word_1_574' title='bbox 3311 3234 3480 3289; x_wconf 77' lang='grc' dir='ltr'>ἔστιν.</span> <span class='ocrx_word' id='word_1_575' title='bbox 3526 3237 3739 3298; x_wconf 77' lang='grc' dir='ltr'>Ἀτελὲς</span> <span class='ocrx_word' id='word_1_576' title='bbox 3793 3237 3899 3304; x_wconf 84' lang='grc' dir='ltr'>γάρ</span> <span class='ocrx_word' id='word_1_577' title='bbox 3936 3238 4058 3289; x_wconf 74' lang='grc' dir='ltr'>ἔστι</span> 
     </span>
    </p>
   </div>
   <div class='ocr_carea' id='block_1_76' title="bbox 2482 3322 4057 3396">
    <p class='ocr_par' dir='ltr' id='par_1_76' title="bbox 2482 3322 4057 3396">
     <span class='ocr_line' id='line_1_76' title="bbox 2482 3322 4057 3396; baseline 0.002 -21"><span class='ocrx_word' id='word_1_578' title='bbox 2482 3325 2590 3375; x_wconf 80' lang='grc' dir='ltr'>πᾶν</span> <span class='ocrx_word' id='word_1_579' title='bbox 2624 3322 2823 3391; x_wconf 79' lang='grc' dir='ltr'><strong>μέρος⁸</strong></span> <span class='ocrx_word' id='word_1_580' title='bbox 2870 3324 2961 3376; x_wconf 75' lang='grc' dir='ltr'><strong>καὶ</strong></span> <span class='ocrx_word' id='word_1_581' title='bbox 2993 3326 3059 3393; x_wconf 84' lang='grc' dir='ltr'>τῇ</span> <span class='ocrx_word' id='word_1_582' title='bbox 3099 3323 3317 3393; x_wconf 84' lang='grc' dir='ltr'>θεότητι</span> <span class='ocrx_word' id='word_1_583' title='bbox 3369 3326 3684 3395; x_wconf 85' lang='grc' dir='ltr'>τελειοτάτῃ</span> <span class='ocrx_word' id='word_1_584' title='bbox 3734 3325 3871 3396; x_wconf 80' lang='grc' dir='ltr'>οὔσῃ</span> <span class='ocrx_word' id='word_1_585' title='bbox 3903 3326 4057 3378; x_wconf 79' lang='grc' dir='ltr'>οὐδὲν</span> 
     </span>
    </p>
   </div>
   <div class='ocr_carea' id='block_1_77' title="bbox 2432 3414 4059 3487">
    <p class='ocr_par' dir='ltr' id='par_1_77' title="bbox 2432 3414 4059 3487">
     <span class='ocr_line' id='line_1_77' title="bbox 2432 3414 4059 3487; baseline 0.002 -22"><span class='ocrx_word' id='word_1_586' title='bbox 2432 3444 2435 3447; x_wconf 97' lang='grc'><strong><em>-</em></strong></span> <span class='ocrx_word' id='word_1_587' title='bbox 2482 3414 2851 3482; x_wconf 74' lang='grc' dir='ltr'>προστίθεται·</span> <span class='ocrx_word' id='word_1_588' title='bbox 2890 3414 3002 3466; x_wconf 85' lang='grc' dir='ltr'><strong>ἀλλ’</strong></span> <span class='ocrx_word' id='word_1_589' title='bbox 3042 3414 3183 3468; x_wconf 79' lang='grc' dir='ltr'>οὑτω</span> <span class='ocrx_word' id='word_1_590' title='bbox 3238 3416 3489 3483; x_wconf 81' lang='grc' dir='ltr'>λέγομεν,</span> <span class='ocrx_word' id='word_1_591' title='bbox 3523 3418 3604 3468; x_wconf 87' lang='grc' dir='ltr'>ὃτι</span> <span class='ocrx_word' id='word_1_592' title='bbox 3665 3420 3697 3487; x_wconf 87' lang='grc' dir='ltr'><strong>ἡ</strong></span> <span class='ocrx_word' id='word_1_593' title='bbox 3752 3417 4059 3479; x_wconf 77' lang='grc' dir='ltr'>ὑπόστασις</span> 
     </span>
    </p>
   </div>
   <div class='ocr_carea' id='block_1_78' title="bbox 2482 3505 4051 3579">
    <p class='ocr_par' dir='ltr' id='par_1_78' title="bbox 2482 3505 4051 3579">
     <span class='ocr_line' id='line_1_78' title="bbox 2482 3505 4051 3579; baseline 0 -20"><span class='ocrx_word' id='word_1_594' title='bbox 2482 3506 2575 3559; x_wconf 88' lang='grc' dir='ltr'><strong>τοῦ</strong></span> <span class='ocrx_word' id='word_1_595' title='bbox 2603 3505 2838 3573; x_wconf 85' lang='grc' dir='ltr'>Χριστοῦ</span> <span class='ocrx_word' id='word_1_596' title='bbox 2890 3508 3035 3560; x_wconf 77' lang='grc' dir='ltr'>ἐστιν</span> <span class='ocrx_word' id='word_1_597' title='bbox 3066 3508 3130 3559; x_wconf 78' lang='grc' dir='ltr'><strong>ἐκ</strong></span> <span class='ocrx_word' id='word_1_598' title='bbox 3159 3506 3412 3576; x_wconf 78' lang='grc' dir='ltr'>θεότητος</span> <span class='ocrx_word' id='word_1_599' title='bbox 3461 3510 3555 3561; x_wconf 79' lang='grc' dir='ltr'><strong>καὶ</strong></span> <span class='ocrx_word' id='word_1_600' title='bbox 3588 3510 4011 3579; x_wconf 80' lang='grc' dir='ltr'>ἀνθρωπότητος</span> <span class='ocrx_word' id='word_1_601' title='bbox 4035 3528 4051 3541; x_wconf 88' lang='grc'><strong>·</strong></span> 
     </span>
    </p>
   </div>
   <div class='ocr_carea' id='block_1_79' title="bbox 2483 3597 4058 3670">
    <p class='ocr_par' dir='ltr' id='par_1_79' title="bbox 2483 3597 4058 3670">
     <span class='ocr_line' id='line_1_79' title="bbox 2483 3597 4058 3670; baseline 0.004 -23"><span class='ocrx_word' id='word_1_602' title='bbox 2483 3598 2580 3665; x_wconf 86' lang='grc' dir='ltr'>οὑχ</span> <span class='ocrx_word' id='word_1_603' title='bbox 2618 3597 2692 3657; x_wconf 83' lang='grc' dir='ltr'>ὼς</span> <span class='ocrx_word' id='word_1_604' title='bbox 2724 3597 2985 3664; x_wconf 80' lang='grc' dir='ltr'>ἐκατέρου</span> <span class='ocrx_word' id='word_1_605' title='bbox 3016 3598 3219 3649; x_wconf 86' lang='grc' dir='ltr'>τούτων</span> <span class='ocrx_word' id='word_1_606' title='bbox 3249 3600 3453 3666; x_wconf 81' lang='grc' dir='ltr'>μέρους</span> <span class='ocrx_word' id='word_1_607' title='bbox 3478 3598 3650 3663; x_wconf 71' lang='grc' dir='ltr'>ὄντος,</span> <span class='ocrx_word' id='word_1_608' title='bbox 3679 3600 3813 3652; x_wconf 71' lang='grc' dir='ltr'><strong>ἀλλὰ</strong></span> <span class='ocrx_word' id='word_1_609' title='bbox 3842 3602 3931 3653; x_wconf 77' lang='grc' dir='ltr'><strong>διὰ</strong></span> <span class='ocrx_word' id='word_1_610' title='bbox 3955 3602 4058 3670; x_wconf 79' lang='grc' dir='ltr'><strong>τὴν</strong></span> 
     </span>
    </p>
   </div>
   <div class='ocr_carea' id='block_1_80' title="bbox 2479 3686 4060 3759">
    <p class='ocr_par' dir='ltr' id='par_1_80' title="bbox 2479 3686 4060 3759">
     <span class='ocr_line' id='line_1_80' title="bbox 2479 3686 4060 3759; baseline 0.002 -18"><span class='ocrx_word' id='word_1_611' title='bbox 2479 3686 2857 3757; x_wconf 74' lang='grc' dir='ltr'>ἀμετάϐλητον</span> <span class='ocrx_word' id='word_1_612' title='bbox 2909 3689 3102 3741; x_wconf 74' lang='grc' dir='ltr'>ἕνωσιν</span> <span class='ocrx_word' id='word_1_613' title='bbox 3149 3690 3228 3751; x_wconf 87' lang='grc' dir='ltr'><strong>είς</strong></span> <span class='ocrx_word' id='word_1_614' title='bbox 3261 3689 3453 3741; x_wconf 75' lang='grc' dir='ltr'>ἐντῶν</span> <span class='ocrx_word' id='word_1_615' title='bbox 3502 3690 3596 3742; x_wconf 86' lang='grc' dir='ltr'>δύο</span> <span class='ocrx_word' id='word_1_616' title='bbox 3628 3692 3868 3759; x_wconf 84' lang='grc' dir='ltr'>φύσεων.</span> <span class='ocrx_word' id='word_1_617' title='bbox 3915 3692 4060 3745; x_wconf 81' lang='grc' dir='ltr'><strong>Ἀλλ’</strong></span> 
     </span>
    </p>
   </div>
   <div class='ocr_carea' id='block_1_81' title="bbox 2478 3779 4061 3852">
    <p class='ocr_par' dir='ltr' id='par_1_81' title="bbox 2478 3779 4061 3852">
     <span class='ocr_line' id='line_1_81' title="bbox 2478 3779 4061 3852; baseline 0.002 -20"><span class='ocrx_word' id='word_1_618' title='bbox 2478 3780 2600 3832; x_wconf 66' lang='grc' dir='ltr'>οὐδὲ</span> <span class='ocrx_word' id='word_1_619' title='bbox 2628 3780 2863 3849; x_wconf 72' lang='grc' dir='ltr'>λέγομεν</span> <span class='ocrx_word' id='word_1_620' title='bbox 2891 3779 2973 3832; x_wconf 83' lang='grc' dir='ltr'>ὅτι</span> <span class='ocrx_word' id='word_1_621' title='bbox 3016 3780 3079 3831; x_wconf 83' lang='grc' dir='ltr'><strong>ὲκ</strong></span> <span class='ocrx_word' id='word_1_622' title='bbox 3126 3779 3219 3833; x_wconf 84' lang='grc' dir='ltr'>δύο</span> <span class='ocrx_word' id='word_1_623' title='bbox 3267 3781 3466 3833; x_wconf 80' lang='grc' dir='ltr'>οὐσιῶν</span> <span class='ocrx_word' id='word_1_624' title='bbox 3499 3783 3601 3850; x_wconf 87' lang='grc' dir='ltr'><strong>μία</strong></span> <span class='ocrx_word' id='word_1_625' title='bbox 3632 3800 3714 3844; x_wconf 83' lang='grc' dir='ltr'><strong>τις</strong></span> <span class='ocrx_word' id='word_1_626' title='bbox 3746 3784 3903 3852; x_wconf 82' lang='grc' dir='ltr'>τρίτη</span> <span class='ocrx_word' id='word_1_627' title='bbox 3936 3786 4061 3835; x_wconf 73' lang='grc' dir='ltr'>ἀνεο</span> 
     </span>
    </p>
   </div>
   <div class='ocr_carea' id='block_1_82' title="bbox 2482 3869 4061 3943">
    <p class='ocr_par' dir='ltr' id='par_1_82' title="bbox 2482 3869 4061 3943">
     <span class='ocr_line' id='line_1_82' title="bbox 2482 3869 4061 3943; baseline 0.003 -19"><span class='ocrx_word' id='word_1_628' title='bbox 2482 3872 2659 3940; x_wconf 76' lang='grc' dir='ltr'>κράθη</span> <span class='ocrx_word' id='word_1_629' title='bbox 2692 3872 2882 3939; x_wconf 80' lang='grc' dir='ltr'>φύσις,</span> <span class='ocrx_word' id='word_1_630' title='bbox 2920 3870 3110 3940; x_wconf 80' lang='grc' dir='ltr'>ὥσπερ</span> <span class='ocrx_word' id='word_1_631' title='bbox 3137 3869 3276 3933; x_wconf 75' lang='grc' dir='ltr'>οἶνος</span> <span class='ocrx_word' id='word_1_632' title='bbox 3308 3873 3401 3925; x_wconf 77' lang='grc' dir='ltr'>καὶ</span> <span class='ocrx_word' id='word_1_633' title='bbox 3431 3872 3575 3941; x_wconf 80' lang='grc' dir='ltr'>ὕδωρ</span> <span class='ocrx_word' id='word_1_634' title='bbox 3603 3876 3683 3935; x_wconf 86' lang='grc' dir='ltr'><strong>είς</strong></span> <span class='ocrx_word' id='word_1_635' title='bbox 3721 3873 3779 3924; x_wconf 85' lang='grc' dir='ltr'>ἓν</span> <span class='ocrx_word' id='word_1_636' title='bbox 3813 3874 4061 3943; x_wconf 77' lang='grc' dir='ltr'>ἀνακρα-</span> 
     </span>
    </p>
   </div>
   <div class='ocr_carea' id='block_1_83' title="bbox 2481 3962 4059 4033">
    <p class='ocr_par' dir='ltr' id='par_1_83' title="bbox 2481 3962 4059 4033">
     <span class='ocr_line' id='line_1_83' title="bbox 2481 3962 4059 4033; baseline 0.001 -19"><span class='ocrx_word' id='word_1_637' title='bbox 2481 3962 2639 4015; x_wconf 86' lang='grc' dir='ltr'>θέντα</span> <span class='ocrx_word' id='word_1_638' title='bbox 2677 3964 2772 4016; x_wconf 76' lang='grc' dir='ltr'><strong>καὶ</strong></span> <span class='ocrx_word' id='word_1_639' title='bbox 2804 3963 3106 4033; x_wconf 83' lang='grc' dir='ltr'>μηδέτερον</span> <span class='ocrx_word' id='word_1_640' title='bbox 3136 3963 3216 4013; x_wconf 78' lang='grc' dir='ltr'><strong>ὃν·</strong></span> <span class='ocrx_word' id='word_1_641' title='bbox 3248 3962 3364 4015; x_wconf 79' lang='grc' dir='ltr'>ἀλλ’</span> <span class='ocrx_word' id='word_1_642' title='bbox 3385 3963 3466 4015; x_wconf 86' lang='grc' dir='ltr'>ὃτι</span> <span class='ocrx_word' id='word_1_643' title='bbox 3498 3965 3593 4014; x_wconf 78' lang='grc' dir='ltr'><strong>καὶ</strong></span> <span class='ocrx_word' id='word_1_644' title='bbox 3620 3964 3763 4033; x_wconf 85' lang='grc' dir='ltr'>μετὰ</span> <span class='ocrx_word' id='word_1_645' title='bbox 3791 3965 3889 4033; x_wconf 81' lang='grc' dir='ltr'><strong>τὴν</strong></span> <span class='ocrx_word' id='word_1_646' title='bbox 3918 3965 4059 4018; x_wconf 75' lang='grc' dir='ltr'>ῑνω-</span> 
     </span>
    </p>
   </div>
   <div class='ocr_carea' id='block_1_84' title="bbox 2481 4055 4057 4126">
    <p class='ocr_par' dir='ltr' id='par_1_84' title="bbox 2481 4055 4057 4126">
     <span class='ocr_line' id='line_1_84' title="bbox 2481 4055 4057 4126; baseline 0.002 -19"><span class='ocrx_word' id='word_1_647' title='bbox 2481 4073 2568 4109; x_wconf 84' lang='grc' dir='ltr'><strong>σιν</strong></span> <span class='ocrx_word' id='word_1_648' title='bbox 2600 4056 2920 4123; x_wconf 83' lang='grc' dir='ltr'>διαμένουσι</span> <span class='ocrx_word' id='word_1_649' title='bbox 2965 4057 3058 4108; x_wconf 89' lang='grc' dir='ltr'><strong>δύο</strong></span> <span class='ocrx_word' id='word_1_650' title='bbox 3090 4055 3279 4124; x_wconf 79' lang='grc' dir='ltr'>φύσεις</span> <span class='ocrx_word' id='word_1_651' title='bbox 3310 4055 3727 4125; x_wconf 83' lang='grc' dir='ltr'>διακεκριμέναι</span> <span class='ocrx_word' id='word_1_652' title='bbox 3767 4057 4015 4126; x_wconf 81' lang='grc' dir='ltr'>ἀλλήλων</span> <span class='ocrx_word' id='word_1_653' title='bbox 4039 4076 4057 4091; x_wconf 77' lang='grc' dir='ltr'><strong><em>ο</em></strong></span> 
     </span>
    </p>
   </div>
   <div class='ocr_carea' id='block_1_85' title="bbox 2480 4148 4062 4217">
    <p class='ocr_par' dir='ltr' id='par_1_85' title="bbox 2480 4148 4062 4217">
     <span class='ocr_line' id='line_1_85' title="bbox 2480 4148 4062 4217; baseline 0.001 -18"><span class='ocrx_word' id='word_1_654' title='bbox 2480 4150 2541 4199; x_wconf 70' lang='grc' dir='ltr'>οὗ</span> <span class='ocrx_word' id='word_1_655' title='bbox 2598 4149 2717 4201; x_wconf 77' lang='grc' dir='ltr'>καθ’</span> <span class='ocrx_word' id='word_1_656' title='bbox 2757 4150 3056 4202; x_wconf 74' lang='grc' dir='ltr'>ὑπόστασιν</span> <span class='ocrx_word' id='word_1_657' title='bbox 3094 4148 3247 4217; x_wconf 90' lang='grc' dir='ltr'>(μίαν</span> <span class='ocrx_word' id='word_1_658' title='bbox 3282 4148 3385 4215; x_wconf 76' lang='grc' dir='ltr'><strong>γὰρ</strong></span> <span class='ocrx_word' id='word_1_659' title='bbox 3420 4149 3715 4202; x_wconf 85' lang='grc' dir='ltr'>ὑπόστασιν</span> <span class='ocrx_word' id='word_1_660' title='bbox 3768 4149 4062 4217; x_wconf 81' lang='grc' dir='ltr'>ὁμολογοῦ-</span> 
     </span>
    </p>
   </div>
   <div class='ocr_carea' id='block_1_86' title="bbox 2487 4240 3945 4312">
    <p class='ocr_par' dir='ltr' id='par_1_86' title="bbox 2487 4240 3945 4312">
     <span class='ocr_line' id='line_1_86' title="bbox 2487 4240 3945 4312; baseline 0.004 -20"><span class='ocrx_word' id='word_1_661' title='bbox 2487 4244 2632 4310; x_wconf 86' lang='grc' dir='ltr'>μεν),</span> <span class='ocrx_word' id='word_1_662' title='bbox 2670 4242 2787 4295; x_wconf 83' lang='grc' dir='ltr'><strong>ἀλλ’</strong></span> <span class='ocrx_word' id='word_1_663' title='bbox 2818 4244 2943 4295; x_wconf 83' lang='grc' dir='ltr'>ὅσον</span> <span class='ocrx_word' id='word_1_664' title='bbox 2978 4242 3120 4294; x_wconf 76' lang='grc' dir='ltr'>κατὰ</span> <span class='ocrx_word' id='word_1_665' title='bbox 3154 4242 3252 4311; x_wconf 83' lang='grc' dir='ltr'>τὴν</span> <span class='ocrx_word' id='word_1_666' title='bbox 3283 4242 3392 4293; x_wconf 83' lang='grc' dir='ltr'><strong>τῶν</strong></span> <span class='ocrx_word' id='word_1_667' title='bbox 3428 4240 3645 4309; x_wconf 82' lang='grc' dir='ltr'>φύσεων</span> <span class='ocrx_word' id='word_1_668' title='bbox 3686 4242 3945 4312; x_wconf 80' lang='grc' dir='ltr'>ἰδιότητα.</span> 
     </span>
    </p>
   </div>
   <div class='ocr_carea' id='block_1_87' title="bbox 792 4336 4058 4415">
    <p class='ocr_par' dir='ltr' id='par_1_87' title="bbox 792 4336 4058 4415">
     <span class='ocr_line' id='line_1_87' title="bbox 792 4336 4058 4415; baseline -0.004 -10"><span class='ocrx_word' id='word_1_669' title='bbox 792 4364 933 4405; x_wconf 87' lang='lat' dir='ltr'><strong>trum</strong></span> <span class='ocrx_word' id='word_1_670' title='bbox 964 4363 1151 4403; x_wconf 79' lang='lat' dir='ltr'><strong>eorum</strong></span> <span class='ocrx_word' id='word_1_671' title='bbox 1203 4355 1321 4407; x_wconf 77' lang='lat' dir='ltr'><strong>est;</strong></span> <span class='ocrx_word' id='word_1_672' title='bbox 1372 4342 1466 4396; x_wconf 86' lang='lat' dir='ltr'><strong>sed</strong></span> <span class='ocrx_word' id='word_1_673' title='bbox 1505 4340 1645 4408; x_wconf 82' lang='lat' dir='ltr'><strong>quod</strong></span> <span class='ocrx_word' id='word_1_674' title='bbox 1709 4338 1871 4393; x_wconf 88' lang='lat' dir='ltr'><strong>etiam</strong></span> <span class='ocrx_word' id='word_1_675' title='bbox 1934 4346 2056 4404; x_wconf 88' lang='lat' dir='ltr'><strong>post</strong></span> <span class='ocrx_word' id='word_1_676' title='bbox 2111 4337 2368 4390; x_wconf 86' lang='lat' dir='ltr'><strong>unionem</strong></span> <span class='ocrx_word' id='word_1_677' title='bbox 2410 4350 2629 4393; x_wconf 88' lang='lat' dir='ltr'><strong>maneat</strong></span> <span class='ocrx_word' id='word_1_678' title='bbox 2664 4339 2859 4405; x_wconf 78' lang='lat' dir='ltr'><strong>duplex</strong></span> <span class='ocrx_word' id='word_1_679' title='bbox 2911 4349 3131 4404; x_wconf 87' lang='lat' dir='ltr'><strong>natura,</strong></span> <span class='ocrx_word' id='word_1_680' title='bbox 3173 4339 3393 4406; x_wconf 85' lang='lat' dir='ltr'><strong>aliaque</strong></span> <span class='ocrx_word' id='word_1_681' title='bbox 3457 4339 3525 4391; x_wconf 89' lang='lat' dir='ltr'><strong>ab</strong></span> <span class='ocrx_word' id='word_1_682' title='bbox 3572 4336 3674 4390; x_wconf 89' lang='lat' dir='ltr'><strong>alia</strong></span> <span class='ocrx_word' id='word_1_683' title='bbox 3759 4338 4058 4415; x_wconf 79' lang='lat' dir='ltr'><strong>distincta;</strong></span> 
     </span>
    </p>
   </div>
   <div class='ocr_carea' id='block_1_88' title="bbox 791 4431 4061 4512">
    <p class='ocr_par' dir='ltr' id='par_1_88' title="bbox 791 4431 4061 4512">
     <span class='ocr_line' id='line_1_88' title="bbox 791 4431 4061 4512; baseline -0.004 -14"><span class='ocrx_word' id='word_1_684' title='bbox 791 4463 894 4498; x_wconf 90' lang='lat' dir='ltr'><strong>non</strong></span> <span class='ocrx_word' id='word_1_685' title='bbox 941 4438 1277 4512; x_wconf 79' lang='lat' dir='ltr'><strong>hypostatice</strong></span> <span class='ocrx_word' id='word_1_686' title='bbox 1317 4451 1381 4488; x_wconf 86' lang='lat' dir='ltr'><strong>ac</strong></span> <span class='ocrx_word' id='word_1_687' title='bbox 1431 4448 1675 4501; x_wconf 68' lang='lat' dir='ltr'><strong>pet-soon:</strong></span> <span class='ocrx_word' id='word_1_688' title='bbox 1726 4434 1934 4485; x_wconf 86' lang='lat' dir='ltr'><strong>ratione</strong></span> <span class='ocrx_word' id='word_1_689' title='bbox 1986 4434 2173 4497; x_wconf 86' lang='lat' dir='ltr'><strong>(unam</strong></span> <span class='ocrx_word' id='word_1_690' title='bbox 2216 4431 2363 4485; x_wconf 88' lang='lat' dir='ltr'><strong>enim</strong></span> <span class='ocrx_word' id='word_1_691' title='bbox 2407 4435 2735 4487; x_wconf 80' lang='lat' dir='ltr'><strong>cantiteinur</strong></span> <span class='ocrx_word' id='word_1_692' title='bbox 2767 4434 3084 4503; x_wconf 79' lang='lat' dir='ltr'><strong>hypostasin</strong></span> <span class='ocrx_word' id='word_1_693' title='bbox 3118 4448 3180 4487; x_wconf 90' lang='lat' dir='ltr'><strong>ac</strong></span> <span class='ocrx_word' id='word_1_694' title='bbox 3221 4438 3557 4501; x_wconf 85' lang='lat' dir='ltr'><strong>personam),</strong></span> <span class='ocrx_word' id='word_1_695' title='bbox 3596 4434 3687 4487; x_wconf 90' lang='lat' dir='ltr'><strong>sed</strong></span> <span class='ocrx_word' id='word_1_696' title='bbox 3719 4435 3862 4502; x_wconf 80' lang='lat' dir='ltr'><strong>quod</strong></span> <span class='ocrx_word' id='word_1_697' title='bbox 3931 4436 4061 4489; x_wconf 63' lang='lat' dir='ltr'><strong>atii.</strong></span> 
     </span>
    </p>
   </div>
   <div class='ocr_carea' id='block_1_89' title="bbox 789 4529 1783 4596">
    <p class='ocr_par' dir='ltr' id='par_1_89' title="bbox 789 4529 1783 4596">
     <span class='ocr_line' id='line_1_89' title="bbox 789 4529 1783 4596; baseline -0.015 -4"><span class='ocrx_word' id='word_1_698' title='bbox 789 4549 879 4592; x_wconf 87' lang='lat' dir='ltr'><strong>net</strong></span> <span class='ocrx_word' id='word_1_699' title='bbox 909 4538 973 4589; x_wconf 88' lang='lat' dir='ltr'><strong>ad</strong></span> <span class='ocrx_word' id='word_1_700' title='bbox 1014 4545 1335 4588; x_wconf 81' lang='lat' dir='ltr'><strong>naturarum</strong></span> <span class='ocrx_word' id='word_1_701' title='bbox 1369 4529 1783 4596; x_wconf 78' lang='lat' dir='ltr'><strong>proprietatem.</strong></span> 
     </span>
    </p>
   </div>
   <div class='ocr_carea' id='block_1_90' title="bbox 858 4620 2452 4697">
    <p class='ocr_par' dir='ltr' id='par_1_90' title="bbox 858 4620 2452 4697">
     <span class='ocr_line' id='line_1_90' title="bbox 858 4620 2452 4697; baseline -0.007 -17"><span class='ocrx_word' id='word_1_702' title='bbox 858 4630 1014 4697; x_wconf 85' lang='lat' dir='ltr'><strong>Quod</strong></span> <span class='ocrx_word' id='word_1_703' title='bbox 1052 4644 1181 4681; x_wconf 86' lang='lat' dir='ltr'><strong>vero</strong></span> <span class='ocrx_word' id='word_1_704' title='bbox 1212 4641 1320 4678; x_wconf 91' lang='lat' dir='ltr'><strong>uno</strong></span> <span class='ocrx_word' id='word_1_705' title='bbox 1352 4623 1604 4675; x_wconf 90' lang='lat' dir='ltr'><strong>omnium</strong></span> <span class='ocrx_word' id='word_1_706' title='bbox 1644 4634 1914 4674; x_wconf 87' lang='lat' dir='ltr'><strong>consensu</strong></span> <span class='ocrx_word' id='word_1_707' title='bbox 1947 4629 2221 4687; x_wconf 88' lang='lat' dir='ltr'><strong>receptum</strong></span> <span class='ocrx_word' id='word_1_708' title='bbox 2251 4626 2371 4682; x_wconf 90' lang='lat' dir='ltr'><strong>est,</strong></span> <span class='ocrx_word' id='word_1_709' title='bbox 2402 4620 2452 4677; x_wconf 76' lang='grc' dir='ltr'><strong>Ι)</strong></span> 
     </span>
    </p>
   </div>
   <div class='ocr_carea' id='block_1_91' title="bbox 787 4712 2375 4779">
    <p class='ocr_par' dir='ltr' id='par_1_91' title="bbox 787 4712 2375 4779">
     <span class='ocr_line' id='line_1_91' title="bbox 787 4712 2375 4779; baseline -0.009 -2"><span class='ocrx_word' id='word_1_710' title='bbox 787 4725 1032 4777; x_wconf 76' lang='lat' dir='ltr'><strong>divinant</strong></span> <span class='ocrx_word' id='word_1_711' title='bbox 1093 4730 1341 4771; x_wconf 81' lang='lat' dir='ltr'><strong>naturam</strong></span> <span class='ocrx_word' id='word_1_712' title='bbox 1402 4714 1631 4767; x_wconf 87' lang='lat' dir='ltr'><strong>inlinitis</strong></span> <span class='ocrx_word' id='word_1_713' title='bbox 1683 4714 1855 4765; x_wconf 83' lang='lat' dir='ltr'><strong>modis</strong></span> <span class='ocrx_word' id='word_1_714' title='bbox 1906 4712 2188 4765; x_wconf 82' lang='lat' dir='ltr'><strong>nobilitate</strong></span> <span class='ocrx_word' id='word_1_715' title='bbox 2236 4727 2375 4779; x_wconf 75' lang='lat' dir='ltr'><strong>prte-</strong></span> 
     </span>
    </p>
   </div>
   <div class='ocr_carea' id='block_1_92' title="bbox 788 4802 2377 4875">
    <p class='ocr_par' dir='ltr' id='par_1_92' title="bbox 788 4802 2377 4875">
     <span class='ocr_line' id='line_1_92' title="bbox 788 4802 2377 4875; baseline -0.006 -9"><span class='ocrx_word' id='word_1_716' title='bbox 788 4827 969 4875; x_wconf 71' lang='lat' dir='ltr'><strong>.~tare,</strong></span> <span class='ocrx_word' id='word_1_717' title='bbox 1000 4828 1062 4864; x_wconf 84' lang='lat' dir='ltr'><strong>ac</strong></span> <span class='ocrx_word' id='word_1_718' title='bbox 1094 4814 1213 4862; x_wconf 79' lang='lat' dir='ltr'><strong>’cum</strong></span> <span class='ocrx_word' id='word_1_719' title='bbox 1251 4826 1311 4859; x_wconf 86' lang='lat' dir='ltr'><strong>ea</strong></span> <span class='ocrx_word' id='word_1_720' title='bbox 1342 4821 1461 4872; x_wconf 75' lang='lat' dir='ltr'><strong>utne</strong></span> <span class='ocrx_word' id='word_1_721' title='bbox 1496 4805 1707 4857; x_wconf 90' lang='lat' dir='ltr'><strong>minora</strong></span> <span class='ocrx_word' id='word_1_722' title='bbox 1743 4812 1869 4855; x_wconf 83' lang='lat' dir='ltr'><strong>sunt</strong></span> <span class='ocrx_word' id='word_1_723' title='bbox 1904 4802 2377 4871; x_wconf 64' lang='lat' dir='ltr'><strong>praestantioribus</strong></span> 
     </span>
    </p>
   </div>
   <div class='ocr_carea' id='block_1_93' title="bbox 787 4892 2377 4974">
    <p class='ocr_par' dir='ltr' id='par_1_93' title="bbox 787 4892 2377 4974">
     <span class='ocr_line' id='line_1_93' title="bbox 787 4892 2377 4974; baseline -0.008 -16"><span class='ocrx_word' id='word_1_724' title='bbox 787 4906 943 4974; x_wconf 77' lang='lat' dir='ltr'><strong>quasi</strong></span> <span class='ocrx_word' id='word_1_725' title='bbox 978 4904 1292 4955; x_wconf 71' lang='lat' dir='ltr'><strong>cohaereant</strong></span> <span class='ocrx_word' id='word_1_726' title='bbox 1325 4899 1575 4964; x_wconf 79' lang='lat' dir='ltr'><strong>\clulqtte</strong></span> <span class='ocrx_word' id='word_1_727' title='bbox 1611 4896 1678 4947; x_wconf 89' lang='lat' dir='ltr'><strong>ab</strong></span> <span class='ocrx_word' id='word_1_728' title='bbox 1712 4897 1791 4947; x_wconf 89' lang='lat' dir='ltr'><strong>eis</strong></span> <span class='ocrx_word' id='word_1_729' title='bbox 1834 4894 2133 4959; x_wconf 83' lang='lat' dir='ltr'><strong>pendeant;</strong></span> <span class='ocrx_word' id='word_1_730' title='bbox 2169 4892 2377 4945; x_wconf 86' lang='lat' dir='ltr'><strong>idcirco</strong></span> 
     </span>
    </p>
   </div>
   <div class='ocr_carea' id='block_1_94' title="bbox 790 4986 2379 5051">
    <p class='ocr_par' dir='ltr' id='par_1_94' title="bbox 790 4986 2379 5051">
     <span class='ocr_line' id='line_1_94' title="bbox 790 4986 2379 5051; baseline -0.01 -1"><span class='ocrx_word' id='word_1_731' title='bbox 790 5013 895 5051; x_wconf 89' lang='lat' dir='ltr'><strong>non</strong></span> <span class='ocrx_word' id='word_1_732' title='bbox 948 4995 1181 5048; x_wconf 86' lang='lat' dir='ltr'><strong>dicimus</strong></span> <span class='ocrx_word' id='word_1_733' title='bbox 1226 4998 1478 5043; x_wconf 78' lang='lat' dir='ltr'><strong>naturain</strong></span> <span class='ocrx_word' id='word_1_734' title='bbox 1522 4995 1812 5039; x_wconf 87' lang='lat' dir='ltr'><strong>humanam</strong></span> <span class='ocrx_word' id='word_1_735' title='bbox 1854 4986 1945 5038; x_wconf 77' lang='lat' dir='ltr'><strong>Dei</strong></span> <span class='ocrx_word' id='word_1_736' title='bbox 1990 4997 2237 5037; x_wconf 85' lang='lat' dir='ltr'><strong>naturam</strong></span> <span class='ocrx_word' id='word_1_737' title='bbox 2291 4999 2379 5035; x_wconf 79' lang='lat' dir='ltr'><strong>as-</strong></span> 
     </span>
    </p>
   </div>
   <div class='ocr_carea' id='block_1_95' title="bbox 788 5080 2374 5155">
    <p class='ocr_par' dir='ltr' id='par_1_95' title="bbox 788 5080 2374 5155">
     <span class='ocr_line' id='line_1_95' title="bbox 788 5080 2374 5155; baseline -0.011 -10"><span class='ocrx_word' id='word_1_738' title='bbox 788 5090 1115 5155; x_wconf 81' lang='lat' dir='ltr'><strong>sumpsisse,</strong></span> <span class='ocrx_word' id='word_1_739' title='bbox 1174 5086 1265 5139; x_wconf 88' lang='lat' dir='ltr'><strong>sed</strong></span> <span class='ocrx_word' id='word_1_740' title='bbox 1299 5126 1312 5146; x_wconf 91' lang='lat'><strong>,</strong></span> <span class='ocrx_word' id='word_1_741' title='bbox 1365 5082 1530 5135; x_wconf 86' lang='lat' dir='ltr'><strong>Deum</strong></span> <span class='ocrx_word' id='word_1_742' title='bbox 1576 5091 1828 5132; x_wconf 85' lang='lat' dir='ltr'><strong>naturam</strong></span> <span class='ocrx_word' id='word_1_743' title='bbox 1882 5080 2220 5139; x_wconf 87' lang='lat' dir='ltr'><strong>humanam;</strong></span> <span class='ocrx_word' id='word_1_744' title='bbox 2271 5093 2374 5128; x_wconf 81' lang='lat' dir='ltr'><strong>non</strong></span> 
     </span>
    </p>
   </div>
   <div class='ocr_carea' id='block_1_96' title="bbox 787 5170 2376 5252">
    <p class='ocr_par' dir='ltr' id='par_1_96' title="bbox 787 5170 2376 5252">
     <span class='ocr_line' id='line_1_96' title="bbox 787 5170 2376 5252; baseline -0.01 -17"><span class='ocrx_word' id='word_1_745' title='bbox 787 5184 946 5252; x_wconf 77' lang='lat' dir='ltr'><strong>quasi</strong></span> <span class='ocrx_word' id='word_1_746' title='bbox 984 5183 1035 5231; x_wconf 89' lang='lat' dir='ltr'><strong>in</strong></span> <span class='ocrx_word' id='word_1_747' title='bbox 1078 5180 1245 5230; x_wconf 77' lang='lat' dir='ltr'><strong>“eum</strong></span> <span class='ocrx_word' id='word_1_748' title='bbox 1280 5176 1369 5227; x_wconf 77' lang='lat' dir='ltr'><strong>illa</strong></span> <span class='ocrx_word' id='word_1_749' title='bbox 1424 5183 1631 5225; x_wconf 85' lang='lat' dir='ltr'><strong>mutata</strong></span> <span class='ocrx_word' id='word_1_750' title='bbox 1684 5173 1773 5231; x_wconf 86' lang='lat' dir='ltr'><strong>sit,</strong></span> <span class='ocrx_word' id='word_1_751' title='bbox 1820 5170 1913 5223; x_wconf 92' lang='lat' dir='ltr'><strong>sed</strong></span> <span class='ocrx_word' id='word_1_752' title='bbox 1963 5171 2104 5238; x_wconf 84' lang='lat' dir='ltr'><strong>quod</strong></span> <span class='ocrx_word' id='word_1_753' title='bbox 2146 5170 2252 5222; x_wconf 84' lang='lat' dir='ltr'><strong>er</strong></span> <span class='ocrx_word' id='word_1_754' title='bbox 2284 5186 2376 5220; x_wconf 84' lang='lat' dir='ltr'><strong>co-</strong></span> 
     </span>
    </p>
   </div>
   <div class='ocr_carea' id='block_1_97' title="bbox 790 5260 2375 5342">
    <p class='ocr_par' dir='ltr' id='par_1_97' title="bbox 790 5260 2375 5342">
     <span class='ocr_line' id='line_1_97' title="bbox 790 5260 2375 5342; baseline -0.011 -15"><span class='ocrx_word' id='word_1_755' title='bbox 790 5273 1031 5333; x_wconf 66' lang='lat' dir='ltr'><strong>litttset‘it,</strong></span> <span class='ocrx_word' id='word_1_756' title='bbox 1088 5266 1567 5342; x_wconf 69' lang='lat' dir='ltr'><strong>illique-copulata</strong></span> <span class='ocrx_word' id='word_1_757' title='bbox 1627 5264 1717 5314; x_wconf 77' lang='lat' dir='ltr'><strong>sit.</strong></span> <span class='ocrx_word' id='word_1_758' title='bbox 1776 5262 1983 5314; x_wconf 73' lang='lat' dir='ltr'><strong>Idcirco</strong></span> <span class='ocrx_word' id='word_1_759' title='bbox 2040 5260 2185 5311; x_wconf 80' lang='lat' dir='ltr'><strong>velut</strong></span> <span class='ocrx_word' id='word_1_760' title='bbox 2243 5260 2375 5328; x_wconf 81' lang='lat' dir='ltr'><strong>quid</strong></span> 
     </span>
    </p>
   </div>
   <div class='ocr_carea' id='block_1_98' title="bbox 790 5353 2373 5438">
    <p class='ocr_par' dir='ltr' id='par_1_98' title="bbox 790 5353 2373 5438">
     <span class='ocr_line' id='line_1_98' title="bbox 790 5353 2373 5438; baseline -0.015 -15"><span class='ocrx_word' id='word_1_761' title='bbox 790 5374 905 5438; x_wconf 78' lang='lat' dir='ltr'><strong>ipse</strong></span> <span class='ocrx_word' id='word_1_762' title='bbox 946 5366 1313 5436; x_wconf 67' lang='lat' dir='ltr'><strong>pt‘J&#39;stttttlitt&#39;s,</strong></span> <span class='ocrx_word' id='word_1_763' title='bbox 1347 5364 1640 5412; x_wconf 82' lang='lat' dir='ltr'><strong>humanam</strong></span> <span class='ocrx_word' id='word_1_764' title='bbox 1677 5356 1835 5409; x_wconf 73' lang='lat' dir='ltr'><strong>habet</strong></span> <span class='ocrx_word' id='word_1_765' title='bbox 1887 5362 2158 5410; x_wconf 81' lang='lat' dir='ltr'><strong>naturam.</strong></span> <span class='ocrx_word' id='word_1_766' title='bbox 2207 5353 2373 5405; x_wconf 74' lang='lat' dir='ltr'><strong>habe-</strong></span> 
     </span>
    </p>
   </div>
   <div class='ocr_carea' id='block_1_99' title="bbox 790 5446 2374 5531">
    <p class='ocr_par' dir='ltr' id='par_1_99' title="bbox 790 5446 2374 5531">
     <span class='ocr_line' id='line_1_99' title="bbox 790 5446 2374 5531; baseline -0.014 -15"><span class='ocrx_word' id='word_1_767' title='bbox 790 5478 988 5531; x_wconf 84' lang='lat' dir='ltr'><strong>turque</strong></span> <span class='ocrx_word' id='word_1_768' title='bbox 1021 5465 1137 5529; x_wconf 85' lang='lat' dir='ltr'><strong>ipsa</strong></span> <span class='ocrx_word' id='word_1_769' title='bbox 1168 5475 1198 5511; x_wconf 88' lang='lat' dir='ltr'><strong>a</strong></span> <span class='ocrx_word' id='word_1_770' title='bbox 1233 5456 1415 5509; x_wconf 71' lang='lat' dir='ltr'><strong>divina</strong></span> <span class='ocrx_word' id='word_1_771' title='bbox 1456 5462 1674 5505; x_wconf 86' lang='lat' dir='ltr'><strong>natura.</strong></span> <span class='ocrx_word' id='word_1_772' title='bbox 1713 5448 1868 5501; x_wconf 72' lang='lat' dir='ltr'><strong>Velut</strong></span> <span class='ocrx_word' id='word_1_773' title='bbox 1902 5446 2209 5505; x_wconf 86' lang='lat' dir='ltr'><strong>hominem,</strong></span> <span class='ocrx_word' id='word_1_774' title='bbox 2250 5458 2374 5496; x_wconf 80' lang='lat' dir='ltr'><strong>eum</strong></span> 
     </span>
    </p>
   </div>
   <div class='ocr_carea' id='block_1_100' title="bbox 790 5536 2377 5628">
    <p class='ocr_par' dir='ltr' id='par_1_100' title="bbox 790 5536 2377 5628">
     <span class='ocr_line' id='line_1_100' title="bbox 790 5536 2377 5628; baseline -0.013 -19"><span class='ocrx_word' id='word_1_775' title='bbox 790 5554 1149 5628; x_wconf 74' lang='lat' dir='ltr'><strong>principalins</strong></span> <span class='ocrx_word' id='word_1_776' title='bbox 1198 5551 1270 5603; x_wconf 90' lang='lat' dir='ltr'><strong>sit</strong></span> <span class='ocrx_word' id='word_1_777' title='bbox 1313 5564 1377 5601; x_wconf 89' lang='lat' dir='ltr'><strong>ac</strong></span> <span class='ocrx_word' id='word_1_778' title='bbox 1415 5545 1672 5604; x_wconf 89' lang='lat' dir='ltr'><strong>nobilius,</strong></span> <span class='ocrx_word' id='word_1_779' title='bbox 1717 5557 1938 5594; x_wconf 82' lang='lat' dir='ltr'><strong>manum</strong></span> <span class='ocrx_word' id='word_1_780' title='bbox 1990 5540 2189 5593; x_wconf 88' lang='lat' dir='ltr'><strong>habere</strong></span> <span class='ocrx_word' id='word_1_781' title='bbox 2238 5536 2377 5590; x_wconf 73' lang='lat' dir='ltr'><strong>dii-i-</strong></span> 
     </span>
    </p>
   </div>
   <div class='ocr_carea' id='block_1_101' title="bbox 790 5631 2369 5715">
    <p class='ocr_par' dir='ltr' id='par_1_101' title="bbox 790 5631 2369 5715">
     <span class='ocr_line' id='line_1_101' title="bbox 790 5631 2369 5715; baseline -0.014 -11"><span class='ocrx_word' id='word_1_782' title='bbox 790 5664 946 5715; x_wconf 84' lang='lat' dir='ltr'><strong>mus;</strong></span> <span class='ocrx_word' id='word_1_783' title='bbox 992 5652 1097 5701; x_wconf 75' lang='lat' dir='ltr'><strong>nun</strong></span> <span class='ocrx_word' id='word_1_784' title='bbox 1150 5653 1330 5698; x_wconf 89' lang='lat' dir='ltr'><strong>autem</strong></span> <span class='ocrx_word' id='word_1_785' title='bbox 1378 5640 1524 5709; x_wconf 90' lang='lat' dir='ltr'><strong>quod</strong></span> <span class='ocrx_word' id='word_1_786' title='bbox 1582 5652 1773 5688; x_wconf 86' lang='lat' dir='ltr'><strong>manus</strong></span> <span class='ocrx_word' id='word_1_787' title='bbox 1824 5636 2020 5686; x_wconf 71' lang='lat' dir='ltr'><strong>habeat</strong></span> <span class='ocrx_word' id='word_1_788' title='bbox 2069 5631 2369 5685; x_wconf 88' lang='lat' dir='ltr'><strong>hominem.</strong></span> 
     </span>
    </p>
   </div>
   <div class='ocr_carea' id='block_1_102' title="bbox 792 5724 2376 5812">
    <p class='ocr_par' dir='ltr' id='par_1_102' title="bbox 792 5724 2376 5812">
     <span class='ocr_line' id='line_1_102' title="bbox 792 5724 2376 5812; baseline -0.012 -16"><span class='ocrx_word' id='word_1_789' title='bbox 792 5743 1073 5812; x_wconf 63' lang='lat' dir='ltr'><strong>Siquidem</strong></span> <span class='ocrx_word' id='word_1_790' title='bbox 1113 5737 1275 5806; x_wconf 76' lang='lat' dir='ltr'><strong>igitur</strong></span> <span class='ocrx_word' id='word_1_791' title='bbox 1308 5744 1484 5802; x_wconf 82' lang='lat' dir='ltr'><strong>partes</strong></span> <span class='ocrx_word' id='word_1_792' title='bbox 1530 5739 1710 5783; x_wconf 72' lang='lat' dir='ltr'><strong>essent</strong></span> <span class='ocrx_word' id='word_1_793' title='bbox 1763 5727 1942 5779; x_wconf 82' lang='lat' dir='ltr'><strong>Deitas</strong></span> <span class='ocrx_word' id='word_1_794' title='bbox 1970 5736 2023 5779; x_wconf 90' lang='lat' dir='ltr'><strong>et</strong></span> <span class='ocrx_word' id='word_1_795' title='bbox 2063 5724 2376 5777; x_wconf 83' lang='lat' dir='ltr'><strong>humanitas</strong></span> 
     </span>
    </p>
   </div>
   <div class='ocr_carea' id='block_1_103' title="bbox 793 5828 2377 5908">
    <p class='ocr_par' dir='ltr' id='par_1_103' title="bbox 793 5828 2377 5908">
     <span class='ocr_line' id='line_1_103' title="bbox 793 5828 2377 5908; baseline -0.016 -17"><span class='ocrx_word' id='word_1_796' title='bbox 793 5840 890 5908; x_wconf 69' lang='lat' dir='ltr'><strong>(ita</strong></span> <span class='ocrx_word' id='word_1_797' title='bbox 928 5835 1185 5890; x_wconf 84' lang='lat' dir='ltr'><strong>nimirum</strong></span> <span class='ocrx_word' id='word_1_798' title='bbox 1221 5840 1275 5883; x_wconf 89' lang='lat' dir='ltr'><strong>ut</strong></span> <span class='ocrx_word' id='word_1_799' title='bbox 1308 5844 1370 5881; x_wconf 75' lang='lat' dir='ltr'><strong>ex</strong></span> <span class='ocrx_word' id='word_1_800' title='bbox 1406 5828 1483 5881; x_wconf 81' lang='lat' dir='ltr'><strong>eis</strong></span> <span class='ocrx_word' id='word_1_801' title='bbox 1520 5836 1627 5877; x_wconf 89' lang='lat' dir='ltr'><strong>una</strong></span> <span class='ocrx_word' id='word_1_802' title='bbox 1661 5830 1852 5875; x_wconf 39' lang='lat' dir='ltr'><strong>natura</strong></span> <span class='ocrx_word' id='word_1_803' title='bbox 1901 5832 2214 5873; x_wconf 72' lang='lat' dir='ltr'><strong>communis</strong></span> <span class='ocrx_word' id='word_1_804' title='bbox 2245 5831 2377 5870; x_wconf 84' lang='lat' dir='ltr'><strong>eon-</strong></span> 
     </span>
    </p>
   </div>
   <div class='ocr_carea' id='block_1_104' title="bbox 2566 4615 4058 4685">
    <p class='ocr_par' dir='ltr' id='par_1_104' title="bbox 2566 4615 4058 4685">
     <span class='ocr_line' id='line_1_104' title="bbox 2566 4615 4058 4685; baseline -0.004 -14"><span class='ocrx_word' id='word_1_805' title='bbox 2566 4619 2720 4672; x_wconf 73' lang='grc' dir='ltr'>Ἑπεὶ</span> <span class='ocrx_word' id='word_1_806' title='bbox 2750 4616 3189 4685; x_wconf 75' lang='grc' dir='ltr'>δὲσώμολόγηται</span> <span class='ocrx_word' id='word_1_807' title='bbox 3236 4616 3269 4685; x_wconf 80' lang='grc' dir='ltr'>ἡ</span> <span class='ocrx_word' id='word_1_808' title='bbox 3305 4615 3399 4668; x_wconf 90' lang='grc' dir='ltr'><strong>τοῦ</strong></span> <span class='ocrx_word' id='word_1_809' title='bbox 3441 4615 3575 4667; x_wconf 83' lang='grc' dir='ltr'>Θεοῦ</span> <span class='ocrx_word' id='word_1_810' title='bbox 3626 4616 3789 4683; x_wconf 75' lang='grc' dir='ltr'>φύσις</span> <span class='ocrx_word' id='word_1_811' title='bbox 3846 4616 4058 4685; x_wconf 77' lang='grc' dir='ltr'>ἀπείρρ</span> 
     </span>
    </p>
   </div>
   <div class='ocr_carea' id='block_1_105' title="bbox 2480 4707 4063 4780">
    <p class='ocr_par' dir='ltr' id='par_1_105' title="bbox 2480 4707 4063 4780">
     <span class='ocr_line' id='line_1_105' title="bbox 2480 4707 4063 4780; baseline -0.001 -18"><span class='ocrx_word' id='word_1_812' title='bbox 2480 4712 2664 4780; x_wconf 77' lang='grc' dir='ltr'>μέτρῳ</span> <span class='ocrx_word' id='word_1_813' title='bbox 2692 4710 3019 4777; x_wconf 84' lang='grc' dir='ltr'>τιμιωτέρα·</span> <span class='ocrx_word' id='word_1_814' title='bbox 3056 4708 3150 4759; x_wconf 86' lang='grc' dir='ltr'><strong>τοῦ</strong></span> <span class='ocrx_word' id='word_1_815' title='bbox 3197 4707 3253 4759; x_wconf 81' lang='grc' dir='ltr'>δὲ</span> <span class='ocrx_word' id='word_1_816' title='bbox 3304 4709 3634 4777; x_wconf 57' lang='grc' dir='ltr'>τιμιωτέρου</span> <span class='ocrx_word' id='word_1_817' title='bbox 3680 4709 3747 4759; x_wconf 77' lang='grc' dir='ltr'><strong>τὰ</strong></span> <span class='ocrx_word' id='word_1_818' title='bbox 3801 4709 4063 4761; x_wconf 57' lang='grc' dir='ltr'>ἐλάττονα</span> 
     </span>
    </p>
   </div>
   <div class='ocr_carea' id='block_1_106' title="bbox 2476 4798 4060 4871">
    <p class='ocr_par' dir='ltr' id='par_1_106' title="bbox 2476 4798 4060 4871">
     <span class='ocr_line' id='line_1_106' title="bbox 2476 4798 4060 4871; baseline 0 -18"><span class='ocrx_word' id='word_1_819' title='bbox 2476 4802 2689 4871; x_wconf 60' lang='grc' dir='ltr'>ἔχονται</span> <span class='ocrx_word' id='word_1_820' title='bbox 2725 4804 2818 4852; x_wconf 74' lang='grc' dir='ltr'>καὶ</span> <span class='ocrx_word' id='word_1_821' title='bbox 2847 4802 2959 4851; x_wconf 88' lang='grc' dir='ltr'>οἱον</span> <span class='ocrx_word' id='word_1_822' title='bbox 2989 4799 3385 4868; x_wconf 79' lang='grc' dir='ltr'>ὲκκρέμανται·</span> <span class='ocrx_word' id='word_1_823' title='bbox 3416 4799 3502 4851; x_wconf 65' lang='grc' dir='ltr'><strong>διὰ</strong></span> <span class='ocrx_word' id='word_1_824' title='bbox 3537 4798 3694 4850; x_wconf 86' lang='grc' dir='ltr'>τοῦτο</span> <span class='ocrx_word' id='word_1_825' title='bbox 3724 4800 3783 4851; x_wconf 81' lang='grc' dir='ltr'><strong>οὑ</strong></span> <span class='ocrx_word' id='word_1_826' title='bbox 3821 4800 4060 4869; x_wconf 72' lang='grc' dir='ltr'>λέγομεν</span> 
     </span>
    </p>
   </div>
   <div class='ocr_carea' id='block_1_107' title="bbox 2477 4890 4059 4964">
    <p class='ocr_par' dir='ltr' id='par_1_107' title="bbox 2477 4890 4059 4964">
     <span class='ocr_line' id='line_1_107' title="bbox 2477 4890 4059 4964; baseline -0.003 -17"><span class='ocrx_word' id='word_1_827' title='bbox 2477 4896 2556 4947; x_wconf 79' lang='grc' dir='ltr'>ὅτι</span> <span class='ocrx_word' id='word_1_828' title='bbox 2586 4898 2617 4964; x_wconf 83' lang='grc' dir='ltr'>ἡ</span> <span class='ocrx_word' id='word_1_829' title='bbox 2650 4893 2963 4963; x_wconf 77' lang='grc' dir='ltr'>ἀνθρωπίνη</span> <span class='ocrx_word' id='word_1_830' title='bbox 3016 4893 3177 4959; x_wconf 85' lang='grc' dir='ltr'>φύσις</span> <span class='ocrx_word' id='word_1_831' title='bbox 3226 4892 3324 4960; x_wconf 85' lang='grc' dir='ltr'>τὴν</span> <span class='ocrx_word' id='word_1_832' title='bbox 3357 4890 3447 4941; x_wconf 87' lang='grc' dir='ltr'><strong>τοῦ</strong></span> <span class='ocrx_word' id='word_1_833' title='bbox 3487 4892 3624 4943; x_wconf 73' lang='grc' dir='ltr'>θεοῦ</span> <span class='ocrx_word' id='word_1_834' title='bbox 3683 4892 4059 4961; x_wconf 79' lang='grc' dir='ltr'>προσελὰὕετο</span> 
     </span>
    </p>
   </div>
   <div class='ocr_carea' id='block_1_108' title="bbox 2481 4983 4057 5055">
    <p class='ocr_par' dir='ltr' id='par_1_108' title="bbox 2481 4983 4057 5055">
     <span class='ocr_line' id='line_1_108' title="bbox 2481 4983 4057 5055; baseline -0.001 -18"><span class='ocrx_word' id='word_1_835' title='bbox 2481 4989 2666 5055; x_wconf 70' lang='grc' dir='ltr'>φύσιν·</span> <span class='ocrx_word' id='word_1_836' title='bbox 2689 4986 2801 5037; x_wconf 66' lang='grc' dir='ltr'><strong>ἀλλ’</strong></span> <span class='ocrx_word' id='word_1_837' title='bbox 2828 4988 2853 5037; x_wconf 87' lang='grc' dir='ltr'>ὁ</span> <span class='ocrx_word' id='word_1_838' title='bbox 2883 4986 3013 5045; x_wconf 75' lang='grc' dir='ltr'>Θεὸς</span> <span class='ocrx_word' id='word_1_839' title='bbox 3043 4984 3140 5053; x_wconf 79' lang='grc' dir='ltr'><strong>τὴν</strong></span> <span class='ocrx_word' id='word_1_840' title='bbox 3163 4984 3514 5051; x_wconf 79' lang='grc' dir='ltr'>ἀνθρωπίνην</span> <span class='ocrx_word' id='word_1_841' title='bbox 3548 4984 3841 5036; x_wconf 80' lang='grc' dir='ltr'>ἀνελάὅετο</span> <span class='ocrx_word' id='word_1_842' title='bbox 3869 4983 4057 5048; x_wconf 88' lang='grc' dir='ltr'>φύσιν·</span> 
     </span>
    </p>
   </div>
   <div class='ocr_carea' id='block_1_109' title="bbox 2478 5075 4063 5148">
    <p class='ocr_par' dir='ltr' id='par_1_109' title="bbox 2478 5075 4063 5148">
     <span class='ocr_line' id='line_1_109' title="bbox 2478 5075 4063 5148; baseline -0.003 -17"><span class='ocrx_word' id='word_1_843' title='bbox 2478 5082 2573 5148; x_wconf 82' lang='grc' dir='ltr'>οὑχ</span> <span class='ocrx_word' id='word_1_844' title='bbox 2607 5080 2679 5130; x_wconf 76' lang='grc' dir='ltr'><strong>ὡς</strong></span> <span class='ocrx_word' id='word_1_845' title='bbox 2718 5080 2795 5139; x_wconf 90' lang='grc' dir='ltr'><strong>είς</strong></span> <span class='ocrx_word' id='word_1_846' title='bbox 2827 5077 2959 5129; x_wconf 70' lang='grc' dir='ltr'>Θεὸν</span> <span class='ocrx_word' id='word_1_847' title='bbox 3013 5076 3467 5142; x_wconf 71' lang='grc' dir='ltr'>μεταδληθείσαν,</span> <span class='ocrx_word' id='word_1_848' title='bbox 3528 5076 3643 5127; x_wconf 75' lang='grc' dir='ltr'>ἀλλ’</span> <span class='ocrx_word' id='word_1_849' title='bbox 3702 5076 3777 5137; x_wconf 82' lang='grc' dir='ltr'>ὡς</span> <span class='ocrx_word' id='word_1_850' title='bbox 3810 5075 3888 5143; x_wconf 81' lang='grc' dir='ltr'><strong>τῷ</strong></span> <span class='ocrx_word' id='word_1_851' title='bbox 3940 5076 4063 5145; x_wconf 83' lang='grc' dir='ltr'>Θεῷ</span> 
     </span>
    </p>
   </div>
   <div class='ocr_carea' id='block_1_110' title="bbox 2477 5166 4062 5237">
    <p class='ocr_par' dir='ltr' id='par_1_110' title="bbox 2477 5166 4062 5237">
     <span class='ocr_line' id='line_1_110' title="bbox 2477 5166 4062 5237; baseline -0.004 -14"><span class='ocrx_word' id='word_1_852' title='bbox 2477 5173 2954 5237; x_wconf 73' lang='grc' dir='ltr'>προσπεφυκυῖαν.</span> <span class='ocrx_word' id='word_1_853' title='bbox 3011 5168 3109 5220; x_wconf 69' lang='grc' dir='ltr'>Διὰ</span> <span class='ocrx_word' id='word_1_854' title='bbox 3139 5166 3297 5219; x_wconf 77' lang='grc' dir='ltr'>τοῦτο</span> <span class='ocrx_word' id='word_1_855' title='bbox 3326 5168 3421 5219; x_wconf 78' lang='grc' dir='ltr'><strong>καὶ</strong></span> <span class='ocrx_word' id='word_1_856' title='bbox 3446 5167 3519 5229; x_wconf 80' lang='grc' dir='ltr'><strong>ὡς</strong></span> <span class='ocrx_word' id='word_1_857' title='bbox 3548 5167 3875 5235; x_wconf 75' lang='grc' dir='ltr'>τιμιὼτερον</span> <span class='ocrx_word' id='word_1_858' title='bbox 3896 5207 3908 5229; x_wconf 84' lang='grc'><em>,</em></span> <span class='ocrx_word' id='word_1_859' title='bbox 3946 5167 4062 5235; x_wconf 79' lang='grc' dir='ltr'>ἔχει</span> 
     </span>
    </p>
   </div>
   <div class='ocr_carea' id='block_1_111' title="bbox 2479 5258 4063 5332">
    <p class='ocr_par' dir='ltr' id='par_1_111' title="bbox 2479 5258 4063 5332">
     <span class='ocr_line' id='line_1_111' title="bbox 2479 5258 4063 5332; baseline -0.004 -17"><span class='ocrx_word' id='word_1_860' title='bbox 2479 5266 2576 5331; x_wconf 81' lang='grc' dir='ltr'><strong>μὲν</strong></span> <span class='ocrx_word' id='word_1_861' title='bbox 2608 5262 2702 5332; x_wconf 76' lang='grc' dir='ltr'><strong>τὴν</strong></span> <span class='ocrx_word' id='word_1_862' title='bbox 2736 5261 3083 5329; x_wconf 79' lang='grc' dir='ltr'>ἀνθρωπίνην</span> <span class='ocrx_word' id='word_1_863' title='bbox 3116 5258 3298 5326; x_wconf 79' lang='grc' dir='ltr'>φύσιν,</span> <span class='ocrx_word' id='word_1_864' title='bbox 3330 5261 3509 5328; x_wconf 73' lang='grc' dir='ltr'>ἔχεται</span> <span class='ocrx_word' id='word_1_865' title='bbox 3540 5259 3597 5309; x_wconf 78' lang='grc' dir='ltr'><strong>δὲ</strong></span> <span class='ocrx_word' id='word_1_866' title='bbox 3633 5259 3768 5327; x_wconf 70' lang='grc' dir='ltr'>αῦτη</span> <span class='ocrx_word' id='word_1_867' title='bbox 3825 5259 3927 5309; x_wconf 71' lang='grc' dir='ltr'><strong>ὑπὸ</strong></span> <span class='ocrx_word' id='word_1_868' title='bbox 3962 5262 4063 5325; x_wconf 75' lang='grc' dir='ltr'>τῆς</span> 
     </span>
    </p>
   </div>
   <div class='ocr_carea' id='block_1_112' title="bbox 2476 5350 4062 5419">
    <p class='ocr_par' dir='ltr' id='par_1_112' title="bbox 2476 5350 4062 5419">
     <span class='ocr_line' id='line_1_112' title="bbox 2476 5350 4062 5419; baseline 0.001 -20"><span class='ocrx_word' id='word_1_869' title='bbox 2476 5354 2624 5413; x_wconf 62' lang='grc' dir='ltr'>(λείας</span> <span class='ocrx_word' id='word_1_870' title='bbox 2651 5354 2887 5419; x_wconf 64' lang='grc' dir='ltr'>φύσεως·</span> <span class='ocrx_word' id='word_1_871' title='bbox 2914 5352 3101 5418; x_wconf 73' lang='grc' dir='ltr'>ὥσπερ</span> <span class='ocrx_word' id='word_1_872' title='bbox 3130 5354 3156 5401; x_wconf 81' lang='grc' dir='ltr'><strong>ό</strong></span> <span class='ocrx_word' id='word_1_873' title='bbox 3180 5350 3275 5417; x_wconf 77' lang='grc' dir='ltr'><strong>μὲν</strong></span> <span class='ocrx_word' id='word_1_874' title='bbox 3308 5350 3593 5418; x_wconf 80' lang='grc' dir='ltr'>ἄνθρωπος</span> <span class='ocrx_word' id='word_1_875' title='bbox 3616 5350 4062 5419; x_wconf 78' lang='grc' dir='ltr'>ἀρχοειδέστερον</span> 
     </span>
    </p>
   </div>
   <div class='ocr_carea' id='block_1_113' title="bbox 2477 5441 4062 5517">
    <p class='ocr_par' dir='ltr' id='par_1_113' title="bbox 2477 5441 4062 5517">
     <span class='ocr_line' id='line_1_113' title="bbox 2477 5441 4062 5517; baseline -0.004 -16"><span class='ocrx_word' id='word_1_876' title='bbox 2477 5450 2534 5501; x_wconf 83' lang='grc' dir='ltr'>ὃν</span> <span class='ocrx_word' id='word_1_877' title='bbox 2569 5450 2661 5501; x_wconf 76' lang='grc' dir='ltr'>καὶ</span> <span class='ocrx_word' id='word_1_878' title='bbox 2693 5448 3017 5517; x_wconf 81' lang='grc' dir='ltr'>τιμιώτερον</span> <span class='ocrx_word' id='word_1_879' title='bbox 3048 5445 3193 5512; x_wconf 75' lang='grc' dir='ltr'>ἔχειν</span> <span class='ocrx_word' id='word_1_880' title='bbox 3228 5441 3325 5511; x_wconf 84' lang='grc' dir='ltr'>τὴν</span> <span class='ocrx_word' id='word_1_881' title='bbox 3359 5445 3516 5511; x_wconf 82' lang='grc' dir='ltr'>χεῖρα</span> <span class='ocrx_word' id='word_1_882' title='bbox 3551 5443 3804 5511; x_wconf 66' lang='grc' dir='ltr'>λέγομεν,</span> <span class='ocrx_word' id='word_1_883' title='bbox 3838 5443 3953 5494; x_wconf 72' lang='grc' dir='ltr'><strong>ἀλλ’</strong></span> <span class='ocrx_word' id='word_1_884' title='bbox 4002 5445 4062 5495; x_wconf 81' lang='grc' dir='ltr'><strong>οῦ</strong></span> 
     </span>
    </p>
   </div>
   <div class='ocr_carea' id='block_1_114' title="bbox 2486 5531 4064 5609">
    <p class='ocr_par' dir='ltr' id='par_1_114' title="bbox 2486 5531 4064 5609">
     <span class='ocr_line' id='line_1_114' title="bbox 2486 5531 4064 5609; baseline -0.004 -15"><span class='ocrx_word' id='word_1_885' title='bbox 2486 5544 2578 5594; x_wconf 74' lang='grc' dir='ltr'><strong>τὸν</strong></span> <span class='ocrx_word' id='word_1_886' title='bbox 2612 5541 2899 5609; x_wconf 79' lang='grc' dir='ltr'>ἄνθρωπον</span> <span class='ocrx_word' id='word_1_887' title='bbox 2934 5542 2965 5608; x_wconf 83' lang='grc' dir='ltr'>ἡ</span> <span class='ocrx_word' id='word_1_888' title='bbox 3001 5539 3137 5609; x_wconf 78' lang='grc' dir='ltr'>χείρ.</span> <span class='ocrx_word' id='word_1_889' title='bbox 3172 5537 3230 5588; x_wconf 84' lang='grc' dir='ltr'>Εἰ</span> <span class='ocrx_word' id='word_1_890' title='bbox 3262 5538 3440 5587; x_wconf 77' lang='grc' dir='ltr'>τοίνυν</span> <span class='ocrx_word' id='word_1_891' title='bbox 3467 5535 3608 5604; x_wconf 83' lang='grc' dir='ltr'>μέρη</span> <span class='ocrx_word' id='word_1_892' title='bbox 3639 5531 3781 5605; x_wconf 78' lang='grc' dir='ltr'>ἦσαν</span> <span class='ocrx_word' id='word_1_893' title='bbox 3809 5537 3839 5603; x_wconf 82' lang='grc' dir='ltr'>ἠ</span> <span class='ocrx_word' id='word_1_894' title='bbox 3874 5537 4064 5607; x_wconf 72' lang='grc' dir='ltr'>ϐεότης</span> 
     </span>
    </p>
   </div>
   <div class='ocr_carea' id='block_1_115' title="bbox 2489 5628 4066 5701">
    <p class='ocr_par' dir='ltr' id='par_1_115' title="bbox 2489 5628 4066 5701">
     <span class='ocr_line' id='line_1_115' title="bbox 2489 5628 4066 5701; baseline -0.004 -14"><span class='ocrx_word' id='word_1_895' title='bbox 2489 5637 2580 5687; x_wconf 68' lang='grc' dir='ltr'><strong>καὶ</strong></span> <span class='ocrx_word' id='word_1_896' title='bbox 2610 5636 2642 5701; x_wconf 87' lang='grc' dir='ltr'>ὴ</span> <span class='ocrx_word' id='word_1_897' title='bbox 2680 5632 3059 5701; x_wconf 77' lang='grc' dir='ltr'>ἀνθρωπότης,</span> <span class='ocrx_word' id='word_1_898' title='bbox 3097 5630 3171 5691; x_wconf 82' lang='grc' dir='ltr'>ὡς</span> <span class='ocrx_word' id='word_1_899' title='bbox 3213 5630 3269 5695; x_wconf 80' lang='grc' dir='ltr'><strong>ἐξ</strong></span> <span class='ocrx_word' id='word_1_900' title='bbox 3319 5629 3500 5681; x_wconf 78' lang='grc' dir='ltr'>αὐτῶν</span> <span class='ocrx_word' id='word_1_901' title='bbox 3530 5628 3880 5681; x_wconf 73' lang='grc' dir='ltr'>συνίστασθαι</span> <span class='ocrx_word' id='word_1_902' title='bbox 3934 5647 4066 5697; x_wconf 75' lang='grc' dir='ltr'>μιαν</span> 
     </span>
    </p>
   </div>
   <div class='ocr_carea' id='block_1_116' title="bbox 2478 5723 4065 5797">
    <p class='ocr_par' dir='ltr' id='par_1_116' title="bbox 2478 5723 4065 5797">
     <span class='ocr_line' id='line_1_116' title="bbox 2478 5723 4065 5797; baseline -0.004 -18"><span class='ocrx_word' id='word_1_903' title='bbox 2478 5729 2645 5797; x_wconf 84' lang='grc' dir='ltr'>φύσιν</span> <span class='ocrx_word' id='word_1_904' title='bbox 2680 5727 2889 5793; x_wconf 82' lang='grc' dir='ltr'>κοινὴν,</span> <span class='ocrx_word' id='word_1_905' title='bbox 2928 5726 3001 5787; x_wconf 81' lang='grc' dir='ltr'>ὡς</span> <span class='ocrx_word' id='word_1_906' title='bbox 3027 5728 3089 5777; x_wconf 85' lang='grc' dir='ltr'>ὲκ</span> <span class='ocrx_word' id='word_1_907' title='bbox 3113 5724 3293 5793; x_wconf 72' lang='grc' dir='ltr'>ψυχῆς</span> <span class='ocrx_word' id='word_1_908' title='bbox 3332 5724 3425 5776; x_wconf 75' lang='grc' dir='ltr'><strong>καὶ</strong></span> <span class='ocrx_word' id='word_1_909' title='bbox 3461 5723 3713 5792; x_wconf 85' lang='grc' dir='ltr'>σώματος</span> <span class='ocrx_word' id='word_1_910' title='bbox 3752 5723 4065 5793; x_wconf 70' lang='grc' dir='ltr'>ἄνθμοπον,</span> 
     </span>
    </p>
   </div>
   <div class='ocr_carea' id='block_1_117' title="bbox 2479 5816 4065 5887">
    <p class='ocr_par' dir='ltr' id='par_1_117' title="bbox 2479 5816 4065 5887">
     <span class='ocr_line' id='line_1_117' title="bbox 2479 5816 4065 5887; baseline -0.003 -16"><span class='ocrx_word' id='word_1_911' title='bbox 2479 5819 2743 5887; x_wconf 77' lang='grc' dir='ltr'>ἐλέγομεν</span> <span class='ocrx_word' id='word_1_912' title='bbox 2771 5818 2836 5870; x_wconf 78' lang='grc' dir='ltr'><strong>ἂν</strong></span> <span class='ocrx_word' id='word_1_913' title='bbox 2867 5820 2948 5871; x_wconf 68' lang='grc' dir='ltr'>ὅτι</span> <span class='ocrx_word' id='word_1_914' title='bbox 2986 5820 3076 5870; x_wconf 73' lang='grc' dir='ltr'>καὶ</span> <span class='ocrx_word' id='word_1_915' title='bbox 3119 5820 3145 5870; x_wconf 79' lang='grc' dir='ltr'>ὁ</span> <span class='ocrx_word' id='word_1_916' title='bbox 3180 5819 3310 5881; x_wconf 62' lang='grc' dir='ltr'>Θεὸς</span> <span class='ocrx_word' id='word_1_917' title='bbox 3346 5816 3458 5885; x_wconf 78' lang='grc' dir='ltr'>ἔχει</span> <span class='ocrx_word' id='word_1_918' title='bbox 3503 5818 3597 5870; x_wconf 85' lang='grc' dir='ltr'>τὸν</span> <span class='ocrx_word' id='word_1_919' title='bbox 3626 5816 3937 5885; x_wconf 78' lang='grc' dir='ltr'>ἄνθρωπον,</span> <span class='ocrx_word' id='word_1_920' title='bbox 3971 5817 4065 5867; x_wconf 68' lang='grc' dir='ltr'>καὶ</span> 
     </span>
    </p>
   </div>
   <div class='ocr_carea' id='block_1_118' title="bbox 3249 5906 3272 5927">
    <p class='ocr_par' dir='ltr' id='par_1_118' title="bbox 3249 5906 3272 5927">
     <span class='ocr_line' id='line_1_118' title="bbox 3249 5906 3272 5927; baseline 0 0"><span class='ocrx_word' id='word_1_921' title='bbox 3249 5906 3272 5927; x_wconf 78' lang='lat'><em>\</em></span> 
     </span>
    </p>
   </div>
  </div>
