  <div class='ocr_page' id='page_1' title='image "/cluster/home/n/w/nwhite01/storage/ocr_20150623/152/nnc1.0046980377/324.png"; bbox 0 0 4428 6444; ppageno 0'>
   <div class='ocr_carea' id='block_1_1' title="bbox 409 331 3644 440">
    <p class='ocr_par' dir='ltr' id='par_1_1' title="bbox 409 331 3644 440">
     <span class='ocr_line' id='line_1_1' title="bbox 409 331 3644 440; baseline -0.001 -1"><span class='ocrx_word' id='word_1_1' title='bbox 409 372 521 440; x_wconf 78' lang='lat'><strong>6‘29</strong></span> <span class='ocrx_word' id='word_1_2' title='bbox 1361 375 1459 434; x_wconf 89' lang='lat' dir='ltr'><strong>DE</strong></span> <span class='ocrx_word' id='word_1_3' title='bbox 1500 374 1934 436; x_wconf 82' lang='lat' dir='ltr'><strong>PRINCIPIIS</strong></span> <span class='ocrx_word' id='word_1_4' title='bbox 1974 331 2183 437; x_wconf 76' lang='lat' dir='ltr'><strong>FIDEI</strong></span> <span class='ocrx_word' id='word_1_5' title='bbox 2219 376 2683 439; x_wconf 59' lang='lat' dir='ltr'><strong>CATIIOLtcai.</strong></span> <span class='ocrx_word' id='word_1_6' title='bbox 3539 375 3644 435; x_wconf 60' lang='grc' dir='ltr'><strong>σου</strong></span> 
     </span>
    </p>
   </div>
   <div class='ocr_carea' id='block_1_2' title="bbox 414 483 2163 557">
    <p class='ocr_par' dir='ltr' id='par_1_2' title="bbox 414 484 2158 557">
     <span class='ocr_line' id='line_1_2' title="bbox 414 484 2158 557; baseline -0.003 -12"><span class='ocrx_word' id='word_1_7' title='bbox 414 489 729 550; x_wconf 77' lang='grc' dir='ltr'>οίστασθαι,</span> <span class='ocrx_word' id='word_1_8' title='bbox 774 487 867 539; x_wconf 76' lang='grc' dir='ltr'><strong>καὶ</strong></span> <span class='ocrx_word' id='word_1_9' title='bbox 919 485 1080 538; x_wconf 65' lang='grc' dir='ltr'>πάλιν</span> <span class='ocrx_word' id='word_1_10' title='bbox 1135 484 1222 538; x_wconf 70' lang='lat' dir='ltr'><strong>in‘</strong></span> <span class='ocrx_word' id='word_1_11' title='bbox 1271 486 1437 539; x_wconf 79' lang='grc' dir='ltr'>αὐτοῦ</span> <span class='ocrx_word' id='word_1_12' title='bbox 1473 488 1533 540; x_wconf 77' lang='grc' dir='ltr'><strong>τδ</strong></span> <span class='ocrx_word' id='word_1_13' title='bbox 1564 487 1696 540; x_wconf 69' lang='grc' dir='ltr'>αὐτο</span> <span class='ocrx_word' id='word_1_14' title='bbox 1727 489 1972 556; x_wconf 77' lang='grc' dir='ltr'>γίνεσθαι</span> <span class='ocrx_word' id='word_1_15' title='bbox 2004 496 2046 548; x_wconf 82' lang='grc' dir='ltr'><strong>Α</strong></span> <span class='ocrx_word' id='word_1_16' title='bbox 2079 490 2158 557; x_wconf 85' lang='lat' dir='ltr'><strong>ips</strong></span> 
     </span>
    </p>
   </div>
   <div class='ocr_carea' id='block_1_3' title="bbox 1886 483 3635 557">
    <p class='ocr_par' dir='ltr' id='par_1_3' title="bbox 1886 483 3635 557">
     <span class='ocr_line' id='line_1_3' title="bbox 1886 483 3635 557; baseline -0.003 -18"><span class='ocrx_word' id='word_1_17' title='bbox 1886 489 1972 540; x_wconf 78' lang='grc' dir='ltr'>θαι</span> <span class='ocrx_word' id='word_1_18' title='bbox 2004 496 2046 548; x_wconf 82' lang='grc' dir='ltr'><strong>Α</strong></span> <span class='ocrx_word' id='word_1_19' title='bbox 2079 490 2257 557; x_wconf 84' lang='lat' dir='ltr'><strong>ipsum</strong></span> <span class='ocrx_word' id='word_1_20' title='bbox 2286 489 2481 551; x_wconf 86' lang='lat' dir='ltr'><strong>emori,</strong></span> <span class='ocrx_word' id='word_1_21' title='bbox 2513 503 2687 554; x_wconf 82' lang='lat' dir='ltr'><strong>exque</strong></span> <span class='ocrx_word' id='word_1_22' title='bbox 2718 486 2887 555; x_wconf 73' lang='lat' dir='ltr'><strong>ipsius</strong></span> <span class='ocrx_word' id='word_1_23' title='bbox 2922 485 3061 551; x_wconf 87' lang='lat' dir='ltr'><strong>putri</strong></span> <span class='ocrx_word' id='word_1_24' title='bbox 3096 484 3317 537; x_wconf 83' lang='lat' dir='ltr'><strong>materia</strong></span> <span class='ocrx_word' id='word_1_25' title='bbox 3347 483 3462 536; x_wconf 84' lang='lat' dir='ltr'><strong>sine</strong></span> <span class='ocrx_word' id='word_1_26' title='bbox 3491 485 3635 537; x_wconf 88' lang='lat' dir='ltr'><strong>coitu</strong></span> 
     </span>
    </p>
   </div>
   <div class='ocr_carea' id='block_1_4' title="bbox 412 572 2161 645">
    <p class='ocr_par' dir='ltr' id='par_1_4' title="bbox 412 572 2158 645">
     <span class='ocr_line' id='line_1_4' title="bbox 412 572 2158 645; baseline 0.001 -15"><span class='ocrx_word' id='word_1_27' title='bbox 412 578 556 633; x_wconf 71' lang='grc' dir='ltr'>κατὰ</span> <span class='ocrx_word' id='word_1_28' title='bbox 591 579 691 643; x_wconf 82' lang='grc' dir='ltr'>τὴν</span> <span class='ocrx_word' id='word_1_29' title='bbox 719 576 830 630; x_wconf 77' lang='grc' dir='ltr'><strong>ἀπὸ</strong></span> <span class='ocrx_word' id='word_1_30' title='bbox 857 572 993 626; x_wconf 80' lang='grc' dir='ltr'><strong>Θεοῦ</strong></span> <span class='ocrx_word' id='word_1_31' title='bbox 1022 573 1364 642; x_wconf 75' lang='grc' dir='ltr'>τεταγμένην</span> <span class='ocrx_word' id='word_1_32' title='bbox 1402 575 1511 627; x_wconf 80' lang='grc' dir='ltr'><strong>τῶν</strong></span> <span class='ocrx_word' id='word_1_33' title='bbox 1540 576 1810 628; x_wconf 72' lang='grc' dir='ltr'>τοσούτων</span> <span class='ocrx_word' id='word_1_34' title='bbox 1841 578 1971 645; x_wconf 81' lang='grc' dir='ltr'>χρό-</span> <span class='ocrx_word' id='word_1_35' title='bbox 2076 582 2158 633; x_wconf 82' lang='lat' dir='ltr'><strong>vel</strong></span> 
     </span>
    </p>
   </div>
   <div class='ocr_carea' id='block_1_5' title="bbox 1889 572 3638 645">
    <p class='ocr_par' dir='ltr' id='par_1_5' title="bbox 1889 576 3638 644">
     <span class='ocr_line' id='line_1_5' title="bbox 1889 576 3638 644; baseline -0.001 -12"><span class='ocrx_word' id='word_1_36' title='bbox 1889 578 1971 644; x_wconf 78' lang='grc' dir='ltr'>ρό-</span> <span class='ocrx_word' id='word_1_37' title='bbox 2076 582 2223 633; x_wconf 83' lang='lat' dir='ltr'><strong>velut</strong></span> <span class='ocrx_word' id='word_1_38' title='bbox 2268 596 2501 634; x_wconf 75' lang='lat' dir='ltr'><strong>vermem</strong></span> <span class='ocrx_word' id='word_1_39' title='bbox 2539 579 2746 637; x_wconf 81' lang='lat' dir='ltr'><strong>enasci,</strong></span> <span class='ocrx_word' id='word_1_40' title='bbox 2799 592 2910 644; x_wconf 90' lang='lat' dir='ltr'><strong>quo</strong></span> <span class='ocrx_word' id='word_1_41' title='bbox 2944 577 3083 629; x_wconf 82' lang='lat' dir='ltr'><strong>idem</strong></span> <span class='ocrx_word' id='word_1_42' title='bbox 3134 577 3333 628; x_wconf 80' lang='lat' dir='ltr'><strong>animal</strong></span> <span class='ocrx_word' id='word_1_43' title='bbox 3370 576 3422 628; x_wconf 90' lang='lat' dir='ltr'><strong>in</strong></span> <span class='ocrx_word' id='word_1_44' title='bbox 3450 578 3638 630; x_wconf 77' lang='lat' dir='ltr'><strong>eadem</strong></span> 
     </span>
    </p>
   </div>
   <div class='ocr_carea' id='block_1_6' title="bbox 415 663 2164 738">
    <p class='ocr_par' dir='ltr' id='par_1_6' title="bbox 415 663 2164 738">
     <span class='ocr_line' id='line_1_6' title="bbox 415 663 2164 738; baseline 0.002 -20"><span class='ocrx_word' id='word_1_45' title='bbox 415 685 524 720; x_wconf 73' lang='lat' dir='ltr'><strong>ww</strong></span> <span class='ocrx_word' id='word_1_46' title='bbox 557 665 822 735; x_wconf 75' lang='grc' dir='ltr'><strong>περίοδον.</strong></span> <span class='ocrx_word' id='word_1_47' title='bbox 855 664 967 717; x_wconf 75' lang='grc' dir='ltr'><strong>Καὶ</strong></span> <span class='ocrx_word' id='word_1_48' title='bbox 994 663 1129 716; x_wconf 78' lang='grc' dir='ltr'>ἄλλα</span> <span class='ocrx_word' id='word_1_49' title='bbox 1158 663 1272 728; x_wconf 77' lang='grc' dir='ltr'><strong>ζῶα</strong></span> <span class='ocrx_word' id='word_1_50' title='bbox 1301 665 1361 728; x_wconf 74' lang='grc' dir='ltr'>ἐξ</span> <span class='ocrx_word' id='word_1_51' title='bbox 1386 665 1547 734; x_wconf 78' lang='grc' dir='ltr'>ἄλλης</span> <span class='ocrx_word' id='word_1_52' title='bbox 1580 666 1711 733; x_wconf 74' lang='grc' dir='ltr'>ὕλης</span> <span class='ocrx_word' id='word_1_53' title='bbox 1740 667 1974 733; x_wconf 65' lang='grc' dir='ltr'>γεννῶν-</span> <span class='ocrx_word' id='word_1_54' title='bbox 2076 685 2164 738; x_wconf 84' lang='lat' dir='ltr'><strong>spc</strong></span> 
     </span>
    </p>
   </div>
   <div class='ocr_carea' id='block_1_7' title="bbox 1886 663 3635 738">
    <p class='ocr_par' dir='ltr' id='par_1_7' title="bbox 1886 666 3635 738">
     <span class='ocr_line' id='line_1_7' title="bbox 1886 666 3635 738; baseline -0.005 -12"><span class='ocrx_word' id='word_1_55' title='bbox 1886 667 1974 718; x_wconf 74' lang='grc' dir='ltr'><strong>ὒν·-</strong></span> <span class='ocrx_word' id='word_1_56' title='bbox 2076 671 2259 738; x_wconf 80' lang='lat' dir='ltr'><strong>specie</strong></span> <span class='ocrx_word' id='word_1_57' title='bbox 2326 677 2636 736; x_wconf 85' lang='lat' dir='ltr'><strong>reparetur;</strong></span> <span class='ocrx_word' id='word_1_58' title='bbox 2694 668 2746 718; x_wconf 90' lang='lat' dir='ltr'><strong>in</strong></span> <span class='ocrx_word' id='word_1_59' title='bbox 2800 682 2908 734; x_wconf 91' lang='lat' dir='ltr'><strong>quo</strong></span> <span class='ocrx_word' id='word_1_60' title='bbox 2961 681 3147 719; x_wconf 85' lang='lat' dir='ltr'><strong>rursus</strong></span> <span class='ocrx_word' id='word_1_61' title='bbox 3203 666 3344 718; x_wconf 80' lang='lat' dir='ltr'><strong>idem</strong></span> <span class='ocrx_word' id='word_1_62' title='bbox 3405 666 3635 725; x_wconf 86' lang='lat' dir='ltr'><strong>accidat,</strong></span> 
     </span>
    </p>
   </div>
   <div class='ocr_carea' id='block_1_8' title="bbox 413 748 2162 827">
    <p class='ocr_par' dir='ltr' id='par_1_8' title="bbox 413 748 2162 827">
     <span class='ocr_line' id='line_1_8' title="bbox 413 748 2162 827; baseline 0.002 -20"><span class='ocrx_word' id='word_1_63' title='bbox 413 773 527 821; x_wconf 83' lang='grc' dir='ltr'>ται,</span> <span class='ocrx_word' id='word_1_64' title='bbox 557 755 617 806; x_wconf 68' lang='grc' dir='ltr'>οὔ</span> <span class='ocrx_word' id='word_1_65' title='bbox 661 748 801 807; x_wconf 71' lang='grc' dir='ltr'>κατὰ</span> <span class='ocrx_word' id='word_1_66' title='bbox 827 752 1056 820; x_wconf 83' lang='grc' dir='ltr'>δύναμιν</span> <span class='ocrx_word' id='word_1_67' title='bbox 1106 752 1451 822; x_wconf 78' lang='grc' dir='ltr'><strong>ἀνθρωπίνην</strong></span> <span class='ocrx_word' id='word_1_68' title='bbox 1479 770 1493 786; x_wconf 76' lang='grc' dir='ltr'>ο</span> <span class='ocrx_word' id='word_1_69' title='bbox 1526 758 1619 808; x_wconf 71' lang='grc' dir='ltr'>καὶ</span> <span class='ocrx_word' id='word_1_70' title='bbox 1654 757 1715 809; x_wconf 79' lang='grc' dir='ltr'>οὐ</span> <span class='ocrx_word' id='word_1_71' title='bbox 1740 756 1806 807; x_wconf 72' lang='grc' dir='ltr'>τὰ</span> <span class='ocrx_word' id='word_1_72' title='bbox 1837 757 1976 808; x_wconf 81' lang='grc' dir='ltr'>αὐτὰ</span> <span class='ocrx_word' id='word_1_73' title='bbox 2072 760 2162 827; x_wconf 54' lang='grc' dir='ltr'>,Ῑιιτ</span> 
     </span>
    </p>
   </div>
   <div class='ocr_carea' id='block_1_9' title="bbox 1885 748 3634 827">
    <p class='ocr_par' dir='ltr' id='par_1_9' title="bbox 1885 753 3634 827">
     <span class='ocr_line' id='line_1_9' title="bbox 1885 753 3634 827; baseline -0.002 -20"><span class='ocrx_word' id='word_1_74' title='bbox 1885 757 1976 808; x_wconf 63' lang='lat' dir='ltr'><strong>ira</strong></span> <span class='ocrx_word' id='word_1_75' title='bbox 2072 760 2226 827; x_wconf 72' lang='lat' dir='ltr'><strong>juxta</strong></span> <span class='ocrx_word' id='word_1_76' title='bbox 2262 772 2325 811; x_wconf 85' lang='lat' dir='ltr'><strong>ac</strong></span> <span class='ocrx_word' id='word_1_77' title='bbox 2357 757 2601 825; x_wconf 58' lang='lat' dir='ltr'><strong>exposcit</strong></span> <span class='ocrx_word' id='word_1_78' title='bbox 2658 766 2736 808; x_wconf 92' lang='lat' dir='ltr'><strong>tot</strong></span> <span class='ocrx_word' id='word_1_79' title='bbox 2768 770 3032 806; x_wconf 89' lang='lat' dir='ltr'><strong>annorum</strong></span> <span class='ocrx_word' id='word_1_80' title='bbox 3084 770 3114 805; x_wconf 87' lang='lat' dir='ltr'><strong>a</strong></span> <span class='ocrx_word' id='word_1_81' title='bbox 3169 753 3277 807; x_wconf 82' lang='lat' dir='ltr'><strong>Deo</strong></span> <span class='ocrx_word' id='word_1_82' title='bbox 3339 754 3634 807; x_wconf 79' lang='lat' dir='ltr'><strong>constituta</strong></span> 
     </span>
    </p>
   </div>
   <div class='ocr_carea' id='block_1_10' title="bbox 414 843 2163 936">
    <p class='ocr_par' dir='ltr' id='par_1_10' title="bbox 414 843 2163 936">
     <span class='ocr_line' id='line_1_10' title="bbox 414 843 2163 936; baseline 0.004 -40"><span class='ocrx_word' id='word_1_83' title='bbox 414 849 486 936; x_wconf 57' lang='grc' dir='ltr'>ἐξ</span> <span class='ocrx_word' id='word_1_84' title='bbox 512 845 623 897; x_wconf 88' lang='grc' dir='ltr'>τῶν</span> <span class='ocrx_word' id='word_1_85' title='bbox 654 844 835 898; x_wconf 81' lang='grc' dir='ltr'>αὐτῶν</span> <span class='ocrx_word' id='word_1_86' title='bbox 864 845 952 897; x_wconf 81' lang='grc' dir='ltr'><strong>ἀεί</strong></span> <span class='ocrx_word' id='word_1_87' title='bbox 973 860 987 875; x_wconf 82' lang='grc'><strong>·</strong></span> <span class='ocrx_word' id='word_1_88' title='bbox 1022 843 1209 912; x_wconf 83' lang='grc' dir='ltr'><strong>ὥσπερ</strong></span> <span class='ocrx_word' id='word_1_89' title='bbox 1236 846 1442 913; x_wconf 75' lang='grc' dir='ltr'>σφῆκες</span> <span class='ocrx_word' id='word_1_90' title='bbox 1504 848 1603 915; x_wconf 81' lang='grc' dir='ltr'><strong>μὲν</strong></span> <span class='ocrx_word' id='word_1_91' title='bbox 1636 850 1700 898; x_wconf 79' lang='grc' dir='ltr'>ἐκ</span> <span class='ocrx_word' id='word_1_92' title='bbox 1749 849 1850 914; x_wconf 82' lang='grc' dir='ltr'><strong>τῆς</strong></span> <span class='ocrx_word' id='word_1_93' title='bbox 1880 847 1973 900; x_wconf 83' lang='grc' dir='ltr'><strong>τοῦ</strong></span> <span class='ocrx_word' id='word_1_94' title='bbox 2079 866 2163 919; x_wconf 83' lang='lat' dir='ltr'><strong>per</strong></span> 
     </span>
    </p>
   </div>
   <div class='ocr_carea' id='block_1_11' title="bbox 1888 843 3637 936">
    <p class='ocr_par' dir='ltr' id='par_1_11' title="bbox 1888 847 3637 919">
     <span class='ocr_line' id='line_1_11' title="bbox 1888 847 3637 919; baseline -0.001 -19"><span class='ocrx_word' id='word_1_95' title='bbox 1888 847 1973 900; x_wconf 83' lang='grc' dir='ltr'><strong>τοῦ</strong></span> <span class='ocrx_word' id='word_1_96' title='bbox 2079 850 2355 919; x_wconf 79' lang='lat' dir='ltr'><strong>periodus.</strong></span> <span class='ocrx_word' id='word_1_97' title='bbox 2390 850 2508 902; x_wconf 79' lang='lat' dir='ltr'><strong>Alia</strong></span> <span class='ocrx_word' id='word_1_98' title='bbox 2539 863 2759 917; x_wconf 89' lang='lat' dir='ltr'><strong>quoque</strong></span> <span class='ocrx_word' id='word_1_99' title='bbox 2786 847 3040 901; x_wconf 80' lang='lat' dir='ltr'><strong>animalia</strong></span> <span class='ocrx_word' id='word_1_100' title='bbox 3092 863 3156 899; x_wconf 76' lang='lat' dir='ltr'><strong>ex</strong></span> <span class='ocrx_word' id='word_1_101' title='bbox 3189 848 3293 900; x_wconf 87' lang='lat' dir='ltr'><strong>alia</strong></span> <span class='ocrx_word' id='word_1_102' title='bbox 3342 849 3637 918; x_wconf 81' lang='lat' dir='ltr'><strong>gignuntur</strong></span> 
     </span>
    </p>
   </div>
   <div class='ocr_carea' id='block_1_12' title="bbox 416 935 2165 1007">
    <p class='ocr_par' dir='ltr' id='par_1_12' title="bbox 416 935 2165 1005">
     <span class='ocr_line' id='line_1_12' title="bbox 416 935 2165 1005; baseline 0.005 -19"><span class='ocrx_word' id='word_1_103' title='bbox 416 935 586 987; x_wconf 74' lang='grc' dir='ltr'>ἵππου</span> <span class='ocrx_word' id='word_1_104' title='bbox 617 935 879 1003; x_wconf 79' lang='grc' dir='ltr'><strong>κεφαλῆς,</strong></span> <span class='ocrx_word' id='word_1_105' title='bbox 909 936 973 988; x_wconf 67' lang='grc' dir='ltr'><strong>ἐκ</strong></span> <span class='ocrx_word' id='word_1_106' title='bbox 994 935 1051 988; x_wconf 74' lang='grc' dir='ltr'><strong>δὲ</strong></span> <span class='ocrx_word' id='word_1_107' title='bbox 1078 936 1171 988; x_wconf 84' lang='grc' dir='ltr'><strong>τοῦ</strong></span> <span class='ocrx_word' id='word_1_108' title='bbox 1195 936 1313 1005; x_wconf 76' lang='grc' dir='ltr'><strong>βοὸς</strong></span> <span class='ocrx_word' id='word_1_109' title='bbox 1344 938 1613 1005; x_wconf 80' lang='grc' dir='ltr'><strong>μέλιτται,</strong></span> <span class='ocrx_word' id='word_1_110' title='bbox 1645 940 1737 991; x_wconf 76' lang='grc' dir='ltr'><strong>καὶ</strong></span> <span class='ocrx_word' id='word_1_111' title='bbox 1760 939 1893 992; x_wconf 80' lang='grc' dir='ltr'>ἄλλα</span> <span class='ocrx_word' id='word_1_112' title='bbox 1919 939 1978 1001; x_wconf 76' lang='grc' dir='ltr'><strong>ἐξ</strong></span> <span class='ocrx_word' id='word_1_113' title='bbox 2080 955 2165 994; x_wconf 93' lang='lat' dir='ltr'><strong>ma</strong></span> 
     </span>
    </p>
   </div>
   <div class='ocr_carea' id='block_1_13' title="bbox 1893 935 3642 1007">
    <p class='ocr_par' dir='ltr' id='par_1_13' title="bbox 1919 937 3642 1007">
     <span class='ocr_line' id='line_1_13' title="bbox 1919 937 3642 1007; baseline 0 -17"><span class='ocrx_word' id='word_1_114' title='bbox 1919 939 1978 1001; x_wconf 75' lang='grc' dir='ltr'><strong>ἐξ</strong></span> <span class='ocrx_word' id='word_1_115' title='bbox 2080 940 2329 1003; x_wconf 90' lang='lat' dir='ltr'><strong>materia,</strong></span> <span class='ocrx_word' id='word_1_116' title='bbox 2385 952 2697 1007; x_wconf 79' lang='lat' dir='ltr'><strong>quanquam</strong></span> <span class='ocrx_word' id='word_1_117' title='bbox 2745 937 2798 989; x_wconf 97' lang='lat' dir='ltr'><strong>id</strong></span> <span class='ocrx_word' id='word_1_118' title='bbox 2837 937 3128 989; x_wconf 82' lang='lat' dir='ltr'><strong>humanam</strong></span> <span class='ocrx_word' id='word_1_119' title='bbox 3171 939 3384 991; x_wconf 78' lang='lat' dir='ltr'><strong>excedit</strong></span> <span class='ocrx_word' id='word_1_120' title='bbox 3420 938 3642 991; x_wconf 75' lang='lat' dir='ltr'><strong>faculta~</strong></span> 
     </span>
    </p>
   </div>
   <div class='ocr_carea' id='block_1_14' title="bbox 414 1024 1978 1098">
    <p class='ocr_par' dir='ltr' id='par_1_14' title="bbox 414 1024 1978 1098">
     <span class='ocr_line' id='line_1_14' title="bbox 414 1024 1978 1098; baseline 0.001 -19"><span class='ocrx_word' id='word_1_121' title='bbox 414 1026 594 1079; x_wconf 75' lang='grc' dir='ltr'>ἄλλων</span> <span class='ocrx_word' id='word_1_122' title='bbox 617 1042 631 1056; x_wconf 90' lang='grc'><strong>·</strong></span> <span class='ocrx_word' id='word_1_123' title='bbox 666 1024 761 1078; x_wconf 79' lang='grc' dir='ltr'>τοῦ</span> <span class='ocrx_word' id='word_1_124' title='bbox 796 1024 932 1078; x_wconf 80' lang='grc' dir='ltr'><strong>Θεοῦ</strong></span> <span class='ocrx_word' id='word_1_125' title='bbox 959 1026 1048 1079; x_wconf 80' lang='grc' dir='ltr'><strong>διὰ</strong></span> <span class='ocrx_word' id='word_1_126' title='bbox 1068 1024 1273 1078; x_wconf 84' lang='grc' dir='ltr'>τούτων</span> <span class='ocrx_word' id='word_1_127' title='bbox 1290 1028 1707 1090; x_wconf 71' lang='grc' dir='ltr'>’ὑποδεικνύντος</span> <span class='ocrx_word' id='word_1_128' title='bbox 1742 1031 1872 1096; x_wconf 75' lang='grc' dir='ltr'>ἡμίν</span> <span class='ocrx_word' id='word_1_129' title='bbox 1901 1030 1978 1098; x_wconf 82' lang='grc' dir='ltr'>μὴ</span> 
     </span>
    </p>
   </div>
   <div class='ocr_carea' id='block_1_15' title="bbox 416 1113 1979 1190">
    <p class='ocr_par' dir='ltr' id='par_1_15' title="bbox 416 1113 1979 1190">
     <span class='ocr_line' id='line_1_15' title="bbox 416 1113 1979 1190; baseline 0.006 -26"><span class='ocrx_word' id='word_1_130' title='bbox 416 1116 646 1181; x_wconf 75' lang='grc' dir='ltr'><strong>ἀπορεῖν</strong></span> <span class='ocrx_word' id='word_1_131' title='bbox 665 1115 760 1167; x_wconf 74' lang='grc' dir='ltr'><strong>ἐπὶ</strong></span> <span class='ocrx_word' id='word_1_132' title='bbox 786 1114 894 1166; x_wconf 84' lang='grc' dir='ltr'><strong>τῶν</strong></span> <span class='ocrx_word' id='word_1_133' title='bbox 922 1114 1390 1184; x_wconf 77' lang='grc' dir='ltr'>παραδοξοτέρων.</span> <span class='ocrx_word' id='word_1_134' title='bbox 1413 1132 1488 1170; x_wconf 86' lang='grc' dir='ltr'><strong>ων</strong></span> <span class='ocrx_word' id='word_1_135' title='bbox 1516 1120 1544 1190; x_wconf 72' lang='grc' dir='ltr'><strong>ό</strong></span> <span class='ocrx_word' id='word_1_136' title='bbox 1572 1119 1701 1181; x_wconf 70' lang='grc' dir='ltr'><strong>Θεὸς</strong></span> <span class='ocrx_word' id='word_1_137' title='bbox 1727 1113 1979 1174; x_wconf 80' lang='grc' dir='ltr'><strong>διδάσκα-</strong></span> 
     </span>
    </p>
   </div>
   <div class='ocr_carea' id='block_1_16' title="bbox 419 1202 1979 1273">
    <p class='ocr_par' dir='ltr' id='par_1_16' title="bbox 419 1202 1979 1273">
     <span class='ocr_line' id='line_1_16' title="bbox 419 1202 1979 1273; baseline 0.008 -23"><span class='ocrx_word' id='word_1_138' title='bbox 419 1202 511 1263; x_wconf 88' lang='grc' dir='ltr'>λος</span> <span class='ocrx_word' id='word_1_139' title='bbox 534 1204 807 1270; x_wconf 69' lang='grc' dir='ltr'><strong>ὲγεγόνειυ</strong></span> <span class='ocrx_word' id='word_1_140' title='bbox 843 1206 938 1256; x_wconf 78' lang='grc' dir='ltr'><strong>καὶ</strong></span> <span class='ocrx_word' id='word_1_141' title='bbox 974 1204 1137 1268; x_wconf 80' lang='grc' dir='ltr'>αὐτὸς</span> <span class='ocrx_word' id='word_1_142' title='bbox 1186 1207 1365 1273; x_wconf 86' lang='grc' dir='ltr'>μόνος,</span> <span class='ocrx_word' id='word_1_143' title='bbox 1396 1207 1472 1270; x_wconf 82' lang='grc' dir='ltr'>ὡς</span> <span class='ocrx_word' id='word_1_144' title='bbox 1509 1209 1574 1260; x_wconf 81' lang='grc' dir='ltr'><strong>τὰ</strong></span> <span class='ocrx_word' id='word_1_145' title='bbox 1617 1212 1790 1263; x_wconf 75' lang='grc' dir='ltr'>πάντα</span> <span class='ocrx_word' id='word_1_146' title='bbox 1821 1211 1979 1263; x_wconf 69' lang='grc' dir='ltr'><strong>δυνάο</strong></span> 
     </span>
    </p>
   </div>
   <div class='ocr_carea' id='block_1_17' title="bbox 419 1293 1146 1359">
    <p class='ocr_par' dir='ltr' id='par_1_17' title="bbox 419 1293 1146 1359">
     <span class='ocr_line' id='line_1_17' title="bbox 419 1293 1146 1359; baseline 0.01 -17"><span class='ocrx_word' id='word_1_147' title='bbox 419 1309 607 1359; x_wconf 75' lang='grc' dir='ltr'>μενος,</span> <span class='ocrx_word' id='word_1_148' title='bbox 634 1293 875 1346; x_wconf 77' lang='grc' dir='ltr'><strong>τελειοῦν</strong></span> <span class='ocrx_word' id='word_1_149' title='bbox 904 1294 1146 1349; x_wconf 72' lang='grc' dir='ltr'><strong>δύναται.</strong></span> 
     </span>
    </p>
   </div>
   <div class='ocr_carea' id='block_1_18' title="bbox 492 1556 1984 1635">
    <p class='ocr_par' dir='ltr' id='par_1_18' title="bbox 492 1556 1984 1635">
     <span class='ocr_line' id='line_1_18' title="bbox 492 1556 1984 1635; baseline 0.011 -29"><span class='ocrx_word' id='word_1_150' title='bbox 492 1556 604 1623; x_wconf 84' lang='grc' dir='ltr'><strong>Τῆς</strong></span> <span class='ocrx_word' id='word_1_151' title='bbox 661 1558 1009 1623; x_wconf 74' lang='grc' dir='ltr'><strong>ἀναστάσεως</strong></span> <span class='ocrx_word' id='word_1_152' title='bbox 1062 1565 1239 1617; x_wconf 90' lang='grc' dir='ltr'>τοίνυν</span> <span class='ocrx_word' id='word_1_153' title='bbox 1282 1568 1377 1619; x_wconf 69' lang='grc' dir='ltr'>καὶ</span> <span class='ocrx_word' id='word_1_154' title='bbox 1426 1569 1525 1635; x_wconf 80' lang='grc' dir='ltr'><strong>τῆς</strong></span> <span class='ocrx_word' id='word_1_155' title='bbox 1571 1570 1984 1632; x_wconf 80' lang='grc' dir='ltr'><strong>ἀνταποδόσεως</strong></span> 
     </span>
    </p>
   </div>
   <div class='ocr_carea' id='block_1_19' title="bbox 416 1644 1983 1727">
    <p class='ocr_par' dir='ltr' id='par_1_19' title="bbox 416 1644 1983 1727">
     <span class='ocr_line' id='line_1_19' title="bbox 416 1644 1983 1727; baseline 0.01 -31"><span class='ocrx_word' id='word_1_156' title='bbox 416 1644 849 1715; x_wconf 74' lang='grc' dir='ltr'><strong>ἀναιρουμένων,</strong></span> <span class='ocrx_word' id='word_1_157' title='bbox 874 1651 1055 1719; x_wconf 82' lang='grc' dir='ltr'>πλήθη</span> <span class='ocrx_word' id='word_1_158' title='bbox 1074 1654 1290 1707; x_wconf 78' lang='grc' dir='ltr'>ἀτόπων</span> <span class='ocrx_word' id='word_1_159' title='bbox 1311 1656 1651 1725; x_wconf 77' lang='grc' dir='ltr'><strong>συμϐήσεται</strong></span> <span class='ocrx_word' id='word_1_160' title='bbox 1676 1659 1983 1727; x_wconf 83' lang='grc' dir='ltr'><strong>ὁμολογεῖν.</strong></span> 
     </span>
    </p>
   </div>
   <div class='ocr_carea' id='block_1_20' title="bbox 421 1735 1987 1816">
    <p class='ocr_par' dir='ltr' id='par_1_20' title="bbox 421 1735 1987 1816">
     <span class='ocr_line' id='line_1_20' title="bbox 421 1735 1987 1816; baseline 0.012 -32"><span class='ocrx_word' id='word_1_161' title='bbox 421 1735 547 1787; x_wconf 83' lang='grc' dir='ltr'><strong>Ὅτι</strong></span> <span class='ocrx_word' id='word_1_162' title='bbox 596 1738 665 1789; x_wconf 79' lang='grc' dir='ltr'>τὰ</span> <span class='ocrx_word' id='word_1_163' title='bbox 723 1738 893 1806; x_wconf 80' lang='grc' dir='ltr'>ἄλογα</span> <span class='ocrx_word' id='word_1_164' title='bbox 952 1741 1067 1803; x_wconf 83' lang='grc' dir='ltr'><strong>ζῶα</strong></span> <span class='ocrx_word' id='word_1_165' title='bbox 1122 1745 1408 1811; x_wconf 88' lang='grc' dir='ltr'>κρείττονα</span> <span class='ocrx_word' id='word_1_166' title='bbox 1438 1749 1591 1816; x_wconf 76' lang='grc' dir='ltr'>ἡμῶν</span> <span class='ocrx_word' id='word_1_167' title='bbox 1618 1750 1759 1802; x_wconf 77' lang='grc' dir='ltr'>είσίο</span> <span class='ocrx_word' id='word_1_168' title='bbox 1797 1750 1987 1803; x_wconf 82' lang='grc' dir='ltr'>καθότι</span> 
     </span>
    </p>
   </div>
   <div class='ocr_carea' id='block_1_21' title="bbox 2083 1027 3644 1097">
    <p class='ocr_par' dir='ltr' id='par_1_21' title="bbox 2083 1027 3644 1097">
     <span class='ocr_line' id='line_1_21' title="bbox 2083 1027 3644 1097; baseline -0.003 -13"><span class='ocrx_word' id='word_1_169' title='bbox 2083 1040 2212 1094; x_wconf 86' lang='lat' dir='ltr'><strong>tetu,</strong></span> <span class='ocrx_word' id='word_1_170' title='bbox 2237 1044 2338 1084; x_wconf 88' lang='lat' dir='ltr'><strong>nec</strong></span> <span class='ocrx_word' id='word_1_171' title='bbox 2361 1043 2575 1097; x_wconf 84' lang='lat' dir='ltr'><strong>semper</strong></span> <span class='ocrx_word' id='word_1_172' title='bbox 2598 1027 2782 1082; x_wconf 86' lang='lat' dir='ltr'><strong>eadem</strong></span> <span class='ocrx_word' id='word_1_173' title='bbox 2821 1043 2885 1081; x_wconf 80' lang='lat' dir='ltr'><strong>ex</strong></span> <span class='ocrx_word' id='word_1_174' title='bbox 2941 1028 3156 1088; x_wconf 84' lang='lat' dir='ltr'><strong>iisdem,</strong></span> <span class='ocrx_word' id='word_1_175' title='bbox 3197 1037 3326 1097; x_wconf 75' lang='lat' dir='ltr'><strong>puta</strong></span> <span class='ocrx_word' id='word_1_176' title='bbox 3376 1044 3551 1097; x_wconf 58' lang='lat' dir='ltr'><strong>vespae</strong></span> <span class='ocrx_word' id='word_1_177' title='bbox 3580 1046 3644 1082; x_wconf 75' lang='lat' dir='ltr'><strong>ex</strong></span> 
     </span>
    </p>
   </div>
   <div class='ocr_carea' id='block_1_22' title="bbox 2081 1118 3643 1190">
    <p class='ocr_par' dir='ltr' id='par_1_22' title="bbox 2081 1118 3643 1190">
     <span class='ocr_line' id='line_1_22' title="bbox 2081 1118 3643 1190; baseline -0.004 -11"><span class='ocrx_word' id='word_1_178' title='bbox 2081 1122 2281 1190; x_wconf 89' lang='lat' dir='ltr'><strong>equino</strong></span> <span class='ocrx_word' id='word_1_179' title='bbox 2319 1121 2515 1190; x_wconf 83' lang='lat' dir='ltr'><strong>capite,</strong></span> <span class='ocrx_word' id='word_1_180' title='bbox 2542 1133 2720 1187; x_wconf 81' lang='lat' dir='ltr'><strong>exque</strong></span> <span class='ocrx_word' id='word_1_181' title='bbox 2745 1118 2941 1172; x_wconf 89' lang='lat' dir='ltr'><strong>bovino</strong></span> <span class='ocrx_word' id='word_1_182' title='bbox 2981 1134 3130 1188; x_wconf 87' lang='lat' dir='ltr'><strong>apes,</strong></span> <span class='ocrx_word' id='word_1_183' title='bbox 3156 1132 3208 1174; x_wconf 92' lang='lat' dir='ltr'><strong>et</strong></span> <span class='ocrx_word' id='word_1_184' title='bbox 3252 1134 3312 1171; x_wconf 73' lang='lat' dir='ltr'><strong>ex</strong></span> <span class='ocrx_word' id='word_1_185' title='bbox 3353 1120 3473 1173; x_wconf 88' lang='lat' dir='ltr'><strong>aliis</strong></span> <span class='ocrx_word' id='word_1_186' title='bbox 3519 1120 3643 1173; x_wconf 86' lang='lat' dir='ltr'><strong>alia.</strong></span> 
     </span>
    </p>
   </div>
   <div class='ocr_carea' id='block_1_23' title="bbox 2084 1209 3649 1278">
    <p class='ocr_par' dir='ltr' id='par_1_23' title="bbox 2084 1209 3649 1278">
     <span class='ocr_line' id='line_1_23' title="bbox 2084 1209 3649 1278; baseline -0.003 -11"><span class='ocrx_word' id='word_1_187' title='bbox 2084 1213 2294 1278; x_wconf 85' lang='lat' dir='ltr'><strong>Quibus</strong></span> <span class='ocrx_word' id='word_1_188' title='bbox 2332 1211 2572 1264; x_wconf 84' lang='lat' dir='ltr'><strong>ostendit</strong></span> <span class='ocrx_word' id='word_1_189' title='bbox 2614 1209 2776 1272; x_wconf 85' lang='lat' dir='ltr'><strong>Deus,</strong></span> <span class='ocrx_word' id='word_1_190' title='bbox 2822 1209 2965 1262; x_wconf 86' lang='lat' dir='ltr'><strong>haud</strong></span> <span class='ocrx_word' id='word_1_191' title='bbox 3002 1226 3052 1261; x_wconf 92' lang='lat' dir='ltr'><strong>III</strong></span> <span class='ocrx_word' id='word_1_192' title='bbox 3092 1209 3234 1273; x_wconf 88' lang='lat' dir='ltr'><strong>aliis,</strong></span> <span class='ocrx_word' id='word_1_193' title='bbox 3271 1224 3391 1276; x_wconf 71' lang='lat' dir='ltr'><strong>qua:</strong></span> <span class='ocrx_word' id='word_1_194' title='bbox 3425 1209 3649 1277; x_wconf 74' lang='lat' dir='ltr'><strong>majoris</strong></span> 
     </span>
    </p>
   </div>
   <div class='ocr_carea' id='block_1_24' title="bbox 2085 1300 3648 1371">
    <p class='ocr_par' dir='ltr' id='par_1_24' title="bbox 2085 1300 3648 1371">
     <span class='ocr_line' id='line_1_24' title="bbox 2085 1300 3648 1371; baseline -0.004 -14"><span class='ocrx_word' id='word_1_195' title='bbox 2085 1303 2289 1371; x_wconf 87' lang='lat' dir='ltr'><strong>aliquid</strong></span> <span class='ocrx_word' id='word_1_196' title='bbox 2310 1301 2557 1355; x_wconf 82' lang='lat' dir='ltr'><strong>miraculi</strong></span> <span class='ocrx_word' id='word_1_197' title='bbox 2584 1301 2818 1354; x_wconf 86' lang='lat' dir='ltr'><strong>habeant</strong></span> <span class='ocrx_word' id='word_1_198' title='bbox 2845 1300 2945 1369; x_wconf 80' lang='lat' dir='ltr'><strong>[ide</strong></span> <span class='ocrx_word' id='word_1_199' title='bbox 2996 1309 3207 1362; x_wconf 80' lang='lat' dir='ltr'><strong>nutare,</strong></span> <span class='ocrx_word' id='word_1_200' title='bbox 3245 1315 3480 1368; x_wconf 88' lang='lat' dir='ltr'><strong>quorum</strong></span> <span class='ocrx_word' id='word_1_201' title='bbox 3532 1300 3648 1367; x_wconf 83' lang='lat' dir='ltr'><strong>ipse</strong></span> 
     </span>
    </p>
   </div>
   <div class='ocr_carea' id='block_1_25' title="bbox 2085 1390 3646 1459">
    <p class='ocr_par' dir='ltr' id='par_1_25' title="bbox 2085 1390 3646 1459">
     <span class='ocr_line' id='line_1_25' title="bbox 2085 1390 3646 1459; baseline -0.001 -14"><span class='ocrx_word' id='word_1_202' title='bbox 2085 1394 2276 1446; x_wconf 91' lang='lat' dir='ltr'><strong>doctor</strong></span> <span class='ocrx_word' id='word_1_203' title='bbox 2302 1391 2591 1451; x_wconf 79' lang='lat' dir='ltr'><strong>exstiterit.</strong></span> <span class='ocrx_word' id='word_1_204' title='bbox 2618 1405 2682 1444; x_wconf 85' lang='lat' dir='ltr'><strong>ac</strong></span> <span class='ocrx_word' id='word_1_205' title='bbox 2713 1405 2835 1459; x_wconf 75' lang='lat' dir='ltr'><strong>qua:</strong></span> <span class='ocrx_word' id='word_1_206' title='bbox 2873 1390 3047 1454; x_wconf 87' lang='lat' dir='ltr'><strong>solus,</strong></span> <span class='ocrx_word' id='word_1_207' title='bbox 3086 1392 3232 1443; x_wconf 74' lang='lat' dir='ltr'><strong>velut</strong></span> <span class='ocrx_word' id='word_1_208' title='bbox 3274 1391 3646 1458; x_wconf 82' lang='lat' dir='ltr'><strong>omnipotens,</strong></span> 
     </span>
    </p>
   </div>
   <div class='ocr_carea' id='block_1_26' title="bbox 2086 1482 2753 1550">
    <p class='ocr_par' dir='ltr' id='par_1_26' title="bbox 2086 1482 2753 1550">
     <span class='ocr_line' id='line_1_26' title="bbox 2086 1482 2753 1550; baseline -0.006 -13"><span class='ocrx_word' id='word_1_209' title='bbox 2086 1484 2233 1538; x_wconf 77' lang='lat' dir='ltr'><strong>exitu</strong></span> <span class='ocrx_word' id='word_1_210' title='bbox 2270 1490 2526 1550; x_wconf 79' lang='lat' dir='ltr'><strong>praestare</strong></span> <span class='ocrx_word' id='word_1_211' title='bbox 2558 1482 2753 1550; x_wconf 84' lang='lat' dir='ltr'><strong>possit.</strong></span> 
     </span>
    </p>
   </div>
   <div class='ocr_carea' id='block_1_27' title="bbox 2159 1566 3651 1637">
    <p class='ocr_par' dir='ltr' id='par_1_27' title="bbox 2159 1566 3651 1637">
     <span class='ocr_line' id='line_1_27' title="bbox 2159 1566 3651 1637; baseline -0.005 -13"><span class='ocrx_word' id='word_1_212' title='bbox 2159 1570 2383 1624; x_wconf 81' lang='lat' dir='ltr'><strong>Sublata</strong></span> <span class='ocrx_word' id='word_1_213' title='bbox 2416 1570 2597 1637; x_wconf 84' lang='lat' dir='ltr'><strong>itaque</strong></span> <span class='ocrx_word' id='word_1_214' title='bbox 2622 1566 3016 1622; x_wconf 90' lang='lat' dir='ltr'><strong>resurrectione</strong></span> <span class='ocrx_word' id='word_1_215' title='bbox 3041 1578 3199 1635; x_wconf 76' lang='lat' dir='ltr'><strong>atque</strong></span> <span class='ocrx_word' id='word_1_216' title='bbox 3230 1582 3455 1633; x_wconf 88' lang='lat' dir='ltr'><strong>operum</strong></span> <span class='ocrx_word' id='word_1_217' title='bbox 3492 1570 3651 1619; x_wconf 88' lang='lat' dir='ltr'><strong>retri-</strong></span> 
     </span>
    </p>
   </div>
   <div class='ocr_carea' id='block_1_28' title="bbox 2089 1658 3650 1726">
    <p class='ocr_par' dir='ltr' id='par_1_28' title="bbox 2089 1658 3650 1726">
     <span class='ocr_line' id='line_1_28' title="bbox 2089 1658 3650 1726; baseline -0.004 -11"><span class='ocrx_word' id='word_1_218' title='bbox 2089 1662 2695 1726; x_wconf 84' lang='lat' dir='ltr'><strong>butione,conscquens</strong></span> <span class='ocrx_word' id='word_1_219' title='bbox 2722 1658 2779 1711; x_wconf 84' lang='lat' dir='ltr'><strong>ﬁt</strong></span> <span class='ocrx_word' id='word_1_220' title='bbox 2816 1669 2875 1711; x_wconf 87' lang='lat' dir='ltr'><strong>ut</strong></span> <span class='ocrx_word' id='word_1_221' title='bbox 2925 1662 3209 1711; x_wconf 85' lang='lat' dir='ltr'><strong>innumera</strong></span> <span class='ocrx_word' id='word_1_222' title='bbox 3266 1658 3500 1710; x_wconf 82' lang='lat' dir='ltr'><strong>absurda</strong></span> <span class='ocrx_word' id='word_1_223' title='bbox 3554 1658 3650 1709; x_wconf 86' lang='lat' dir='ltr'><strong>ad-</strong></span> 
     </span>
    </p>
   </div>
   <div class='ocr_carea' id='block_1_29' title="bbox 2093 1746 3651 1817">
    <p class='ocr_par' dir='ltr' id='par_1_29' title="bbox 2093 1746 3651 1817">
     <span class='ocr_line' id='line_1_29' title="bbox 2093 1746 3651 1817; baseline -0.004 -11"><span class='ocrx_word' id='word_1_224' title='bbox 2093 1754 2353 1806; x_wconf 89' lang='lat' dir='ltr'><strong>mittenda</strong></span> <span class='ocrx_word' id='word_1_225' title='bbox 2382 1752 2515 1803; x_wconf 89' lang='lat' dir='ltr'><strong>sint.</strong></span> <span class='ocrx_word' id='word_1_226' title='bbox 2548 1746 2751 1817; x_wconf 85' lang='lat' dir='ltr'><strong>Nempe</strong></span> <span class='ocrx_word' id='word_1_227' title='bbox 2787 1760 2937 1802; x_wconf 90' lang='lat' dir='ltr'><strong>muta</strong></span> <span class='ocrx_word' id='word_1_228' title='bbox 2966 1749 3222 1801; x_wconf 82' lang='lat' dir='ltr'><strong>animalia</strong></span> <span class='ocrx_word' id='word_1_229' title='bbox 3255 1748 3463 1801; x_wconf 86' lang='lat' dir='ltr'><strong>meliori</strong></span> <span class='ocrx_word' id='word_1_230' title='bbox 3495 1748 3651 1801; x_wconf 80' lang='lat' dir='ltr'><strong>nobis</strong></span> 
     </span>
    </p>
   </div>
   <div class='ocr_carea' id='block_1_30' title="bbox 419 1821 2168 1909">
    <p class='ocr_par' dir='ltr' id='par_1_30' title="bbox 419 1821 2168 1907">
     <span class='ocr_line' id='line_1_30' title="bbox 419 1821 2168 1907; baseline 0.012 -33"><span class='ocrx_word' id='word_1_231' title='bbox 419 1825 607 1878; x_wconf 76' lang='grc' dir='ltr'><strong>ἐκεῖνα</strong></span> <span class='ocrx_word' id='word_1_232' title='bbox 643 1829 739 1895; x_wconf 72' lang='grc' dir='ltr'><strong>μὶν</strong></span> <span class='ocrx_word' id='word_1_233' title='bbox 771 1827 916 1898; x_wconf 80' lang='grc' dir='ltr'>ζωὴν</span> <span class='ocrx_word' id='word_1_234' title='bbox 953 1832 1160 1886; x_wconf 69' lang='grc' dir='ltr'>ἄλυπον</span> <span class='ocrx_word' id='word_1_235' title='bbox 1185 1834 1402 1903; x_wconf 78' lang='grc' dir='ltr'>ἔχουσιν</span> <span class='ocrx_word' id='word_1_236' title='bbox 1423 1854 1437 1868; x_wconf 78' lang='grc' dir='ltr'>ο</span> <span class='ocrx_word' id='word_1_237' title='bbox 1492 1839 1571 1907; x_wconf 85' lang='grc' dir='ltr'>ήμ</span> <span class='ocrx_word' id='word_1_238' title='bbox 1604 1841 1654 1901; x_wconf 81' lang='grc' dir='ltr'>ῖς</span> <span class='ocrx_word' id='word_1_239' title='bbox 1683 1838 1738 1891; x_wconf 82' lang='grc' dir='ltr'><strong>δὲ</strong></span> <span class='ocrx_word' id='word_1_240' title='bbox 1775 1842 1867 1892; x_wconf 74' lang='grc' dir='ltr'>καὶ</span> <span class='ocrx_word' id='word_1_241' title='bbox 1896 1841 1957 1892; x_wconf 90' lang='grc' dir='ltr'>λυ</span> <span class='ocrx_word' id='word_1_242' title='bbox 2019 1821 2060 1875; x_wconf 72' lang='grc' dir='ltr'><strong>Β</strong></span> <span class='ocrx_word' id='word_1_243' title='bbox 2087 1859 2168 1896; x_wconf 80' lang='lat' dir='ltr'><strong>sor</strong></span> 
     </span>
    </p>
   </div>
   <div class='ocr_carea' id='block_1_31' title="bbox 1907 1821 3656 1909">
    <p class='ocr_par' dir='ltr' id='par_1_31' title="bbox 1907 1821 3656 1909">
     <span class='ocr_line' id='line_1_31' title="bbox 1907 1821 3656 1909; baseline -0.001 -17"><span class='ocrx_word' id='word_1_244' title='bbox 1907 1845 1957 1892; x_wconf 69' lang='lat' dir='ltr'><strong>tu</strong></span> <span class='ocrx_word' id='word_1_245' title='bbox 2019 1821 2060 1875; x_wconf 71' lang='grc' dir='ltr'><strong>Β</strong></span> <span class='ocrx_word' id='word_1_246' title='bbox 2087 1856 2232 1897; x_wconf 84' lang='lat' dir='ltr'><strong>sorte</strong></span> <span class='ocrx_word' id='word_1_247' title='bbox 2263 1843 2442 1897; x_wconf 71' lang='lat' dir='ltr'><strong>futura</strong></span> <span class='ocrx_word' id='word_1_248' title='bbox 2476 1856 2635 1907; x_wconf 89' lang='lat' dir='ltr'><strong>sunt;</strong></span> <span class='ocrx_word' id='word_1_249' title='bbox 2670 1852 2941 1909; x_wconf 77' lang='lat' dir='ltr'><strong>quatenus</strong></span> <span class='ocrx_word' id='word_1_250' title='bbox 2973 1842 3062 1896; x_wconf 90' lang='lat' dir='ltr'><strong>illa</strong></span> <span class='ocrx_word' id='word_1_251' title='bbox 3092 1843 3255 1896; x_wconf 90' lang='lat' dir='ltr'><strong>vitam</strong></span> <span class='ocrx_word' id='word_1_252' title='bbox 3302 1844 3487 1896; x_wconf 90' lang='lat' dir='ltr'><strong>vivunt</strong></span> <span class='ocrx_word' id='word_1_253' title='bbox 3543 1856 3656 1893; x_wconf 80' lang='lat' dir='ltr'><strong>mo-</strong></span> 
     </span>
    </p>
   </div>
   <div class='ocr_carea' id='block_1_32' title="bbox 419 1920 1988 2003">
    <p class='ocr_par' dir='ltr' id='par_1_32' title="bbox 419 1920 1988 2003">
     <span class='ocr_line' id='line_1_32' title="bbox 419 1920 1988 2003; baseline 0.011 -35"><span class='ocrx_word' id='word_1_254' title='bbox 419 1920 797 1986; x_wconf 75' lang='grc' dir='ltr'><strong>πούμεΟα-καὶ</strong></span> <span class='ocrx_word' id='word_1_255' title='bbox 825 1922 1228 1995; x_wconf 80' lang='grc' dir='ltr'>κινδυνεύομεν,</span> <span class='ocrx_word' id='word_1_256' title='bbox 1256 1927 1551 2001; x_wconf 71' lang='grc' dir='ltr'><strong>ἐξαιρέτως</strong></span> <span class='ocrx_word' id='word_1_257' title='bbox 1597 1930 1684 1983; x_wconf 84' lang='grc' dir='ltr'>διὰ</span> <span class='ocrx_word' id='word_1_258' title='bbox 1710 1933 1808 2001; x_wconf 79' lang='grc' dir='ltr'><strong>τὴν</strong></span> <span class='ocrx_word' id='word_1_259' title='bbox 1858 1934 1988 2003; x_wconf 70' lang='grc' dir='ltr'>περὶ.</span> 
     </span>
    </p>
   </div>
   <div class='ocr_carea' id='block_1_33' title="bbox 416 2006 1989 2098">
    <p class='ocr_par' dir='ltr' id='par_1_33' title="bbox 416 2006 1989 2098">
     <span class='ocr_line' id='line_1_33' title="bbox 416 2006 1989 2098; baseline 0.015 -41"><span class='ocrx_word' id='word_1_260' title='bbox 416 2006 558 2059; x_wconf 83' lang='grc' dir='ltr'><strong>Θεοῦ</strong></span> <span class='ocrx_word' id='word_1_261' title='bbox 597 2009 872 2079; x_wconf 83' lang='grc' dir='ltr'><strong>ἀλήθειαν.</strong></span> <span class='ocrx_word' id='word_1_262' title='bbox 897 2015 1055 2079; x_wconf 82' lang='grc' dir='ltr'>Τίνος</span> <span class='ocrx_word' id='word_1_263' title='bbox 1081 2018 1189 2087; x_wconf 84' lang='grc' dir='ltr'>γὰρ</span> <span class='ocrx_word' id='word_1_264' title='bbox 1216 2008 1594 2075; x_wconf 69' lang='grc' dir='ltr'>ἕνεκαπολλοὶ</span> <span class='ocrx_word' id='word_1_265' title='bbox 1627 2026 1735 2077; x_wconf 83' lang='grc' dir='ltr'>τῶν</span> <span class='ocrx_word' id='word_1_266' title='bbox 1776 2027 1989 2098; x_wconf 81' lang='grc' dir='ltr'><strong>ἀνθρώ-</strong></span> 
     </span>
    </p>
   </div>
   <div class='ocr_carea' id='block_1_34' title="bbox 423 2102 1985 2188">
    <p class='ocr_par' dir='ltr' id='par_1_34' title="bbox 423 2102 1985 2188">
     <span class='ocr_line' id='line_1_34' title="bbox 423 2102 1985 2188; baseline 0.015 -38"><span class='ocrx_word' id='word_1_267' title='bbox 423 2116 539 2151; x_wconf 84' lang='grc' dir='ltr'><strong>πων</strong></span> <span class='ocrx_word' id='word_1_268' title='bbox 568 2102 768 2171; x_wconf 74' lang='grc' dir='ltr'>ἀρετὴν</span> <span class='ocrx_word' id='word_1_269' title='bbox 786 2108 880 2157; x_wconf 75' lang='grc' dir='ltr'>καὶ</span> <span class='ocrx_word' id='word_1_270' title='bbox 906 2109 1264 2178; x_wconf 76' lang='grc' dir='ltr'>σωφροσύνην</span> <span class='ocrx_word' id='word_1_271' title='bbox 1289 2112 1516 2176; x_wconf 78' lang='grc' dir='ltr'>εἴλοντο,</span> <span class='ocrx_word' id='word_1_272' title='bbox 1538 2116 1646 2167; x_wconf 85' lang='grc' dir='ltr'><strong>τῶν</strong></span> <span class='ocrx_word' id='word_1_273' title='bbox 1664 2116 1757 2170; x_wconf 82' lang='grc' dir='ltr'><strong>τοῦ</strong></span> <span class='ocrx_word' id='word_1_274' title='bbox 1782 2120 1985 2188; x_wconf 80' lang='grc' dir='ltr'><strong>κόσμου</strong></span> 
     </span>
    </p>
   </div>
   <div class='ocr_carea' id='block_1_35' title="bbox 419 2194 1987 2281">
    <p class='ocr_par' dir='ltr' id='par_1_35' title="bbox 419 2194 1987 2281">
     <span class='ocr_line' id='line_1_35' title="bbox 419 2194 1987 2281; baseline 0.017 -42"><span class='ocrx_word' id='word_1_275' title='bbox 419 2194 935 2281; x_wconf 80' lang='grc' dir='ltr'><strong>καταφρονήσαντες</strong></span> <span class='ocrx_word' id='word_1_276' title='bbox 967 2199 1159 2265; x_wconf 69' lang='grc' dir='ltr'>ἡδέων,</span> <span class='ocrx_word' id='word_1_277' title='bbox 1212 2205 1305 2256; x_wconf 79' lang='grc' dir='ltr'><strong>καὶ</strong></span> <span class='ocrx_word' id='word_1_278' title='bbox 1349 2204 1487 2273; x_wconf 78' lang='grc' dir='ltr'><strong>ὑπὲρ</strong></span> <span class='ocrx_word' id='word_1_279' title='bbox 1527 2207 1787 2277; x_wconf 79' lang='grc' dir='ltr'><strong>ἀληθείας</strong></span> <span class='ocrx_word' id='word_1_280' title='bbox 1824 2212 1987 2281; x_wconf 67' lang='grc' dir='ltr'>μέχρι</span> 
     </span>
    </p>
   </div>
   <div class='ocr_carea' id='block_1_36' title="bbox 416 2280 1989 2370">
    <p class='ocr_par' dir='ltr' id='par_1_36' title="bbox 416 2280 1989 2370">
     <span class='ocr_line' id='line_1_36' title="bbox 416 2280 1989 2370; baseline 0.016 -40"><span class='ocrx_word' id='word_1_281' title='bbox 416 2280 655 2333; x_wconf 81' lang='grc' dir='ltr'>θανάτου</span> <span class='ocrx_word' id='word_1_282' title='bbox 684 2283 1059 2356; x_wconf 80' lang='grc' dir='ltr'><strong>ἀντέστησαν;</strong></span> <span class='ocrx_word' id='word_1_283' title='bbox 1102 2292 1264 2346; x_wconf 80' lang='grc' dir='ltr'>Ἀλλὰ</span> <span class='ocrx_word' id='word_1_284' title='bbox 1301 2295 1410 2363; x_wconf 82' lang='grc' dir='ltr'><strong>μὴν</strong></span> <span class='ocrx_word' id='word_1_285' title='bbox 1432 2296 1589 2365; x_wconf 85' lang='grc' dir='ltr'>δῆλον</span> <span class='ocrx_word' id='word_1_286' title='bbox 1625 2300 1706 2351; x_wconf 78' lang='grc' dir='ltr'><strong>ὅτι</strong></span> <span class='ocrx_word' id='word_1_287' title='bbox 1736 2280 1989 2370; x_wconf 80' lang='grc' dir='ltr'><strong>τιμιώτε-</strong></span> 
     </span>
    </p>
   </div>
   <div class='ocr_carea' id='block_1_37' title="bbox 420 2373 1991 2453">
    <p class='ocr_par' dir='ltr' id='par_1_37' title="bbox 420 2373 1991 2453">
     <span class='ocr_line' id='line_1_37' title="bbox 420 2373 1991 2453; baseline 0.014 -30"><span class='ocrx_word' id='word_1_288' title='bbox 420 2388 505 2439; x_wconf 86' lang='grc' dir='ltr'>ροι</span> <span class='ocrx_word' id='word_1_289' title='bbox 541 2373 756 2427; x_wconf 80' lang='grc' dir='ltr'>πάντων</span> <span class='ocrx_word' id='word_1_290' title='bbox 807 2378 971 2444; x_wconf 73' lang='grc' dir='ltr'>ἐσμὲν</span> <span class='ocrx_word' id='word_1_291' title='bbox 1009 2382 1057 2431; x_wconf 88' lang='grc' dir='ltr'>οί</span> <span class='ocrx_word' id='word_1_292' title='bbox 1094 2380 1409 2453; x_wconf 80' lang='grc' dir='ltr'>ἄνθρωποι·</span> <span class='ocrx_word' id='word_1_293' title='bbox 1477 2389 1572 2440; x_wconf 73' lang='grc' dir='ltr'>καὶ</span> <span class='ocrx_word' id='word_1_294' title='bbox 1602 2389 1811 2450; x_wconf 82' lang='grc' dir='ltr'>δίκαιος</span> <span class='ocrx_word' id='word_1_295' title='bbox 1854 2391 1931 2444; x_wconf 85' lang='grc' dir='ltr'><strong>ὢν</strong></span> <span class='ocrx_word' id='word_1_296' title='bbox 1962 2395 1991 2445; x_wconf 86' lang='grc' dir='ltr'><strong>ό</strong></span> 
     </span>
    </p>
   </div>
   <div class='ocr_carea' id='block_1_38' title="bbox 419 2462 1991 2543">
    <p class='ocr_par' dir='ltr' id='par_1_38' title="bbox 419 2462 1991 2543">
     <span class='ocr_line' id='line_1_38' title="bbox 419 2462 1991 2543; baseline 0.013 -30"><span class='ocrx_word' id='word_1_297' title='bbox 419 2462 578 2528; x_wconf 77' lang='grc' dir='ltr'><strong>Θεὸς,</strong></span> <span class='ocrx_word' id='word_1_298' title='bbox 633 2465 733 2519; x_wconf 87' lang='grc' dir='ltr'>οὐκ</span> <span class='ocrx_word' id='word_1_299' title='bbox 768 2466 833 2519; x_wconf 77' lang='grc' dir='ltr'>ἂν</span> <span class='ocrx_word' id='word_1_300' title='bbox 869 2471 1219 2543; x_wconf 78' lang='grc' dir='ltr'><strong>συνεχώρησε</strong></span> <span class='ocrx_word' id='word_1_301' title='bbox 1258 2476 1502 2543; x_wconf 80' lang='grc' dir='ltr'><strong>ματαίως</strong></span> <span class='ocrx_word' id='word_1_302' title='bbox 1546 2480 1689 2533; x_wconf 79' lang='grc' dir='ltr'>οὕτω</span> <span class='ocrx_word' id='word_1_303' title='bbox 1716 2484 1991 2536; x_wconf 88' lang='grc' dir='ltr'>ταλαιπω-</span> 
     </span>
    </p>
   </div>
   <div class='ocr_carea' id='block_1_39' title="bbox 423 2556 1988 2639">
    <p class='ocr_par' dir='ltr' id='par_1_39' title="bbox 423 2556 1988 2639">
     <span class='ocr_line' id='line_1_39' title="bbox 423 2556 1988 2639; baseline 0.017 -35"><span class='ocrx_word' id='word_1_304' title='bbox 423 2556 637 2622; x_wconf 76' lang='grc' dir='ltr'>ρεῖσθαι</span> <span class='ocrx_word' id='word_1_305' title='bbox 680 2559 740 2609; x_wconf 76' lang='grc' dir='ltr'>τὸ</span> <span class='ocrx_word' id='word_1_306' title='bbox 770 2560 1096 2631; x_wconf 77' lang='grc' dir='ltr'>τιμιώτερον</span> <span class='ocrx_word' id='word_1_307' title='bbox 1149 2566 1300 2635; x_wconf 73' lang='grc' dir='ltr'>ἡμᾶς</span> <span class='ocrx_word' id='word_1_308' title='bbox 1330 2568 1559 2639; x_wconf 79' lang='grc' dir='ltr'><strong>κτίσμα,</strong></span> <span class='ocrx_word' id='word_1_309' title='bbox 1585 2572 1612 2623; x_wconf 79' lang='grc' dir='ltr'><strong>ὃ</strong></span> <span class='ocrx_word' id='word_1_310' title='bbox 1652 2575 1774 2626; x_wconf 72' lang='grc' dir='ltr'>κατ’</span> <span class='ocrx_word' id='word_1_311' title='bbox 1805 2578 1988 2629; x_wconf 85' lang='grc' dir='ltr'>είκὸνα</span> 
     </span>
    </p>
   </div>
   <div class='ocr_carea' id='block_1_40' title="bbox 421 2644 1991 2735">
    <p class='ocr_par' dir='ltr' id='par_1_40' title="bbox 421 2644 1991 2735">
     <span class='ocr_line' id='line_1_40' title="bbox 421 2644 1991 2735; baseline 0.015 -39"><span class='ocrx_word' id='word_1_312' title='bbox 421 2644 618 2699; x_wconf 79' lang='grc' dir='ltr'><strong>ἑαυτοῦ</strong></span> <span class='ocrx_word' id='word_1_313' title='bbox 649 2650 871 2718; x_wconf 68' lang='grc' dir='ltr'>ἐποίησε</span> <span class='ocrx_word' id='word_1_314' title='bbox 903 2656 998 2705; x_wconf 79' lang='grc' dir='ltr'><strong>καὶ</strong></span> <span class='ocrx_word' id='word_1_315' title='bbox 1026 2655 1160 2723; x_wconf 79' lang='grc' dir='ltr'>πρὸς</span> <span class='ocrx_word' id='word_1_316' title='bbox 1194 2658 1390 2711; x_wconf 69' lang='grc' dir='ltr'>ἑαυτὸν</span> <span class='ocrx_word' id='word_1_317' title='bbox 1425 2660 1596 2726; x_wconf 75' lang='grc' dir='ltr'>ἕλκει,</span> <span class='ocrx_word' id='word_1_318' title='bbox 1648 2667 1723 2733; x_wconf 84' lang='grc' dir='ltr'>μὴ</span> <span class='ocrx_word' id='word_1_319' title='bbox 1779 2666 1991 2735; x_wconf 67' lang='grc' dir='ltr'>μέλλων</span> 
     </span>
    </p>
   </div>
   <div class='ocr_carea' id='block_1_41' title="bbox 420 2737 1992 2820">
    <p class='ocr_par' dir='ltr' id='par_1_41' title="bbox 420 2737 1992 2820">
     <span class='ocr_line' id='line_1_41' title="bbox 420 2737 1992 2820; baseline 0.016 -33"><span class='ocrx_word' id='word_1_320' title='bbox 420 2737 730 2792; x_wconf 69' lang='grc' dir='ltr'><strong>ἀποδιδόναι</strong></span> <span class='ocrx_word' id='word_1_321' title='bbox 760 2741 887 2803; x_wconf 81' lang='grc' dir='ltr'>τοὺς</span> <span class='ocrx_word' id='word_1_322' title='bbox 919 2745 1147 2810; x_wconf 82' lang='grc' dir='ltr'>μισθοὺς</span> <span class='ocrx_word' id='word_1_323' title='bbox 1179 2747 1391 2820; x_wconf 72' lang='grc' dir='ltr'><strong>ἑκάστῳ</strong></span> <span class='ocrx_word' id='word_1_324' title='bbox 1419 2754 1635 2806; x_wconf 75' lang='grc' dir='ltr'>κατὰτὸ</span> <span class='ocrx_word' id='word_1_325' title='bbox 1664 2755 1873 2808; x_wconf 83' lang='grc' dir='ltr'>δίκαιον</span> <span class='ocrx_word' id='word_1_326' title='bbox 1898 2761 1992 2811; x_wconf 76' lang='grc' dir='ltr'>καὶ</span> 
     </span>
    </p>
   </div>
   <div class='ocr_carea' id='block_1_42' title="bbox 421 2827 1992 2919">
    <p class='ocr_par' dir='ltr' id='par_1_42' title="bbox 421 2827 1992 2919">
     <span class='ocr_line' id='line_1_42' title="bbox 421 2827 1992 2919; baseline 0.017 -43"><span class='ocrx_word' id='word_1_327' title='bbox 421 2827 524 2919; x_wconf 64' lang='grc' dir='ltr'><strong>τὴν</strong></span> <span class='ocrx_word' id='word_1_328' title='bbox 547 2828 834 2919; x_wconf 79' lang='grc' dir='ltr'>ἀναλογίαν</span> <span class='ocrx_word' id='word_1_329' title='bbox 852 2833 961 2884; x_wconf 83' lang='grc' dir='ltr'><strong>τῶν</strong></span> <span class='ocrx_word' id='word_1_330' title='bbox 989 2838 1254 2905; x_wconf 78' lang='grc' dir='ltr'>καμάτων</span> <span class='ocrx_word' id='word_1_331' title='bbox 1292 2842 1492 2895; x_wconf 79' lang='grc' dir='ltr'><strong>αὐτῶν.</strong></span> <span class='ocrx_word' id='word_1_332' title='bbox 1547 2844 1992 2919; x_wconf 77' lang='grc' dir='ltr'><strong>Ἀναιοεθήσεται</strong></span> 
     </span>
    </p>
   </div>
   <div class='ocr_carea' id='block_1_43' title="bbox 421 2915 1991 3007">
    <p class='ocr_par' dir='ltr' id='par_1_43' title="bbox 421 2915 1991 3007">
     <span class='ocr_line' id='line_1_43' title="bbox 421 2915 1991 3007; baseline 0.017 -41"><span class='ocrx_word' id='word_1_333' title='bbox 421 2915 481 2967; x_wconf 78' lang='grc' dir='ltr'><strong>δὲ</strong></span> <span class='ocrx_word' id='word_1_334' title='bbox 506 2918 600 2969; x_wconf 73' lang='grc' dir='ltr'>καὶ</span> <span class='ocrx_word' id='word_1_335' title='bbox 628 2920 660 2986; x_wconf 77' lang='grc' dir='ltr'>ἡ</span> <span class='ocrx_word' id='word_1_336' title='bbox 685 2920 822 2990; x_wconf 77' lang='grc' dir='ltr'>πρὸς</span> <span class='ocrx_word' id='word_1_337' title='bbox 843 2922 933 2976; x_wconf 78' lang='grc' dir='ltr'>τὸν</span> <span class='ocrx_word' id='word_1_338' title='bbox 960 2924 1094 2979; x_wconf 84' lang='grc' dir='ltr'><strong>Θεὸν</strong></span> <span class='ocrx_word' id='word_1_339' title='bbox 1124 2928 1371 2999; x_wconf 82' lang='grc' dir='ltr'>λατρεία,</span> <span class='ocrx_word' id='word_1_340' title='bbox 1403 2936 1492 2987; x_wconf 57' lang='grc' dir='ltr'><strong>καὶ</strong></span> <span class='ocrx_word' id='word_1_341' title='bbox 1525 2936 1557 3004; x_wconf 84' lang='grc' dir='ltr'>ἡ</span> <span class='ocrx_word' id='word_1_342' title='bbox 1587 2938 1723 3005; x_wconf 74' lang='grc' dir='ltr'>πρὸς</span> <span class='ocrx_word' id='word_1_343' title='bbox 1748 2915 1876 3001; x_wconf 52' lang='grc' dir='ltr'>τοὺς</span> <span class='ocrx_word' id='word_1_344' title='bbox 1902 2956 1991 3007; x_wconf 85' lang='grc' dir='ltr'>γο-</span> 
     </span>
    </p>
   </div>
   <div class='ocr_carea' id='block_1_44' title="bbox 423 3007 1988 3090">
    <p class='ocr_par' dir='ltr' id='par_1_44' title="bbox 423 3007 1988 3090">
     <span class='ocr_line' id='line_1_44' title="bbox 423 3007 1988 3090; baseline 0.017 -34"><span class='ocrx_word' id='word_1_345' title='bbox 423 3007 554 3070; x_wconf 82' lang='grc' dir='ltr'>νέας</span> <span class='ocrx_word' id='word_1_346' title='bbox 583 3009 739 3079; x_wconf 75' lang='grc' dir='ltr'>τιμὴ,</span> <span class='ocrx_word' id='word_1_347' title='bbox 772 3013 913 3085; x_wconf 75' lang='grc' dir='ltr'><strong>καὶὴ</strong></span> <span class='ocrx_word' id='word_1_348' title='bbox 942 3016 1079 3087; x_wconf 76' lang='grc' dir='ltr'>πρὸς</span> <span class='ocrx_word' id='word_1_349' title='bbox 1107 3017 1375 3089; x_wconf 80' lang='grc' dir='ltr'>ἀλλήλους</span> <span class='ocrx_word' id='word_1_350' title='bbox 1396 3024 1562 3085; x_wconf 84' lang='grc' dir='ltr'>αἰδὼς</span> <span class='ocrx_word' id='word_1_351' title='bbox 1591 3027 1686 3077; x_wconf 75' lang='grc' dir='ltr'>καὶ</span> <span class='ocrx_word' id='word_1_352' title='bbox 1709 3027 1988 3090; x_wconf 75' lang='grc' dir='ltr'><strong>εὐλάϐεια,</strong></span> 
     </span>
    </p>
   </div>
   <div class='ocr_carea' id='block_1_45' title="bbox 426 3101 1991 3177">
    <p class='ocr_par' dir='ltr' id='par_1_45' title="bbox 426 3101 1991 3177">
     <span class='ocr_line' id='line_1_45' title="bbox 426 3101 1991 3177; baseline 0.015 -29"><span class='ocrx_word' id='word_1_353' title='bbox 426 3101 522 3150; x_wconf 79' lang='grc' dir='ltr'>καὶ</span> <span class='ocrx_word' id='word_1_354' title='bbox 556 3101 708 3167; x_wconf 82' lang='grc' dir='ltr'>φιλία</span> <span class='ocrx_word' id='word_1_355' title='bbox 739 3105 834 3157; x_wconf 79' lang='grc' dir='ltr'>καὶ</span> <span class='ocrx_word' id='word_1_356' title='bbox 860 3106 1088 3177; x_wconf 86' lang='grc' dir='ltr'>ὀρθότης</span> <span class='ocrx_word' id='word_1_357' title='bbox 1123 3111 1218 3163; x_wconf 77' lang='grc' dir='ltr'><strong>καὶ</strong></span> <span class='ocrx_word' id='word_1_358' title='bbox 1231 3114 1503 3165; x_wconf 82' lang='grc' dir='ltr'>,κοινωνία</span> <span class='ocrx_word' id='word_1_359' title='bbox 1534 3114 1755 3168; x_wconf 83' lang='grc' dir='ltr'>πάντων</span> <span class='ocrx_word' id='word_1_360' title='bbox 1776 3134 1790 3147; x_wconf 90' lang='grc'><strong>·</strong></span> <span class='ocrx_word' id='word_1_361' title='bbox 1822 3122 1917 3170; x_wconf 83' lang='grc' dir='ltr'><strong>καὶ</strong></span> <span class='ocrx_word' id='word_1_362' title='bbox 1942 3120 1991 3170; x_wconf 78' lang='lat' dir='ltr'><strong>oi</strong></span> 
     </span>
    </p>
   </div>
   <div class='ocr_carea' id='block_1_46' title="bbox 424 3192 1990 3267">
    <p class='ocr_par' dir='ltr' id='par_1_46' title="bbox 424 3192 1990 3267">
     <span class='ocr_line' id='line_1_46' title="bbox 424 3192 1990 3267; baseline 0.015 -28"><span class='ocrx_word' id='word_1_363' title='bbox 424 3192 577 3256; x_wconf 86' lang='grc' dir='ltr'>νόμοι</span> <span class='ocrx_word' id='word_1_364' title='bbox 612 3195 705 3245; x_wconf 79' lang='grc' dir='ltr'>καὶ</span> <span class='ocrx_word' id='word_1_365' title='bbox 730 3196 795 3248; x_wconf 71' lang='grc' dir='ltr'>τὰ</span> <span class='ocrx_word' id='word_1_366' title='bbox 821 3198 1099 3267; x_wconf 81' lang='grc' dir='ltr'>κριτήρια,</span> <span class='ocrx_word' id='word_1_367' title='bbox 1136 3203 1232 3254; x_wconf 74' lang='grc' dir='ltr'><strong>καὶ</strong></span> <span class='ocrx_word' id='word_1_368' title='bbox 1254 3205 1432 3257; x_wconf 82' lang='grc' dir='ltr'>πάντα</span> <span class='ocrx_word' id='word_1_369' title='bbox 1460 3205 1530 3257; x_wconf 83' lang='grc' dir='ltr'><strong>τὰ</strong></span> <span class='ocrx_word' id='word_1_370' title='bbox 1565 3206 1811 3261; x_wconf 82' lang='grc' dir='ltr'>τοιαῦτα.</span> <span class='ocrx_word' id='word_1_371' title='bbox 1841 3212 1990 3262; x_wconf 89' lang='grc' dir='ltr'>Διατί</span> 
     </span>
    </p>
   </div>
   <div class='ocr_carea' id='block_1_47' title="bbox 422 3276 1991 3365">
    <p class='ocr_par' dir='ltr' id='par_1_47' title="bbox 422 3276 1991 3365">
     <span class='ocr_line' id='line_1_47' title="bbox 422 3276 1991 3365; baseline 0.016 -40"><span class='ocrx_word' id='word_1_372' title='bbox 422 3276 534 3343; x_wconf 65' lang='grc' dir='ltr'>γὰρ</span> <span class='ocrx_word' id='word_1_373' title='bbox 560 3277 772 3333; x_wconf 79' lang='grc' dir='ltr'>ἔσονται</span> <span class='ocrx_word' id='word_1_374' title='bbox 820 3282 1029 3350; x_wconf 85' lang='grc' dir='ltr'>ταῦτα;</span> <span class='ocrx_word' id='word_1_375' title='bbox 1062 3289 1206 3351; x_wconf 90' lang='grc' dir='ltr'>τίνος</span> <span class='ocrx_word' id='word_1_376' title='bbox 1234 3290 1434 3357; x_wconf 71' lang='grc' dir='ltr'>ἓνεκας</span> <span class='ocrx_word' id='word_1_377' title='bbox 1490 3294 1613 3346; x_wconf 77' lang='grc' dir='ltr'><strong>ἐπεὶ</strong></span> <span class='ocrx_word' id='word_1_378' title='bbox 1653 3295 1791 3365; x_wconf 77' lang='grc' dir='ltr'>πρὸς</span> <span class='ocrx_word' id='word_1_379' title='bbox 1840 3298 1991 3349; x_wconf 78' lang='grc' dir='ltr'>οὐδὲν</span> 
     </span>
    </p>
   </div>
   <div class='ocr_carea' id='block_1_48' title="bbox 422 3368 1994 3457">
    <p class='ocr_par' dir='ltr' id='par_1_48' title="bbox 422 3368 1994 3457">
     <span class='ocr_line' id='line_1_48' title="bbox 422 3368 1994 3457; baseline 0.015 -38"><span class='ocrx_word' id='word_1_380' title='bbox 422 3368 689 3437; x_wconf 53' lang='grc' dir='ltr'><strong>ἁᾳορῶσι.</strong></span> <span class='ocrx_word' id='word_1_381' title='bbox 726 3373 837 3426; x_wconf 77' lang='grc' dir='ltr'><strong>Καὶ</strong></span> <span class='ocrx_word' id='word_1_382' title='bbox 879 3375 1070 3429; x_wconf 87' lang='grc' dir='ltr'>τούτου</span> <span class='ocrx_word' id='word_1_383' title='bbox 1106 3379 1201 3431; x_wconf 82' lang='grc' dir='ltr'><strong>τοῦ</strong></span> <span class='ocrx_word' id='word_1_384' title='bbox 1249 3380 1410 3448; x_wconf 87' lang='grc' dir='ltr'>λόγου</span> <span class='ocrx_word' id='word_1_385' title='bbox 1440 3384 1792 3453; x_wconf 81' lang='grc' dir='ltr'>κρατοῦντος,</span> <span class='ocrx_word' id='word_1_386' title='bbox 1825 3387 1994 3457; x_wconf 84' lang='grc' dir='ltr'>ἀναγ-</span> 
     </span>
    </p>
   </div>
   <div class='ocr_carea' id='block_1_49' title="bbox 423 3461 1991 3551">
    <p class='ocr_par' dir='ltr' id='par_1_49' title="bbox 423 3461 1991 3551">
     <span class='ocr_line' id='line_1_49' title="bbox 423 3461 1991 3551; baseline 0.015 -41"><span class='ocrx_word' id='word_1_387' title='bbox 423 3461 817 3532; x_wconf 80' lang='grc' dir='ltr'>κασθησόμεθα</span> <span class='ocrx_word' id='word_1_388' title='bbox 843 3467 917 3530; x_wconf 83' lang='grc' dir='ltr'>ὡς</span> <span class='ocrx_word' id='word_1_389' title='bbox 941 3469 1151 3539; x_wconf 79' lang='grc' dir='ltr'>θηρίοις</span> <span class='ocrx_word' id='word_1_390' title='bbox 1175 3474 1409 3543; x_wconf 82' lang='grc' dir='ltr'>χρῆσθαι</span> <span class='ocrx_word' id='word_1_391' title='bbox 1435 3476 1709 3544; x_wconf 76' lang='grc' dir='ltr'>ἀλλήλοις.</span> <span class='ocrx_word' id='word_1_392' title='bbox 1738 3481 1836 3533; x_wconf 80' lang='grc' dir='ltr'>καὶ</span> <span class='ocrx_word' id='word_1_393' title='bbox 1856 3483 1991 3551; x_wconf 83' lang='grc' dir='ltr'><strong>μήτε</strong></span> 
     </span>
    </p>
   </div>
   <div class='ocr_carea' id='block_1_50' title="bbox 427 3553 1989 3634">
    <p class='ocr_par' dir='ltr' id='par_1_50' title="bbox 427 3553 1989 3634">
     <span class='ocr_line' id='line_1_50' title="bbox 427 3553 1989 3634; baseline 0.014 -33"><span class='ocrx_word' id='word_1_394' title='bbox 427 3554 627 3620; x_wconf 83' lang='grc' dir='ltr'>μέτρον</span> <span class='ocrx_word' id='word_1_395' title='bbox 645 3553 951 3624; x_wconf 79' lang='grc' dir='ltr'>βρωμάτων</span> <span class='ocrx_word' id='word_1_396' title='bbox 970 3561 1003 3629; x_wconf 82' lang='grc' dir='ltr'>ἢ</span> <span class='ocrx_word' id='word_1_397' title='bbox 1041 3564 1324 3631; x_wconf 82' lang='grc' dir='ltr'>πομάτων,</span> <span class='ocrx_word' id='word_1_398' title='bbox 1344 3566 1377 3634; x_wconf 82' lang='grc' dir='ltr'><strong>ἦ</strong></span> <span class='ocrx_word' id='word_1_399' title='bbox 1405 3568 1552 3630; x_wconf 80' lang='grc' dir='ltr'>τινὸς</span> <span class='ocrx_word' id='word_1_400' title='bbox 1590 3569 1700 3621; x_wconf 85' lang='grc' dir='ltr'>τῶν</span> <span class='ocrx_word' id='word_1_401' title='bbox 1730 3571 1989 3623; x_wconf 86' lang='grc' dir='ltr'>τοιούτων</span> 
     </span>
    </p>
   </div>
   <div class='ocr_carea' id='block_1_51' title="bbox 422 3643 1990 3728">
    <p class='ocr_par' dir='ltr' id='par_1_51' title="bbox 422 3643 1990 3728">
     <span class='ocr_line' id='line_1_51' title="bbox 422 3643 1990 3728; baseline 0.015 -37"><span class='ocrx_word' id='word_1_402' title='bbox 422 3643 662 3696; x_wconf 81' lang='grc' dir='ltr'><strong>είδέναι’</strong></span> <span class='ocrx_word' id='word_1_403' title='bbox 717 3647 853 3699; x_wconf 74' lang='grc' dir='ltr'>ἀλλὰ</span> <span class='ocrx_word' id='word_1_404' title='bbox 885 3651 1070 3703; x_wconf 82' lang='grc' dir='ltr'>πᾶσαν</span> <span class='ocrx_word' id='word_1_405' title='bbox 1132 3653 1326 3724; x_wconf 74' lang='grc' dir='ltr'>ἡδονὴν</span> <span class='ocrx_word' id='word_1_406' title='bbox 1382 3660 1715 3728; x_wconf 77' lang='grc' dir='ltr'><strong>ζητήσομεν,</strong></span> <span class='ocrx_word' id='word_1_407' title='bbox 1774 3662 1990 3713; x_wconf 74' lang='grc' dir='ltr'>καὶτὸν</span> 
     </span>
    </p>
   </div>
   <div class='ocr_carea' id='block_1_52' title="bbox 425 3733 1995 3817">
    <p class='ocr_par' dir='ltr' id='par_1_52' title="bbox 425 3733 1995 3817">
     <span class='ocr_line' id='line_1_52' title="bbox 425 3733 1995 3817; baseline 0.012 -33"><span class='ocrx_word' id='word_1_408' title='bbox 425 3733 593 3802; x_wconf 79' lang='grc' dir='ltr'>ὑγρὸν</span> <span class='ocrx_word' id='word_1_409' title='bbox 624 3738 715 3789; x_wconf 81' lang='grc' dir='ltr'><strong>καὶ</strong></span> <span class='ocrx_word' id='word_1_410' title='bbox 759 3738 1141 3810; x_wconf 83' lang='grc' dir='ltr'><strong>διαλελυμένον</strong></span> <span class='ocrx_word' id='word_1_411' title='bbox 1184 3744 1419 3813; x_wconf 77' lang='grc' dir='ltr'><strong>ζήσομεν</strong></span> <span class='ocrx_word' id='word_1_412' title='bbox 1451 3748 1587 3815; x_wconf 75' lang='grc' dir='ltr'>βίον.</span> <span class='ocrx_word' id='word_1_413' title='bbox 1613 3752 1623 3759; x_wconf 84' lang='grc'><strong><em>“</em></strong></span> <span class='ocrx_word' id='word_1_414' title='bbox 1652 3752 1693 3801; x_wconf 86' lang='grc' dir='ltr'><strong>Λ</strong></span> <span class='ocrx_word' id='word_1_415' title='bbox 1724 3751 1788 3817; x_wconf 82' lang='grc' dir='ltr'><strong>δὴ</strong></span> <span class='ocrx_word' id='word_1_416' title='bbox 1817 3751 1995 3804; x_wconf 85' lang='grc' dir='ltr'>πάντα</span> 
     </span>
    </p>
   </div>
   <div class='ocr_carea' id='block_1_53' title="bbox 426 3827 1994 3909">
    <p class='ocr_par' dir='ltr' id='par_1_53' title="bbox 426 3827 1994 3909">
     <span class='ocr_line' id='line_1_53' title="bbox 426 3827 1994 3909; baseline 0.009 -30"><span class='ocrx_word' id='word_1_417' title='bbox 426 3827 603 3880; x_wconf 81' lang='grc' dir='ltr'>ἄτοπα</span> <span class='ocrx_word' id='word_1_418' title='bbox 634 3832 728 3882; x_wconf 80' lang='grc' dir='ltr'>καὶ</span> <span class='ocrx_word' id='word_1_419' title='bbox 769 3832 1086 3901; x_wconf 79' lang='grc' dir='ltr'>ἀνάρμοστα</span> <span class='ocrx_word' id='word_1_420' title='bbox 1154 3837 1250 3888; x_wconf 74' lang='grc' dir='ltr'>καὶ</span> <span class='ocrx_word' id='word_1_421' title='bbox 1284 3837 1363 3905; x_wconf 81' lang='grc' dir='ltr'>τῷ</span> <span class='ocrx_word' id='word_1_422' title='bbox 1423 3839 1745 3909; x_wconf 83' lang='grc' dir='ltr'>δημιουργῷ</span> <span class='ocrx_word' id='word_1_423' title='bbox 1776 3842 1994 3893; x_wconf 72' lang='grc' dir='ltr'>πάντων</span> 
     </span>
    </p>
   </div>
   <div class='ocr_carea' id='block_1_54' title="bbox 422 3922 1538 4001">
    <p class='ocr_par' dir='ltr' id='par_1_54' title="bbox 422 3922 1538 4001">
     <span class='ocr_line' id='line_1_54' title="bbox 422 3922 1538 4001; baseline 0.013 -31"><span class='ocrx_word' id='word_1_424' title='bbox 422 3922 539 3987; x_wconf 68' lang='grc' dir='ltr'><strong>θεῷ</strong></span> <span class='ocrx_word' id='word_1_425' title='bbox 562 3923 657 3974; x_wconf 82' lang='grc' dir='ltr'><strong>καὶ</strong></span> <span class='ocrx_word' id='word_1_426' title='bbox 680 3922 758 3992; x_wconf 84' lang='grc' dir='ltr'>τῷ</span> <span class='ocrx_word' id='word_1_427' title='bbox 789 3924 1062 3995; x_wconf 80' lang='grc' dir='ltr'><strong>ἀξιώματι</strong></span> <span class='ocrx_word' id='word_1_428' title='bbox 1096 3927 1190 3981; x_wconf 84' lang='grc' dir='ltr'><strong>τοῦ</strong></span> <span class='ocrx_word' id='word_1_429' title='bbox 1224 3930 1538 4001; x_wconf 80' lang='grc' dir='ltr'><strong>ἀνθρώπου.</strong></span> 
     </span>
    </p>
   </div>
   <div class='ocr_carea' id='block_1_55' title="bbox 2089 1929 3653 1996">
    <p class='ocr_par' dir='ltr' id='par_1_55' title="bbox 2089 1929 3653 1996">
     <span class='ocr_line' id='line_1_55' title="bbox 2089 1929 3653 1996; baseline -0.003 -11"><span class='ocrx_word' id='word_1_430' title='bbox 2089 1934 2258 1987; x_wconf 85' lang='lat' dir='ltr'><strong>lestiis</strong></span> <span class='ocrx_word' id='word_1_431' title='bbox 2312 1933 2580 1996; x_wconf 85' lang='lat' dir='ltr'><strong>solutam;</strong></span> <span class='ocrx_word' id='word_1_432' title='bbox 2633 1946 2732 1987; x_wconf 90' lang='lat' dir='ltr'><strong>nos</strong></span> <span class='ocrx_word' id='word_1_433' title='bbox 2762 1948 2892 1985; x_wconf 81' lang='lat' dir='ltr'><strong>vero</strong></span> <span class='ocrx_word' id='word_1_434' title='bbox 2936 1941 2990 1984; x_wconf 86' lang='lat' dir='ltr'><strong>et</strong></span> <span class='ocrx_word' id='word_1_435' title='bbox 3019 1932 3086 1985; x_wconf 86' lang='lat' dir='ltr'><strong>its</strong></span> <span class='ocrx_word' id='word_1_436' title='bbox 3144 1931 3429 1993; x_wconf 79' lang='lat' dir='ltr'><strong>aﬂtcimur,</strong></span> <span class='ocrx_word' id='word_1_437' title='bbox 3498 1939 3551 1982; x_wconf 78' lang='lat' dir='ltr'><strong>ct</strong></span> <span class='ocrx_word' id='word_1_438' title='bbox 3597 1929 3653 1981; x_wconf 86' lang='lat' dir='ltr'><strong>iu</strong></span> 
     </span>
    </p>
   </div>
   <div class='ocr_carea' id='block_1_56' title="bbox 2090 2023 3655 2095">
    <p class='ocr_par' dir='ltr' id='par_1_56' title="bbox 2090 2023 3655 2095">
     <span class='ocr_line' id='line_1_56' title="bbox 2090 2023 3655 2095; baseline -0.003 -17"><span class='ocrx_word' id='word_1_439' title='bbox 2090 2024 2346 2095; x_wconf 82' lang='lat' dir='ltr'><strong>periculis</strong></span> <span class='ocrx_word' id='word_1_440' title='bbox 2386 2040 2686 2087; x_wconf 88' lang='lat' dir='ltr'><strong>versamur,</strong></span> <span class='ocrx_word' id='word_1_441' title='bbox 2728 2024 2796 2077; x_wconf 89' lang='lat' dir='ltr'><strong>ob</strong></span> <span class='ocrx_word' id='word_1_442' title='bbox 2828 2024 3069 2077; x_wconf 81' lang='lat' dir='ltr'><strong>divinam</strong></span> <span class='ocrx_word' id='word_1_443' title='bbox 3112 2024 3411 2093; x_wconf 66' lang='lat' dir='ltr'><strong>prmscrtim</strong></span> <span class='ocrx_word' id='word_1_444' title='bbox 3458 2023 3655 2075; x_wconf 67' lang='lat' dir='ltr'><strong>verita-</strong></span> 
     </span>
    </p>
   </div>
   <div class='ocr_carea' id='block_1_57' title="bbox 2090 2112 3646 2181">
    <p class='ocr_par' dir='ltr' id='par_1_57' title="bbox 2090 2112 3646 2181">
     <span class='ocr_line' id='line_1_57' title="bbox 2090 2112 3646 2181; baseline -0.004 -11"><span class='ocrx_word' id='word_1_445' title='bbox 2090 2116 2322 2172; x_wconf 88' lang='lat' dir='ltr'><strong>tem..Ut</strong></span> <span class='ocrx_word' id='word_1_446' title='bbox 2354 2114 2483 2181; x_wconf 90' lang='lat' dir='ltr'><strong>quid</strong></span> <span class='ocrx_word' id='word_1_447' title='bbox 2512 2114 2655 2168; x_wconf 85' lang='lat' dir='ltr'><strong>enim</strong></span> <span class='ocrx_word' id='word_1_448' title='bbox 2683 2113 2849 2168; x_wconf 83' lang='lat' dir='ltr'><strong>multa</strong></span> <span class='ocrx_word' id='word_1_449' title='bbox 2883 2114 3165 2167; x_wconf 88' lang='lat' dir='ltr'><strong>hominum</strong></span> <span class='ocrx_word' id='word_1_450' title='bbox 3199 2114 3357 2165; x_wconf 88' lang='lat' dir='ltr'><strong>turha</strong></span> <span class='ocrx_word' id='word_1_451' title='bbox 3390 2112 3646 2165; x_wconf 77' lang='lat' dir='ltr'><strong>virtutem</strong></span> 
     </span>
    </p>
   </div>
   <div class='ocr_carea' id='block_1_58' title="bbox 2088 2204 3657 2275">
    <p class='ocr_par' dir='ltr' id='par_1_58' title="bbox 2088 2204 3657 2275">
     <span class='ocr_line' id='line_1_58' title="bbox 2088 2204 3657 2275; baseline -0.004 -14"><span class='ocrx_word' id='word_1_452' title='bbox 2088 2224 2151 2261; x_wconf 89' lang='lat' dir='ltr'><strong>ac</strong></span> <span class='ocrx_word' id='word_1_453' title='bbox 2177 2207 2484 2261; x_wconf 87' lang='lat' dir='ltr'><strong>castitatem</strong></span> <span class='ocrx_word' id='word_1_454' title='bbox 2504 2204 2732 2275; x_wconf 82' lang='lat' dir='ltr'><strong>delegit,</strong></span> <span class='ocrx_word' id='word_1_455' title='bbox 2771 2205 2975 2272; x_wconf 86' lang='lat' dir='ltr'><strong>spretis</strong></span> <span class='ocrx_word' id='word_1_456' title='bbox 3017 2205 3202 2258; x_wconf 90' lang='lat' dir='ltr'><strong>mundi</strong></span> <span class='ocrx_word' id='word_1_457' title='bbox 3228 2204 3461 2265; x_wconf 84' lang='lat' dir='ltr'><strong>deliciis,</strong></span> <span class='ocrx_word' id='word_1_458' title='bbox 3502 2214 3657 2255; x_wconf 76' lang='lat' dir='ltr'><strong>tuen-</strong></span> 
     </span>
    </p>
   </div>
   <div class='ocr_carea' id='block_1_59' title="bbox 2090 2295 3647 2367">
    <p class='ocr_par' dir='ltr' id='par_1_59' title="bbox 2090 2295 3647 2367">
     <span class='ocr_line' id='line_1_59' title="bbox 2090 2295 3647 2367; baseline -0.002 -17"><span class='ocrx_word' id='word_1_459' title='bbox 2090 2298 2266 2367; x_wconf 84' lang='lat' dir='ltr'><strong>daque</strong></span> <span class='ocrx_word' id='word_1_460' title='bbox 2316 2296 2540 2351; x_wconf 84' lang='lat' dir='ltr'><strong>veritate</strong></span> <span class='ocrx_word' id='word_1_461' title='bbox 2579 2296 2645 2349; x_wconf 88' lang='lat' dir='ltr'><strong>ad</strong></span> <span class='ocrx_word' id='word_1_462' title='bbox 2693 2307 2922 2349; x_wconf 88' lang='lat' dir='ltr'><strong>mortem</strong></span> <span class='ocrx_word' id='word_1_463' title='bbox 2957 2310 3127 2363; x_wconf 85' lang='lat' dir='ltr'><strong>usque</strong></span> <span class='ocrx_word' id='word_1_464' title='bbox 3162 2304 3436 2350; x_wconf 86' lang='lat' dir='ltr'><strong>certamen</strong></span> <span class='ocrx_word' id='word_1_465' title='bbox 3489 2295 3647 2348; x_wconf 43' lang='lat' dir='ltr'><strong>desu.</strong></span> 
     </span>
    </p>
   </div>
   <div class='ocr_carea' id='block_1_60' title="bbox 2091 2370 3660 2456">
    <p class='ocr_par' dir='ltr' id='par_1_60' title="bbox 2091 2370 3660 2456">
     <span class='ocr_line' id='line_1_60' title="bbox 2091 2370 3660 2456; baseline -0.001 -15"><span class='ocrx_word' id='word_1_466' title='bbox 2091 2389 2273 2442; x_wconf 79' lang='lat' dir='ltr'><strong>davit?</strong></span> <span class='ocrx_word' id='word_1_467' title='bbox 2322 2387 2481 2456; x_wconf 82' lang='lat' dir='ltr'><strong>Atqui</strong></span> <span class='ocrx_word' id='word_1_468' title='bbox 2540 2387 2713 2455; x_wconf 87' lang='lat' dir='ltr'><strong>liquet</strong></span> <span class='ocrx_word' id='word_1_469' title='bbox 2762 2370 2862 2442; x_wconf 75' lang='lat' dir='ltr'><strong>nos</strong></span> <span class='ocrx_word' id='word_1_470' title='bbox 2935 2387 3183 2442; x_wconf 86' lang='lat' dir='ltr'><strong>homines</strong></span> <span class='ocrx_word' id='word_1_471' title='bbox 3230 2388 3349 2441; x_wconf 89' lang='lat' dir='ltr'><strong>aliis</strong></span> <span class='ocrx_word' id='word_1_472' title='bbox 3403 2387 3660 2439; x_wconf 86' lang='lat' dir='ltr'><strong>omnihus</strong></span> 
     </span>
    </p>
   </div>
   <div class='ocr_carea' id='block_1_61' title="bbox 2091 2477 3660 2550">
    <p class='ocr_par' dir='ltr' id='par_1_61' title="bbox 2091 2477 3660 2550">
     <span class='ocr_line' id='line_1_61' title="bbox 2091 2477 3660 2550; baseline 0.001 -19"><span class='ocrx_word' id='word_1_473' title='bbox 2091 2490 2376 2550; x_wconf 73' lang='lat' dir='ltr'><strong>praestare;</strong></span> <span class='ocrx_word' id='word_1_474' title='bbox 2402 2493 2635 2547; x_wconf 89' lang='lat' dir='ltr'><strong>cumque</strong></span> <span class='ocrx_word' id='word_1_475' title='bbox 2670 2477 2809 2532; x_wconf 86' lang='lat' dir='ltr'><strong>Deus</strong></span> <span class='ocrx_word' id='word_1_476' title='bbox 2832 2478 3017 2547; x_wconf 88' lang='lat' dir='ltr'><strong>justus</strong></span> <span class='ocrx_word' id='word_1_477' title='bbox 3045 2480 3137 2543; x_wconf 88' lang='lat' dir='ltr'><strong>sit,</strong></span> <span class='ocrx_word' id='word_1_478' title='bbox 3175 2494 3281 2532; x_wconf 92' lang='lat' dir='ltr'><strong>non</strong></span> <span class='ocrx_word' id='word_1_479' title='bbox 3324 2479 3404 2533; x_wconf 88' lang='lat' dir='ltr'><strong>sic</strong></span> <span class='ocrx_word' id='word_1_480' title='bbox 3434 2478 3660 2541; x_wconf 79' lang='lat' dir='ltr'><strong>frustra,</strong></span> 
     </span>
    </p>
   </div>
   <div class='ocr_carea' id='block_1_62' title="bbox 2094 2568 3661 2637">
    <p class='ocr_par' dir='ltr' id='par_1_62' title="bbox 2094 2568 3661 2637">
     <span class='ocr_line' id='line_1_62' title="bbox 2094 2568 3661 2637; baseline -0.001 -14"><span class='ocrx_word' id='word_1_481' title='bbox 2094 2586 2274 2623; x_wconf 90' lang='lat' dir='ltr'><strong>rerum</strong></span> <span class='ocrx_word' id='word_1_482' title='bbox 2349 2569 2418 2623; x_wconf 86' lang='lat' dir='ltr'><strong>ab</strong></span> <span class='ocrx_word' id='word_1_483' title='bbox 2481 2569 2601 2637; x_wconf 88' lang='lat' dir='ltr'><strong>ipso</strong></span> <span class='ocrx_word' id='word_1_484' title='bbox 2660 2568 3006 2622; x_wconf 82' lang='lat' dir='ltr'><strong>conditarum</strong></span> <span class='ocrx_word' id='word_1_485' title='bbox 3066 2569 3467 2623; x_wconf 84' lang='lat' dir='ltr'><strong>nobilissimam</strong></span> <span class='ocrx_word' id='word_1_486' title='bbox 3536 2572 3661 2636; x_wconf 91' lang='lat' dir='ltr'><strong>(nos</strong></span> 
     </span>
    </p>
   </div>
   <div class='ocr_carea' id='block_1_63' title="bbox 2094 2659 3665 2730">
    <p class='ocr_par' dir='ltr' id='par_1_63' title="bbox 2094 2659 3665 2730">
     <span class='ocr_line' id='line_1_63' title="bbox 2094 2659 3665 2730; baseline -0.003 -12"><span class='ocrx_word' id='word_1_487' title='bbox 2094 2662 2302 2718; x_wconf 79' lang='lat' dir='ltr'><strong>scilicet</strong></span> <span class='ocrx_word' id='word_1_488' title='bbox 2357 2676 2496 2730; x_wconf 90' lang='lat' dir='ltr'><strong>quos</strong></span> <span class='ocrx_word' id='word_1_489' title='bbox 2533 2661 2598 2714; x_wconf 93' lang='lat' dir='ltr'><strong>ad</strong></span> <span class='ocrx_word' id='word_1_490' title='bbox 2638 2674 2795 2713; x_wconf 83' lang='lat' dir='ltr'><strong>suam</strong></span> <span class='ocrx_word' id='word_1_491' title='bbox 2840 2659 2970 2715; x_wconf 80' lang='lat' dir='ltr'><strong>fecit</strong></span> <span class='ocrx_word' id='word_1_492' title='bbox 3035 2660 3326 2728; x_wconf 77' lang='lat' dir='ltr'><strong>imaginem</strong></span> <span class='ocrx_word' id='word_1_493' title='bbox 3374 2664 3441 2715; x_wconf 86' lang='lat' dir='ltr'><strong>ad</strong></span> <span class='ocrx_word' id='word_1_494' title='bbox 3497 2676 3665 2730; x_wconf 92' lang='lat' dir='ltr'><strong>seque</strong></span> 
     </span>
    </p>
   </div>
   <div class='ocr_carea' id='block_1_64' title="bbox 2098 2749 3666 2821">
    <p class='ocr_par' dir='ltr' id='par_1_64' title="bbox 2098 2749 3666 2821">
     <span class='ocr_line' id='line_1_64' title="bbox 2098 2749 3666 2821; baseline -0.001 -15"><span class='ocrx_word' id='word_1_495' title='bbox 2098 2753 2284 2818; x_wconf 87' lang='lat' dir='ltr'><strong>trahit)</strong></span> <span class='ocrx_word' id='word_1_496' title='bbox 2330 2751 2588 2805; x_wconf 55' lang='lat' dir='ltr'><strong>aerumnis</strong></span> <span class='ocrx_word' id='word_1_497' title='bbox 2625 2749 2817 2803; x_wconf 90' lang='lat' dir='ltr'><strong>conlici</strong></span> <span class='ocrx_word' id='word_1_498' title='bbox 2873 2752 3098 2813; x_wconf 84' lang='lat' dir='ltr'><strong>sineret,</strong></span> <span class='ocrx_word' id='word_1_499' title='bbox 3159 2752 3264 2806; x_wconf 88' lang='lat' dir='ltr'><strong>nisi</strong></span> <span class='ocrx_word' id='word_1_500' title='bbox 3317 2754 3516 2821; x_wconf 87' lang='lat' dir='ltr'><strong>cuique</strong></span> <span class='ocrx_word' id='word_1_501' title='bbox 3568 2766 3666 2821; x_wconf 90' lang='lat' dir='ltr'><strong>pro</strong></span> 
     </span>
    </p>
   </div>
   <div class='ocr_carea' id='block_1_65' title="bbox 2094 2842 3664 2911">
    <p class='ocr_par' dir='ltr' id='par_1_65' title="bbox 2094 2842 3664 2911">
     <span class='ocr_line' id='line_1_65' title="bbox 2094 2842 3664 2911; baseline -0.001 -15"><span class='ocrx_word' id='word_1_502' title='bbox 2094 2858 2161 2897; x_wconf 87' lang='lat' dir='ltr'><strong>eo</strong></span> <span class='ocrx_word' id='word_1_503' title='bbox 2193 2858 2257 2896; x_wconf 75' lang='lat' dir='ltr'><strong>ac</strong></span> <span class='ocrx_word' id='word_1_504' title='bbox 2286 2857 2499 2911; x_wconf 66' lang='lat' dir='ltr'><strong>aequum</strong></span> <span class='ocrx_word' id='word_1_505' title='bbox 2529 2842 2848 2909; x_wconf 79' lang='lat' dir='ltr'><strong>justumque</strong></span> <span class='ocrx_word' id='word_1_506' title='bbox 2883 2850 2986 2907; x_wconf 83' lang='lat' dir='ltr'><strong>est,</strong></span> <span class='ocrx_word' id='word_1_507' title='bbox 3026 2857 3090 2896; x_wconf 86' lang='lat' dir='ltr'><strong>ac</strong></span> <span class='ocrx_word' id='word_1_508' title='bbox 3124 2857 3227 2911; x_wconf 88' lang='lat' dir='ltr'><strong>pro</strong></span> <span class='ocrx_word' id='word_1_509' title='bbox 3265 2843 3513 2895; x_wconf 85' lang='lat' dir='ltr'><strong>laborum</strong></span> <span class='ocrx_word' id='word_1_510' title='bbox 3562 2858 3664 2897; x_wconf 84' lang='lat' dir='ltr'><strong>cu-</strong></span> 
     </span>
    </p>
   </div>
   <div class='ocr_carea' id='block_1_66' title="bbox 2091 2932 3662 3003">
    <p class='ocr_par' dir='ltr' id='par_1_66' title="bbox 2091 2932 3662 3003">
     <span class='ocr_line' id='line_1_66' title="bbox 2091 2932 3662 3003; baseline -0.001 -16"><span class='ocrx_word' id='word_1_511' title='bbox 2091 2935 2290 3003; x_wconf 88' lang='lat' dir='ltr'><strong>jusque</strong></span> <span class='ocrx_word' id='word_1_512' title='bbox 2326 2934 2542 2988; x_wconf 86' lang='lat' dir='ltr'><strong>ratione</strong></span> <span class='ocrx_word' id='word_1_513' title='bbox 2575 2932 2880 2988; x_wconf 90' lang='lat' dir='ltr'><strong>mercedem</strong></span> <span class='ocrx_word' id='word_1_514' title='bbox 2940 2948 3004 2988; x_wconf 90' lang='lat' dir='ltr'><strong>ac</strong></span> <span class='ocrx_word' id='word_1_515' title='bbox 3063 2934 3282 3000; x_wconf 65' lang='lat' dir='ltr'><strong>praemia</strong></span> <span class='ocrx_word' id='word_1_516' title='bbox 3349 2934 3662 2987; x_wconf 78' lang='lat' dir='ltr'><strong>redditurus</strong></span> 
     </span>
    </p>
   </div>
   <div class='ocr_carea' id='block_1_67' title="bbox 2092 3024 3661 3092">
    <p class='ocr_par' dir='ltr' id='par_1_67' title="bbox 2092 3024 3661 3092">
     <span class='ocr_line' id='line_1_67' title="bbox 2092 3024 3661 3092; baseline -0.003 -12"><span class='ocrx_word' id='word_1_517' title='bbox 2092 3033 2258 3081; x_wconf 83' lang='lat' dir='ltr'><strong>esset.</strong></span> <span class='ocrx_word' id='word_1_518' title='bbox 2290 3024 2548 3079; x_wconf 85' lang='lat' dir='ltr'><strong>Sublatus</strong></span> <span class='ocrx_word' id='word_1_519' title='bbox 2586 3026 2692 3079; x_wconf 91' lang='lat' dir='ltr'><strong>erit</strong></span> <span class='ocrx_word' id='word_1_520' title='bbox 2724 3033 2782 3079; x_wconf 85' lang='lat' dir='ltr'><strong>et</strong></span> <span class='ocrx_word' id='word_1_521' title='bbox 2842 3024 2934 3078; x_wconf 90' lang='lat' dir='ltr'><strong>Dei</strong></span> <span class='ocrx_word' id='word_1_522' title='bbox 3008 3025 3211 3086; x_wconf 88' lang='lat' dir='ltr'><strong>cultus.</strong></span> <span class='ocrx_word' id='word_1_523' title='bbox 3267 3034 3323 3077; x_wconf 89' lang='lat' dir='ltr'><strong>et</strong></span> <span class='ocrx_word' id='word_1_524' title='bbox 3377 3033 3661 3092; x_wconf 86' lang='lat' dir='ltr'><strong>parentum</strong></span> 
     </span>
    </p>
   </div>
   <div class='ocr_carea' id='block_1_68' title="bbox 2019 3114 3669 3211">
    <p class='ocr_par' dir='ltr' id='par_1_68' title="bbox 2019 3114 3669 3211">
     <span class='ocr_line' id='line_1_68' title="bbox 2019 3114 3669 3211; baseline -0.004 -41"><span class='ocrx_word' id='word_1_525' title='bbox 2019 3154 2062 3211; x_wconf 64' lang='grc' dir='ltr'><strong>ο</strong></span> <span class='ocrx_word' id='word_1_526' title='bbox 2098 3117 2293 3179; x_wconf 86' lang='lat' dir='ltr'><strong>honos,</strong></span> <span class='ocrx_word' id='word_1_527' title='bbox 2345 3131 2566 3185; x_wconf 85' lang='lat' dir='ltr'><strong>quaque</strong></span> <span class='ocrx_word' id='word_1_528' title='bbox 2629 3115 2722 3168; x_wconf 85' lang='lat' dir='ltr'><strong>alii</strong></span> <span class='ocrx_word' id='word_1_529' title='bbox 2772 3114 2908 3169; x_wconf 87' lang='lat' dir='ltr'><strong>alios</strong></span> <span class='ocrx_word' id='word_1_530' title='bbox 2947 3114 3353 3183; x_wconf 87' lang='lat' dir='ltr'><strong>prosequimur,</strong></span> <span class='ocrx_word' id='word_1_531' title='bbox 3387 3115 3669 3167; x_wconf 76' lang='lat' dir='ltr'><strong>wneratin</strong></span> 
     </span>
    </p>
   </div>
   <div class='ocr_carea' id='block_1_69' title="bbox 2098 3206 3664 3277">
    <p class='ocr_par' dir='ltr' id='par_1_69' title="bbox 2098 3206 3664 3277">
     <span class='ocr_line' id='line_1_69' title="bbox 2098 3206 3664 3277; baseline -0.005 -12"><span class='ocrx_word' id='word_1_532' title='bbox 2098 3219 2154 3266; x_wconf 88' lang='lat' dir='ltr'><strong>et</strong></span> <span class='ocrx_word' id='word_1_533' title='bbox 2201 3208 2399 3277; x_wconf 88' lang='lat' dir='ltr'><strong>pudor,</strong></span> <span class='ocrx_word' id='word_1_534' title='bbox 2458 3206 2809 3275; x_wconf 81' lang='lat' dir='ltr'><strong>amicitiaque</strong></span> <span class='ocrx_word' id='word_1_535' title='bbox 2862 3214 2919 3260; x_wconf 90' lang='lat' dir='ltr'><strong>et</strong></span> <span class='ocrx_word' id='word_1_536' title='bbox 2978 3206 3246 3261; x_wconf 83' lang='lat' dir='ltr'><strong>rectitude</strong></span> <span class='ocrx_word' id='word_1_537' title='bbox 3308 3207 3664 3273; x_wconf 84' lang='lat' dir='ltr'><strong>omniumque</strong></span> 
     </span>
    </p>
   </div>
   <div class='ocr_carea' id='block_1_70' title="bbox 2102 3297 3668 3368">
    <p class='ocr_par' dir='ltr' id='par_1_70' title="bbox 2102 3297 3668 3368">
     <span class='ocr_line' id='line_1_70' title="bbox 2102 3297 3668 3368; baseline -0.004 -14"><span class='ocrx_word' id='word_1_538' title='bbox 2102 3298 2341 3355; x_wconf 86' lang='lat' dir='ltr'><strong>societas</strong></span> <span class='ocrx_word' id='word_1_539' title='bbox 2384 3315 2399 3351; x_wconf 88' lang='lat'><strong>:</strong></span> <span class='ocrx_word' id='word_1_540' title='bbox 2445 3297 2592 3368; x_wconf 88' lang='lat' dir='ltr'><strong>leges</strong></span> <span class='ocrx_word' id='word_1_541' title='bbox 2648 3311 2870 3367; x_wconf 84' lang='lat' dir='ltr'><strong>quoque</strong></span> <span class='ocrx_word' id='word_1_542' title='bbox 2900 3306 2954 3351; x_wconf 88' lang='lat' dir='ltr'><strong>et</strong></span> <span class='ocrx_word' id='word_1_543' title='bbox 3006 3297 3234 3367; x_wconf 87' lang='lat' dir='ltr'><strong>judicia,</strong></span> <span class='ocrx_word' id='word_1_544' title='bbox 3291 3307 3345 3351; x_wconf 90' lang='lat' dir='ltr'><strong>et</strong></span> <span class='ocrx_word' id='word_1_545' title='bbox 3375 3312 3496 3363; x_wconf 80' lang='lat' dir='ltr'><strong>qua:</strong></span> <span class='ocrx_word' id='word_1_546' title='bbox 3547 3298 3668 3365; x_wconf 77' lang='lat' dir='ltr'><strong>ejus</strong></span> 
     </span>
    </p>
   </div>
   <div class='ocr_carea' id='block_1_71' title="bbox 2102 3388 3668 3460">
    <p class='ocr_par' dir='ltr' id='par_1_71' title="bbox 2102 3388 3668 3460">
     <span class='ocr_line' id='line_1_71' title="bbox 2102 3388 3668 3460; baseline -0.003 -16"><span class='ocrx_word' id='word_1_547' title='bbox 2102 3391 2314 3460; x_wconf 80' lang='lat' dir='ltr'><strong>generis</strong></span> <span class='ocrx_word' id='word_1_548' title='bbox 2366 3401 2494 3444; x_wconf 89' lang='lat' dir='ltr'><strong>sunt</strong></span> <span class='ocrx_word' id='word_1_549' title='bbox 2551 3390 2758 3444; x_wconf 89' lang='lat' dir='ltr'><strong>omnia.</strong></span> <span class='ocrx_word' id='word_1_550' title='bbox 2815 3388 2885 3444; x_wconf 89' lang='lat' dir='ltr'><strong>Ut</strong></span> <span class='ocrx_word' id='word_1_551' title='bbox 2917 3388 3044 3457; x_wconf 84' lang='lat' dir='ltr'><strong>quid</strong></span> <span class='ocrx_word' id='word_1_552' title='bbox 3104 3392 3248 3443; x_wconf 89' lang='lat' dir='ltr'><strong>enim</strong></span> <span class='ocrx_word' id='word_1_553' title='bbox 3282 3389 3398 3443; x_wconf 65' lang='lat' dir='ltr'><strong>haec</strong></span> <span class='ocrx_word' id='word_1_554' title='bbox 3451 3388 3668 3443; x_wconf 82' lang='lat' dir='ltr'><strong>futura?</strong></span> 
     </span>
    </p>
   </div>
   <div class='ocr_carea' id='block_1_72' title="bbox 2104 3480 3667 3551">
    <p class='ocr_par' dir='ltr' id='par_1_72' title="bbox 2104 3480 3667 3551">
     <span class='ocr_line' id='line_1_72' title="bbox 2104 3480 3667 3551; baseline 0.002 -18"><span class='ocrx_word' id='word_1_555' title='bbox 2104 3482 2259 3551; x_wconf 80' lang='lat' dir='ltr'><strong>cujus</strong></span> <span class='ocrx_word' id='word_1_556' title='bbox 2298 3494 2425 3536; x_wconf 75' lang='lat' dir='ltr'><strong>vero</strong></span> <span class='ocrx_word' id='word_1_557' title='bbox 2457 3480 2669 3551; x_wconf 78' lang='lat' dir='ltr'><strong>gratia?</strong></span> <span class='ocrx_word' id='word_1_558' title='bbox 2696 3496 2821 3537; x_wconf 90' lang='lat' dir='ltr'><strong>eum</strong></span> <span class='ocrx_word' id='word_1_559' title='bbox 2866 3482 3016 3537; x_wconf 92' lang='lat' dir='ltr'><strong>omni</strong></span> <span class='ocrx_word' id='word_1_560' title='bbox 3056 3483 3162 3538; x_wconf 81' lang='lat' dir='ltr'><strong>line</strong></span> <span class='ocrx_word' id='word_1_561' title='bbox 3198 3493 3436 3538; x_wconf 89' lang='lat' dir='ltr'><strong>careant.</strong></span> <span class='ocrx_word' id='word_1_562' title='bbox 3477 3485 3554 3537; x_wconf 84' lang='lat' dir='ltr'><strong>Ac</strong></span> <span class='ocrx_word' id='word_1_563' title='bbox 3621 3485 3667 3536; x_wconf 82' lang='lat' dir='ltr'><strong>si</strong></span> 
     </span>
    </p>
   </div>
   <div class='ocr_carea' id='block_1_73' title="bbox 2099 3571 3658 3640">
    <p class='ocr_par' dir='ltr' id='par_1_73' title="bbox 2099 3571 3658 3640">
     <span class='ocr_line' id='line_1_73' title="bbox 2099 3571 3658 3640; baseline -0.001 -15"><span class='ocrx_word' id='word_1_564' title='bbox 2099 3571 2316 3640; x_wconf 85' lang='lat' dir='ltr'><strong>quidem</strong></span> <span class='ocrx_word' id='word_1_565' title='bbox 2353 3586 2478 3626; x_wconf 86' lang='lat' dir='ltr'><strong>vera</strong></span> <span class='ocrx_word' id='word_1_566' title='bbox 2503 3580 2588 3627; x_wconf 87' lang='lat' dir='ltr'><strong>est</strong></span> <span class='ocrx_word' id='word_1_567' title='bbox 2619 3572 2734 3626; x_wconf 74' lang='lat' dir='ltr'><strong>lucc</strong></span> <span class='ocrx_word' id='word_1_568' title='bbox 2764 3572 3037 3639; x_wconf 88' lang='lat' dir='ltr'><strong>doctrina,</strong></span> <span class='ocrx_word' id='word_1_569' title='bbox 3076 3588 3299 3631; x_wconf 86' lang='lat' dir='ltr'><strong>necesse</strong></span> <span class='ocrx_word' id='word_1_570' title='bbox 3326 3574 3431 3627; x_wconf 90' lang='lat' dir='ltr'><strong>erit</strong></span> <span class='ocrx_word' id='word_1_571' title='bbox 3482 3586 3540 3627; x_wconf 90' lang='lat' dir='ltr'><strong>ut</strong></span> <span class='ocrx_word' id='word_1_572' title='bbox 3568 3574 3658 3625; x_wconf 87' lang='lat' dir='ltr'><strong>alii</strong></span> 
     </span>
    </p>
   </div>
   <div class='ocr_carea' id='block_1_74' title="bbox 2097 3662 3662 3733">
    <p class='ocr_par' dir='ltr' id='par_1_74' title="bbox 2097 3662 3662 3733">
     <span class='ocr_line' id='line_1_74' title="bbox 2097 3662 3662 3733; baseline 0 -16"><span class='ocrx_word' id='word_1_573' title='bbox 2097 3663 2217 3717; x_wconf 87' lang='lat' dir='ltr'><strong>aliis</strong></span> <span class='ocrx_word' id='word_1_574' title='bbox 2251 3662 2407 3731; x_wconf 79' lang='lat' dir='ltr'><strong>quasi</strong></span> <span class='ocrx_word' id='word_1_575' title='bbox 2444 3662 2631 3717; x_wconf 90' lang='lat' dir='ltr'><strong>bestiis</strong></span> <span class='ocrx_word' id='word_1_576' title='bbox 2666 3672 2903 3728; x_wconf 81' lang='lat' dir='ltr'><strong>utamur,</strong></span> <span class='ocrx_word' id='word_1_577' title='bbox 2941 3678 3005 3717; x_wconf 87' lang='lat' dir='ltr'><strong>ac</strong></span> <span class='ocrx_word' id='word_1_578' title='bbox 3036 3678 3217 3733; x_wconf 89' lang='lat' dir='ltr'><strong>neque</strong></span> <span class='ocrx_word' id='word_1_579' title='bbox 3265 3664 3373 3718; x_wconf 88' lang='lat' dir='ltr'><strong>cibi</strong></span> <span class='ocrx_word' id='word_1_580' title='bbox 3424 3674 3516 3717; x_wconf 86' lang='lat' dir='ltr'><strong>aut</strong></span> <span class='ocrx_word' id='word_1_581' title='bbox 3564 3680 3662 3732; x_wconf 84' lang='lat' dir='ltr'><strong>po-</strong></span> 
     </span>
    </p>
   </div>
   <div class='ocr_carea' id='block_1_75' title="bbox 2100 3753 3662 3824">
    <p class='ocr_par' dir='ltr' id='par_1_75' title="bbox 2100 3753 3662 3824">
     <span class='ocr_line' id='line_1_75' title="bbox 2100 3753 3662 3824; baseline 0.002 -18"><span class='ocrx_word' id='word_1_582' title='bbox 2100 3764 2186 3807; x_wconf 94' lang='lat' dir='ltr'><strong>tus</strong></span> <span class='ocrx_word' id='word_1_583' title='bbox 2221 3754 2441 3807; x_wconf 89' lang='lat' dir='ltr'><strong>modum</strong></span> <span class='ocrx_word' id='word_1_584' title='bbox 2480 3753 2645 3808; x_wconf 91' lang='lat' dir='ltr'><strong>ullum</strong></span> <span class='ocrx_word' id='word_1_585' title='bbox 2712 3761 3012 3818; x_wconf 82' lang='lat' dir='ltr'><strong>teneamus,</strong></span> <span class='ocrx_word' id='word_1_586' title='bbox 3047 3770 3147 3809; x_wconf 90' lang='lat' dir='ltr'><strong>nec</strong></span> <span class='ocrx_word' id='word_1_587' title='bbox 3186 3756 3417 3809; x_wconf 88' lang='lat' dir='ltr'><strong>aliorum</strong></span> <span class='ocrx_word' id='word_1_588' title='bbox 3479 3754 3662 3824; x_wconf 88' lang='lat' dir='ltr'><strong>cujus-</strong></span> 
     </span>
    </p>
   </div>
   <div class='ocr_carea' id='block_1_76' title="bbox 2093 3843 3668 3914">
    <p class='ocr_par' dir='ltr' id='par_1_76' title="bbox 2093 3843 3668 3914">
     <span class='ocr_line' id='line_1_76' title="bbox 2093 3843 3668 3914; baseline 0.002 -19"><span class='ocrx_word' id='word_1_589' title='bbox 2093 3858 2258 3911; x_wconf 87' lang='lat' dir='ltr'><strong>quam</strong></span> <span class='ocrx_word' id='word_1_590' title='bbox 2301 3844 2419 3911; x_wconf 86' lang='lat' dir='ltr'><strong>ejus</strong></span> <span class='ocrx_word' id='word_1_591' title='bbox 2459 3843 2698 3912; x_wconf 78' lang='lat' dir='ltr'><strong>generis,</strong></span> <span class='ocrx_word' id='word_1_592' title='bbox 2733 3844 2825 3898; x_wconf 84' lang='lat' dir='ltr'><strong>sed</strong></span> <span class='ocrx_word' id='word_1_593' title='bbox 2873 3859 3089 3900; x_wconf 87' lang='lat' dir='ltr'><strong>omnem</strong></span> <span class='ocrx_word' id='word_1_594' title='bbox 3131 3846 3460 3914; x_wconf 81' lang='lat' dir='ltr'><strong>voluptatem</strong></span> <span class='ocrx_word' id='word_1_595' title='bbox 3516 3861 3668 3913; x_wconf 74' lang='lat' dir='ltr'><strong>qua:-</strong></span> 
     </span>
    </p>
   </div>
   <div class='ocr_carea' id='block_1_77' title="bbox 2096 3934 3661 4005">
    <p class='ocr_par' dir='ltr' id='par_1_77' title="bbox 2096 3934 3661 4005">
     <span class='ocr_line' id='line_1_77' title="bbox 2096 3934 3661 4005; baseline 0.003 -18"><span class='ocrx_word' id='word_1_596' title='bbox 2096 3950 2304 3994; x_wconf 85' lang='lat' dir='ltr'><strong>rantus.</strong></span> <span class='ocrx_word' id='word_1_597' title='bbox 2345 3935 2620 4005; x_wconf 78' lang='lat' dir='ltr'><strong>vitantque</strong></span> <span class='ocrx_word' id='word_1_598' title='bbox 2660 3934 2876 3991; x_wconf 85' lang='lat' dir='ltr'><strong>mollem</strong></span> <span class='ocrx_word' id='word_1_599' title='bbox 2918 3951 2984 3991; x_wconf 86' lang='lat' dir='ltr'><strong>ac</strong></span> <span class='ocrx_word' id='word_1_600' title='bbox 3014 3937 3341 3994; x_wconf 87' lang='lat' dir='ltr'><strong>dissolutam</strong></span> <span class='ocrx_word' id='word_1_601' title='bbox 3392 3938 3661 3992; x_wconf 70' lang='lat' dir='ltr'><strong>vivamus.</strong></span> 
     </span>
    </p>
   </div>
   <div class='ocr_carea' id='block_1_78' title="bbox 422 4020 3663 4091">
    <p class='ocr_par' dir='ltr' id='par_1_78' title="bbox 422 4020 3663 4091">
     <span class='ocr_line' id='line_1_78' title="bbox 422 4020 3663 4091; baseline 0.005 -23"><span class='ocrx_word' id='word_1_602' title='bbox 422 4020 556 4083; x_wconf 66' lang='lat' dir='ltr'><strong>Quae</strong></span> <span class='ocrx_word' id='word_1_603' title='bbox 647 4021 827 4074; x_wconf 85' lang='lat' dir='ltr'><strong>omnia</strong></span> <span class='ocrx_word' id='word_1_604' title='bbox 884 4023 1120 4079; x_wconf 86' lang='lat' dir='ltr'><strong>absurda</strong></span> <span class='ocrx_word' id='word_1_605' title='bbox 1178 4034 1325 4089; x_wconf 84' lang='lat' dir='ltr'><strong>sunt,</strong></span> <span class='ocrx_word' id='word_1_606' title='bbox 1401 4042 1467 4080; x_wconf 89' lang='lat' dir='ltr'><strong>ac</strong></span> <span class='ocrx_word' id='word_1_607' title='bbox 1534 4037 1646 4081; x_wconf 88' lang='lat' dir='ltr'><strong>tum</strong></span> <span class='ocrx_word' id='word_1_608' title='bbox 1724 4028 1834 4082; x_wconf 81' lang='lat' dir='ltr'><strong>Deo</strong></span> <span class='ocrx_word' id='word_1_609' title='bbox 1906 4028 2147 4082; x_wconf 87' lang='lat' dir='ltr'><strong>omnium</strong></span> <span class='ocrx_word' id='word_1_610' title='bbox 2203 4027 2507 4091; x_wconf 84' lang='lat' dir='ltr'><strong>Conditori,</strong></span> <span class='ocrx_word' id='word_1_611' title='bbox 2599 4037 2713 4082; x_wconf 88' lang='lat' dir='ltr'><strong>tum</strong></span> <span class='ocrx_word' id='word_1_612' title='bbox 2814 4029 3066 4084; x_wconf 67' lang='lat' dir='ltr'><strong>humana:</strong></span> <span class='ocrx_word' id='word_1_613' title='bbox 3143 4030 3485 4087; x_wconf 75' lang='lat' dir='ltr'><strong>dissentanea</strong></span> <span class='ocrx_word' id='word_1_614' title='bbox 3588 4032 3663 4088; x_wconf 64' lang='lat' dir='ltr'><strong>di-</strong></span> 
     </span>
    </p>
   </div>
   <div class='ocr_carea' id='block_1_79' title="bbox 460 4114 639 4170">
    <p class='ocr_par' dir='ltr' id='par_1_79' title="bbox 460 4114 639 4170">
     <span class='ocr_line' id='line_1_79' title="bbox 460 4114 639 4170; baseline 0.022 -5"><span class='ocrx_word' id='word_1_615' title='bbox 460 4114 639 4170; x_wconf 80' lang='lat' dir='ltr'><strong>uitali.</strong></span> 
     </span>
    </p>
   </div>
   <div class='ocr_carea' id='block_1_80' title="bbox 423 4129 1996 4281">
    <p class='ocr_par' dir='ltr' id='par_1_80' title="bbox 423 4129 1996 4281">
     <span class='ocr_line' id='line_1_80' title="bbox 460 4129 639 4170; baseline 0.022 -5"><span class='ocrx_word' id='word_1_616' title='bbox 460 4129 639 4170; x_wconf 83' lang='lat' dir='ltr'><strong>nitatt.</strong></span> 
     </span>
     <span class='ocr_line' id='line_1_81' title="bbox 423 4129 1996 4281; baseline 0.004 -22"><span class='ocrx_word' id='word_1_617' title='bbox 423 4129 452 4181; x_wconf 65' lang='grc' dir='ltr'><strong>Β</strong></span> <span class='ocrx_word' id='word_1_618' title='bbox 498 4207 636 4276; x_wconf 68' lang='grc' dir='ltr'>Πρὸς</span> <span class='ocrx_word' id='word_1_619' title='bbox 665 4205 899 4271; x_wconf 83' lang='grc' dir='ltr'>τούτοις,</span> <span class='ocrx_word' id='word_1_620' title='bbox 936 4209 1059 4262; x_wconf 65' lang='grc' dir='ltr'><strong>ἔπι).</strong></span> <span class='ocrx_word' id='word_1_621' title='bbox 1093 4210 1320 4277; x_wconf 83' lang='grc' dir='ltr'>φυσικόν</span> <span class='ocrx_word' id='word_1_622' title='bbox 1358 4213 1476 4264; x_wconf 76' lang='grc' dir='ltr'><strong>ἐστι</strong></span> <span class='ocrx_word' id='word_1_623' title='bbox 1513 4212 1572 4265; x_wconf 80' lang='grc' dir='ltr'>τὸ</span> <span class='ocrx_word' id='word_1_624' title='bbox 1610 4208 1748 4265; x_wconf 70' lang='grc' dir='ltr'>εἶναι</span> <span class='ocrx_word' id='word_1_625' title='bbox 1787 4230 1996 4281; x_wconf 72' lang='grc' dir='ltr'>συνημο</span> 
     </span>
    </p>
   </div>
   <div class='ocr_carea' id='block_1_81' title="bbox 2132 4205 3671 4275">
    <p class='ocr_par' dir='ltr' id='par_1_81' title="bbox 2132 4205 3671 4275">
     <span class='ocr_line' id='line_1_82' title="bbox 2132 4205 3671 4275; baseline 0.004 -17"><span class='ocrx_word' id='word_1_626' title='bbox 2132 4248 2137 4252; x_wconf 85' lang='grc'><strong>.</strong></span> <span class='ocrx_word' id='word_1_627' title='bbox 2175 4205 2440 4259; x_wconf 67' lang='lat' dir='ltr'><strong>Praeterea</strong></span> <span class='ocrx_word' id='word_1_628' title='bbox 2503 4219 2623 4259; x_wconf 89' lang='lat' dir='ltr'><strong>cum</strong></span> <span class='ocrx_word' id='word_1_629' title='bbox 2675 4205 2924 4275; x_wconf 89' lang='lat' dir='ltr'><strong>corporis</strong></span> <span class='ocrx_word' id='word_1_630' title='bbox 2968 4220 3092 4259; x_wconf 89' lang='lat' dir='ltr'><strong>cum</strong></span> <span class='ocrx_word' id='word_1_631' title='bbox 3134 4206 3312 4261; x_wconf 87' lang='lat' dir='ltr'><strong>anima</strong></span> <span class='ocrx_word' id='word_1_632' title='bbox 3350 4210 3480 4263; x_wconf 87' lang='lat' dir='ltr'><strong>unio</strong></span> <span class='ocrx_word' id='word_1_633' title='bbox 3512 4219 3671 4264; x_wconf 89' lang='lat' dir='ltr'><strong>natu-</strong></span> 
     </span>
    </p>
   </div>
   <div class='ocr_carea' id='block_1_82' title="bbox 426 4295 2175 4375">
    <p class='ocr_par' dir='ltr' id='par_1_82' title="bbox 426 4299 2169 4375">
     <span class='ocr_line' id='line_1_83' title="bbox 426 4299 2169 4375; baseline 0.003 -28"><span class='ocrx_word' id='word_1_634' title='bbox 426 4303 587 4366; x_wconf 75' lang='grc' dir='ltr'>μένον</span> <span class='ocrx_word' id='word_1_635' title='bbox 616 4302 683 4368; x_wconf 86' lang='grc' dir='ltr'><strong>τῇ</strong></span> <span class='ocrx_word' id='word_1_636' title='bbox 721 4299 869 4370; x_wconf 79' lang='grc' dir='ltr'>ψυχῇ</span> <span class='ocrx_word' id='word_1_637' title='bbox 904 4301 965 4353; x_wconf 71' lang='grc' dir='ltr'>τὴ</span> <span class='ocrx_word' id='word_1_638' title='bbox 996 4301 1176 4369; x_wconf 83' lang='grc' dir='ltr'>σῶμα,</span> <span class='ocrx_word' id='word_1_639' title='bbox 1217 4303 1365 4371; x_wconf 78' lang='grc' dir='ltr'>παρὰ</span> <span class='ocrx_word' id='word_1_640' title='bbox 1390 4304 1553 4371; x_wconf 83' lang='grc' dir='ltr'>φύσιν</span> <span class='ocrx_word' id='word_1_641' title='bbox 1575 4304 1630 4357; x_wconf 86' lang='grc' dir='ltr'><em>δέ</em></span> <span class='ocrx_word' id='word_1_642' title='bbox 1656 4307 1771 4357; x_wconf 76' lang='grc' dir='ltr'>ἐστι</span> <span class='ocrx_word' id='word_1_643' title='bbox 1798 4305 1859 4358; x_wconf 81' lang='grc' dir='ltr'>τὸ</span> <span class='ocrx_word' id='word_1_644' title='bbox 1883 4323 1995 4375; x_wconf 82' lang='grc' dir='ltr'>χω-</span> <span class='ocrx_word' id='word_1_645' title='bbox 2094 4299 2169 4353; x_wconf 72' lang='lat' dir='ltr'><strong>val</strong></span> 
     </span>
    </p>
   </div>
   <div class='ocr_carea' id='block_1_83' title="bbox 1916 4295 3665 4375">
    <p class='ocr_par' dir='ltr' id='par_1_83' title="bbox 1918 4295 3665 4366">
     <span class='ocr_line' id='line_1_84' title="bbox 1918 4295 3665 4366; baseline 0.003 -15"><span class='ocrx_word' id='word_1_646' title='bbox 1918 4323 1995 4358; x_wconf 82' lang='grc' dir='ltr'>ω-</span> <span class='ocrx_word' id='word_1_647' title='bbox 2094 4299 2223 4353; x_wconf 79' lang='lat' dir='ltr'><strong>ralis</strong></span> <span class='ocrx_word' id='word_1_648' title='bbox 2280 4298 2353 4351; x_wconf 89' lang='lat' dir='ltr'><strong>sit</strong></span> <span class='ocrx_word' id='word_1_649' title='bbox 2419 4295 2646 4366; x_wconf 86' lang='lat' dir='ltr'><strong>ejusque</strong></span> <span class='ocrx_word' id='word_1_650' title='bbox 2700 4298 2767 4351; x_wconf 82' lang='lat' dir='ltr'><strong>ab</strong></span> <span class='ocrx_word' id='word_1_651' title='bbox 2830 4297 2918 4351; x_wconf 83' lang='lat' dir='ltr'><strong>illa</strong></span> <span class='ocrx_word' id='word_1_652' title='bbox 2965 4300 3237 4365; x_wconf 82' lang='lat' dir='ltr'><strong>separatio</strong></span> <span class='ocrx_word' id='word_1_653' title='bbox 3318 4302 3665 4366; x_wconf 87' lang='lat' dir='ltr'><strong>innaturalis,</strong></span> 
     </span>
    </p>
   </div>
   <div class='ocr_carea' id='block_1_84' title="bbox 426 4388 2175 4466">
    <p class='ocr_par' dir='ltr' id='par_1_84' title="bbox 426 4393 2175 4466">
     <span class='ocr_line' id='line_1_85' title="bbox 426 4393 2175 4466; baseline -0.007 -12"><span class='ocrx_word' id='word_1_654' title='bbox 426 4393 676 4460; x_wconf 74' lang='grc' dir='ltr'><strong>ρίζεσθαι</strong></span> <span class='ocrx_word' id='word_1_655' title='bbox 729 4394 827 4462; x_wconf 80' lang='grc' dir='ltr'><strong>τῆς</strong></span> <span class='ocrx_word' id='word_1_656' title='bbox 856 4394 1036 4466; x_wconf 73' lang='grc' dir='ltr'>ψυχῆς</span> <span class='ocrx_word' id='word_1_657' title='bbox 1069 4396 1237 4449; x_wconf 83' lang='grc' dir='ltr'>αὐτό·</span> <span class='ocrx_word' id='word_1_658' title='bbox 1288 4397 1481 4451; x_wconf 68' lang='grc' dir='ltr'>ἕπεται</span> <span class='ocrx_word' id='word_1_659' title='bbox 1512 4399 1845 4465; x_wconf 81' lang='grc' dir='ltr'>ἀναγκαίως,</span> <span class='ocrx_word' id='word_1_660' title='bbox 1898 4398 1993 4451; x_wconf 81' lang='grc' dir='ltr'><strong>τοῦ</strong></span> <span class='ocrx_word' id='word_1_661' title='bbox 2094 4405 2175 4444; x_wconf 83' lang='lat' dir='ltr'><strong>net</strong></span> 
     </span>
    </p>
   </div>
   <div class='ocr_carea' id='block_1_85' title="bbox 1916 4388 3665 4466">
    <p class='ocr_par' dir='ltr' id='par_1_85' title="bbox 1916 4388 3665 4460">
     <span class='ocr_line' id='line_1_86' title="bbox 1916 4388 3665 4460; baseline 0.002 -16"><span class='ocrx_word' id='word_1_662' title='bbox 1916 4398 1993 4451; x_wconf 73' lang='grc' dir='ltr'>τοῦ</span> <span class='ocrx_word' id='word_1_663' title='bbox 2094 4388 2407 4444; x_wconf 84' lang='lat' dir='ltr'><strong>necessario</strong></span> <span class='ocrx_word' id='word_1_664' title='bbox 2464 4389 2733 4457; x_wconf 89' lang='lat' dir='ltr'><strong>sequitur,</strong></span> <span class='ocrx_word' id='word_1_665' title='bbox 2786 4389 2868 4441; x_wconf 90' lang='lat' dir='ltr'><strong>sic</strong></span> <span class='ocrx_word' id='word_1_666' title='bbox 2951 4391 3208 4460; x_wconf 70' lang='lat' dir='ltr'><strong>nimirum</strong></span> <span class='ocrx_word' id='word_1_667' title='bbox 3278 4392 3665 4446; x_wconf 86' lang='lat' dir='ltr'><strong>innatnraliter</strong></span> 
     </span>
    </p>
   </div>
   <div class='ocr_carea' id='block_1_86' title="bbox 424 4479 2173 4561">
    <p class='ocr_par' dir='ltr' id='par_1_86' title="bbox 424 4479 2173 4561">
     <span class='ocr_line' id='line_1_87' title="bbox 424 4479 2173 4561; baseline 0.005 -28"><span class='ocrx_word' id='word_1_668' title='bbox 424 4484 676 4547; x_wconf 80' lang='grc' dir='ltr'>σώματος</span> <span class='ocrx_word' id='word_1_669' title='bbox 710 4484 809 4552; x_wconf 81' lang='grc' dir='ltr'><strong>τῆς</strong></span> <span class='ocrx_word' id='word_1_670' title='bbox 843 4484 1021 4555; x_wconf 78' lang='grc' dir='ltr'>ψυχῆς</span> <span class='ocrx_word' id='word_1_671' title='bbox 1054 4488 1206 4557; x_wconf 69' lang='grc' dir='ltr'>παρὰ</span> <span class='ocrx_word' id='word_1_672' title='bbox 1262 4484 1427 4556; x_wconf 83' lang='grc' dir='ltr'>φύσιν</span> <span class='ocrx_word' id='word_1_673' title='bbox 1458 4488 1859 4561; x_wconf 81' lang='grc' dir='ltr'>χωριζομὲνου,</span> <span class='ocrx_word' id='word_1_674' title='bbox 1912 4489 1988 4558; x_wconf 77' lang='grc' dir='ltr'>μὴ</span> <span class='ocrx_word' id='word_1_675' title='bbox 2024 4479 2068 4534; x_wconf 77' lang='grc' dir='ltr'>θ</span> <span class='ocrx_word' id='word_1_676' title='bbox 2097 4497 2173 4537; x_wconf 75' lang='lat'><strong>001</strong></span> 
     </span>
    </p>
   </div>
   <div class='ocr_carea' id='block_1_87' title="bbox 1916 4479 3665 4561">
    <p class='ocr_par' dir='ltr' id='par_1_87' title="bbox 1916 4479 3665 4558">
     <span class='ocr_line' id='line_1_88' title="bbox 1916 4479 3665 4558; baseline 0.001 -24"><span class='ocrx_word' id='word_1_677' title='bbox 1916 4489 1988 4558; x_wconf 70' lang='grc' dir='ltr'>μὴ</span> <span class='ocrx_word' id='word_1_678' title='bbox 2024 4479 2328 4550; x_wconf 67' lang='grc' dir='ltr'><strong>θεωρεῖτε</strong></span> <span class='ocrx_word' id='word_1_679' title='bbox 2388 4482 2457 4534; x_wconf 90' lang='lat' dir='ltr'><strong>ab</strong></span> <span class='ocrx_word' id='word_1_680' title='bbox 2512 4482 2691 4533; x_wconf 84' lang='lat' dir='ltr'><strong>anima</strong></span> <span class='ocrx_word' id='word_1_681' title='bbox 2759 4488 3035 4548; x_wconf 88' lang='lat' dir='ltr'><strong>separato,</strong></span> <span class='ocrx_word' id='word_1_682' title='bbox 3098 4496 3203 4535; x_wconf 91' lang='lat' dir='ltr'><strong>non</strong></span> <span class='ocrx_word' id='word_1_683' title='bbox 3253 4483 3304 4536; x_wconf 91' lang='lat' dir='ltr'><strong>in</strong></span> <span class='ocrx_word' id='word_1_684' title='bbox 3345 4494 3665 4553; x_wconf 87' lang='lat' dir='ltr'><strong>perpetuum</strong></span> 
     </span>
    </p>
   </div>
   <div class='ocr_carea' id='block_1_88' title="bbox 421 4576 1995 4649">
    <p class='ocr_par' dir='ltr' id='par_1_88' title="bbox 421 4576 1995 4649">
     <span class='ocr_line' id='line_1_89' title="bbox 421 4576 1995 4649; baseline 0.003 -21"><span class='ocrx_word' id='word_1_685' title='bbox 421 4576 698 4643; x_wconf 74' lang='grc' dir='ltr'>διαμένειν</span> <span class='ocrx_word' id='word_1_686' title='bbox 732 4578 813 4639; x_wconf 88' lang='grc' dir='ltr'>είς</span> <span class='ocrx_word' id='word_1_687' title='bbox 869 4579 932 4630; x_wconf 85' lang='grc' dir='ltr'>τὺ</span> <span class='ocrx_word' id='word_1_688' title='bbox 963 4579 1192 4648; x_wconf 78' lang='grc' dir='ltr'>ἄπειρον</span> <span class='ocrx_word' id='word_1_689' title='bbox 1221 4581 1368 4633; x_wconf 81' lang='grc' dir='ltr'>οὓτω</span> <span class='ocrx_word' id='word_1_690' title='bbox 1419 4582 1845 4649; x_wconf 74' lang='grc' dir='ltr'>κεχωρισμένον.</span> <span class='ocrx_word' id='word_1_691' title='bbox 1882 4582 1995 4633; x_wconf 71' lang='grc' dir='ltr'><strong>Καὶ</strong></span> 
     </span>
    </p>
   </div>
   <div class='ocr_carea' id='block_1_89' title="bbox 425 4666 1992 4739">
    <p class='ocr_par' dir='ltr' id='par_1_89' title="bbox 425 4666 1992 4739">
     <span class='ocr_line' id='line_1_90' title="bbox 425 4666 1992 4739; baseline 0.003 -22"><span class='ocrx_word' id='word_1_692' title='bbox 425 4666 535 4732; x_wconf 67' lang='grc' dir='ltr'>γὰρ</span> <span class='ocrx_word' id='word_1_693' title='bbox 564 4669 705 4719; x_wconf 73' lang='grc' dir='ltr'>κατὰ</span> <span class='ocrx_word' id='word_1_694' title='bbox 738 4666 900 4734; x_wconf 81' lang='grc' dir='ltr'>φύσιν</span> <span class='ocrx_word' id='word_1_695' title='bbox 923 4668 985 4721; x_wconf 82' lang='grc' dir='ltr'>τὸ</span> <span class='ocrx_word' id='word_1_696' title='bbox 1012 4669 1171 4737; x_wconf 83' lang='grc' dir='ltr'><strong>σῶμα</strong></span> <span class='ocrx_word' id='word_1_697' title='bbox 1200 4672 1265 4737; x_wconf 76' lang='grc' dir='ltr'>τῇ</span> <span class='ocrx_word' id='word_1_698' title='bbox 1299 4671 1445 4739; x_wconf 77' lang='grc' dir='ltr'>ψυχῇ</span> <span class='ocrx_word' id='word_1_699' title='bbox 1474 4672 1682 4739; x_wconf 74' lang='grc' dir='ltr'>ἥνωται</span> <span class='ocrx_word' id='word_1_700' title='bbox 1717 4671 1867 4739; x_wconf 70' lang='grc' dir='ltr'>παρὰ</span> <span class='ocrx_word' id='word_1_701' title='bbox 1899 4670 1992 4721; x_wconf 79' lang='grc' dir='ltr'><strong>τοῦ</strong></span> 
     </span>
    </p>
   </div>
   <div class='ocr_carea' id='block_1_90' title="bbox 422 4757 1993 4829">
    <p class='ocr_par' dir='ltr' id='par_1_90' title="bbox 422 4757 1993 4829">
     <span class='ocr_line' id='line_1_91' title="bbox 422 4757 1993 4829; baseline 0.004 -21"><span class='ocrx_word' id='word_1_702' title='bbox 422 4757 582 4816; x_wconf 71' lang='grc' dir='ltr'><strong>Θεοῦ.</strong></span> <span class='ocrx_word' id='word_1_703' title='bbox 612 4758 800 4829; x_wconf 81' lang='grc' dir='ltr'>ὥσπερ</span> <span class='ocrx_word' id='word_1_704' title='bbox 831 4760 866 4829; x_wconf 77' lang='grc' dir='ltr'>η</span> <span class='ocrx_word' id='word_1_705' title='bbox 906 4759 1007 4829; x_wconf 83' lang='grc' dir='ltr'>ὕλη</span> <span class='ocrx_word' id='word_1_706' title='bbox 1033 4761 1146 4829; x_wconf 75' lang='grc' dir='ltr'>ἔχει</span> <span class='ocrx_word' id='word_1_707' title='bbox 1174 4762 1311 4829; x_wconf 78' lang='grc' dir='ltr'>πρὸς</span> <span class='ocrx_word' id='word_1_708' title='bbox 1348 4764 1411 4815; x_wconf 82' lang='grc' dir='ltr'><strong>τὸ</strong></span> <span class='ocrx_word' id='word_1_709' title='bbox 1449 4759 1608 4825; x_wconf 82' lang='grc' dir='ltr'><strong>εἶδος.</strong></span> <span class='ocrx_word' id='word_1_710' title='bbox 1651 4762 1711 4815; x_wconf 89' lang='lat'><strong>&#39;0</strong></span> <span class='ocrx_word' id='word_1_711' title='bbox 1732 4764 1788 4814; x_wconf 86' lang='grc' dir='ltr'><strong>δὲ</strong></span> <span class='ocrx_word' id='word_1_712' title='bbox 1828 4764 1993 4816; x_wconf 80' lang='grc' dir='ltr'>θάνα-</span> 
     </span>
    </p>
   </div>
   <div class='ocr_carea' id='block_1_91' title="bbox 420 4850 1995 4923">
    <p class='ocr_par' dir='ltr' id='par_1_91' title="bbox 420 4850 1995 4923">
     <span class='ocr_line' id='line_1_92' title="bbox 420 4850 1995 4923; baseline 0.003 -21"><span class='ocrx_word' id='word_1_713' title='bbox 420 4866 516 4913; x_wconf 86' lang='grc' dir='ltr'>τος</span> <span class='ocrx_word' id='word_1_714' title='bbox 542 4850 629 4903; x_wconf 73' lang='grc' dir='ltr'><strong>διὰ</strong></span> <span class='ocrx_word' id='word_1_715' title='bbox 658 4852 759 4917; x_wconf 81' lang='grc' dir='ltr'>τὴν</span> <span class='ocrx_word' id='word_1_716' title='bbox 790 4852 1066 4919; x_wconf 86' lang='grc' dir='ltr'>ἁμαρτίαν</span> <span class='ocrx_word' id='word_1_717' title='bbox 1096 4853 1364 4919; x_wconf 76' lang='grc' dir='ltr'>ἐπελθὼν,</span> <span class='ocrx_word' id='word_1_718' title='bbox 1414 4854 1513 4923; x_wconf 83' lang='grc' dir='ltr'>τὴν</span> <span class='ocrx_word' id='word_1_719' title='bbox 1557 4854 1846 4907; x_wconf 81' lang='grc' dir='ltr'>διάστασιν</span> <span class='ocrx_word' id='word_1_720' title='bbox 1894 4858 1995 4922; x_wconf 83' lang='grc' dir='ltr'><strong>τῆς</strong></span> 
     </span>
    </p>
   </div>
   <div class='ocr_carea' id='block_1_92' title="bbox 420 4942 1996 5015">
    <p class='ocr_par' dir='ltr' id='par_1_92' title="bbox 420 4942 1996 5015">
     <span class='ocr_line' id='line_1_93' title="bbox 420 4942 1996 5015; baseline 0.004 -23"><span class='ocrx_word' id='word_1_721' title='bbox 420 4943 601 5012; x_wconf 80' lang='grc' dir='ltr'>ψυχῆς</span> <span class='ocrx_word' id='word_1_722' title='bbox 635 4944 751 4997; x_wconf 70' lang='grc' dir='ltr'><strong>ἀπὸ</strong></span> <span class='ocrx_word' id='word_1_723' title='bbox 767 4943 858 4996; x_wconf 80' lang='grc' dir='ltr'><strong>τοῦ</strong></span> <span class='ocrx_word' id='word_1_724' title='bbox 892 4942 1141 5014; x_wconf 83' lang='grc' dir='ltr'>σώματος</span> <span class='ocrx_word' id='word_1_725' title='bbox 1196 4945 1474 5013; x_wconf 71' lang='grc' dir='ltr'>ἐποίησεν.</span> <span class='ocrx_word' id='word_1_726' title='bbox 1512 4948 1669 5015; x_wconf 84' lang='grc' dir='ltr'>Παρὰ</span> <span class='ocrx_word' id='word_1_727' title='bbox 1694 4946 1856 5014; x_wconf 85' lang='grc' dir='ltr'>φύσιν</span> <span class='ocrx_word' id='word_1_728' title='bbox 1901 4946 1996 4999; x_wconf 80' lang='grc' dir='ltr'>οὖν</span> 
     </span>
    </p>
   </div>
   <div class='ocr_carea' id='block_1_93' title="bbox 419 5036 1994 5107">
    <p class='ocr_par' dir='ltr' id='par_1_93' title="bbox 419 5036 1994 5107">
     <span class='ocr_line' id='line_1_94' title="bbox 419 5036 1994 5107; baseline 0.003 -22"><span class='ocrx_word' id='word_1_729' title='bbox 419 5038 453 5100; x_wconf 79' lang='grc' dir='ltr'>ἠ</span> <span class='ocrx_word' id='word_1_730' title='bbox 484 5036 761 5095; x_wconf 73' lang='grc' dir='ltr'>διάστασις</span> <span class='ocrx_word' id='word_1_731' title='bbox 789 5036 982 5089; x_wconf 82' lang='grc' dir='ltr'>τούτου</span> <span class='ocrx_word' id='word_1_732' title='bbox 1013 5037 1252 5103; x_wconf 77' lang='grc' dir='ltr'><strong>ἐγένετο.</strong></span> <span class='ocrx_word' id='word_1_733' title='bbox 1310 5038 1382 5090; x_wconf 83' lang='grc' dir='ltr'>Τὸ</span> <span class='ocrx_word' id='word_1_734' title='bbox 1412 5037 1470 5089; x_wconf 80' lang='grc' dir='ltr'><strong>δὲ</strong></span> <span class='ocrx_word' id='word_1_735' title='bbox 1500 5041 1649 5107; x_wconf 80' lang='grc' dir='ltr'>παρὰ</span> <span class='ocrx_word' id='word_1_736' title='bbox 1679 5039 1843 5105; x_wconf 84' lang='grc' dir='ltr'>φύσιν</span> <span class='ocrx_word' id='word_1_737' title='bbox 1891 5040 1994 5092; x_wconf 77' lang='grc' dir='ltr'><strong>οὐκ</strong></span> 
     </span>
    </p>
   </div>
   <div class='ocr_carea' id='block_1_94' title="bbox 423 5122 1991 5199">
    <p class='ocr_par' dir='ltr' id='par_1_94' title="bbox 423 5122 1991 5199">
     <span class='ocr_line' id='line_1_95' title="bbox 423 5122 1991 5199; baseline 0.003 -22"><span class='ocrx_word' id='word_1_738' title='bbox 423 5126 655 5178; x_wconf 75' lang='grc' dir='ltr'>ἐπιπολὺ</span> <span class='ocrx_word' id='word_1_739' title='bbox 683 5127 949 5194; x_wconf 83' lang='grc' dir='ltr'>διαμένει.</span> <span class='ocrx_word' id='word_1_740' title='bbox 990 5122 1139 5191; x_wconf 77' lang='grc' dir='ltr'>Οίον,</span> <span class='ocrx_word' id='word_1_741' title='bbox 1174 5129 1317 5180; x_wconf 71' lang='grc' dir='ltr'>κατὰ</span> <span class='ocrx_word' id='word_1_742' title='bbox 1350 5127 1511 5195; x_wconf 82' lang='grc' dir='ltr'>φύσιν</span> <span class='ocrx_word' id='word_1_743' title='bbox 1537 5130 1763 5199; x_wconf 81' lang='grc' dir='ltr'>φέρεται</span> <span class='ocrx_word' id='word_1_744' title='bbox 1795 5131 1822 5181; x_wconf 86' lang='grc' dir='ltr'>ὀ</span> <span class='ocrx_word' id='word_1_745' title='bbox 1844 5129 1991 5192; x_wconf 88' lang='grc' dir='ltr'>λίθος</span> 
     </span>
    </p>
   </div>
   <div class='ocr_carea' id='block_1_95' title="bbox 422 5217 1992 5287">
    <p class='ocr_par' dir='ltr' id='par_1_95' title="bbox 422 5217 1992 5287">
     <span class='ocr_line' id='line_1_96' title="bbox 422 5217 1992 5287; baseline 0.002 -19"><span class='ocrx_word' id='word_1_746' title='bbox 422 5219 515 5269; x_wconf 78' lang='grc' dir='ltr'><strong>ἀεὶ</strong></span> <span class='ocrx_word' id='word_1_747' title='bbox 545 5219 624 5279; x_wconf 87' lang='grc' dir='ltr'>είς</span> <span class='ocrx_word' id='word_1_748' title='bbox 646 5217 706 5270; x_wconf 79' lang='grc' dir='ltr'>τδ</span> <span class='ocrx_word' id='word_1_749' title='bbox 762 5218 933 5272; x_wconf 54' lang='grc' dir='ltr'><strong>κὰτωπ</strong></span> <span class='ocrx_word' id='word_1_750' title='bbox 992 5218 1145 5287; x_wconf 73' lang='grc' dir='ltr'>παρὰ</span> <span class='ocrx_word' id='word_1_751' title='bbox 1182 5218 1343 5286; x_wconf 78' lang='grc' dir='ltr'>φύσιν</span> <span class='ocrx_word' id='word_1_752' title='bbox 1387 5220 1446 5273; x_wconf 78' lang='grc' dir='ltr'><strong>δὲ</strong></span> <span class='ocrx_word' id='word_1_753' title='bbox 1490 5220 1581 5283; x_wconf 80' lang='grc' dir='ltr'>είς</span> <span class='ocrx_word' id='word_1_754' title='bbox 1602 5219 1662 5273; x_wconf 84' lang='grc' dir='ltr'><strong>τὸ</strong></span> <span class='ocrx_word' id='word_1_755' title='bbox 1692 5219 1826 5281; x_wconf 83' lang='grc' dir='ltr'>ἄνω,</span> <span class='ocrx_word' id='word_1_756' title='bbox 1860 5220 1992 5272; x_wconf 84' lang='grc' dir='ltr'>ὅταν</span> 
     </span>
    </p>
   </div>
   <div class='ocr_carea' id='block_1_96' title="bbox 424 5307 1991 5380">
    <p class='ocr_par' dir='ltr' id='par_1_96' title="bbox 424 5307 1991 5380">
     <span class='ocr_line' id='line_1_97' title="bbox 424 5307 1991 5380; baseline 0.003 -21"><span class='ocrx_word' id='word_1_757' title='bbox 424 5326 507 5369; x_wconf 84' lang='grc' dir='ltr'>τις</span> <span class='ocrx_word' id='word_1_758' title='bbox 534 5307 698 5361; x_wconf 75' lang='grc' dir='ltr'>αὑτὸν</span> <span class='ocrx_word' id='word_1_759' title='bbox 729 5307 819 5378; x_wconf 77' lang='grc' dir='ltr'>βίᾳ</span> <span class='ocrx_word' id='word_1_760' title='bbox 835 5307 1049 5378; x_wconf 56' lang='lat' dir='ltr'><strong>meson.</strong></span> <span class='ocrx_word' id='word_1_761' title='bbox 1073 5309 1245 5362; x_wconf 81' lang='grc' dir='ltr'>Τοῦτο</span> <span class='ocrx_word' id='word_1_762' title='bbox 1269 5311 1399 5377; x_wconf 81' lang='grc' dir='ltr'>γοῦν</span> <span class='ocrx_word' id='word_1_763' title='bbox 1427 5312 1487 5363; x_wconf 80' lang='grc' dir='ltr'>τὸ</span> <span class='ocrx_word' id='word_1_764' title='bbox 1506 5310 1696 5379; x_wconf 86' lang='grc' dir='ltr'>βιαίως</span> <span class='ocrx_word' id='word_1_765' title='bbox 1721 5314 1815 5365; x_wconf 80' lang='grc' dir='ltr'>καὶ</span> <span class='ocrx_word' id='word_1_766' title='bbox 1840 5311 1991 5380; x_wconf 80' lang='grc' dir='ltr'>παρὰ</span> 
     </span>
    </p>
   </div>
   <div class='ocr_carea' id='block_1_97' title="bbox 420 5398 1990 5471">
    <p class='ocr_par' dir='ltr' id='par_1_97' title="bbox 420 5398 1990 5471">
     <span class='ocr_line' id='line_1_98' title="bbox 420 5398 1990 5471; baseline 0 -18"><span class='ocrx_word' id='word_1_767' title='bbox 420 5401 522 5467; x_wconf 72' lang='grc' dir='ltr'><strong>τὴν</strong></span> <span class='ocrx_word' id='word_1_768' title='bbox 546 5400 710 5467; x_wconf 83' lang='grc' dir='ltr'>φύσιν</span> <span class='ocrx_word' id='word_1_769' title='bbox 741 5399 837 5452; x_wconf 84' lang='grc' dir='ltr'><strong>τοῦ</strong></span> <span class='ocrx_word' id='word_1_770' title='bbox 869 5398 1018 5452; x_wconf 84' lang='grc' dir='ltr'>λίθου</span> <span class='ocrx_word' id='word_1_771' title='bbox 1040 5402 1101 5452; x_wconf 83' lang='grc' dir='ltr'>οὐ</span> <span class='ocrx_word' id='word_1_772' title='bbox 1130 5401 1377 5469; x_wconf 74' lang='grc' dir='ltr'>διαμένει</span> <span class='ocrx_word' id='word_1_773' title='bbox 1410 5402 1663 5454; x_wconf 80' lang='grc' dir='ltr'><strong>ὲπιπολύ.</strong></span> <span class='ocrx_word' id='word_1_774' title='bbox 1702 5402 1990 5471; x_wconf 86' lang='grc' dir='ltr'>Συντόμως</span> 
     </span>
    </p>
   </div>
   <div class='ocr_carea' id='block_1_98' title="bbox 423 5488 1987 5559">
    <p class='ocr_par' dir='ltr' id='par_1_98' title="bbox 423 5488 1987 5559">
     <span class='ocr_line' id='line_1_99' title="bbox 423 5488 1987 5559; baseline 0.004 -18"><span class='ocrx_word' id='word_1_775' title='bbox 423 5491 534 5557; x_wconf 66' lang='grc' dir='ltr'><strong>γὰρ</strong></span> <span class='ocrx_word' id='word_1_776' title='bbox 555 5489 716 5543; x_wconf 72' lang='grc' dir='ltr'>πάλιν</span> <span class='ocrx_word' id='word_1_777' title='bbox 738 5488 961 5558; x_wconf 71' lang='grc' dir='ltr'>ἔρχεται</span> <span class='ocrx_word' id='word_1_778' title='bbox 988 5491 1070 5554; x_wconf 76' lang='grc' dir='ltr'>είς</span> <span class='ocrx_word' id='word_1_779' title='bbox 1097 5491 1157 5543; x_wconf 75' lang='grc' dir='ltr'>τὸ</span> <span class='ocrx_word' id='word_1_780' title='bbox 1178 5493 1320 5545; x_wconf 84' lang='grc' dir='ltr'>κατὰ</span> <span class='ocrx_word' id='word_1_781' title='bbox 1342 5489 1505 5559; x_wconf 67' lang='grc' dir='ltr'>ᾠύσιν</span> <span class='ocrx_word' id='word_1_782' title='bbox 1536 5491 1701 5545; x_wconf 81' lang='grc' dir='ltr'>αὑτοῦ</span> <span class='ocrx_word' id='word_1_783' title='bbox 1734 5492 1794 5545; x_wconf 83' lang='grc' dir='ltr'>τὸ</span> <span class='ocrx_word' id='word_1_784' title='bbox 1817 5494 1987 5548; x_wconf 80' lang='grc' dir='ltr'>κάτω.</span> 
     </span>
    </p>
   </div>
   <div class='ocr_carea' id='block_1_99' title="bbox 422 5580 1990 5655">
    <p class='ocr_par' dir='ltr' id='par_1_99' title="bbox 422 5580 1990 5655">
     <span class='ocr_line' id='line_1_100' title="bbox 422 5580 1990 5655; baseline 0.003 -21"><span class='ocrx_word' id='word_1_785' title='bbox 422 5582 529 5635; x_wconf 62' lang='grc' dir='ltr'><strong>Καὶ</strong></span> <span class='ocrx_word' id='word_1_786' title='bbox 563 5580 742 5633; x_wconf 88' lang='grc' dir='ltr'>τοίνυν</span> <span class='ocrx_word' id='word_1_787' title='bbox 775 5584 808 5650; x_wconf 78' lang='grc' dir='ltr'>η</span> <span class='ocrx_word' id='word_1_788' title='bbox 848 5582 998 5652; x_wconf 80' lang='grc' dir='ltr'>ψυχὴ</span> <span class='ocrx_word' id='word_1_789' title='bbox 1031 5582 1129 5635; x_wconf 81' lang='grc' dir='ltr'><strong>τοῦ</strong></span> <span class='ocrx_word' id='word_1_790' title='bbox 1165 5583 1417 5651; x_wconf 85' lang='grc' dir='ltr'>σώματος</span> <span class='ocrx_word' id='word_1_791' title='bbox 1452 5584 1822 5654; x_wconf 80' lang='grc' dir='ltr'>χωριζομένη,</span> <span class='ocrx_word' id='word_1_792' title='bbox 1853 5586 1990 5655; x_wconf 82' lang='grc' dir='ltr'><strong>ὅπερ</strong></span> 
     </span>
    </p>
   </div>
   <div class='ocr_carea' id='block_1_100' title="bbox 422 5656 1964 5747">
    <p class='ocr_par' dir='ltr' id='par_1_100' title="bbox 422 5656 1964 5747">
     <span class='ocr_line' id='line_1_101' title="bbox 422 5656 1964 5747; baseline 0.001 -21"><span class='ocrx_word' id='word_1_793' title='bbox 422 5675 544 5726; x_wconf 69' lang='grc' dir='ltr'><strong>ἐπὶ</strong></span> <span class='ocrx_word' id='word_1_794' title='bbox 577 5674 731 5741; x_wconf 68' lang='grc' dir='ltr'>παρὰ</span> <span class='ocrx_word' id='word_1_795' title='bbox 756 5674 943 5741; x_wconf 83' lang='grc' dir='ltr'>φύσιν,</span> <span class='ocrx_word' id='word_1_796' title='bbox 977 5678 1077 5728; x_wconf 74' lang='grc' dir='ltr'><strong>οὐκ</strong></span> <span class='ocrx_word' id='word_1_797' title='bbox 1109 5676 1168 5727; x_wconf 83' lang='grc' dir='ltr'>ἐν</span> <span class='ocrx_word' id='word_1_798' title='bbox 1191 5676 1365 5747; x_wconf 80' lang='grc' dir='ltr'>τούτῳ</span> <span class='ocrx_word' id='word_1_799' title='bbox 1384 5656 1628 5745; x_wconf 59' lang='grc' dir='ltr'><strong>διαμενεῖ</strong></span> <span class='ocrx_word' id='word_1_800' title='bbox 1660 5678 1737 5739; x_wconf 87' lang='grc' dir='ltr'>είς</span> <span class='ocrx_word' id='word_1_801' title='bbox 1760 5678 1964 5731; x_wconf 77' lang='grc' dir='ltr'>τὸᾶπει</span> 
     </span>
    </p>
   </div>
   <div class='ocr_carea' id='block_1_101' title="bbox 426 5765 1987 5840">
    <p class='ocr_par' dir='ltr' id='par_1_101' title="bbox 426 5765 1987 5840">
     <span class='ocr_line' id='line_1_102' title="bbox 426 5765 1987 5840; baseline 0.003 -22"><span class='ocrx_word' id='word_1_802' title='bbox 426 5782 540 5834; x_wconf 89' lang='grc' dir='ltr'>ρον.</span> <span class='ocrx_word' id='word_1_803' title='bbox 605 5765 676 5819; x_wconf 81' lang='grc' dir='ltr'><strong>Τὸ</strong></span> <span class='ocrx_word' id='word_1_804' title='bbox 713 5766 819 5838; x_wconf 72' lang='grc' dir='ltr'><strong>γὰρ</strong></span> <span class='ocrx_word' id='word_1_805' title='bbox 863 5769 1009 5839; x_wconf 81' lang='grc' dir='ltr'>παρὰ</span> <span class='ocrx_word' id='word_1_806' title='bbox 1066 5768 1248 5837; x_wconf 75' lang='grc' dir='ltr'>φύσιν,</span> <span class='ocrx_word' id='word_1_807' title='bbox 1284 5768 1355 5833; x_wconf 81' lang='grc' dir='ltr'><strong>ὡς</strong></span> <span class='ocrx_word' id='word_1_808' title='bbox 1418 5771 1664 5836; x_wconf 68' lang='grc' dir='ltr'>εἴπομεν,</span> <span class='ocrx_word' id='word_1_809' title='bbox 1712 5771 1987 5840; x_wconf 74' lang='grc' dir='ltr'>συντόμως</span> 
     </span>
    </p>
   </div>
   <div class='ocr_carea' id='block_1_102' title="bbox 2108 4569 3671 4641">
    <p class='ocr_par' dir='ltr' id='par_1_102' title="bbox 2108 4569 3671 4641">
     <span class='ocr_line' id='line_1_103' title="bbox 2108 4569 3671 4641; baseline 0.002 -15"><span class='ocrx_word' id='word_1_810' title='bbox 2108 4586 2425 4627; x_wconf 85' lang='lat' dir='ltr'><strong>mansurum</strong></span> <span class='ocrx_word' id='word_1_811' title='bbox 2478 4572 2552 4625; x_wconf 79' lang='lat' dir='ltr'><strong>ita</strong></span> <span class='ocrx_word' id='word_1_812' title='bbox 2607 4580 2938 4639; x_wconf 84' lang='lat' dir='ltr'><strong>separatum.</strong></span> <span class='ocrx_word' id='word_1_813' title='bbox 2993 4569 3127 4624; x_wconf 84' lang='lat' dir='ltr'><strong>Nam</strong></span> <span class='ocrx_word' id='word_1_814' title='bbox 3169 4587 3372 4641; x_wconf 80' lang='lat' dir='ltr'><strong>corpus</strong></span> <span class='ocrx_word' id='word_1_815' title='bbox 3411 4578 3671 4630; x_wconf 88' lang='lat' dir='ltr'><strong>naturali-</strong></span> 
     </span>
    </p>
   </div>
   <div class='ocr_carea' id='block_1_103' title="bbox 2105 4662 3674 4735">
    <p class='ocr_par' dir='ltr' id='par_1_103' title="bbox 2105 4662 3674 4735">
     <span class='ocr_line' id='line_1_104' title="bbox 2105 4662 3674 4735; baseline 0.003 -18"><span class='ocrx_word' id='word_1_816' title='bbox 2105 4676 2187 4718; x_wconf 84' lang='lat' dir='ltr'><strong>ter</strong></span> <span class='ocrx_word' id='word_1_817' title='bbox 2219 4664 2415 4717; x_wconf 78' lang='lat' dir='ltr'><strong>anima:</strong></span> <span class='ocrx_word' id='word_1_818' title='bbox 2445 4678 2473 4715; x_wconf 90' lang='lat' dir='ltr'><strong>a</strong></span> <span class='ocrx_word' id='word_1_819' title='bbox 2509 4662 2616 4713; x_wconf 83' lang='lat' dir='ltr'><strong>Dee</strong></span> <span class='ocrx_word' id='word_1_820' title='bbox 2663 4663 2873 4714; x_wconf 90' lang='lat' dir='ltr'><strong>unitum</strong></span> <span class='ocrx_word' id='word_1_821' title='bbox 2899 4670 3010 4726; x_wconf 86' lang='lat' dir='ltr'><strong>est;</strong></span> <span class='ocrx_word' id='word_1_822' title='bbox 3056 4663 3122 4714; x_wconf 87' lang='lat' dir='ltr'><strong>ad</strong></span> <span class='ocrx_word' id='word_1_823' title='bbox 3157 4678 3281 4716; x_wconf 92' lang='lat' dir='ltr'><strong>eum</strong></span> <span class='ocrx_word' id='word_1_824' title='bbox 3315 4666 3531 4719; x_wconf 90' lang='lat' dir='ltr'><strong>modum</strong></span> <span class='ocrx_word' id='word_1_825' title='bbox 3564 4684 3674 4735; x_wconf 86' lang='lat' dir='ltr'><strong>quo</strong></span> 
     </span>
    </p>
   </div>
   <div class='ocr_carea' id='block_1_104' title="bbox 2105 4752 3670 4825">
    <p class='ocr_par' dir='ltr' id='par_1_104' title="bbox 2105 4752 3670 4825">
     <span class='ocr_line' id='line_1_105' title="bbox 2105 4752 3670 4825; baseline 0.003 -17"><span class='ocrx_word' id='word_1_826' title='bbox 2105 4770 2165 4808; x_wconf 90' lang='lat' dir='ltr'><strong>se</strong></span> <span class='ocrx_word' id='word_1_827' title='bbox 2212 4764 2440 4807; x_wconf 78' lang='lat' dir='ltr'><strong>materia</strong></span> <span class='ocrx_word' id='word_1_828' title='bbox 2488 4752 2553 4806; x_wconf 90' lang='lat' dir='ltr'><strong>ad</strong></span> <span class='ocrx_word' id='word_1_829' title='bbox 2584 4753 2814 4806; x_wconf 82' lang='lat' dir='ltr'><strong>formam</strong></span> <span class='ocrx_word' id='word_1_830' title='bbox 2862 4752 3043 4806; x_wconf 87' lang='lat' dir='ltr'><strong>habet.</strong></span> <span class='ocrx_word' id='word_1_831' title='bbox 3070 4752 3215 4808; x_wconf 85' lang='lat' dir='ltr'><strong>Mors</strong></span> <span class='ocrx_word' id='word_1_832' title='bbox 3247 4766 3427 4809; x_wconf 87' lang='lat' dir='ltr'><strong>autem</strong></span> <span class='ocrx_word' id='word_1_833' title='bbox 3463 4761 3670 4825; x_wconf 88' lang='lat' dir='ltr'><strong>peccati</strong></span> 
     </span>
    </p>
   </div>
   <div class='ocr_carea' id='block_1_105' title="bbox 2106 4844 3669 4919">
    <p class='ocr_par' dir='ltr' id='par_1_105' title="bbox 2106 4844 3669 4919">
     <span class='ocr_line' id='line_1_106' title="bbox 2106 4844 3669 4919; baseline 0.003 -20"><span class='ocrx_word' id='word_1_834' title='bbox 2106 4854 2256 4919; x_wconf 75' lang='lat' dir='ltr'><strong>reatu</strong></span> <span class='ocrx_word' id='word_1_835' title='bbox 2314 4844 2705 4912; x_wconf 82' lang='lat' dir='ltr'><strong>superveniens</strong></span> <span class='ocrx_word' id='word_1_836' title='bbox 2756 4845 2995 4899; x_wconf 89' lang='lat' dir='ltr'><strong>animam</strong></span> <span class='ocrx_word' id='word_1_837' title='bbox 3045 4860 3074 4898; x_wconf 88' lang='lat' dir='ltr'><strong>a</strong></span> <span class='ocrx_word' id='word_1_838' title='bbox 3115 4860 3346 4914; x_wconf 90' lang='lat' dir='ltr'><strong>corpore</strong></span> <span class='ocrx_word' id='word_1_839' title='bbox 3381 4849 3669 4919; x_wconf 77' lang='lat' dir='ltr'><strong>disjunxit.</strong></span> 
     </span>
    </p>
   </div>
   <div class='ocr_carea' id='block_1_106' title="bbox 2109 4935 3669 5008">
    <p class='ocr_par' dir='ltr' id='par_1_106' title="bbox 2109 4935 3669 5008">
     <span class='ocr_line' id='line_1_107' title="bbox 2109 4935 3669 5008; baseline 0.004 -19"><span class='ocrx_word' id='word_1_840' title='bbox 2109 4937 2240 5004; x_wconf 87' lang='lat' dir='ltr'><strong>Ejus</strong></span> <span class='ocrx_word' id='word_1_841' title='bbox 2279 4936 2459 5001; x_wconf 84' lang='lat' dir='ltr'><strong>itaque</strong></span> <span class='ocrx_word' id='word_1_842' title='bbox 2491 4935 2582 4989; x_wconf 89' lang='lat' dir='ltr'><strong>illa</strong></span> <span class='ocrx_word' id='word_1_843' title='bbox 2617 4936 2915 5005; x_wconf 89' lang='lat' dir='ltr'><strong>disjunctio</strong></span> <span class='ocrx_word' id='word_1_844' title='bbox 2954 4937 3281 4994; x_wconf 87' lang='lat' dir='ltr'><strong>inuaturalis</strong></span> <span class='ocrx_word' id='word_1_845' title='bbox 3333 4943 3453 4995; x_wconf 63' lang='lat' dir='ltr'><strong>luit.</strong></span> <span class='ocrx_word' id='word_1_846' title='bbox 3514 4944 3669 5008; x_wconf 85' lang='lat' dir='ltr'><strong>Quod</strong></span> 
     </span>
    </p>
   </div>
   <div class='ocr_carea' id='block_1_107' title="bbox 2106 5027 3670 5103">
    <p class='ocr_par' dir='ltr' id='par_1_107' title="bbox 2106 5027 3670 5103">
     <span class='ocr_line' id='line_1_108' title="bbox 2106 5027 3670 5103; baseline 0.004 -23"><span class='ocrx_word' id='word_1_847' title='bbox 2106 5036 2286 5081; x_wconf 87' lang='lat' dir='ltr'><strong>autem</strong></span> <span class='ocrx_word' id='word_1_848' title='bbox 2339 5037 2425 5081; x_wconf 88' lang='lat' dir='ltr'><strong>cst</strong></span> <span class='ocrx_word' id='word_1_849' title='bbox 2472 5027 2777 5080; x_wconf 81' lang='lat' dir='ltr'><strong>innaturale</strong></span> <span class='ocrx_word' id='word_1_850' title='bbox 2820 5028 2963 5081; x_wconf 86' lang='lat' dir='ltr'><strong>haud</strong></span> <span class='ocrx_word' id='word_1_851' title='bbox 3017 5030 3110 5083; x_wconf 86' lang='lat' dir='ltr'><strong>diu</strong></span> <span class='ocrx_word' id='word_1_852' title='bbox 3155 5032 3356 5084; x_wconf 84' lang='lat' dir='ltr'><strong>durare</strong></span> <span class='ocrx_word' id='word_1_853' title='bbox 3380 5034 3670 5103; x_wconf 86' lang='lat' dir='ltr'><strong>contingit.</strong></span> 
     </span>
    </p>
   </div>
   <div class='ocr_carea' id='block_1_108' title="bbox 2106 5114 3667 5189">
    <p class='ocr_par' dir='ltr' id='par_1_108' title="bbox 2106 5114 3667 5189">
     <span class='ocr_line' id='line_1_109' title="bbox 2106 5114 3667 5189; baseline 0.003 -17"><span class='ocrx_word' id='word_1_854' title='bbox 2106 5114 2178 5173; x_wconf 86' lang='lat' dir='ltr'><strong>Ut</strong></span> <span class='ocrx_word' id='word_1_855' title='bbox 2224 5120 2327 5173; x_wconf 82' lang='lat' dir='ltr'><strong>sub</strong></span> <span class='ocrx_word' id='word_1_856' title='bbox 2372 5120 2621 5186; x_wconf 79' lang='lat' dir='ltr'><strong>exemplo</strong></span> <span class='ocrx_word' id='word_1_857' title='bbox 2663 5119 2875 5187; x_wconf 88' lang='lat' dir='ltr'><strong>loquar,</strong></span> <span class='ocrx_word' id='word_1_858' title='bbox 2929 5120 3093 5189; x_wconf 79' lang='lat' dir='ltr'><strong>lapidi</strong></span> <span class='ocrx_word' id='word_1_859' title='bbox 3135 5123 3385 5176; x_wconf 87' lang='lat' dir='ltr'><strong>naturale</strong></span> <span class='ocrx_word' id='word_1_860' title='bbox 3426 5134 3511 5178; x_wconf 89' lang='lat' dir='ltr'><strong>est</strong></span> <span class='ocrx_word' id='word_1_861' title='bbox 3537 5124 3667 5179; x_wconf 76' lang='lat' dir='ltr'><strong>ferri</strong></span> 
     </span>
    </p>
   </div>
   <div class='ocr_carea' id='block_1_109' title="bbox 2101 5206 3667 5283">
    <p class='ocr_par' dir='ltr' id='par_1_109' title="bbox 2101 5206 3667 5283">
     <span class='ocr_line' id='line_1_110' title="bbox 2101 5206 3667 5283; baseline 0.002 -15"><span class='ocrx_word' id='word_1_862' title='bbox 2101 5216 2361 5268; x_wconf 87' lang='lat' dir='ltr'><strong>deorsqu</strong></span> <span class='ocrx_word' id='word_1_863' title='bbox 2389 5229 2402 5265; x_wconf 91' lang='lat'><strong>:</strong></span> <span class='ocrx_word' id='word_1_864' title='bbox 2432 5206 2737 5267; x_wconf 78' lang='lat' dir='ltr'><strong>innaturale</strong></span> <span class='ocrx_word' id='word_1_865' title='bbox 2764 5228 2894 5266; x_wconf 89' lang='lat' dir='ltr'><strong>vero</strong></span> <span class='ocrx_word' id='word_1_866' title='bbox 2924 5223 2982 5266; x_wconf 92' lang='lat' dir='ltr'><strong>ut</strong></span> <span class='ocrx_word' id='word_1_867' title='bbox 3004 5230 3222 5269; x_wconf 89' lang='lat' dir='ltr'><strong>sursum</strong></span> <span class='ocrx_word' id='word_1_868' title='bbox 3268 5216 3496 5283; x_wconf 81' lang='lat' dir='ltr'><strong>feratur,</strong></span> <span class='ocrx_word' id='word_1_869' title='bbox 3543 5236 3667 5272; x_wconf 89' lang='lat' dir='ltr'><strong>cum</strong></span> 
     </span>
    </p>
   </div>
   <div class='ocr_carea' id='block_1_110' title="bbox 2105 5302 3668 5376">
    <p class='ocr_par' dir='ltr' id='par_1_110' title="bbox 2105 5302 3668 5376">
     <span class='ocr_line' id='line_1_111' title="bbox 2105 5302 3668 5376; baseline 0.004 -19"><span class='ocrx_word' id='word_1_870' title='bbox 2105 5304 2231 5372; x_wconf 89' lang='lat' dir='ltr'><strong>quis</strong></span> <span class='ocrx_word' id='word_1_871' title='bbox 2266 5305 2314 5357; x_wconf 89' lang='lat' dir='ltr'><strong>vi</strong></span> <span class='ocrx_word' id='word_1_872' title='bbox 2343 5307 2518 5372; x_wconf 81' lang='lat' dir='ltr'><strong>ipsum</strong></span> <span class='ocrx_word' id='word_1_873' title='bbox 2553 5304 2850 5372; x_wconf 90' lang='lat' dir='ltr'><strong>impulerit.</strong></span> <span class='ocrx_word' id='word_1_874' title='bbox 2889 5302 3041 5369; x_wconf 87' lang='lat' dir='ltr'><strong>Quod</strong></span> <span class='ocrx_word' id='word_1_875' title='bbox 3071 5306 3153 5361; x_wconf 85' lang='lat' dir='ltr'><strong>sic</strong></span> <span class='ocrx_word' id='word_1_876' title='bbox 3187 5307 3352 5376; x_wconf 84' lang='lat' dir='ltr'><strong>igitur</strong></span> <span class='ocrx_word' id='word_1_877' title='bbox 3401 5312 3668 5365; x_wconf 84' lang='lat' dir='ltr'><strong>violenter</strong></span> 
     </span>
    </p>
   </div>
   <div class='ocr_carea' id='block_1_111' title="bbox 2108 5393 3669 5457">
    <p class='ocr_par' dir='ltr' id='par_1_111' title="bbox 2108 5393 3669 5457">
     <span class='ocr_line' id='line_1_112' title="bbox 2108 5393 3669 5457; baseline 0.003 -10"><span class='ocrx_word' id='word_1_878' title='bbox 2108 5394 2315 5447; x_wconf 80' lang='lat' dir='ltr'><strong>feratur</strong></span> <span class='ocrx_word' id='word_1_879' title='bbox 2349 5408 2411 5446; x_wconf 88' lang='lat' dir='ltr'><strong>ac</strong></span> <span class='ocrx_word' id='word_1_880' title='bbox 2451 5393 2722 5447; x_wconf 81' lang='lat' dir='ltr'><strong>renitente</strong></span> <span class='ocrx_word' id='word_1_881' title='bbox 2754 5401 2968 5457; x_wconf 81' lang='lat' dir='ltr'><strong>natura,</strong></span> <span class='ocrx_word' id='word_1_882' title='bbox 3003 5408 3110 5447; x_wconf 91' lang='lat' dir='ltr'><strong>non</strong></span> <span class='ocrx_word' id='word_1_883' title='bbox 3140 5395 3231 5449; x_wconf 89' lang='lat' dir='ltr'><strong>diu</strong></span> <span class='ocrx_word' id='word_1_884' title='bbox 3278 5396 3458 5450; x_wconf 88' lang='lat' dir='ltr'><strong>durat.</strong></span> <span class='ocrx_word' id='word_1_885' title='bbox 3512 5399 3669 5452; x_wconf 78' lang='lat' dir='ltr'><strong>Brevi</strong></span> 
     </span>
    </p>
   </div>
   <div class='ocr_carea' id='block_1_112' title="bbox 2104 5483 3673 5555">
    <p class='ocr_par' dir='ltr' id='par_1_112' title="bbox 2104 5483 3673 5555">
     <span class='ocr_line' id='line_1_113' title="bbox 2104 5483 3673 5555; baseline 0 -14"><span class='ocrx_word' id='word_1_886' title='bbox 2104 5485 2249 5541; x_wconf 87' lang='lat' dir='ltr'><strong>enim</strong></span> <span class='ocrx_word' id='word_1_887' title='bbox 2290 5500 2476 5539; x_wconf 88' lang='lat' dir='ltr'><strong>rursus</strong></span> <span class='ocrx_word' id='word_1_888' title='bbox 2525 5483 2667 5539; x_wconf 86' lang='lat' dir='ltr'><strong>redit</strong></span> <span class='ocrx_word' id='word_1_889' title='bbox 2721 5484 2787 5537; x_wconf 89' lang='lat' dir='ltr'><strong>ad</strong></span> <span class='ocrx_word' id='word_1_890' title='bbox 2819 5484 2872 5538; x_wconf 88' lang='lat' dir='ltr'><strong>id</strong></span> <span class='ocrx_word' id='word_1_891' title='bbox 2904 5489 3049 5555; x_wconf 82' lang='lat' dir='ltr'><strong>qdod</strong></span> <span class='ocrx_word' id='word_1_892' title='bbox 3093 5496 3181 5551; x_wconf 81' lang='lat' dir='ltr'><strong>est</strong></span> <span class='ocrx_word' id='word_1_893' title='bbox 3236 5503 3302 5541; x_wconf 76' lang='lat' dir='ltr'><strong>ex</strong></span> <span class='ocrx_word' id='word_1_894' title='bbox 3352 5501 3569 5551; x_wconf 87' lang='lat' dir='ltr'><strong>natura,</strong></span> <span class='ocrx_word' id='word_1_895' title='bbox 3610 5500 3673 5541; x_wconf 89' lang='lat' dir='ltr'><strong>ut</strong></span> 
     </span>
    </p>
   </div>
   <div class='ocr_carea' id='block_1_113' title="bbox 2110 5580 3668 5652">
    <p class='ocr_par' dir='ltr' id='par_1_113' title="bbox 2110 5580 3668 5652">
     <span class='ocr_line' id='line_1_114' title="bbox 2110 5580 3668 5652; baseline 0.001 -16"><span class='ocrx_word' id='word_1_896' title='bbox 2110 5597 2300 5650; x_wconf 83' lang='lat' dir='ltr'><strong>nempe</strong></span> <span class='ocrx_word' id='word_1_897' title='bbox 2340 5583 2596 5637; x_wconf 88' lang='lat' dir='ltr'><strong>deorsum</strong></span> <span class='ocrx_word' id='word_1_898' title='bbox 2662 5580 2887 5635; x_wconf 77' lang='lat' dir='ltr'><strong>feratur.</strong></span> <span class='ocrx_word' id='word_1_899' title='bbox 2936 5580 3125 5652; x_wconf 86' lang='lat' dir='ltr'><strong>Itaque</strong></span> <span class='ocrx_word' id='word_1_900' title='bbox 3180 5584 3342 5637; x_wconf 85' lang='lat' dir='ltr'><strong>etiam</strong></span> <span class='ocrx_word' id='word_1_901' title='bbox 3400 5585 3582 5639; x_wconf 87' lang='lat' dir='ltr'><strong>anima</strong></span> <span class='ocrx_word' id='word_1_902' title='bbox 3640 5601 3668 5637; x_wconf 89' lang='lat' dir='ltr'><strong>a</strong></span> 
     </span>
    </p>
   </div>
   <div class='ocr_carea' id='block_1_114' title="bbox 2107 5672 3669 5743">
    <p class='ocr_par' dir='ltr' id='par_1_114' title="bbox 2107 5672 3669 5743">
     <span class='ocr_line' id='line_1_115' title="bbox 2107 5672 3669 5743; baseline 0.002 -18"><span class='ocrx_word' id='word_1_903' title='bbox 2107 5688 2341 5742; x_wconf 71' lang='lat' dir='ltr'><strong>t‘Ul‘jiOl&#39;c</strong></span> <span class='ocrx_word' id='word_1_904' title='bbox 2360 5674 2603 5743; x_wconf 77' lang='lat' dir='ltr'><strong>sejuncta</strong></span> <span class='ocrx_word' id='word_1_905' title='bbox 2650 5674 2816 5741; x_wconf 86' lang='lat' dir='ltr'><strong>(quod</strong></span> <span class='ocrx_word' id='word_1_906' title='bbox 2869 5672 2943 5725; x_wconf 91' lang='lat' dir='ltr'><strong>illi</strong></span> <span class='ocrx_word' id='word_1_907' title='bbox 3000 5674 3306 5727; x_wconf 85' lang='lat' dir='ltr'><strong>iunaturale</strong></span> <span class='ocrx_word' id='word_1_908' title='bbox 3340 5683 3446 5740; x_wconf 76' lang='lat' dir='ltr'><strong>est)</strong></span> <span class='ocrx_word' id='word_1_909' title='bbox 3484 5692 3588 5729; x_wconf 88' lang='lat' dir='ltr'><strong>non</strong></span> <span class='ocrx_word' id='word_1_910' title='bbox 3618 5678 3669 5728; x_wconf 88' lang='lat' dir='ltr'><strong>iu</strong></span> 
     </span>
    </p>
   </div>
   <div class='ocr_carea' id='block_1_115' title="bbox 2104 5766 3672 5836">
    <p class='ocr_par' dir='ltr' id='par_1_115' title="bbox 2104 5766 3672 5836">
     <span class='ocr_line' id='line_1_116' title="bbox 2104 5766 3672 5836; baseline -0.001 -13"><span class='ocrx_word' id='word_1_911' title='bbox 2104 5782 2170 5823; x_wconf 89' lang='lat' dir='ltr'><strong>eo</strong></span> <span class='ocrx_word' id='word_1_912' title='bbox 2204 5769 2255 5822; x_wconf 89' lang='lat' dir='ltr'><strong>iu</strong></span> <span class='ocrx_word' id='word_1_913' title='bbox 2279 5768 2666 5836; x_wconf 85' lang='lat' dir='ltr'><strong>sempiternum</strong></span> <span class='ocrx_word' id='word_1_914' title='bbox 2702 5766 2962 5821; x_wconf 80' lang='lat' dir='ltr'><strong>ntanebit.</strong></span> <span class='ocrx_word' id='word_1_915' title='bbox 2986 5766 3139 5832; x_wconf 81' lang='lat' dir='ltr'><strong>Quod</strong></span> <span class='ocrx_word' id='word_1_916' title='bbox 3168 5770 3311 5822; x_wconf 84' lang='lat' dir='ltr'><strong>enim</strong></span> <span class='ocrx_word' id='word_1_917' title='bbox 3364 5768 3672 5823; x_wconf 81' lang='lat' dir='ltr'><strong>innaturaie</strong></span> 
     </span>
    </p>
   </div>
  </div>
