4428 6444
790 402 895 465 631

2048 403 2442 465 MANUELIS
2481 402 2784 461 εΑιΕοΑΞ
2882 462 2886 466 .

3906 394 4017 455 632

783 524 890 579 est,
922 522 979 568 ut
1016 514 1358 577 dicebamus,
1400 514 1549 569 brevi
1586 516 1817 571 reditad
1848 516 1901 569 id
1929 517 2074 583 quod
2117 530 2183 568 ex
2241 527 2338 565 na-
2374 513 2417 569 Α
2447 510 2532 580 ἔρ]

2260 527 2338 565 ta-
2374 513 2417 569 Α
2447 510 2665 580 ἔρχεται
2693 512 2773 572 εἰς
2801 511 2860 561 τὸ
2885 511 3021 563 κατὰ
3047 508 3226 577 φύσιν.
3276 503 3637 575 ’Λναλήψεται
3667 501 3845 555 τοίνυν
3871 502 4009 555 κατά

783 616 902 658 tura
927 614 1028 658 est.
1060 603 1325 659 Futurum
1352 620 1483 674 ergo
1512 617 1617 669 est.
1651 615 1712 660 ut
1742 622 1841 674 pro
1874 620 1942 660 eo
1991 622 2054 660 ae
2089 604 2226 658 Deus
2255 604 2346 672 ju-

784 704 866 747 ste
920 693 1185 755 sartxcrit,
1257 695 1511 761 qualibet
1574 697 1754 748 anima
1812 695 2088 763 proprium
2149 707 2349 760 corpus

781 796 940 835 suum
970 792 1235 844 resumat,
1279 785 1423 850 quod
1447 784 1497 837 ei
1553 785 1799 837 naturale
1836 794 1937 848 est,
1989 793 2040 837 et
2074 784 2124 836 in
2155 797 2348 851 perpe-

783 880 935 924 tuum
995 872 1372 927 indissolubile
1428 884 1663 928 maneat.
1715 875 1889 941 Atque
1937 875 1986 927 id
2021 872 2348 926 resurrectio

781 974 881 1017 est.
909 962 1256 1017 Rcsurrertio
1284 964 1427 1018 enim
1481 965 1601 1032 ejus
1643 966 1785 1031 quod
1809 962 2345 1018 cecideratsecunda

784 1055 939 1121 quasi
975 1057 1177 1109 erectio
1208 1070 1271 1107 ac
1303 1055 1587 1108 suscitatio
1626 1062 1729 1109 est.

855 1144 964 1196 Nec
999 1155 1179 1199 tamen
1215 1147 1621 1214 ambigenlum,
1653 1160 1893 1213 quonam
1919 1145 2079 1198 modo
2102 1144 2346 1199 futurum

785 1244 843 1286 nt
875 1248 1106 1300 qumque
1157 1235 1335 1286 anima
1384 1250 1541 1288 suum
1604 1250 1807 1301 corpus
1855 1245 2136 1304 agnoscat.
2204 1235 2350 1290 Inest

781 1322 928 1375 enim
988 1324 1181 1375 animm
1218 1339 1342 1389 erga
1392 1339 1590 1390 corpus
1643 1326 1800 1378 nobis
1852 1326 2058 1392 ignota,
2092 1340 2154 1377 ac
2189 1340 2348 1393 quam

787 1412 968 1464 verbis
1019 1412 1294 1480 explicare
1347 1429 1453 1466 non
1507 1415 1652 1476 licet,
1682 1415 2045 1469 necessitudo.
2080 1415 2349 1481 Quemad-

784 1502 1004 1553 molum
1078 1503 1220 1555 enim
1269 1503 1408 1555 inter
1440 1505 1677 1557 humana
1718 1519 1946 1571 corpora
2003 1504 2209 1557 nullum
2252 1519 2347 1557 oc—

782 1592 955 1643 currit
999 1590 1143 1658 quod
1173 1592 1450 1646 eluccntes
1508 1595 1561 1645 in
1612 1593 1732 1661 ipso
1765 1594 2102 1647 characteres
2133 1594 2351 1660 orisque

783 1679 1127 1741 lineamenta,
1189 1695 1285 1748 per
1335 1682 1512 1735 omnia
1566 1697 1688 1735 cum
1741 1682 1847 1736 alio
1878 1696 2130 1759 .eorpore
2159 1683 2346 1735 eadem

784 1770 1005 1831 habeat;
1044 1770 1123 1823 sic
1145 1780 1197 1822 et
1227 1771 1384 1823 aliam
1424 1772 1716 1840 quamdam
1758 1787 1879 1823 cum
1933 1772 2011 1824 eis
2044 1772 2349 1840 proprieta-

786 1870 892 1913 tem
954 1862 1153 1927 cuique
1186 1862 1383 1915 animte
1412 1877 1538 1931 erga
1567 1878 1766 1931 corpus
1802 1877 1960 1914 suum
2000 1862 2177 1915 inesse
2218 1861 2353 1915 fate-

790 1949 988 2003 bimur.
1055 1950 1261 2003 Etenim
1299 1951 1477 2003 anima
1563 1950 1695 2004 certi
1766 1950 2048 2017 cujusdam
2105 1950 2352 2016 corporis

788 2038 1047 2107 perfectio
1097 2048 1213 2093 est:
1259 2052 1415 2094 actus
1450 2040 1667 2094 scilicet
1717 2055 1781 2094 ac
1816 2040 2007 2093 forma.
2050 2038 2169 2104 Quo
2189 2039 2351 2094 etiam

783 2131 862 2193 tit,
896 2137 954 2181 ut
983 2129 1049 2182 ad
1076 2145 1233 2182 suum
1267 2131 1528 2183 duntaxat
1586 2144 1786 2198 corpus
1832 2130 2261 2195 inclinationem,
2290 2144 2353 2185 ac

782 2234 909 2271 cum
943 2220 1035 2271 illo
1068 2220 1627 2286 contemperationem
1665 2218 1984 2271 naturaliter
2007 2216 2225 2271 habeat.
2246 2216 2353 2272 Nec

785 2310 887 2362 hoc
915 2308 992 2361 illi
1031 2309 1286 2377 ponderis
1319 2323 1554 2376 unquam
1590 2306 1859 2384 abscedit,
1895 2316 2007 2360 tum
2039 2307 2203 2360 etiam
2227 2321 2349 2360 cum

782 2399 1024 2466 seiuncta
1102 2398 1268 2452 fuerit
1326 2413 1355 2450 a
1405 2399 1657 2454 materia.
1712 2395 1958 2467 llincque
2032 2398 2350 2453 necessario

784 2490 1049 2559 sequitur,
1107 2490 1245 2544 hanc
1303 2490 1620 2543 naturaliter
1672 2489 1903 2543 formam
1955 2504 2074 2545 esse
2113 2489 2354 2544 materia:

786 2579 1005 2632 humani
1060 2578 1327 2649 corporis,
1389 2580 1637 2647 hancque
1690 2577 1861 2641 illius,
1918 2592 2017 2632 nec
2049 2578 2353 2633 utalterius

782 2672 875 2733 sit,
906 2670 1016 2723 ulla
1050 2685 1287 2740 unquam
1338 2670 1545 2723 ratione
1570 2669 1681 2723 tieri
1721 2683 1909 2737 posse:
1940 2670 2083 2739 quod
2108 2678 2160 2723 et
2189 2684 2353 2723 causa

781 2771 884 2826 est,
917 2777 1015 2816 cur
1070 2761 1264 2815 animm
1297 2763 1437 2815 inter
1473 2775 1533 2814 sc
1576 2762 1689 2814 sint
1714 2760 2004 2814 distinctas.
2036 2760 2352 2813 Animorum

721 2858 725 2861 '
783 2855 928 2905 enim
967 2853 1258 2907 multitudo
1290 2867 1454 2921 penes
1480 2866 1708 2919 corpora
1766 2852 2030 2915 sumitur,
2060 2866 2167 2904 non
2199 2851 2355 2919 quasi

786 2945 873 2996 illa
933 2944 1239 2996 animorum
1298 2958 1460 2997 causa
1521 2943 1650 3018 sint,
1714 2942 1878 2995 simul
1919 2942 2063 2996 enim
2106 2956 2230 2996 cum
2275 2942 2354 2996 eis

783 3043 932 3098 sunt,
976 3050 1075 3088 nec
1113 3036 1343 3088 alterum
1400 3034 1553 3089 alteri
1588 3034 1942 3101 prmexsistit,
2004 3033 2094 3088 sed
2124 3034 2193 3087 ob
2234 3049 2351 3087 eam

2446 600 2547 669 τὴν
2583 600 2680 652 τοῦ
2715 600 2850 652 Θεοῦ
2872 598 3225 666 δικαιοσύνην
3264 597 3467 664 ἑκάστη
3497 594 3643 663 ψυχὴ
3664 592 3724 645 τδ
3751 593 3882 645 ῐδιον
3910 591 4009 643 αὒ-

2445 690 2547 758 τῆς
2581 688 2762 757 σῶμα,
2792 689 2929 757 ὅπερ
2949 688 3068 740 ἔστι
3089 687 3227 739 κατὰ
3254 684 3439 753 φύσιν,
3471 684 3563 737 καὶ
3590 684 3666 744 εἰς
3693 684 3753 733 τὸ
3780 681 4012 746 ἄπειρον

2446 779 2730 834 ἀδιάλυτον
2759 778 2936 832 ἔσται.
2966 777 3076 830 Καὶ
3103 774 3263 828 τοῦτό
3284 777 3436 826 ἐστιν
3464 772 3777 833 ἀνάστασις.
3810 769 3878 821 Ἦ
3901 768 4009 836 γὰρ

2447 870 2744 932 ἀνάστασις
2768 867 3001 938 δευτέρα
3040 865 3135 918 τοῦ
3167 863 3517 924 πεπτωκότος
3549 861 3768 928 λέγεται
3796 858 4008 918 στάσις.

2519 1139 2594 1189 Οὐ
2632 1135 2819 1206 μέντοι
2848 1134 3075 1201 ἀπορεῖν
3107 1130 3208 1192 δεῖ,
3241 1128 3356 1190 πῶς
3386 1126 3593 1192 ἑκάστη
3622 1121 3768 1190 ψυχὴ
3796 1120 3856 1172 τδ
3885 1120 4014 1206 tau-

2447 1228 2546 1295 τῆς
2577 1204 2943 1291 ἐπιγνώσεται
2972 1222 3153 1288 σῶμα.
3196 1216 3353 1270 Ἐστι
3386 1214 3497 1282 γὰρ
3519 1214 3583 1280 τῇ
3611 1211 3757 1278 ψυχῇ
3786 1207 3922 1276 πρὸς
3950 1204 4013 1257 τὸ

2450 1314 2611 1383 σῶμα
2658 1314 2930 1380 οἰκειότης
2964 1309 3157 1377 ἄδηλος
3192 1308 3285 1359 καὶ
3340 1306 3582 1374 ἇρῤητος
3608 1302 3760 1368 ἡμῖν.
3798 1299 4013 1362 Ὠσπερ

2449 1404 2555 1472 γὰρ
2586 1404 2684 1455 οὐκ
2709 1402 2855 1453 ἔστιν
2884 1398 3035 1451 οὐδὲν
3065 1395 3226 1464 σῶμα
3256 1391 3595 1460 ἀνθρώπινον
3619 1388 3744 1449 τοὺς
3777 1385 4011 1437 ἐπιθεω-

2454 1493 2750 1563 ρουμένους
2780 1489 2928 1558 αὐτῷ
2967 1486 3321 1558 χαρακτῆρας
3348 1484 3470 1551 έχον
3520 1481 3659 1532 κατὰ
3684 1478 3858 1529 πάντα
3886 1475 4012 1563 τοὺς

2448 1561 2647 1642 αὐτοὺς
2694 1581 2870 1648 ἑτέρῳ
2923 1576 3157 1644 σώματι,
3186 1572 3332 1626 οὕτω
3367 1570 3460 1623 καί
3511 1584 3637 1621 τινα
3665 1565 3832 1634 ἄλλην
3875 1561 4016 1632 μετά

2449 1674 2653 1724 τούτων
2703 1670 2938 1736 ἰδιότητα
2972 1666 3219 1734 δώσομεν
3253 1663 3462 1732 ἑκάστῃ
3489 1660 3633 1728 ψυχῇ
3687 1654 4017 1723 ἐνυπάρχειν

2452 1765 2588 1831 πρὸς
2619 1761 2679 1814 τὺ
2708 1761 2907 1828 ἑαυτῆς
2939 1758 3121 1825 σῶμα.
3182 1755 3291 1807 Καὶ
3345 1754 3452 1820 γὰρ
3503 1752 3535 1818 ή
3589 1747 3735 1816 ψυχὴ
3766 1744 4017 1831 σώματος

2378 1821 2425 1881 Β
2451 1821 2758 1921 ὡρισμένου
2786 1821 3116 1915 ἐντελέχεια,
3145 1842 3429 1897 τουτέστιν
3461 1839 3713 1907 ὲνέργεια
3753 1837 3849 1889 καὶ
3878 1830 4018 1894 εἶδός

2450 1942 2591 1994 ἔστι.
2612 1938 2727 1991 ’Διδ
2761 1939 2855 1990 καὶ
2882 1936 3126 2003 φυσικῶς
3160 1934 3298 2003 πρὸς
3326 1931 3487 1999 μόνον
3520 1930 3581 1980 τὸ
3605 1928 3807 1979 οἰκεῖον
3858 1923 4018 1989 σῶμα

2455 2032 2626 2101 ῥοπὴν
2672 2030 2785 2098 ἔχει
2818 2030 2913 2082 καὶ
2947 2019 3313 2097 συμμετρίαν,
3344 2025 3482 2090 ὅπερ
3514 2021 3610 2073 καὶ
3651 2015 4019 2087 χωρισθείσης

2450 2122 2548 2189 τῆς
2577 2119 2708 2189 ὕλης
2737 2119 2872 2187 αὐτῇ
2906 2116 3236 2186 παραμένει.
3280 2111 3445 2165 Ὀθεν
3476 2110 3673 2162 ἕπεται
3706 2104 4019 2172 ἀναγκαίως

2451 2208 2657 2277 ταύτην
2710 2208 2807 2276 μὲν
2842 2203 2980 2259 εἶναι
3013 2204 3152 2257 κατὰ
3188 2205 3353 2272 φύσιν
3384 2197 3525 2261 εἶδος
3566 2199 3665 2266 τῆς
3701 2195 3835 2263 ὕλης
3864 2193 4020 2246 τοῦδε

2450 2301 2543 2354 τοῦ
2594 2298 2936 2362 ἀνθρωπίνου
2997 2295 3270 2363 σώματος.
3329 2291 3533 2355 ταύτην
3564 2289 3621 2341 δὲ
3665 2287 3897 2348 ἐκείνου,
3924 2283 4022 2337 καὶ

2453 2392 2613 2448 ἄλλον
2666 2386 2927 2459 μηδέποτ’
2984 2386 3051 2438 ἂν
3097 2383 3393 2453 δυνηθῆναι
3443 2377 3725 2446 γενέσθαι,
3757 2377 3897 2444 ὅπερ
3926 2375 4025 2427 καὶ

2452 2487 2547 2553 τῆς
2565 2480 2892 2552 διακρίσεως
2917 2477 3024 2528 τῶν
3044 2474 3233 2545 ψυχῶν
3259 2472 3395 2543 πρὸς
3426 2470 3659 2538 ἀλλήλας
3694 2468 3863 2519 αῐτιόν
3882 2469 4019 2519 ἐστι.

2454 2576 2527 2630 Τὸ
2561 2574 2669 2643 γὰρ
2700 2570 2901 2639 πλῆθος
2952 2569 3061 2619 τῶν
3112 2564 3302 2635 ψυχῶν
3332 2562 3483 2630 παρὰ
3514 2561 3585 2612 τὰ
3614 2560 3844 2627 σώματα
3881 2556 4023 2622 γίνε-

2453 2681 2578 2721 ται·
2631 2664 2728 2731 οὐχ
2783 2663 2863 2713 ὅτι
2901 2658 3009 2711 elei.
3047 2656 3115 2709 τὰ
3172 2654 3404 2722 σώματα
3456 2650 3565 2702 τῶν
3618 2649 3805 2717 ψυχῶν
3834 2648 4019 2699 αἴτια·

2455 2755 2586 2826 ὁμοῦ
2642 2752 2750 2820 γάρ
2798 2752 2902 2802 εἰσι
2969 2747 3084 2818 μετ’
3129 2745 3333 2807 αὐτῶν,
3388 2742 3482 2798 καὶ
3505 2740 3808 2807 οὐδέτερον
3832 2737 4023 2806 ἑτέρου

2457 2845 2839 2917 προϋπάρχειν
2901 2839 3041 2893 ἀλλὰ
3073 2839 3163 2890 διὰ
3207 2835 3305 2905 τὴν
3336 2835 3444 2886 τῶν
3475 2830 3661 2900 ψυχῶν
3690 2828 3828 2897 πρὸς
3850 2826 4023 2881 ταῦτα

2458 2938 2801 3007 συγγένειαν,
2855 2936 2921 3003 ἢν
2975 2931 3161 3000 ἔχουσι
3218 2927 3378 2995 φύσει
3411 2920 3885 2993 παρεπομένην,ῆ
3924 2922 4024 2974 καὶ

2458 3032 2783 3103 ὲγκειμένην
2815 3026 3025 3085 αὐταῖς.
3060 3024 3175 3075 Οὐκ
3205 3018 3480 3087 ἐνδέχεται
3516 3016 3699 3068 τοίνυν
3730 3016 3829 3083 τὴν
3859 3013 4026 3067 ἄλλον

781 3141 903 3194 qure
955 3127 1240 3179 animabus
1300 3140 1424 3193 erga
1463 3140 1693 3194 corpora
1726 3126 1890 3189 inest,
1941 3125 2351 3195 cognationem,
2381 3152 2423 3209 ε
2458 3128 2530 3177 ενι

2278 3140 2351 3191 ιη,
2381 3152 2423 3209 C
2458 3126 2742 3193 ἐνέργειαν
2773 3119 2870 3170 καὶ
2890 3116 2950 3168 τὺ
2986 3114 3125 3175 εἶδος
3152 3108 3645 3209 αλλουεὶναιιξίαὶ
3812 3106 3906 3157 καὶ
3932 3104 4027 3155 δύο

783 3233 944 3286 quam
977 3228 1165 3271 natura
1206 3218 1477 3279 cowitem,
1530 3234 1623 3271 seu
1658 3217 1764 3272 illis
1822 3218 2065 3283 insitam,
2124 3218 2345 3272 habent.

786 3308 900 3362 Non
934 3308 1118 3377 itaque
1147 3310 1259 3362 tieri
1303 3320 1501 3378 potest.
1563 3324 1683 3371 quae
1719 3310 1883 3363 unius
1940 3321 2094 3362 actus
2150 3317 2237 3363 est
2291 3317 2348 3363 et

784 3400 978 3472 forma,
1028 3400 1273 3451 eamdem
1341 3414 1460 3452 esse
1504 3400 1752 3453 alterius.
1800 3400 1932 3452 Nam
1999 3410 2204 3451 etcum
2237 3398 2355 3452 duae

783 3489 991 3542 similes
1027 3488 1432 3556 magnitudines
1464 3490 1597 3551 sint,
1645 3490 1925 3544 abstracta
1963 3504 2152 3543 eorum
2186 3498 2355 3544 mate-

787 3581 905 3633 riali
946 3580 1120 3633 forma
1175 3596 1201 3631 a
1265 3581 1492 3634 materia
1540 3580 1708 3650 (quod
1756 3581 1973 3650 quidem
2024 3581 2358 3650 impossibile

783 3679 900 3725 cst:
934 3670 1039 3724 nisi
1074 3672 1155 3723 vel
1189 3670 1376 3724 subtili
1428 3671 1700 3724 duntaxat
1735 3671 1998 3739 cogitatu,
2054 3679 2148 3723 aut
2193 3672 2353 3730 etiam

781 3761 963 3813 divina
999 3761 1215 3826 virtute)
1268 3776 1373 3813 non
1431 3761 1589 3813 aliter
1650 3764 1763 3815 haec
1796 3761 1937 3815 inter
1968 3776 2027 3816 se
2076 3761 2353 3827 ditIerant,

781 3865 942 3919 quam
979 3851 1121 3918 quod
1149 3851 1467 3918 magnitudo
1500 3852 1613 3903 tunc
1668 3852 1834 3920 hujus
1893 3851 2143 3920 corporis
2178 3851 2355 3905 forma

780 3950 895 3995 est;
940 3941 1165 3993 alterius
1215 3956 1362 4015 vero,
1412 3941 1642 4009 reliqua.
1692 3940 1929 3996 Proinde
1958 3943 2097 3997 inest
2146 3944 2355 3997 anima-

786 4020 884 4088 bus
920 4035 1198 4089 inclinatio
1258 4034 1502 4104 quaedam
1549 4050 1674 4104 erga
1742 4049 2011 4112 corpora,
2077 4036 2180 4089 erit
2246 4037 2364 4089 aui-

2456 3213 2657 3284 ὁμοίων
2701 3208 2970 3280 μεγεθῶν,
3025 3205 3074 3257 εἰ
3122 3202 3185 3254 τὸ
3225 3200 3413 3253 ἔνυλον
3469 3193 3606 3259 εἶδος
3647 3194 3831 3247 αὐτῶν
3858 3207 4026 3284 χωρι-

2462 3283 2615 3373 σθείη
2643 3303 2740 3372 τῆς
2777 3300 2908 3367 ὓλης
2936 3294 3130 3362 (τοῦτο
3168 3295 3264 3364 μὲν
3296 3290 3581 3353 ἀδύνατον,
3608 3286 3724 3341 ἀλλ’
3752 3286 3785 3354 ἢ
3813 3283 4027 3373 ἐπινοέει

2465 3371 2652 3468 μόνῃ-ἢ
2678 3394 2772 3446 καὶ
2801 3391 2920 3460 θείᾳ
2948 3387 3176 3455 δυνάμει
3198 3387 3236 3451 ),
3257 3384 3357 3436 οὐκ
3388 3382 3453 3434 ἂν
3483 3378 3731 3448 ἀλλήλων
3760 3375 3881 3427 κατ’
3899 3371 4030 3473 ἄλλο

2460 3467 2769 3558 διήνεγκεν,
2801 3483 2833 3553 ἢ
2868 3482 2931 3534 τὸ
2960 3479 3120 3532 τοῦτο
3153 3477 3252 3545 μὲν
3306 3474 3366 3526 τὸ
3418 3470 3649 3541 μέγεθος
3706 3467 4031 3558 τουτουτοῦ

2465 3556 2717 3647 σώματος
2746 3569 2885 3634 εἶδος
2912 3566 3078 3635 εἶναι,
3111 3569 3170 3621 τὸ
3199 3567 3256 3619 δὲ
3290 3564 3476 3617 λοιπὸν
3503 3562 3597 3614 τοῦ
3627 3556 3835 3613 λοιποῦ.
3865 3556 4030 3608 Ὠστι

2467 3645 2609 3741 ῥοπή
2661 3681 2745 3727 τις
2771 3663 2946 3717 ἔνεστι
2996 3661 3115 3721 ταῖς
3151 3658 3348 3726 ψυχαῖς
3376 3652 3511 3743 πρδς
3541 3654 3608 3743 τα
3641 3647 3894 3743 σιυματα,
3936 3645 4035 3743 καὶ

2465 3738 2620 3812 ἔσται
2672 3755 2783 3807 τῶν
2830 3749 3018 3820 ψυχῶν
3074 3746 3341 3814 συνάφεια
3385 3740 3521 3812 πρὸς
3547 3739 3615 3793 τὰ
3647 3738 3901 3805 σώματα,
3937 3738 4033 3787 τοῦ

2468 3848 2604 3903 Θεοῦ
2626 3846 2721 3899 τοῦ
2746 3844 2923 3897 πάντα
2956 3841 3259 3909 δυναμένου
3286 3833 3448 3887 τοῦτο
3477 3829 3846 3900 ἐνεργοῦντος,
3880 3828 4037 3890 ὅταν,

2467 3939 2649 4001 καθὼς
2706 3933 3041 4005 προώρισεν,
3078 3931 3157 3991 εις
3180 3929 3464 3997 ἐνέργειαν
3496 3924 3555 3976 τὸ
3579 3922 3807 3989 δυνάμει
3840 3917 4039 3987 προελι

2472 4032 2585 4085 θεῖν
2617 4027 2845 4097 θελήσῃ,
2882 4024 2979 4076 καὶ
3015 4022 3077 4073 τὸ
3113 4018 3265 4090 παρὰ
3292 4016 3455 4086 φύσιν
3481 4015 3561 4077 εἰς
3597 4013 3658 4065 τὸ
3687 4011 3825 4064 κατὰ
3850 4008 4035 4076 φύσιν.
4066 4029 4076 4040 ·

784 4144 995 4183 morum
1033 4146 1154 4184 cum
1187 4146 1266 4182 eis
1310 4131 1460 4196 unio,
1505 4129 1613 4183 Ι)υο
1670 4130 1813 4184 istud
1874 4142 2183 4197 praestante,
2240 4133 2329 4201 qui
2401 4128 2582 4184 omnia
2618 4134 2825 4196 potest;
2881 4130 3009 4175 tunc
3058 4116 3344 4178 nimirum,
3390 4127 3513 4168 cum
3585 4109 3730 4163 sicut
3797 4105 4039 4177 praeﬁni-

784 4219 877 4281 vit,
908 4220 1047 4287 quod
1090 4221 1324 4288 potentia
1357 4233 1460 4286 est,
1502 4224 1551 4275 in
1584 4235 1763 4277 actum
1804 4224 2053 4293 progredi
2089 4226 2341 4289 voluerit,
2385 4237 2451 4277 ae
2484 4220 2629 4291 quod
2694 4226 2779 4271 est
2844 4208 3254 4275 innaturale,in
3307 4206 3359 4260 id
3411 4202 3557 4275 quod
3588 4216 3655 4255 ex
3689 4208 3899 4253 naturze
3951 4211 4043 4249 ra-

784 4311 1023 4363 tioiiihus
1060 4313 1150 4366 sit.

858 4403 1098 4460 Primum
1124 4406 1286 4476 igitur
1322 4408 1469 4463 hisce
1501 4411 1807 4490 rationibus
1836 4412 2067 4483 aliisque
2093 4416 2348 4483 pluribus
2390 4423 2431 4476 ι)
2542 4408 2607 4476 nt

2293 4431 2348 4470 ιε
2390 4423 2431 4476 ι)
2542 4408 2770 4476 Πρῶτον
2823 4403 2924 4472 μὶν
2972 4399 3066 4453 οὖν
3095 4397 3184 4452 διὰ
3213 4394 3385 4448 ταῦτα
3410 4392 3506 4445 καὶ
3532 4386 3703 4473 πλείω
3736 4384 3938 4438 τούτων
3972 4382 4042 4434 τὰ

784 4498 991 4552 inducti
1028 4514 1147 4567 qua:
1172 4510 1417 4567 spectant
1461 4504 1525 4555 ad
1551 4507 2016 4558 resurrccuonem
2069 4507 2212 4559 haud
2244 4509 2349 4560 im-

784 4589 1063 4657 possibilia
1100 4590 1372 4644 ducimus.
1408 4594 1653 4659 Accedit,
1685 4596 1831 4663 (μιυά
1882 4605 1940 4649 ιιι
1982 4598 2088 4651 illis
2140 4598 2359 4652 indubi-

786 4693 950 4735 t;:tnm
1001 4686 1222 4735 onminn
1283 4685 1441 4738 ﬁdem
1500 4688 1879 4754 adhibeamus,
1936 4706 1998 4743 ex
2053 4690 2155 4744 ﬁde
2210 4706 2361 4745 com-

783 4772 1056 4838 pellimur.
1090 4772 1240 4842 .Quia
1288 4774 1431 4826 enim
1496 4791 1522 4827 a
1570 4775 1663 4830 Dei
1716 4776 1855 4830 Filio
1916 4779 2110 4833 salutis
2159 4790 2358 4834 nostra:

782 4873 1007 4917 auctore
1039 4878 1067 4917 a
1103 4874 1325 4933 pecrato
1352 4874 1406 4920 et
1436 4878 1609 4921 morte
1644 4868 1861 4923 liberati
1894 4885 2109 4933 sumus,
2156 4872 2206 4923 in
2235 4886 2357 4940 quas

781 4956 970 5009 Adami
1036 4958 1470 5025 transgressione
1540 4960 1779 5029 prolapsi
1838 4976 2104 5027 eramus;
2153 4962 2355 5015 nedum

780 5049 924 5101 enim
960 5049 1109 5103 illius
1139 5060 1423 5119 peccatum
1461 5053 1511 5103 in
1542 5068 1737 5107 omnes
1766 5053 2134 5122 pertransivit,
2165 5054 2235 5107 ob
2260 5068 2357 5106 na-

784 5153 920 5195 tura:
976 5141 1451 5208 communionem,
1481 5143 1842 5212 eamdemque
1874 5145 1928 5198 in
1964 5159 2027 5199 ea
2059 5159 2181 5214 quae
2216 5145 2356 5198 mala

782 5242 931 5296 sunt,
958 5248 1021 5288 ac
1056 5235 1326 5288 deteriora
1355 5234 1731 5289 incitationem
1764 5253 1777 5299 ;
1816 5251 2079 5305 morsque
2105 5252 2202 5306 per
2230 5251 2326 5305 pec
2346 5264 2359 5276 ~

781 5335 965 5377 catum
1023 5324 1077 5377 in
1132 5326 1396 5379 mundum
1435 5326 1675 5391 intravit,
1713 5338 1770 5381 ut
1823 5337 1879 5382 et
1921 5328 2217 5397 Apostolus
2249 5328 2358 5380 ait:

798 5449 801 5451 -
860 5416 961 5470 Per
993 5432 1161 5469 unum
1229 5417 1506 5471 hominem
1565 5429 1852 5487 peccatum
1891 5420 1945 5473 in
1983 5421 2245 5473 mundum
2283 5418 2364 5471 in-

785 5508 969 5571 travit,
999 5516 1051 5563 et
1082 5524 1177 5578 per
1213 5520 1493 5578 peccatum
1529 5525 1676 5565 mors
1704 5510 1747 5540 "'
1777 5530 1789 5575 ;
1830 5530 1847 5563 ι
1892 5526 1975 5565 net
1994 5526 2118 5565 esse
2154 5521 2271 5563 erat
2305 5519 2362 5563 ut

784 5619 881 5672 per
911 5602 1193 5658 Christum
1257 5614 1487 5674 utroque
1532 5605 1911 5661 liberaremur.
1968 5605 2058 5659 Ait
2120 5619 2359 5673 namque

867 5782 912 5813 ’³
954 5780 1116 5838 Rom.
1148 5798 1201 5847 ν,
1238 5782 1321 5835 12.

2467 4470 2607 4571 mpi-
2624 4498 2722 4568 τῆς
2750 4470 3102 4554 ἀναστάσεως
3122 4490 3222 4542 οὐκ
3240 4486 3478 4540 ἀδύνατα
3500 4470 3785 4552 ἡγούμεθα
3813 4494 3823 4505 ·
3852 4478 4043 4571 ἔπειτα

2465 4569 2559 4647 καλ
2591 4591 2739 4659 παρὰ
2774 4589 2875 4661 τῇς
2917 4587 3151 4646 πίστεως
3185 4578 3570 4650 ἀναμφιϐόλως
3594 4574 3776 4633 αὐτοῖς
3810 4569 4035 4661 artare-3:

2464 4702 2546 4737 ειν
2607 4660 3019 4747 συνωθούμεθα.
3067 4672 3282 4739 Ἐπειδὴ
3314 4672 3422 4740 γὰρ
3454 4666 3604 4737 παρὰ
3634 4663 3729 4717 τοῦ
3778 4661 3904 4714 Υἱοῦ
3944 4660 4038 4712 τοῦ

2466 4775 2600 4829 Θεοῦ
2631 4773 2725 4827 τοῦ
2754 4768 2997 4841 ἀρχηγοῦ
3028 4768 3128 4835 τῆς
3154 4763 3427 4832 σωτηρίας
3450 4759 3609 4829 ἡμῶν
3636 4756 3737 4825 τῆς
3760 4753 4038 4824 ἁμαρτίας

2472 4864 2693 4921 καὶτοῦ
2755 4861 2986 4915 Θανάτου
3036 4854 3517 4927 ἠλευθερώθημεν,
3546 4844 3649 4913 οἷς
3697 4847 4039 4912 ἐνεπέσαμιν

2466 4960 2554 5014 διὰ
2581 4957 2677 5029 τὴν
2712 4954 2805 5008 τοῦ
2860 4954 3030 5021 Ἀδὰμ
3060 4947 3378 5018 παράϐασιν
3397 4960 3413 4978 ο
3449 4945 3544 4997 καὶ
3574 4942 3685 5011 γὰρ
3710 4939 3772 4991 οὐ
3815 4938 3975 5007 μόνον
3996 4937 4035 5029 γη

2468 5028 2675 5105 ἐκείνου
2700 5045 2944 5115 ἁμαρτία
2974 5041 3129 5111 διέὁη
3178 5040 3257 5102 εἰς
3303 5041 3511 5099 πάντας
3540 5036 3628 5089 διὰ
3670 5033 3770 5105 τὴν
3813 5032 3910 5099 τῆς
3937 5028 4043 5097 φύο

2469 5160 2605 5205 σεως
2646 5139 2933 5194 κοινωνίαν
2976 5136 3071 5187 καὶ
3100 5133 3198 5203 τὴν
3248 5131 3387 5201 πρὸς
3415 5130 3485 5182 τὰ
3535 5127 3713 5196 φαῦλα
3746 5125 3845 5193 τὴν
3873 5121 4043 5189 αὐτὴν

2467 5234 2557 5287 καὶ
2584 5232 2751 5303 χείρω
2784 5230 2993 5299 ὁρμήνο
3041 5224 3130 5279 διὰ
3181 5223 3239 5277 δὶ
3291 5223 3393 5291 τῆς
3438 5217 3710 5287 ἁμαρτίας
3744 5218 3773 5269 ὁ
3810 5215 4041 5273 θάνατος

2466 5326 2548 5388 εἰς
2576 5324 2670 5377 τὸν
2691 5322 2895 5392 κόσμον
2926 5317 3199 5393 εἰσῆλθεν,
3229 5316 3305 5377 ὡς
3334 5315 3431 5367 καὶ
3454 5314 3483 5365 ὁ
3519 5308 3841 5367 ’Δπόστολος
3867 5304 4043 5371 λέγει,

2406 5447 2411 5451 -
2474 5436 2493 5469 ι
2541 5416 2619 5469 Δι’
2644 5414 2761 5477 ἑνὸς
2789 5411 3077 5483 ἀνθρώπου
3109 5412 3141 5479 η
3178 5406 3421 5479 ἁμαρτία
3452 5404 3531 5463 εἰς
3565 5402 3657 5455 τὸν
3690 5400 3895 5467 κόσμον
3920 5397 4039 5483 εἰσ-

2479 5509 2634 5581 ἦλθε,
2692 5506 2786 5560 καὶ
2809 5479 2905 5558 διὰ*
2926 5504 3025 5571 τῆς
3053 5500 3325 5571 ἁμαρτίας
3373 5497 3605 5556 θάνατος
3629 5507 3643 5521 ο
3687 5509 3705 5541 ι
3740 5489 3955 5581 ἀναγκη

2480 5576 2809 5671 ἀμφοτέρων
2840 5591 3277 5665 ὲλευθερωθῆναι
3322 5588 3413 5644 διὰ
3449 5582 3709 5659 Χριστοῦ.
3743 5580 3855 5635 Καὶ
3886 5578 3993 5648 γὰρ
4022 5576 4054 5630 ὁ
