4428 6444
322 402 455 466 633

1322 400 1422 459 DE
1452 397 1878 458 PRINCIPIIS
1906 396 2115 457 FIDE!
2156 398 2626 461 CATHOLICE.

3470 402 3577 463 634

339 518 505 577 αὐτὸς
544 513 865 573 ’Δπόστολος
898 512 1087 580 φησιν,
1119 529 1140 563 ι
1187 511 1251 565 El
1279 511 1387 581 γὰρ
1412 512 1491 579 τῷ
1517 512 1611 563 τοῦ
1644 513 1759 573 ἐνδς
1793 530 1908 565 παι·
1940 516 1983 569 Α
2015 510 2088 565 ide

1828 530 1908 565 ςα-
1940 516 1983 569 A
2015 510 2156 565 idem
2219 514 2544 582 Apostolus:
2582 532 2600 563 ι
2642 511 2697 565 Si
2758 512 2903 565 enim
2960 513 3120 566 unius
3167 512 3366 567 delicto
3431 528 3577 570 mors

342 603 672 676 ραπτώματι
722 603 752 654 0
810 601 1039 664 θάνατος
1072 600 1387 654 ἐσασίλευσε
1419 600 1488 654 δι’
1536 601 1678 665 ἐνὸς,
1727 602 1907 669 πολλῷ

342 695 544 765 μᾶλλον
567 696 617 746 οι
658 692 913 753 λασόντες
938 692 1051 761 ’τὴν
1099 693 1422 760 περισσείαν
1456 692 1555 758 τῆς
1578 693 1788 762 δωρεᾶς
1815 697 1909 747 καὶ

338 787 442 853 τῆς
491 784 837 852 δικαιοσύνης
893 782 1235 852 βασιλεύουσι
1295 784 1383 836 διὰ
1435 784 1531 836 τοῦ
1568 785 1684 845 ἐνὸς
1729 783 1907 853 Ἰησοῦ

340 872 606 939 Χριστοῦ.
643 890 662 923 ι
699 873 814 926 Ἱνα
847 872 1028 925 τοίνυν
1048 872 1308 940 ἑκάτερον
1339 874 1468 939 ἡμῖν
1496 873 1554 924 ἐν
1581 873 1756 942 ἐαυτῷ
1778 874 1910 926 ὐπο-

340 964 517 1034 δείξῃ,
549 964 640 1016 καὶ
671 963 852 1016 Θανεῖν
886 965 977 1016 καὶ
1005 964 1301 1033 ἀναστῆναι
1355 964 1520 1034 ἠθέλη
1537 982 1628 1019 σεν
1655 984 1668 995 ·
1704 966 1910 1019 ἀποθα·

343 1058 458 1106 νεῖν
492 1054 614 1122 μὲν,
650 1055 738 1108 [va
768 1055 916 1122 ἡμᾶς
947 1054 1046 1121 τῆς
1076 1055 1351 1123 ἁμαρτίας
1386 1055 1681 1125 καθαρίσῃ,
1708 1057 1783 1117 ῶς
1815 1074 1912 1125 φη·
1946 1074 1962 1094 ·

346 1158 434 1193 σιν
478 1144 506 1194 0
560 1143 901 1205 Ἀπόστολος,
938 1161 956 1193 ι
1006 1143 1216 1212 Ὥσπερ
1274 1144 1394 1194 ἐστὶ
1445 1145 1556 1205 τοῖς
1603 1144 1912 1213 ἀνθρώποις

345 1230 497 1295 ἅπαξ
532 1233 851 1294 ἀποθανεῖν,
881 1230 1027 1285 οῦτω
1052 1231 1147 1284 καὶ
1176 1236 1204 1284 0
1240 1234 1476 1302 Χριστος
1525 1233 1674 1297 ἅπαξ
1702 1251 1913 1304 προση-

346 1323 512 1392 νέχθη
542 1326 622 1385 είς
646 1324 706 1376 10
725 1325 998 1392 ἁμαρτίας
1028 1324 1309 1390 ἐξαλεῖψαι
1339 1324 1549 1377 πολλῶν
1575 1342 1587 1353 ·
1627 1345 1647 1377 ι
1682 1328 1914 1397 ἀναστῆ-

346 1432 435 1466 ναι
463 1415 518 1467 δὲ
549 1415 831 1483 ἠθέλησεν,
867 1415 952 1467 Eva
983 1416 1127 1484 ἡμᾶς
1157 1415 1250 1468 τοῦ
1281 1416 1515 1468 θανάτου
1548 1416 1913 1489 ἐλευθερώσῃ.

348 1508 515 1560 Ὅθεν
541 1509 570 1559 0
606 1508 928 1569 ’Λπόστολος
954 1509 1109 1577 φησὶ,
1146 1527 1165 1560 ι
1212 1509 1447 1576 Χριστὸς
1476 1511 1540 1562 ἐκ
1563 1510 1773 1579 νεκρῶν
1797 1511 1919 1580 ἐξή-

350 1615 567 1666 γερται,
598 1597 824 1666 ἀπαρχὴ
856 1598 966 1650 τῶν
1017 1602 1437 1667 κεκοιμημένων
1457 1615 1470 1629 ·
1500 1601 1582 1652 ὅτι
1614 1600 1681 1653 δι’
1710 1601 1918 1669 ἀνθρώ-

348 1702 455 1739 που
499 1689 527 1740 0
584 1686 838 1752 θάνατος,
893 1690 987 1742 καὶ
1023 1688 1090 1740 δι’
1146 1688 1437 1756 ἀνθρώπου
1490 1690 1784 1754 ἀνάστασις
1828 1709 1917 1743 νε-

348 1796 382 1829 κ
389 1778 522 1848 ρῶν.
572 1796 591 1829 ι

417 1870 492 1921 T0
555 1870 655 1937 μὲν
687 1866 809 1950 ὀῦν
864 1871 1208 1939 ἀποτέλεσμα
1260 1872 1354 1925 τοῦ
1409 1873 1642 1928 Θανάτου
1692 1876 1751 1927 ἐν
1808 1876 1920 1937 τοῖς

352 1963 676 2031 μυστηρίοις
704 1962 1055 2031 λαμϐάνομεν
1080 1964 1203 2015 ὅσον
1235 1965 1371 2034 πρὸς
1396 1964 1493 2033 τὴν
1521 1965 1619 2034 τῆς
1645 1968 1922 2035 ἁμαρτίας

352 2055 569 2120 ἄφεσιν.
604 2056 714 2109 Καὶ
756 2054 864 2123 γὰρ
898 2055 985 2109 διὰ
1027 2054 1126 2125 τῆς
1151 2057 1433 2125 δυνάμεως
1462 2056 1557 2109 τοῦ
1593 2058 1795 2121 πάθους
1828 2060 1921 2111 τοῦ

353 2145 595 2214 Χριστοῦ
621 2147 687 2198 τὰ
711 2148 986 2215 μυστήρια
1004 2146 1304 2217 ἐνεργοῦσι.
1339 2147 1793 2218 (Συνθαπτόμεοα
1816 2152 1923 2219 γὰρ

351 2223 503 2307 αύτῷ
542 2238 629 2291 διὰ
651 2239 744 2291 τοῦ
776 2238 1147 2307 βαπτίσματος
1171 2257 1220 2290 ⁵)
1252 2243 1345 2295 καὶ
1385 2240 1478 2293 ὃιά
1504 2242 1600 2308 τῆς
1637 2242 1923 2303 κοινωνίας

348 2330 443 2380 τὸν
472 2329 703 2381 Θάνατον
737 2328 901 2381 αὑτοῦ
934 2329 1382 2400 καταγγέλλομεν
1406 2346 1421 2359 ·
1460 2331 1552 2383 καὶ
1584 2331 1673 2383 διὰ
1706 2332 1924 2384 πάντων

349 2421 539 2491 νεκροὶ
568 2424 634 2491 τῇ
680 2421 928 2491 ἁμαρτίᾳ
974 2422 1223 2489 γίνεσθαι
1271 2422 1707 2491 ὑπισχνούμεθα.
1758 2424 1829 2475 Τὸ
1868 2424 1923 2476 δὲ

349 2513 703 2581 ἀποτέλεσμα
732 2514 832 2581 τῆς
857 2514 1206 2576 ἀναστάσεως
1234 2512 1328 2567 τοῦ
1361 2513 1601 2583 Χριστοῦ
1628 2517 1753 2568 ὅσον
1788 2521 1922 2582 πρὸς

349 2605 451 2671 τὴν
485 2605 578 2657 τοῦ
614 2602 849 2657 θανάτου
900 2604 1221 2673 ἀπαλλαγὴν
1250 2607 1307 2656 ἐν
1340 2604 1415 2673 τῷ
1452 2606 1596 2658 τέλει
1651 2608 1756 2658 τῶν
1793 2608 1925 2658 alib-

348 2713 461 2748 νων
488 2696 755 2765 ὀψόμεθα,
788 2697 919 2747 ὅταν
958 2696 1155 2758 πάντες
1185 2697 1271 2749 διά
1305 2698 1405 2765 τῆς
1436 2696 1529 2748 τοῦ
1563 2698 1800 2767 Χριστοῦ
1833 2700 1925 2751 δυο

351 2789 567 2856 νάμεως
598 2788 926 2853 ἀναστῶμεν
954 2805 967 2819 ·
998 2788 1119 2841 ὅθεν
1145 2790 1309 2857 φησὶν
1341 2791 1368 2841 0
1413 2789 1759 2855 Ἀπόστολος,
1790 2809 1807 2841 ι
1860 2792 1922 2843 ΕΞ

352 2881 540 2949 νεκροὶ
556 2881 657 2932 οὐκ
679 2882 1012 2951 ἐγείρονται,
1041 2881 1159 2933 ούδέ
1182 2881 1415 2951 Χριστὸς
1441 2882 1759 2951 ἐγήγερται.
1786 2884 1849 2935 'A
1861 2901 1926 2953 ρα

353 2967 452 3022 οὖν
482 2971 689 3040 ματαία
716 2972 749 3040 ἡ
782 2972 962 3033 πίστις
1010 2971 1189 3041 ἡμῶν.
1228 2974 1369 3041 Ἀρα
1396 2972 1474 3027 ἔτι
1508 2974 1675 3043 ἐσμὲν
1706 2976 1763 3027 ἐν
1808 2978 1927 3038 ταῖς

354 3062 651 3132 ἀμαρτίαίς
682 3063 861 3133 ἡμῶν.
893 3082 909 3113 ι
948 3064 1055 3115 Καὶ
1090 3064 1267 3125 πάλιν,
1303 3083 1322 3115 ι
1355 3065 1413 3115 El
1448 3066 1555 3135 γὰρ
1594 3068 1927 3136 πιστεύομεν

2010 605 2255 672 regnavit
2327 622 2419 672 per
2464 621 2656 666 unum,
2718 605 2886 657 multo
2950 604 3124 672 magis
3188 590 3576 658 abundantiam

2010 695 2257 745 muneris
2290 704 2344 745 et
2395 694 2621 761 jnstiti.e
2687 692 3039 760 accipientes,
3105 692 3409 760 regnahnnt
3482 710 3577 761 per

2010 798 2175 835 unum
2214 780 2401 838 Iesum
2452 783 2833 837 Christum".
2882 800 2899 832 ι
2937 782 3006 836 Ut
3069 782 3231 849 igitur
3291 790 3582 850 utrumque

2008 872 2166 926 nobis
2201 874 2254 924 in
2290 872 2408 941 ipso
2448 884 2864 932 monstraretur,
2896 886 3018 923 cum
3054 873 3215 934 mori,
3255 880 3367 923 tum
3394 887 3580 924 resur-

2009 978 2135 1031 gere
2181 964 2389 1027 voluit;
2424 964 2656 1016 alterum
2708 963 2950 1029 quidem,
3007 970 3065 1013 ut
3125 976 3222 1014 nos
3260 976 3287 1014 a
3354 971 3576 1028 pccrnto

2012 1055 2320 1119 mundaret,
2380 1057 2456 1109 uti
2516 1057 2592 1108 ait
2664 1055 3004 1123 Apostolus:
3046 1071 3064 1103 ι
3103 1052 3577 1117 Quemadmodum

2014 1153 2272 1197 statutum
2300 1153 2384 1197 est
2408 1144 2720 1197 horninibus
2753 1142 2917 1197 semel
2945 1144 3077 1194 mori
3107 1159 3121 1205 ;
3147 1143 3227 1195 sic
3248 1152 3302 1195 et
3325 1142 3581 1195 Christus

2014 1235 2178 1287 semel
2201 1234 2413 1288 oblatus
2444 1243 2527 1288 est
2550 1234 2613 1286 ad
2648 1250 2695 1286 ιιι
2709 1234 2942 1285 nltornm
2967 1232 3190 1283 delenda
3214 1242 3430 1298 peccata
3457 1233 3536 1293 ἠς
3562 1252 3579 1281 ι

2014 1324 2241 1377 alterum
2282 1340 2433 1383 vero,
2468 1335 2525 1375 ut
2557 1338 2656 1377 nos
2683 1338 2711 1375 a
2748 1332 2920 1375 morte
2956 1322 3229 1373 liberaret.
3266 1320 3476 1375 Idcirco
3509 1323 3585 1372 ait

2015 1414 2349 1483 Apostolus:
2398 1434 2415 1465 ι
2447 1415 2700 1469 Christus
2752 1414 3052 1467 resurrexit
3103 1428 3130 1464 a
3174 1414 3429 1475 mortuis,
3476 1412 3588 1479 prio

2017 1506 2183 1560 mitia.-
2209 1507 2595 1561 dormientium
2624 1524 2638 1560 :
2676 1506 2800 1575 quia
2829 1520 2922 1574 per
2953 1504 3225 1558 hominem
3262 1504 3589 1557 resurrectio

2019 1605 2359 1650 mortuorum
2383 1596 2425 1628 "’
2438 1634 2451 1648 .
2498 1616 2515 1647 ι

1952 1823 1997 1881 Β
2097 1850 2282 1905 Mortis
2324 1851 2507 1920 itaque
2534 1850 2785 1905 cﬂ‘ectum
2811 1850 2864 1903 in
2888 1851 3246 1905 sacramentis
3275 1841 3591 1919 recipimus,

2025 1944 2169 2011 qrrod
2202 1943 2413 1997 scilicet
2448 1943 2642 1997 attinet
2672 1944 2735 1997 ad
2769 1946 2969 2011 peccati
3020 1943 3424 1997 remissionem.
3465 1943 3591 1996 Ete-

2026 2033 2136 2086 nim
2172 2045 2507 2089 sacramenta
2562 2036 2762 2088 \irtute
2798 2034 3069 2103 passionis
3102 2035 3307 2089 Christi
3358 2051 3595 2103 operan-

2026 2136 2132 2177 tur.
2175 2144 2191 2175 ι
2233 2127 2643 2194 Consepelimur
2671 2126 2813 2179 enim
2845 2128 2948 2195 ipsi
2979 2141 3073 2194 per
3126 2126 3456 2195 baptismum
3478 2127 3545 2190 ⁸⁸,
3573 2146 3591 2177 ι

2027 2232 2087 2269 ac
2122 2218 2597 2279 comrrrurricarrdo,
2630 2229 2857 2295 mortem
2909 2217 3027 2285 ejus
3098 2217 3481 2270 annuntiamus
3512 2217 3597 2275 ης

2026 2308 2343 2376 cunctisque
2383 2319 2627 2363 mortuos
2665 2325 2762 2363 nos
2810 2318 3030 2379 peccato
3078 2311 3415 2379 pollicentur.
3458 2308 3610 2362 Elfed

2027 2411 2144 2453 ctrrs
2198 2410 2375 2452 autem
2408 2402 2826 2456 resurrectionis
2855 2403 3094 2468 Christi,
3133 2404 3279 2470 qrrod
3309 2403 3504 2456 attinet
3533 2401 3601 2455 ad

2030 2494 2155 2555 hoc,
2218 2502 2275 2545 ut
2335 2493 2436 2563 ipsi
2488 2495 2761 2549 immunes
2802 2512 2830 2548 ιι
2874 2506 3046 2549 morte
3114 2496 3311 2555 simus,
3372 2496 3422 2547 in
3489 2493 3595 2546 ﬁne

2029 2587 2347 2638 surculorum
2380 2587 2706 2651 videbimus,
2739 2603 2861 2641 cum
2899 2604 3088 2641 omnes
3142 2604 3234 2655 per
3282 2587 3482 2639 Christi
3510 2602 3603 2654 po-

2031 2679 2287 2750 tentiam.
2318 2693 2688 2749 resnrgemus.
2760 2680 2909 2734 Unde
2970 2682 3043 2733 ait
3097 2681 3435 2749 Apostolus:
3476 2697 3492 2728 ι
3543 2667 3601 2731 Si

2030 2774 2229 2823 monui
2267 2788 2371 2823 non
2395 2787 2696 2839 resurgent,
2722 2787 2820 2827 nec
2845 2772 3098 2827 Christus
3122 2772 3439 2825 resurrexit.
3469 2770 3609 2836 Ergo

2027 2876 2165 2915 vana
2230 2869 2312 2916 est
2377 2862 2507 2917 [idos
2571 2873 2777 2917 nostra.
2858 2864 2995 2931 Ergo
3074 2864 3252 2916 adhuc
3311 2878 3502 2915 sumus
3556 2862 3608 2913 in

2032 2954 2266 3019 peer'atis
2298 2954 2500 3007 nostris
2526 2954 2591 3006 ’°.
2632 2972 2648 3003 ι
2682 2954 2759 3005 Ae
2786 2968 3015 3007 rursus:
3058 2972 3075 3003 ι
3116 2954 3172 3006 Si
3239 2953 3383 3005 enim
3419 2953 3599 3006 credi-

2032 3058 2151 3096 mus
2178 3048 2321 3112 quo.l
2349 3044 2505 3099 Jcsus
2536 3055 2784 3099 rnortuns
2818 3054 2899 3099 est
2932 3054 2986 3098 et
3054 3046 3379 3105 resurrexit,
3438 3045 3509 3096 ita
3550 3052 3606 3096 et

352 3154 437 3205 ὅτι
468 3154 672 3219 Ἰησοῦς
696 3153 931 3205 ἀπέθανε
960 3154 1053 3207 καὶ
1083 3155 1302 3223 ἀνέστη,
1328 3156 1469 3207 οὕτω
1496 3133 1588 3209 καὶ
1617 3160 1644 3211 0
1667 3160 1796 3222 Θεὸς
1817 3133 1942 3224 τοὺς
1967 3179 2010 3241 C
2048 3133 2101 3186 D'

1862 3161 1942 3224 ,ὺς
1967 3179 2010 3241 C
2048 3133 2190 3188 Deus
2230 3150 2323 3190 eos
2361 3138 2452 3204 qtti
2518 3137 2880 3200 dormierunt,
2941 3151 3033 3204 per
3066 3136 3344 3189 Christum
3378 3136 3611 3189 adduCrt

354 3247 719 3314 κτιμηθέντας
737 3247 823 3299 διὰ
854 3248 944 3299 τοῦ
975 3247 1151 3317 Ἰησοῦ
1177 3249 1294 3313 ἀξει
1326 3249 1421 3302 σῦν
1454 3250 1617 3320 αὐτῷ.
1654 3272 1670 3301 ι
1703 3254 1807 3305 Καὶ
1834 3256 1939 3307 πά-

352 3337 490 3399 λιν,ι
529 3336 588 3387 El
618 3337 896 3405 ὁΧριστδς
920 3338 1249 3407 κηρύττεται
1280 3341 1361 3391 ὄτι
1384 3340 1583 3410 ἀνέστη
1614 3342 1677 3393 ἐκ
1708 3343 1935 3411 νεκρῶν,

354 3426 479 3488 πῶς
528 3426 673 3488 τινες
723 3426 971 3493 λέγουσιν
1019 3431 1077 3479 ἐν
1119 3429 1245 3496 ὑμῖν
1277 3430 1357 3481 ὄτι
1398 3430 1692 3491 ἀνάστασις
1726 3431 1936 3499 νεκρῶν

358 3518 460 3569 οὐκ
494 3516 665 3583 ἐστινς
709 3518 773 3570 ΕΞ
812 3518 858 3568 δ’
882 3519 1178 3580 ἀνάστασις
1197 3522 1407 3587 νεκρῶν
1440 3523 1539 3573 οὐκ
1572 3521 1738 3587 ἐστιν,
1768 3523 1886 3575 οὺδέ
1914 3525 1941 3575 0

357 3609 593 3678 Χριστὸς
633 3610 950 3679 ἐγήγερται.
998 3612 1059 3663 Εί
1105 3611 1161 3663 δέ
1206 3613 1441 3682 Χριστος
1473 3614 1572 3665 οὒκ
1618 3614 1935 3685 ἐγήγερται,

361 3704 596 3771 μὰταιον
628 3701 689 3753 τὸ
722 3702 985 3770 κήρυγμα
1018 3703 1197 3771 ἡμῶν.
1249 3722 1267 3755 ι
1302 3705 1467 3757 Πάλιν
1504 3707 1635 3774 φησὶ
1676 3708 1811 3775 πρὸς
1846 3708 1939 3761 Τι-

360 3793 556 3863 μὸοεον
583 3792 831 3862 γράφων,
862 3812 881 3842 ι
930 3794 1041 3857 Ti;
1077 3796 1265 3864 μωρὰς
1297 3796 1391 3847 καὶ
1425 3798 1788 3861 ἀπαιδεύτους
1836 3799 1935 3867 ζη-

356 3885 545 3955 τήσεις
576 3883 866 3953 παραιτοῦ.
896 3884 1083 3937 Πολλοὶ
1120 3887 1227 3954 γάρ
1268 3886 1670 3955 προκόπτουσιν
1701 3890 1778 3951 είς
1808 3890 1935 3941 ἀσέ-

359 3977 538 4041 ϐειαν,
566 3979 659 4028 καὶ
688 3979 715 4028 0
746 3977 902 4043 λόγος
932 3976 1110 4028 αὐτῶν
1140 3977 1214 4040 ὡς
1242 3979 1553 4047 γάγγραινα
1582 3981 1752 4049 νομὴν
1798 3980 1936 4049 ἔχει,

360 4062 438 4120 ὧν
494 4070 641 4119 ἐστιν
692 4068 956 4136 Υμεναϊος
1005 4068 1097 4119 καὶ
1155 4069 1398 4136 Φίλητος,
1450 4070 1499 4121 οἳ
1544 4069 1643 4139 τῆς
1688 4070 1941 4139 ἀληθείας

360 4157 644 4221 ἐξέπεσον,
670 4156 922 4222 λέγοντες
958 4157 1057 4227 τὴν
1104 4157 1398 4211 ἀνάστασιν
1428 4159 1536 4211 τῶν
1571 4160 1782 4229 νεκρῶν
1835 4162 1938 4231 ήδη

358 4247 637 4301 γενέσθαι.
688 4268 706 4300 ι
758 4241 917 4301 Οὗτοι
947 4248 1054 4316 γάρ
1085 4250 1184 4300 οὐκ
1216 4249 1467 4313 ἐδόξαζον
1506 4250 1719 4319 νεκρῶν
1754 4253 1941 4320 σωμά-

368 4361 474 4396 των
503 4343 819 4403 ἀνάστασιν,
848 4342 1110 4411 ἀλλᾶοτὴν
1138 4342 1237 4410 τῆς
1272 4344 1452 4412 ψυχῆς
1484 4345 1591 4397 ἀπὸ
1618 4345 1817 4406 κακίας
1863 4346 1941 4407 εἰς

360 4436 567 4505 ἀρετὴν
604 4434 934 4502 μεταῦολὴν,
964 4437 1053 4486 καὶ
1085 4434 1193 4485 ἀπ’)
1223 4434 1321 4500 τῆς
1354 4436 1561 4503 πλάνης
1586 4437 1665 4496 εἰς
1689 4436 1787 4504 τὴν
1812 4434 1942 4504 ἀλή-

2043 3243 2163 3280 cnm
2196 3242 2261 3280 eo
2290 3229 2357 3280 ⁹¹.
2408 3228 2471 3280 Et
2537 3243 2770 3282 rursus:
2828 3246 2845 3276 r
2885 3226 2941 3280 Si
2985 3228 3237 3281 Christus
3280 3229 3612 3296 prmtlicatur

2042 3322 2184 3389 quoi
2214 3321 2514 3374 resurrexit
2573 3336 2601 3373 a
2633 3321 2887 3384 mortuis,
2946 3322 3225 3390 quomodo
3256 3321 3476 3387 quidam
3532 3320 3617 3373 di-

2042 3420 2170 3461 cunt
2233 3410 2283 3461 in
2314 3410 2488 3473 vobis,
2550 3412 2809 3477 quonianr
2871 3412 3207 3463 resurrectio
3266 3420 3608 3464 mortuorum

2044 3502 2317 3555 nonest?
2359 3502 2416 3555 Si
2455 3511 2634 3555 autem
2698 3511 3038 3555 mortuorum
3103 3502 3435 3556 resnrreCIio
3504 3518 3613 3557 non

2042 3604 2145 3655 est,
2184 3609 2281 3647 nec
2320 3593 2569 3649 Christus
2626 3596 2963 3659 resurrexit;
3027 3596 3071 3648 si
3122 3604 3302 3647 autem
3365 3595 3615 3649 Christus

2048 3702 2153 3739 non
2181 3688 2504 3749 resurrexit,
2542 3687 2720 3739 inanis
2750 3694 2835 3740 est
2891 3687 3207 3754 prmdicatio
3260 3695 3441 3739 nostra
3471 3687 3539 3735 ".
3589 3705 3608 3737 ι

2046 3777 2244 3843 Aitque
2281 3792 2471 3830 rursus
2533 3776 2597 3830 ad
2644 3776 2991 3829 Timotheum
3030 3777 3317 3829 scribens:
3352 3794 3369 3826 ι
3410 3775 3616 3831 Strrltas

2046 3880 2096 3923 et
2132 3873 2249 3923 sine
2279 3869 2563 3938 disciplina
2618 3869 2951 3936 qua‘stioncs
3010 3868 3210 3923 devita.
3258 3868 3406 3922 Multi
3466 3868 3611 3921 enim

2048 3958 2423 4028 proiiciurrtad
2460 3960 2817 4027 impietatem,
2858 3969 2910 4011 ct
2949 3974 3132 4013 sermo
3171 3974 3361 4013 eorum
3402 3968 3616 4011 ntean-

2046 4066 2139 4105 cer
2169 4052 2357 4119 serpit,
2407 4067 2472 4104 ex
2509 4052 2709 4118 quibus
2762 4061 2844 4105 cst
2894 4052 3214 4121 llynrena-ns
3248 4060 3302 4106 et
3344 4050 3614 4111 Phileros.

2046 4143 2138 4212 qui
2172 4158 2201 4195 a
2234 4143 2459 4202 veritate
2488 4144 2832 4205 exciderunt,
2878 4142 3123 4196 dicentes
3155 4144 3612 4195 resurrectionem

2043 4236 2298 4304 essejzun
2336 4236 2623 4289 factam".
2678 4254 2694 4285 ι
2736 4237 2801 4287 lli
2866 4237 3009 4288 enim
3073 4251 3178 4288 non
3226 4237 3621 4289 existimabant

2048 4329 2161 4383 fore
2201 4343 2490 4397 corporum
2517 4333 3005 4389 resurrectionem,
3061 4329 3154 4381 sed
3199 4327 3367 4380 animi
3401 4344 3429 4379 ιι
3486 4328 3619 4381 vitio

2046 4423 2113 4475 ad
2148 4422 2404 4473 virtutem
2441 4421 2823 4481 mutationem,
2869 4430 2923 4473 et
2964 4421 3032 4472 ah
3088 4434 3278 4472 errore
3311 4420 3374 4472 ad
3413 4420 3617 4471 verita-

365 4527 555 4578 οειαν·
590 4528 685 4578 καὶ
713 4525 812 4595 τὴν
849 4527 975 4594 περὶ
1008 4524 1139 4577 Θεὸν
1176 4525 1471 4592 ἐπίγνωσιν
1506 4526 1801 4579 ἀνάστασιν
1828 4525 1944 4578 ἔλε-
1977 4525 2018 4579 D
2049 4518 2114 4563 ίθ¹

1863 4527 1944 4578 λε..
1977 4525 2018 4579 D
2049 4518 2152 4563 tem
2181 4528 2194 4575 ;
2226 4510 2426 4577 Deique
2447 4511 2694 4564 notitiam
2715 4525 2777 4563 ac
2798 4510 2954 4563 ﬁdem
2979 4525 3100 4565 esse
3132 4526 3187 4565 re
3210 4510 3612 4565 srrrrcctionem

365 4635 467 4685 γον
512 4614 650 4670 εἶναι
696 4619 832 4685 ὅπερ
866 4619 893 4669 0
950 4618 1277 4679 Ἀπόστολος
1308 4618 1629 4687 ἀνατρέπει,
1661 4621 1755 4672 καλ⁸
1791 4621 1941 4670 πᾶσα

360 4710 397 4776 ἡ
425 4708 544 4758 θεία
575 4706 785 4776 Γραφὴ,
823 4706 1008 4759 αὐτῶν
1039 4708 1147 4761 τῶν
1195 4710 1464 4777 σωμάτων
1498 4710 1796 4761 ἀνάστασιν
1824 4709 1941 4759 Eca-

364 4800 491 4850 συαι
520 4799 773 4865 λέγουσι.
819 4799 877 4850 '0
913 4801 1012 4867 μὲν
1045 4799 1155 4870 γὰρ
1190 4800 1516 4862 Ἀπόστολος
1546 4800 1701 4869 φησι,
1730 4818 1748 4850 ι
1778 4797 1941 4851 Σπεί-

367 4908 520 4959 ρῖται
559 4890 717 4958 σῶμα
738 4891 988 4959 ψυχικὸν,
1017 4891 1291 4959 ἐγείρεται
1317 4892 1475 4959 σῶμα
1507 4879 1897 4957 πνευματικόν.
1916 4906 1935 4940 ι

366 4982 484 5041 καὶ,
522 4999 539 5031 ι
561 4982 804 5050 ’Λνάγκη
840 4982 899 5033 10
932 4980 1173 5050 φθαρτὴν
1199 4982 1356 5035 τοῦτο
1381 4980 1701 5035 ἐνδύσασθαι
1732 4980 1945 5049 ἀφθαρ-

370 5069 497 5121 σίαν
520 5084 533 5099 °
568 5072 661 5122 καὶ
692 5071 750 5121 10
782 5070 978 5141 Ονητὸν
1006 5072 1164 5124 τοῦτο
1195 5072 1519 5124 ἐνδύσασυαι
1552 5071 1878 5124 ἀθανασίαν.
1920 5089 1937 5121 ι

382 5162 473 5213 Ἐν
515 5162 571 5213 δὲ
614 5161 692 5229 τῷ
729 5163 1047 5234 Εὑαγγελέῳ
1091 5166 1241 5234 παρὰ
1281 5164 1375 5217 τοῦ
1426 5164 1666 5233 Χριστοῦ
1705 5164 1943 5232 εἴρηται,

373 5270 394 5302 ι
448 5254 710 5323 Ἔρχεται
743 5254 883 5325 ῶρα.
920 5260 1014 5309 καὶ
1045 5257 1139 5309 νῦν
1170 5259 1341 5321 ἐστιν,
1373 5259 1461 5311 ὅτε
1490 5259 1537 5310 οί
1569 5260 1755 5327 νεκροὶ
1783 5257 1950 5310 ἀκού-

371 5362 565 5399 σονται
596 5348 693 5416 τῆς
723 5350 905 5419 φωνῆς
933 5349 1025 5404 τοῦ
1056 5350 1187 5403 Υίοῦ
1223 5350 1317 5403 τοῦ
1348 5351 1484 5409 Θεοῦ
1512 5367 1525 5380 °
1557 5352 1655 5404 καὶ
1696 5353 1742 5405 οί
1786 5350 1950 5403 ἀκούο

370 5454 566 5501 σαντες
611 5438 898 5509 ζήσονται’
962 5461 980 5493 ι
1035 5447 1134 5495 καὶ
1199 5444 1363 5498 πάλιν
1416 5462 1434 5495 ι
1491 5444 1752 5512 Ἔρχεται
1804 5442 1947 5511 ὥρα,

369 5524 429 5576 ἐν
528 5528 729 5591 πάντες
762 5529 810 5581 οί
853 5530 911 5583 ἐν
958 5533 1073 5594 τοῖς
1132 5533 1415 5603 μνημείοις
1474 5533 1800 5586 ἀκούσονται
1852 5534 1951 5603 τῆς

960 5674 1006 5707 ⁸⁸
1044 5675 1207 5730 llehr.
1232 5692 1307 5730 rx.
1338 5676 1428 5731 27.
1501 5676 1547 5709 ⁸⁷
1574 5675 1589 5729 1
1622 5675 1745 5731 Cor.
1786 5692 1872 5736 xv,
1902 5673 1992 5727 ΞΟ.
2052 5662 2113 5703 ’⁸⁸
2139 5671 2352 5724 Coloss.
2383 5665 2551 5728 ".12.

960 5776 981 5799 ι.
1102 5747 1146 5779 ⁸³
1187 5746 1205 5801 l
1239 5748 1362 5801 Cor.
1391 5764 1441 5801 ν.
1486 5747 1547 5799 l9.
1577 5763 1731 5801 scon.
1839 5748 1882 5779 ’³
1914 5745 1953 5801 li
1989 5742 2129 5799 Tim.
2166 5757 2224 5801 rt.
2265 5741 2334 5795 ‘23
2385 5746 2437 5794 ct
2505 5738 2569 5790 lli

2061 5762 2129 5798 tn.
2166 5762 2224 5807 ιι,
2265 5762 2334 5795 2:.)
2385 5762 2437 5794 ut
2506 5762 2589 5790 ιυ.

441 5670 488 5702 ⁸³
522 5669 682 5724 Rom.
712 5686 765 5735 ν,
799 5671 884 5726 Π.

461 5740 724 5819 _IThess._
753 5758 832 5819 tv,
900 5743 981 5799 15.

1102 5747 1146 5779 ⁸³
1187 5746 1205 5801 l
1239 5748 1362 5803 Cor.
1391 5764 1441 5813 ν,
1486 5747 1547 5799 l9.
1577 5763 1731 5817 seqq.

374 5810 419 5840 °"
452 5810 606 5866 Juarr.
641 5812 799 5873 v.25.

2051 4602 2330 4656 dicebant.
2380 4601 2535 4667 Quod
2569 4603 2863 4671 Apostolus
2897 4604 3112 4666 evertit,
3146 4605 3436 4671 omnisque
3462 4618 3615 4657 sacra

2054 4693 2352 4761 Scriptura,
2388 4708 2510 4761 quae
2543 4694 2788 4763 ipsorum
2820 4708 3114 4762 corporum
3149 4693 3614 4747 resurrectionem

2052 4784 2294 4839 futuram
2344 4785 2508 4839 dicat.
2555 4786 2643 4839 Ait
2694 4802 2924 4855 namque
2947 4787 3240 4855 Apostolus
3272 4802 3287 4851 ;
3317 4802 3335 4835 ι
3370 4786 3620 4838 ὃυιιιίιιειο

2056 4889 2144 4932 ιυι·
2172 4892 2371 4948 corpus
2415 4878 2673 4941 animale,
2721 4881 2955 4947 resurgit
3005 4892 3199 4946 corpus
3244 4876 3562 4945 spiritale“.
3599 4893 3617 4925 ι

2050 4968 2115 5024 Ει
2148 4986 2337 5023 rursus
2376 4987 2389 5023 :
2434 4988 2449 5020 ι
2488 4969 2714 5038 Oportet
2751 4969 3100 5037 corruptilrilc
3133 4968 3233 5021 hoc
3280 4969 3503 5021 induere
3540 4967 3626 5019 in-

2051 5063 2481 5131 corrrrptionem,
2512 5071 2568 5115 et
2600 5061 2824 5114 mortale
2858 5061 2958 5113 hoc
2987 5062 3208 5112 induere
3245 5058 3627 5111 immortalita-

2054 5158 2253 5211 tem”.
2291 5174 2308 5205 ι
2369 5156 2425 5207 lrr
2481 5154 2775 5221 Evangelio
2834 5164 3014 5206 autem
3064 5168 3091 5205 a
3143 5152 3364 5206 Christo
3416 5152 3625 5205 dictum

2043 5261 2125 5306 est
2164 5266 2177 5302 :
2218 5268 2236 5301 ι
2271 5247 2427 5301 Venit
2463 5249 2619 5310 hora,
2648 5255 2701 5299 et
2725 5260 2867 5299 nunc
2892 5255 2993 5308 est,
3029 5245 3249 5313 quando
3302 5245 3501 5297 mortui
3535 5260 3630 5296 au-

2048 5344 2197 5397 dient
2229 5357 2413 5395 vocem
2448 5340 2569 5394 Filii
2604 5338 2735 5403 Dei;
2771 5345 2825 5391 et
2854 5339 2946 5407 qui
2984 5339 3272 5403 audierint,
3308 5337 3563 5391 virent".
3604 5353 3623 5391 ι

2056 5435 2120 5489 Ει
2152 5450 2345 5490 rursus
2378 5450 2393 5487 ε
2432 5451 2450 5483 ι
2492 5430 2649 5487 Venit
2680 5432 2834 5498 hora,
2865 5431 2917 5485 in
2952 5446 3058 5503 qua
3086 5446 3275 5485 omnes
3311 5431 3401 5500 qui
3434 5430 3485 5482 in
3516 5442 3634 5482 mo~

2060 5527 2339 5583 trumentis
2385 5534 2533 5591 sunt,
2583 5524 2805 5579 audient
2854 5539 3037 5578 vocem
3066 5524 3218 5594 ejus;
3249 5536 3300 5576 ct
3342 5522 3639 5591 procedunt

3154 5661 3199 5693 '°
3232 5660 3246 5713 Ι
3276 5661 3401 5714 Cor.
3429 5674 3515 5716 xv.
3547 5657 3629 5711 ΙΞ.

3322 5730 3509 5784 “ibid.
3541 5729 3627 5783 55.

2631 5664 2677 5696 ⁸³
2706 5662 2721 5712 Ι
2748 5662 2870 5715 Cor.
2893 5679 2951 5723 ιι,
2985 5661 3077 5715 ‘26.

2703 5736 2747 5765 "'
2782 5732 2800 5786 Ι
2837 5734 2960 5787 Cor.
3004 5748 3090 5799 xv,
3138 5735 3215 5787 ii.
