4428 6444
781 392 887 455 635

2031 391 2421 452 MANUELIS
2457 391 2766 453 CAL'ECE-

3902 393 4006 456 636

783 504 874 568 qui
927 500 1067 553 bona
1122 499 1363 554 fecerunt
1417 496 1473 551 in
1528 498 1983 554 resurrectionem
2036 501 2187 564 vitae;
2250 496 2529 568 quiAcpm

2254 498 2341 568 qui
2369 496 2418 553 Α
2446 498 2629 566 φωνῆς
2662 498 2826 551 αὑτοῦ
2854 513 2867 528 ⁸
2899 498 2993 552 καὶ
3025 497 3448 568 ἐκπορεύσονται
3473 500 3519 552 οί
3548 497 3618 551 τά
3644 498 3824 565 ἀγαθά
3845 505 4003 568 ποιη-

788 608 917 645 vero
943 593 1081 645 mala
1106 598 1351 657 egerunt,
1381 589 1433 641 iu
1462 590 1915 644 resurrectionem
1954 588 2147 657 judicii
2186 589 2253 644 ".
2319 610 2338 642 ι

786 679 869 731 Ait
916 692 1043 732 vero
1084 678 1245 729 etiam
1277 674 1417 727 .lob:
1458 694 1477 726 ι
1514 675 1842 743 Redemptor
1895 690 2048 730 meus
2101 675 2252 740 vivit,
2293 686 2346 730 et

788 770 840 820 in
876 756 1167 823 novissimo
1195 768 1260 820 de
1286 776 1428 821 terra
1466 776 1815 820 surrecturus
1852 781 1993 829 sum,
2028 777 2083 822 et
2128 782 2344 821 rursum

784 857 1168 912 circumdabor
1212 858 1351 926 pelle
1397 872 1539 920 mea,
1575 859 1713 912 etin
1765 872 1928 912 carne
1976 872 2093 910 mea
2150 857 2346 911 videbo

788 951 954 1003 Deum
989 949 1054 1001 ".
1096 969 1114 1001 ι
1153 948 1452 1003 Etdivinus
1502 948 1672 1003 David
1707 967 1768 1002 τι
1807 950 2039 1004 Auferes
2088 951 2341 1019 spirituum

785 1054 1000 1099 eorum.
1056 1051 1110 1116 et
1160 1041 1429 1101 deﬁcient.
1483 1048 1537 1095 et
1583 1040 1953 1116 in.pulverem
1981 1055 2137 1094 suum
2162 1058 2345 1097 rever-

794 1135 977 1180 tentur
1000 1114 1080 1182 ⁹⁹.’
1134 1147 1153 1180 ι
1212 1128 1314 1192 En,
1360 1129 1425 1183 de
1468 1132 1534 1182 de
1574 1114 1887 1198 corporibus
1919 1129 2173 1198 loquitur.
2209 1129 2345 1183 Tum

795 1218 979 1274 Subdit
1012 1237 1026 1272 :
1062 1237 1079 1269 ι
1124 1218 1346 1273 Emittes
1382 1220 1643 1288 Spiritum
1690 1231 1864 1283 tuum,
1902 1232 1954 1275 et
1998 1222 2344 1288 crcabuntur,

794 1318 849 1360 et
878 1308 1159 1362 reuovabis
1190 1308 1379 1364 faciem
1413 1319 1570 1364 teme
1601 1312 1638 1362 ⁸.
1682 1328 1700 1361 ι
1735 1311 1902 1365 Isaias
1926 1326 2174 1380 quoque:
2202 1329 2220 1363 ι
2248 1311 2352 1367 Re-

795 1405 1016 1466 surgent
1047 1400 1266 1461 mortui,
1300 1409 1352 1453 et
1382 1400 1784 1455 suscitabuntnr
1810 1400 1904 1469 qui
1943 1411 2071 1457 sunt
2120 1404 2173 1456 in
2230 1419 2349 1457 mo-

796 1490 1069 1542 numentis
1103 1492 1143 1544 ¹.
1183 1508 1202 1541 ι
1232 1489 1429 1544 Beatus
1458 1506 1674 1559 quoque
1715 1492 1964 1546 Ezechiel
2004 1510 2016 1522 ·
2052 1512 2070 1544 ι
2127 1494 2347 1549 Factum

791 1588 894 1640 est,
932 1578 1124 1645 inquit,
1152 1578 1279 1632 dum
1326 1579 1748 1646 prophetarem;
1802 1592 1859 1635 et
1885 1596 2013 1635 ecce
2036 1585 2349 1647 commotio,

794 1679 850 1722 et
884 1667 1120 1723 admovit
1170 1683 1315 1731 ossa,
1344 1684 1406 1723 os
1434 1670 1499 1723 ad
1557 1685 1639 1733 os,
1667 1670 2095 1739 unumquodque
2124 1673 2188 1724 ad
2219 1672 2348 1740 jun-

792 1770 1000 1812 cturam
1048 1773 1224 1812 suam.
1284 1758 1347 1814 Et
1388 1760 1517 1824 vidi,
1573 1769 1771 1814 ctecce
1810 1776 1970 1828 super
2001 1777 2063 1816 ea
2112 1762 2259 1815 nervi
2292 1772 2347 1817 et

790 1864 982 1903 carnes
1033 1848 1371 1913 oriebantur,
1420 1857 1472 1904 et
1527 1851 1895 1905 ascendebant
1933 1866 2094 1919 super
2154 1868 2247 1917 ea;
2304 1864 2357 1908 et

793 1939 957 2005 pelles
1000 1948 1230 1994 extenta:
1283 1953 1409 1993 sunt
1466 1954 1634 2010 super
1691 1940 1796 1994 illis
1823 1941 2056 2011 desuper
2084 1945 2123 1998 '.
2162 1962 2179 1994 ι
2215 1942 2353 1996 Tum

793 2036 951 2091 docet
997 2052 1230 2106 quonam
1278 2036 1499 2105 spiritus
1549 2037 1689 2105 jussi
1738 2038 1943 2091 reversi
2004 2038 2148 2091 sint:
2184 2040 2275 2093 sed
2303 2049 2357 2092 et

794 2127 898 2181 alia
931 2127 1083 2195 plura
1102 2126 1219 2195 ejus
1252 2128 1463 2195 generis
1486 2129 1553 2181 de
1594 2127 1771 2181 futura
1806 2130 2202 2183 resurrectione
2259 2145 2358 2183 no-

800 2220 881 2273 bis
912 2221 1073 2273 tradit
1100 2221 1281 2273 divina
1315 2218 1624 2287 Scriptura,
1652 2218 1724 2271 Ex
1758 2220 1958 2287 quibtts
2008 2220 2353 2275 Iranil‘cstusn

797 2321 879 2368 est
904 2314 1216 2368 suscitanda
1247 2316 1536 2378 cadavera,
1568 2328 1668 2367 nee
1696 2313 1920 2368 infinitae
1955 2314 2045 2368 Dei
2101 2316 2356 2382 potentiae

794 2400 1084 2469 quidquam
1115 2405 1446 2468 impossibile
1480 2403 1615 2461 inre.

866 2668 999 2732 Quia
1052 2670 1209 2736 igitur
1257 2673 1450 2724 nedum
1507 2672 1771 2741 ejusmodi
1795 2676 2139 2732 sermonibus
2171 2693 2358 2734 resur-

798 2760 966 2813 rectio
1005 2761 1340 2825 cotirmatur,
1391 2766 1483 2819 sed
1528 2773 1583 2817 et
1625 2765 1741 2832 ipse
1776 2764 2027 2822 Christus
2065 2783 2096 2823 a
2129 2772 2358 2825 mortuis

796 2852 1061 2917 surrexit,
1094 2855 1166 2907 ita
1206 2856 1459 2911 nimirum
1495 2867 1555 2911 ιιι
1599 2858 1748 2914 visus
1775 2858 1848 2913 sit
1874 2868 1929 2913 et
1963 2870 2354 2925 contrectatus,

796 2944 1220 3012 comederitque.
1252 2946 1397 3015 quod
1422 2946 1595 3015 ipsum
1619 2963 1724 3002 non
1762 2957 1882 3001 erat
1928 2964 1991 3003 ex
2026 2961 2236 3006 natura:
2271 2968 2357 3006 ra-

795 3033 1063 3099 tionibus,
1100 3050 1274 3103 ncque
1315 3039 1461 3090 enim
1522 3053 1643 3092 eum
1690 3040 1987 3095 suscitatus
2029 3052 2193 3106 esset,
2233 3043 2358 3097 cibo

2448 605 2638 650 σαντες
2669 591 2747 651 είς
2794 590 3091 643 ἀνάστασιν
3143 589 3289 652 ζωῆς
3312 606 3324 622 ’
3366 591 3414 642 οί
3447 590 3503 641 δὲ
3538 590 3605 641 τά
3638 588 3815 654 φαῦλα
3866 591 4009 654 πρά-

2446 681 2633 744 ξαντες
2656 683 2735 743 εἰς
2763 681 3063 733 ἀνάστασιν
3090 681 3343 749 κρίσεως.
3385 698 3402 730 ι
3437 680 3575 747 Φησὶ
3596 679 3653 730 δὲ
3681 678 3773 731 καὶ
3803 679 3830 730 6
3860 678 4006 741 Ἰὼϐ,

2454 788 2471 820 ι
2518 771 2643 825 Ὀτι
2671 771 2701 822 6
2730 772 3012 842 λυτρωτής
3037 788 3138 840 μου
3169 770 3257 839 ζῇ,
3301 770 3393 822 καὶ
3415 770 3472 821 ὲν
3500 771 3565 838 τῇ
3599 768 3800 837 ἐσχάτῃ
3827 769 4009 837 ἡμέρᾳ

2445 862 2817 930 ἀναστήσομαι
2844 862 2909 913 ὲκ
2940 862 3037 929 τῆς
3062 860 3190 928 γῆς.
3224 861 3318 912 καὶ
3345 859 3507 912 πάλιν
3542 858 3905 933 περικαλύψει
3940 874 4007 924 με

2446 952 2506 1005 τδ
2523 953 2699 1021 δέρμα
2723 970 2844 1022 μου,
2875 954 2969 1005 καὶ
2989 955 3046 1004 ἐν
3063 955 3127 1021 τῇ
3155 951 3316 1022 σαρκί
3343 967 3442 1019 μου
3460 950 3664 1019 ὖψομαι
3693 950 3783 1001 τὸν
3813 949 4004 1003 Θεόν.»

2448 1044 2555 1096 Καὶ
2590 1047 2616 1096 6
2642 1044 2782 1106 θετος
2806 1044 2993 1105 Δσόὶδ,
3033 1061 3051 1093 ι
3095 1042 3432 1104 ’Λντανελεῐς
3470 1044 3531 1094 τὸ
3557 1041 3775 1108 πνεῦμα
3805 1040 4008 1103 αὐτῶν,

2449 1135 2544 1187 καὶ
2572 1134 2907 1206 ἐκλείψουσι,
2934 1134 3029 1186 καὶ
3062 1135 3141 1195 είς
3171 1134 3264 1186 τὸν
3292 1133 3419 1203 χοῦν
3448 1132 3625 1185 αὐτῶν
3652 1131 4013 1200 ἐπιστρέψον-

2453 1242 2555 1278 σιν.
2600 1242 2618 1274 ι
2665 1224 2797 1276 Ἰδοὺ
2847 1224 2976 1293 περὶ
3012 1223 3281 1292 σωμάτων
3330 1223 3360 1273 6
3407 1223 3587 1289 λόγος.
3625 1218 3757 1274 Εἶτα
3790 1222 4008 1288 ἐπάγει,

2458 1334 2475 1365 ι
2531 1314 2938 1378 Ἑξαποστελεῖς
2965 1315 3027 1385 τὸ
3061 1314 3285 1382 Πνεῦμά
3310 1330 3431 1377 σου,
3474 1315 3569 1365 καὶ
3604 1312 4010 1381 κτισθήσονται.

2452 1404 2544 1454 καὶ
2598 1405 2912 1465 ἀνακαινεῖς
2960 1403 3021 1456 τὸ
3074 1402 3366 1472 πρόσωπον
3417 1403 3519 1470 τῆς
3571 1404 3698 1470 γῆς.
3754 1421 3772 1453 ι
3832 1403 3943 1455 Καὶ
3987 1404 4015 1453 6

2454 1494 2701 1557 Ἡσαΐας.
2738 1513 2759 1546 ι
2832 1496 3239 1565 Αναστήσονται
3263 1497 3312 1547 οί
3345 1495 3547 1565 νεκροὶ,
3575 1499 3667 1547 καὶ
3692 1493 4015 1563 ἐγερθήσον-

2450 1600 2541 1637 ται
2559 1585 2609 1637 oi
2635 1586 2693 1637 ὲν
2713 1586 2829 1648 τοῖς
2859 1585 3165 1655 μνημείοις.
3203 1603 3222 1636 ι
3252 1586 3364 1637 Καὶ
3396 1585 3425 1642 6
3451 1582 4016 1653 μακάριοςΊεζεκιὴλ,

2459 1696 2477 1727 ι
2538 1673 2806 1743 Ἐγίνετο,
2856 1693 2875 1726 ι
2915 1675 3073 1744 φησὶ,
3103 1692 3122 1725 ι
3168 1677 3226 1728 ἐν
3267 1674 3347 1743 τῷ
3392 1691 3459 1743 με
3491 1674 3891 1743 προφητεῦσαι.
3920 1674 4019 1725 καὶ.

2459 1767 2567 1818 ἰδοὺ
2611 1766 2849 1835 σεισμὸς,
2884 1764 2976 1818 καὶ
3012 1766 3325 1834 προσήγαγε
3358 1763 3427 1816 τά
3456 1763 3590 1817 ὀστᾶ
3629 1763 3816 1815 ὀστέον
3878 1762 4017 1829 πρὸς

2456 1858 2662 1921 ὁστέον,
2688 1858 2925 1909 ἑκαστον
2958 1857 3093 1924 πρὸς
3124 1855 3224 1924 τὴν
3276 1854 3544 1924 ἁρμονίαν
3586 1852 3773 1907 αὐτοῦ.
3811 1852 3919 1905 Καὶ
3946 1848 4024 1903 εἷο

2456 1947 2565 2011 δον,
2600 1947 2693 1999 καὶ
2744 1947 2853 1999 [Eois
2916 1945 3207 2011 ἐπεγένετο
3243 1944 3425 2006 αὐτοῖς
3456 1943 3621 2013 νεῦρα
3670 1944 3765 1997 καὶ
3819 1944 4021 2010 σάρκες

2457 2038 2773 2105 ἀνεφύοντο,
2809 2038 2905 2090 καὶ
2951 2036 3237 2089 ἀνέϐαινον
3266 2036 3355 2088 ἐπ’
3384 2034 3527 2088 αὑτά
3550 2049 3567 2065 '
3601 2034 3693 2087 καὶ
3724 2034 4018 2103 περιετάθη

2458 2132 2542 2183 ἐπ’
2572 2132 2755 2192 αὐτοῖς
2789 2130 3038 2199 δέρματα
3075 2128 3374 2182 ὲπάνωθεν.
3418 2145 3438 2179 ι
3473 2122 3607 2180 Εἶτα
3634 2126 3877 2180 διδάσκει
3910 2124 4019 2178 ποῦ

2456 2219 3092 2290 κελευσθένταζὲπανῆλθε
3111 2220 3177 2273 τά
3195 2219 3501 2286 sti/editura.“
3520 2221 3616 2273 καὶ
3631 2218 3763 2272 ἄλλα
3781 2218 3835 2269 δὲ
3854 2218 4025 2269 πολλὰ

2454 2311 2739 2381 τοιαῦταή
2777 2312 2897 2366 θεία
2924 2312 2962 2363 Γ
2968 2311 3115 2380 ραφὴ
3161 2312 3289 2380 περὶ
3319 2310 3419 2378 τῆς
3448 2309 3746 2378 μελλούσης
3786 2306 4025 2361 ἀναστά-

2459 2422 2597 2468 σεως
2624 2406 2755 2474 ἡμῖν
2779 2404 3171 2471 παραδίδωσιν.
3210 2401 3302 2467 Ἐξ
3328 2396 3403 2456 ὧν
3449 2401 3606 2469 δῆλον
3644 2402 3724 2453 ὅτι
3754 2401 3821 2453 τὰ
3852 2401 4024 2467 νεκρά

2457 2498 2841 2568 ἐγερθήσονται
2883 2496 3128 2566 σώματα,
3186 2498 3279 2549 καὶ
3325 2498 3390 2567 τῇ
3424 2496 3638 2564 ἀπείρῳ
3666 2494 3896 2561 δυνάμει
3924 2492 4021 2544 τιιῦ

2457 2589 2593 2642 Θεοῦ
2625 2589 2780 2642 οὐδὲν
2804 2589 3067 2642 ἀδύνατον
3093 2590 3266 2642 ἔσται.
3651 2622 3654 2625 ~

2540 2683 2698 2738 Ἐπεὶ
2726 2684 2907 2736 τοίνυν
2928 2682 2988 2734 οὺ
3021 2682 3181 2751 μόνον
3205 2682 3316 2742 τοῖς
3346 2679 3607 2741 τοιούτοις
3631 2678 3809 2744 λόγοις
3831 2679 3863 2745 ἡ
3889 2678 4022 2729 ἀνί-

2460 2787 2646 2832 στασις
2689 2768 3024 2838 βεϐαιοῦται,
3077 2768 3211 2821 ἀλλά
3258 2768 3353 2819 καὶ
3401 2766 3560 2828 αὐτὸς
3601 2767 3629 2818 6
3680 2766 3910 2834 Χριστὸς
3958 2768 4024 2817 ὲκ

2458 2858 2664 2926 νεκρῶν
2688 2858 2908 2925 ἀνέστη,
2943 2856 3083 2908 ὥστε
3130 2856 3222 2907 καὶ
3269 2853 3528 2922 θεαθῆναι
3563 2856 3659 2904 καὶ
3690 2850 4022 2920 ψηλαφηθῆ-

2458 2968 2546 3002 ναι
2575 2949 2668 3001 καὶ
2697 2952 2912 3017 φαγεῖν,
2941 2949 3078 3017 ὅπερ
3124 2947 3225 2999 οὐκ
3272 2942 3340 3015 ἧν
3392 2944 3534 2997 κατά
3564 2942 3791 3012 φυσικὸν
3822 2942 3979 3009 λόγον
4004 2957 4022 2976 ο

2457 3042 2576 3093 οὐδὲ
2624 3040 2732 3109 γάρ
2780 3040 2916 3108 μετά
2960 3040 3061 3106 τὴν
3096 3039 3394 3091 ἀνάστασιν
3428 3037 3634 3105 τροφῆς
3666 3036 3858 3101 ἐδεῖτο,
3888 3034 4025 3087 ἀλλά

795 3125 1085 3193 indigebat,
1124 3128 1214 3180 sed
1244 3129 1309 3180 ad
1360 3129 1708 3183 astruendam
1743 3133 2219 3197 resurrectionem,
2247 3135 2358 3189 s‘e-
2386 3126 2429 3182 C
2462 3131 2544 3182 διὰ

2279 3135 2358 3189 τε·
2386 3126 2429 3182 C
2462 3131 2550 3182 διὰ
2578 3130 2677 3199 τὴν
2692 3130 2791 3199 τῆς
2812 3128 3161 3191 ἀναστάσεως
3186 3128 3452 3181 πίστωσιν
3475 3143 3490 3158 ’
3516 3125 3665 3179 ὥσπε
3676 3142 3707 3194 ρ
3728 3125 3838 3178 οὐδ’
3864 3128 4026 3195 ἡμεῖς

792 3225 849 3267 ut
888 3230 1060 3281 neque
1084 3231 1181 3269 nos
1214 3218 1563 3273 comedean
1595 3228 1690 3272 aut
1740 3220 1989 3276 bibemus
2012 3233 2133 3289 post
2168 3239 2357 3278 resur-

794 3304 1112 3366 rectionem,
1163 3306 1255 3360 sed
1298 3306 1520 3360 subtilia
1570 3307 1815 3377 nullique
1866 3308 2074 3363 laasioni
2122 3313 2358 3367 obnoxia

793 3407 845 3447 et
896 3395 1324 3463 incm'rttpliltilia
1374 3410 1604 3463 corpora
1658 3407 1842 3473 nostra
1871 3389 2223 3465 recipiemus:
2262 3418 2361 3455 eu-

789 3485 1028 3554 jusmodi
1080 3488 1444 3542 eratdiomini
1483 3504 1683 3559 corpus
1717 3490 1899 3559 januis
1928 3492 2127 3546 clausis
2158 3494 2365 3562 ingres-

794 3592 915 3629 sum
946 3577 987 3630 ³.
1026 3576 1131 3632 Sed
1162 3587 1216 3632 et
1269 3578 1530 3632 Lazarum
1583 3580 2003 3647 qnatriduanum
2049 3581 2161 3648 jam
2220 3598 2365 3636 mor-

797 3682 945 3721 tuum
976 3668 1328 3732 suscitavit‘,
1362 3678 1419 3724 ut
1446 3686 1556 3723 suae
1594 3671 1871 3739 specimen
1913 3672 2131 3726 deitatis
2155 3673 2361 3735 ederet,

795 3777 1013 3830 suaeque
1054 3777 1118 3818 ac
1170 3773 1369 3817 nostrae
1419 3763 1575 3816 ﬁdem
1628 3772 1900 3817 a~trueret
1949 3766 2361 3821 resurrectioni.

798 3856 1113 3925 Smpiusque
1152 3871 1181 3909 a
1217 3856 1539 3911 necessariis
1591 3856 1847 3925 notisque
1879 3858 2134 3911 omnibus
2191 3859 2361 3923 visus,

798 3949 1016 4021 agnitus
1046 3956 1129 4003 est
1162 3957 1322 4017 atque
1343 3946 1587 4003 creditus
1613 3965 1628 3993 ε
1658 3948 1803 4015 quod
1827 3963 1958 4001 sane
1989 3963 2094 4001 non
2146 3948 2364 4012 fuisset,

798 4029 897 4093 nisi
935 4039 1294 4108 proprietates
1322 4039 1438 4110 ejus
1493 4038 1849 4109 insignientes
1888 4054 2178 4109 personam
2215 4042 2266 4095 in
2297 4057 2363 4095 eo

797 4129 1021 4183 fuissent
1056 4128 1373 4183 incolumes.

867 4221 996 4276 Cum
1031 4222 1145 4277 bzec
1176 4237 1305 4291 ergo
1329 4222 1381 4274 in
1419 4222 1560 4275 hunc
1581 4221 1796 4274 modum
1823 4237 1882 4275 se
1909 4221 2160 4285 habeant,
2193 4239 2368 4293 opera:

796 4314 1029 4382 pretium
1078 4324 1162 4367 est
1214 4322 1272 4367 ut
1319 4313 1549 4367 ﬁrmiter
1616 4312 1903 4367 credamus
1956 4314 2371 4370 resurrectionis

799 4406 1146 4475 mysterium,
1214 4405 1411 4459 divinis
1439 4404 1595 4458 nobis
1671 4404 1951 4459 miraculis
2024 4407 2295 4474 proditum
2350 4425 2363 4461 :

797 4512 959 4557 quam
990 4510 1018 4549 a
1037 4495 1163 4559 Deo,
1191 4496 1385 4565 agnitm
1412 4495 1651 4549 veritatis
1673 4495 1913 4564 praemio,
1941 4511 2343 4566 consequemur

800 4588 931 4641 Nam
992 4604 1167 4655 neque
1234 4587 1486 4642 Christus
1545 4586 1932 4657 Primogem’tus
1987 4591 2364 4642 mortuorum'

797 4680 1030 4740 audiret,
1069 4680 1173 4732 nisi
1208 4689 1265 4733 ct
1290 4679 1366 4733 illi
1399 4679 1627 4734 comites
1657 4689 2043 4747 sequerentur.
2109 4679 2224 4733 Erit
2258 4681 2363 4734 ita-

799 4783 906 4839 que
966 4772 1082 4826 dies
1141 4786 1333 4840 magna
1369 4781 1421 4824 et
1460 4772 1714 4833 illustris,
1746 4773 1800 4826 in
1833 4786 1939 4841 qua
1966 4772 2085 4826 Filii
2126 4774 2363 4827 hominis

799 4864 1069 4917 adventus
1118 4863 1225 4917 erit
1270 4879 1395 4917 cum
1431 4863 1730 4933 majestate,
1770 4865 1839 4918 de
1870 4879 1979 4932 quo
2014 4863 2199 4917 Daniel
2244 4880 2366 4932 pro-

801 4958 963 5024 pheta
995 4956 1183 5010 scribit
1226 4974 1239 5010 :
1289 4974 1307 5007 ι
1354 4956 1701 5025 Aspiciebam
1734 4956 1785 5007 in
1842 4955 2049 5010 visione
2086 4955 2282 5018 noctis,
2318 4966 2371 5009 et

803 5060 1092 5104 cececum
1126 5040 1366 5103 nubibus
1394 5050 1517 5104 εαξιὶ
1561 5052 1716 5119 quasi
1772 5048 1941 5104 Filius
1988 5051 2231 5104 hominis
2281 5065 2373 5103 ve-

810 5144 962 5197 niens
990 5151 1090 5211 ;,et
1124 5156 1293 5211 usque
1314 5142 1380 5195 ad
1424 5143 1719 5211 Autiqunm
1762 5141 1971 5195 dierum
2022 5143 2287 5207 pervenit,
2320 5152 2374 5197 et

730 5270 741 5277 -
807 5233 1023 5287 oblatus
1046 5242 1130 5286 est
1162 5234 1210 5287 ei
1230 5250 1242 5286 :
1266 5242 1322 5287 et
1352 5232 1509 5286 datus
1539 5241 1624 5286 est
1679 5232 1782 5301 ipsi
1827 5232 2166 5300 principatus
2195 5241 2249 5286 et
2277 5233 2389 5287 ho-'

2464 3223 2600 3290 μετά
2631 3221 2731 3290 τὴν
2763 3220 3060 3273 ἀνάστασιν
3095 3219 3379 3288 φαγόμεθα
3414 3217 3446 3285 ἢ
3482 3216 3740 3285 πιόμεθα·
3773 3216 3943 3268 λεπτὰ
3973 3216 4030 3269 δὲ

2464 3313 2557 3363 καὶ
2588 3310 2776 3378 ἀπαθῆ
2804 3310 2874 3362 τά
2904 3310 3133 3376 σώματα
3184 3308 3340 3378 ἡμῶν
3383 3308 3767 3377 ἀναληψόμεθα
3827 3307 3923 3359 καὶ
3966 3307 4029 3361 ἀι

2462 3400 2695 3470 φθαρτα,
2724 3399 2972 3469 καθάπερ
2992 3396 3060 3468 ἦν
3074 3400 3134 3451 τὸ
3153 3399 3246 3452 τοῦ
3266 3400 3469 3468 Κυρίου
3498 3400 3676 3467 σῶμα,
3705 3398 4031 3467 κεκλεισμέ-

2464 3512 2570 3548 νων
2600 3495 2708 3547 τῶν
2753 3493 2934 3563 θυρῶν
2975 3492 3235 3547 είσελθόν.
3280 3494 3355 3546 Οὐ
3387 3493 3494 3562 μὴν
3523 3493 3656 3545 ἀλλά
3692 3492 3784 3545 καὶ
3809 3493 3901 3545 τὸν
3928 3492 4035 3545 Δά·

2464 3586 2627 3653 ζαρον
2664 3583 2859 3652 ve;pr
2893 3584 3268 3652 τετραήμερον
3316 3586 3585 3650 γεγονότα
3637 3583 3921 3650 ἐξήγειρεν
3954 3585 4033 3644 εἰς

2468 3674 2693 3737 ἔνδειξιν
2724 3673 2820 3741 τῆς
2852 3673 3061 3733 οίκείας
3089 3671 3341 3741 θεότητος
3379 3674 3473 3724 καὶ
3510 3672 3774 3723 πίστωσιν
3805 3672 3902 3737 τῆς
3933 3674 4033 3725 αὒ-

2466 3765 2561 3819 τοῦ
2592 3769 2687 3819 καὶ
2718 3765 2876 3834 ἡμῶν
2926 3764 3275 3824 ἀναστάσεως
3298 3777 3313 3792 ο
3368 3763 3556 3824 ὅςκαὶ
3590 3761 3853 3823 πολλάκις
3884 3763 4036 3827 παρά

2469 3858 2690 3911 πάντων
2738 3857 2847 3909 τῶν
2895 3854 3111 3907 οἰκείων
3141 3871 3199 3905 τε
3249 3855 3340 3905 καί
3392 3855 3695 3921 γνωρῖμων
3727 3853 4035 3922 ἐγνωρίσθη

2471 3949 2565 4001 καὶ
2592 3945 2911 4014 ἐπιστεύθη,
2939 3948 3074 4014 ὅπερ
3105 3946 3203 3998 οὐκ
3242 3945 3305 3997 ἂν
3328 3941 3416 4015 ἦν,
3448 3946 3521 4011 μὴ
3558 3945 3668 3995 τῶν
3697 3962 4039 4015 χαρακτηρι-

2472 4039 2675 4092 στικῶν
2696 4038 3001 4106 ἰδιωμάτων
3022 4038 3117 4107 τῆς
3141 4038 3489 4098 ὑποστάσεως
3517 4038 3722 4104 ταύτην
3746 4038 4037 4091 συνίστων-

2470 4150 2601 4185 των.

2557 4224 2711 4278 Ἐπεὶ
2753 4224 2929 4279 ταῦτα
2958 4224 3129 4286 οὕτως
3169 4224 3303 4293 ἔχει,
3334 4221 3621 4290 ὀφείλομεν
3665 4220 3893 4287 βεϐαίως
3947 4239 4042 4274 πι-

2477 4314 2693 4369 στεύειν
2726 4315 2788 4368 τδ
2810 4316 2906 4384 τῆς
2935 4314 3281 4375 ἀναστάσεως
3317 4315 3615 4381 μυστήριον
3639 4312 3743 4364 ὑπὸ
3763 4313 3859 4379 τῆς
3892 4311 4041 4372 θείας

2477 4406 2700 4476 ι’ραφῆς
2734 4404 3158 4475 κηρυττόμενον,
3192 4406 3289 4472 τῆς
3323 4406 3387 4455 ὲκ
3432 4404 3567 4455 Θεοῦ
3613 4404 3744 4469 ἡμῖν
3794 4401 4042 4470 δοθείσης

2470 4498 2558 4552 διὰ
2586 4499 2685 4569 τὴν
2717 4498 2816 4565 τῆς
2841 4497 3101 4565 ἀληθείας
3132 4497 3446 4560 ἐπίγνωσιν.
3478 4494 3553 4547 Ού
3584 4492 3690 4562 γάρ
3723 4494 3787 4547 ἂν
3815 4512 3831 4543 ι
3882 4493 4044 4559 Πρω-

2471 4589 2692 4651 τότοκος
2720 4588 2827 4640 τῶν
2856 4587 3067 4655 νεκρῶν
3116 4604 3133 4635 ι
3168 4587 3196 4637 ό
3225 4586 3453 4654 Χριστὸς
3483 4586 3701 4650 ἐλέγετο
3734 4582 4042 4651 γεγονέναι,

2476 4678 2550 4747 μὴ
2593 4677 2887 4730 κάκείνων.
2923 4676 3329 4742 συνεπομένων.
3384 4677 3578 4728 Ἔςται
3629 4677 3811 4725 τοίνυν
3861 4675 4043 4740 ἡμέρα

2477 4771 2686 4840 μεγάλη
2718 4771 2816 4825 καὶ
2844 4768 3133 4837 ἐπιφανὴς,
3162 4767 3284 4820 καθ’
3317 4766 3387 4836 ἢν
3416 4768 3555 4835 μετά
3585 4764 3741 4832 δόξης
3771 4763 4042 4833 παρουσία

2472 4861 2567 4912 τοῦ
2600 4860 2730 4912 Υίοῦ
2768 4858 2864 4911 τοῦ
2891 4858 3177 4926 ἀνθρώπου
3218 4861 3527 4927 γενήσεται,
3559 4858 3685 4924 περὶ
3727 4852 3793 4925 ἧς
3845 4853 4043 4921 Δανιὴλ

2468 4953 2496 5005 6
2545 4952 2828 5022 προφήτης
2862 4950 3084 5019 γράφει·
3127 4968 3146 4999 ι
3206 4949 3507 5017 Ἐθεώρουν
3556 4949 3613 4999 ὲν
3663 4948 3899 5016 ὁράματι
3946 4944 4043 5013 τῆς

2470 5044 2684 5107 νυκτὸς,
2717 5045 2805 5094 xci
2839 5042 2947 5095 ίδοὺ
2974 5041 3110 5110 μετά
3140 5039 3249 5093 τῶν
3290 5040 3530 5106 νεφελῶν
3565 5039 3658 5092 τοῦ
3692 5038 3943 5106 οὐρανοῦ,
3968 5038 4044 5098 ὡς

2472 5138 2599 5199 Υίὸς
2626 5135 2914 5205 ἀνθρώπου
2946 5136 3263 5203 ερχόμενος,
3295 5133 3389 5185 καὶ
3413 5131 3516 5193 ἕως
3546 5132 3639 5183 τοῦ
3670 5129 3904 5182 Παλαιοῦ
3934 5129 4044 5179 τῶν

2474 5228 2696 5300 ἡμερῶν
2751 5226 2976 5297 ἔφθασε,
3032 5228 3128 5279 καὶ
3180 5223 3526 5295 προσηνέχθη
3582 5223 3730 5291 αὐτῷ
3763 5224 3920 5290 (80)·
3951 5223 4045 5272 καὶ

876 5399 919 5429 ⁸⁷
948 5368 1102 5451 Joan.
1133 5412 1183 5453 ν.
1223 5396 1314 5450 28.
1384 5395 1435 5449 .”
1466 5394 1563 5448 Job
1590 5411 1700 5455 xix,
1723 5396 1812 5448 25.
1888 5394 1932 5426 "
1955 5392 2095 5449 Psal.
2131 5394 2347 5459 cut,29.
2426 5392 2569 5451 'lsa.
2600 5408 2748 5455 nvi,
2789 5390 2870 5447 19.
2950 5390 2968 5419 ‘
2999 5388 3191 5442 Ezccb.
3232 5402 3424 5451 χχχιιι,
3463 5384 3513 5438 7.
3593 5384 3611 5416 ³
3640 5381 3799 5437 Joan.
3830 5396 3923 5445 xx,
3959 5381 4044 5436 l0.

803 5467 823 5497 ‘
854 5467 1037 5532 Joan.,
1081 5484 1155 5530 xi,
1183 5468 1266 5521 H.
1343 5468 1363 5498 ⁸
1400 5468 1613 5520 Coloss.
1642 5483 1679 5529 ι,
1706 5466 1804 5531 ίδς
1840 5466 2010 5533 Apoc.
2050 5479 2085 5528 ι,
2119 5463 2173 5517 5.

878 5635 1131 5704 (80).Kui
1179 5634 1563 5704 προιζηνέχθη
1604 5632 1783 5697 αὐτῷ.
1819 5632 2044 5689 Oblatas
2074 5644 2149 5688 est
2181 5634 2252 5698 ei,
2280 5650 2373 5687 seu

2483 5632 2721 5686 nobilius
2772 5633 2838 5683 ad
2891 5629 3111 5684 Scholia
3164 5629 3410 5683 Romana
3476 5624 3617 5679 istud
3677 5622 3983 5692 adjunxerit
4033 5641 4043 5675 :

809 5692 1089 5771 (uiuidus;
1127 5692 1270 5774 quod
1298 5692 1632 5759 ei'GrTet'aitt
1660 5692 1844 5757 vocem
1875 5708 2079 5769 optime
2122 5692 2377 5772 exprimit
2483 5702 2867 5774 Corrigendum
2907 5700 3177 5774 irritostru
3221 5694 3521 5774 προσήχθη.
3580 5692 3692 5774 Non
3721 5693 3879 5774 enim
3924 5706 4049 5772 cor-

812 5784 1072 5843 l‘t‘T‘Dn,
1132 5779 1551 5847 appropinqtta'e
1607 5776 1857 5845 fecerunt.
1911 5774 2018 5830 Nec
2074 5775 2229 5829 video
2278 5791 2375 5831 cur

2482 5762 2688 5843 t'igcndi
2726 5772 2898 5837 locus,
2929 5771 3031 5825 nisi
3066 5770 3154 5823 ubi
3191 5762 3467 5829 tuendum,
3498 5782 3602 5819 non
3643 5765 3732 5819 ubi
3764 5762 3887 5828 alia,
3923 5762 4039 5833 ipsa
