4428 6444
758 405 869 470 639

2017 397 2408 458 MANUELIS
2444 394 2748 455 CALECAE

3886 374 3991 448 640

762 531 952 582 nempe.
1014 517 1114 570 hoc
1158 518 1339 572 volens
1393 517 1532 585 fore,
1593 528 1652 572 ut
1705 526 1760 572 ct
1810 517 2016 584 reliqua
2077 522 2324 567 creatura
2357 513 2400 568 Α
2431 509 2511 560 αὐπ

2242 524 2324 564 ira
2357 513 2400 568 Α
2431 506 2620 564 αὑτοῦ.
2651 508 2771 558 Ἔτι
2810 505 2867 557 δὲ
2891 505 2984 558 καὶ
3018 505 3191 574 αὐτὴν
3221 503 3318 574 τὴν
3359 503 3521 570 φύσιν
3563 499 3991 568 ἐλευθερωθήσε-

761 605 1095 672 Splendidior
1152 609 1242 660 sit.
1293 608 1500 661 Etenim
1561 620 1620 662 ut
1687 617 2001 662 sanctorum
2055 605 2325 674 quispiam

762 695 877 746 ait:
925 713 942 744 ι
975 698 1446 760 Quemadmodum
1484 699 1536 750 in
1590 699 1762 752 nostri
1815 697 2040 766 gratiam
2085 697 2327 762 subjecta

762 783 864 838 fuit
906 789 1264 854 corruptioni,
1332 792 1411 843 sic
1455 806 1558 844 una
1615 790 1735 845 Iesti
1801 790 2070 856 particeps
2127 787 2225 839 erit
2266 801 2330 840 ac

764 874 1021 941 triump‘ii
1069 892 1166 942 pro
1218 879 1446 932 victoria
1496 880 1800 939 hominum,
1867 879 2095 946 ejusque
2127 875 2331 930 laboris

763 966 1065 1019 mercedem
1115 970 1358 1034 recipiet,
1399 984 1508 1037 quo
1539 970 1786 1032 servivit,
1815 970 1866 1022 in
1901 970 2000 1022 hoc
2037 967 2330 1022 confercns

765 1064 822 1106 nt
851 1055 1004 1109 electi
1032 1070 1499 1124 ῃιοιτρειτιιιιιιιι.ι
1547 1079 1565 1109 ι
1596 1061 1804 1113 Idcirco
1833 1059 1997 1112 etiam
2035 1060 2108 1112 ait
2141 1060 2327 1120 Isaias,

767 1143 899 1197 solis
964 1150 1137 1198 lucem
1190 1151 1597 1216 septemplieins
1648 1149 1761 1203 lore
1797 1167 1812 1203 :
1854 1151 2145 1218 lunamque
2183 1150 2331 1214 quali

767 1250 911 1287 nunc
978 1237 1060 1288 ενι
1131 1238 1338 1306 fulgore
1424 1244 1744 1295 micaturam
1812 1260 1825 1295 :
1895 1241 2010 1294 lore
2096 1240 2332 1309 denique

767 1344 958 1380 novam
995 1339 1189 1384 terram
1222 1347 1283 1384 ae
1320 1334 1517 1386 cadum
1559 1335 1830 1386 novum".

840 1637 992 1690 Tum
1053 1641 1409 1708 apostolicum
1469 1644 1600 1699 illud
1668 1647 2022 1714 implebitur;
2097 1666 2115 1698 ι
2197 1647 2333 1703 Cum

768 1727 1052 1781 tradiderit
1092 1745 1314 1798 regnum
1375 1732 1483 1785 Deo
1507 1743 1561 1786 ct
1597 1733 1761 1797 Patri,
1816 1746 1944 1790 tunc
1973 1747 2026 1789 et
2057 1737 2166 1804 ipse
2205 1738 2335 1792 sub-

2433 597 2557 649 σοαί
2607 614 2772 665 φησιν
2831 597 2939 648 ἀπὸ
2996 597 3089 664 τῆς
3125 596 3369 656 δουλείας
3401 595 3499 660 τῆς
3543 592 3749 660 φθορᾶς
3773 593 3852 649 είς
3889 591 3991 645 τὴν

2431 685 2591 748 δάξκν
2624 687 2723 753 τῆς
2755 686 3069 756 ἐλευθερίας
3105 687 3211 738 τῶν
3254 687 3456 737 τέκνω-ί
3492 683 3583 735 τοῦ
3609 682 3746 734 Θεοῦ
3772 698 3786 713 ο
3814 679 3989 748 δηλῶν

2429 775 2511 827 ἔτι
2544 778 2637 829 καὶ
2669 778 2702 844 ἡ
2734 777 2868 844 ἄλλη
2910 777 3086 836 κτίσις
3121 777 3481 845 λαμπροτέρα
3512 775 3684 826 ἔσται.
3721 774 3830 824 Καὶ
3860 771 3992 837 γὰρ,

2433 866 2574 920 καθά
2615 867 2746 934 φησί
2778 882 2863 925 τις
2894 867 3005 918 τῶν
3059 867 3251 933 ἁγίων,
3303 884 3320 916 ι
3365 866 3580 931 Ὠσπερ
3633 861 3880 926 ὑπετάγη
3924 863 3992 927 τῇ

2433 957 2606 1025 φθορᾷ
2627 956 2693 1008 δι’
2717 959 2885 1025 ἡμᾶς,
2913 958 3055 1009 οὕτω
3078 956 3554 1026 συμπανηγυρίσει
3579 955 3672 1005 καὶ
3702 951 3999 1018 συνθριαμ-

2433 1049 2618 1100 εεύσει
2652 1051 2742 1099 ἐπὶ
2767 1051 2833 1117 τῇ
2866 1048 2974 1100 τῶν
3018 1046 3320 1117 ἀνθρώπων
3343 1050 3490 1116 νίκῃ.
3528 1047 3624 1098 καὶ
3657 1044 3996 1110 ἀπολήψεται

2436 1142 2524 1193 τον
2558 1141 2747 1208 μισθὸν
2783 1139 2877 1192 τοῦ
2911 1144 3152 1207 καμάτου
3201 1139 3295 1206 τῆς
3347 1138 3646 1199 διακονίας,
3691 1136 3758 1205 ἢν
3785 1135 3999 1188 συνετέο

2433 1226 2624 1278 λευσεν
2663 1229 2741 1288 εἰς
2778 1227 2878 1295 τὴν
2905 1229 3118 1294 γένεσιν
3158 1227 3268 1279 τῶν
3300 1225 3593 1278 ῑκλεκτῶν.
3643 1243 3662 1276 ι
3715 1223 3806 1274 At);
3851 1224 3944 1275 καὶ
3969 1222 3999 1273 ό

2447 1318 2674 1378 Ἡσαΐας
2713 1317 2861 1384 λέγει
2897 1317 2991 1368 τοῦ
3029 1316 3178 1385 ἡλίου
3218 1315 3280 1367 τὸ
3318 1314 3434 1382 φῶς
3473 1313 3845 1366 ἑπταπλάσιον
3877 1311 4000 1362 Eae-

2438 1407 2580 1471 σθαι,
2609 1407 2705 1460 καὶ
2732 1407 2828 1471 τὴν
2863 1407 3094 1474 σελήνην
3121 1405 3358 1473 λάμψειν
3389 1407 3465 1466 ὼς
3500 1403 3594 1455 νῦν
3622 1406 3648 1455 ὁ
3674 1403 3824 1472 ἥλιος
3849 1417 3864 1431 ·
3908 1400 4002 1452 καὶ

2438 1497 2631 1564 καινὴν
2660 1496 2882 1548 ἔσεσθαι
2924 1497 3045 1564 γῆν,
3077 1495 3169 1547 καὶ
3201 1497 3387 1546 καινὴν
3421 1495 3671 1564 οὐρανόν.

2507 1630 2640 1683 Τότε
2660 1630 2719 1682 τὸ
2741 1630 3096 1683 άποστολικὸν
3116 1632 3290 1683 ἐκεῖνο
3311 1629 3751 1698 πληρωθήσεται,
3783 1643 3802 1675 ι
3833 1624 4000 1676 Ὅταν

2438 1722 2662 1793 παραδῷ
2696 1724 2791 1792 τὴν
2827 1721 3101 1790 βασιλεέαν
3139 1721 3215 1789 τῷ
3241 1720 3358 1789 Θεῷ
3401 1723 3493 1773 καὶ
3531 1721 3729 1788 Πατρὶ,
3761 1716 3881 1768 τότε
3910 1716 4004 1766 καὶ

761 1821 984 1888 jicietur
1009 1823 1080 1883 ei,
1120 1824 1208 1890 qui
1237 1825 1465 1893 subjecit
1498 1827 1570 1880 illi
1604 1829 1787 1882 omnia
1823 1831 1889 1883 ιο.
1919 1848 1938 1881 ι
1975 1828 2054 1882 Pii
2090 1831 2232 1884 enim
2270 1845 2334 1885 ac
2366 1825 2409 1884 Β
2440 1815 2506 1868 αὑ

2270 1845 2334 1885 ac
2366 1825 2409 1884 Β
2440 1814 2598 1876 αὑτὸς
2613 1815 3017 1883 ὑποταγήσεται
3040 1811 3115 1880 τῷ
3129 1813 3453 1878 ὑποτάξαντι
3475 1810 3623 1879 αὑτῷ
3643 1811 3708 1862 τὰ
3729 1810 3927 1862 πάντα.
3976 1824 3995 1855 ι

761 1915 919 1980 justi,
979 1917 1229 1981 ptmsenti
1304 1933 1417 1969 aevo
1451 1921 1516 1971 ad
1601 1918 1877 1974 Christum
1930 1917 2334 1987 attendentes,

770 2019 978 2071 proque
1010 2020 1072 2059 eo
1101 2023 1161 2060 ac
1187 2007 1271 2059 ille
1307 2009 1358 2059 in
1404 2011 1676 2064 mandatis
1727 2012 1896 2074 dedit,
1953 2012 2205 2065 \‘irltllem
2241 2028 2337 2066 co-

769 2094 962 2159 lentes,
1022 2112 1113 2164 per
1167 2099 1342 2166 ipsum
1392 2100 1692 2168 spi:italem
1753 2116 1906 2152 suam
1955 2101 2338 2155 administrant

768 2187 954 2246 vitam,
1003 2204 1122 2257 quae
1169 2191 1386 2258 quidem
1446 2207 1587 2245 nunc
1649 2192 1700 2244 in
1753 2193 1971 2246 Christo
2019 2193 2338 2248 abscondita

767 2288 850 2330 est
881 2281 944 2342 ",
981 2290 1166 2348 postea
1196 2298 1323 2335 vero
1351 2299 1456 2336 una
1482 2300 1604 2336 eum
1655 2285 1774 2350 ipso
1805 2294 1888 2339 est
1918 2258 2330 2340 manifestauda.

770 2367 975 2425 Idcirco
1040 2373 1203 2426 etiam
1274 2374 1349 2427 illi
1386 2375 1499 2444 ejus
1569 2377 1860 2431 lizercditas
1929 2385 2198 2431 vocantur
2276 2393 2340 2433 ac

764 2476 1019 2534 regnum,
1088 2478 1223 2529 quos
1270 2466 1525 2520 nimirum
1597 2476 1653 2522 ut
1702 2470 1890 2532 homo,
1963 2484 2058 2536 per
2113 2477 2338 2523 mortem

767 2564 920 2603 snazn
969 2567 1031 2604 ae
1081 2555 1402 2623 sanguinem
1436 2555 1544 2610 Deo
1587 2573 1649 2610 ac
1696 2559 1840 2612 Patri
1888 2559 2197 2614 adducit".
2243 2564 2341 2614 Per

768 2640 944 2708 ipsum
981 2643 1125 2695 enim
1175 2659 1455 2700 accessum
1507 2649 1800 2703 habuimus
1847 2651 1912 2703 ad
1966 2650 2130 2705 Deum
2164 2661 2218 2705 et
2243 2650 2343 2706 Pa-

770 2740 930 2796 trem,
983 2734 1068 2786 cui
1101 2735 1282 2789 omnia
1324 2738 1555 2806 subjecit
1590 2755 1604 2803 ;
1639 2740 1704 2792 ad
1737 2741 1960 2808 luccque
1990 2743 2250 2811 scipsum,
2285 2751 2344 2796 ut

775 2843 795 2876 ι
837 2826 1254 2896 primogenitum
1289 2827 1338 2880 in
1377 2829 1560 2883 multis
1583 2829 1845 2884 fratribus
1869 2832 1914 2862 ’³
1955 2851 1972 2881 ι
2004 2832 2118 2886 ﬁeri
2151 2832 2344 2902 digna-

771 2927 906 2983 tum,
959 2927 1160 2974 nostra:
1223 2920 1418 2975 salutis
1466 2921 1776 2990 pontiﬁcem
1833 2923 2341 2993 etdispcnsatorem

769 3009 1041 3074 cﬂ'cctum,
1085 3022 1141 3065 ut
1176 3013 1454 3066 hominem
1498 3014 1734 3070 adducet
1773 3015 2029 3086 Patrique
2055 3018 2342 3086 subjicict;

769 3117 827 3159 ιιι
851 3115 1028 3160 autem
1059 3105 1221 3172 Deus,
1249 3107 1341 3177 qui
1369 3123 1493 3163 cum
1517 3107 1674 3164 Patre
1697 3119 1750 3165 ct
1783 3109 1984 3179 Spiritu
2011 3111 2100 3178 sit,
2124 3112 2342 3168 minime

770 3199 1143 3268 subjiricndus
1171 3215 1272 3255 est.
1299 3261 1310 3272 ,

842 3423 986 3477 Idem
1037 3427 1244 3493 itaque,
1295 3434 1354 3479 ut
1395 3427 1612 3496 quidem
1643 3427 1830 3491 homo,
1863 3426 2237 3496 subjiciendus
2264 3436 2348 3482 est

771 3517 921 3582 quod
943 3530 1164 3571 carnem
1193 3530 1431 3572 creatam
1465 3518 1858 3590 assumpserit;
1889 3528 1948 3573 ut
1969 3529 2146 3572 autem
2181 3518 2345 3585 Deus,

771 3607 996 3673 perinde
1033 3609 1137 3663 sibi
1184 3609 1464 3677 subjectos
1508 3612 1777 3677 subjiciet,
1819 3619 1877 3664 ut
1919 3613 2009 3676 qui
2043 3627 2186 3666 unus
2220 3627 2343 3664 cum

775 3699 933 3752 Patre
977 3715 1040 3753 ac
1087 3699 1286 3768 Spiritu
1337 3701 1478 3755 Deus
1529 3703 1618 3754 sit.
1649 3703 1861 3756 Idcirco
1887 3703 2048 3756 etiam
2085 3713 2144 3757 ut
2178 3702 2345 3769 Deus,

771 3810 894 3846 rum
927 3793 1085 3848 Patre
1120 3805 1174 3850 et
1225 3796 1458 3865 Spiritu,
1511 3798 1656 3852 velut
1695 3814 1834 3851 unus
1856 3797 2044 3866 judex,
2069 3797 2346 3865 judicatu-

773 3903 867 3941 ins
895 3897 977 3941 est
1021 3907 1033 3942 :
1077 3897 1132 3940 ut
1157 3904 1283 3940 vero
1337 3890 1517 3951 homo,
1575 3890 1726 3944 solus
1764 3889 1880 3958 ipse
1919 3889 2086 3957 judex
2116 3891 2345 3946 sedebit.

775 3981 986 4034 iitcnim
1020 3997 1142 4036 Cllllt
1175 3983 1280 4036 illis
1314 3997 1436 4050 qua:
1477 3998 1678 4051 corpus
1730 3983 2058 4053 tnsigniunt,
2120 3983 2348 4053 ejusque

773 4077 1010 4145 propriis
1058 4076 1200 4130 notis
1254 4087 1517 4130 \cntnrus
1563 4085 1664 4140 est,
1717 4085 1774 4130 ut
1821 4086 1875 4130 et
1924 4075 2100 4130 Jndzni
2148 4076 2349 4132 intelli-

772 4179 920 4234 gant,
959 4169 1208 4223 eumdem
1264 4170 1440 4239 ipsum
1498 4186 1640 4235 esse,
1692 4171 1780 4238 qui
1816 4171 1884 4224 ab
1916 4171 2025 4226 illis
2050 4172 2101 4224 in
2129 4186 2348 4224 crucem

772 4270 929 4316 actus
967 4271 1083 4328 est;
1134 4263 1367 4332 imlequc
1414 4273 1739 4332 arguantur,
1781 4266 2076 4334 cunctique
2135 4265 2352 4320 videant

773 4355 1016 4410 inﬁdeles
1038 4370 1101 4410 ac
1125 4369 1603 4426 compungautur;
1638 4367 1906 4428 quotquot
1938 4358 2201 4412 nimirum
2227 4373 2344 4414 mvo

771 4451 878 4501 hoc
910 4447 1258 4516 pradicatuvn
1289 4449 1441 4501 illum
1472 4465 1579 4503 non
1609 4460 1952 4519 receperunt.
1983 4467 2081 4505 nec
2103 4451 2222 4520 ejus
2252 4451 2349 4504 do-

2439 1908 2499 1958 Οἱ
2529 1906 2634 1974 γάρ
2674 1904 2913 1966 εὑσεΰεῖς
2943 1907 3035 1958 καὶ
3058 1905 3254 1957 δίκαιοι
3288 1905 3427 1955 κατὰ
3457 1903 3515 1955 τδ
3547 1902 3719 1970 παρἰν
3749 1899 3883 1970 πρὸς
3912 1897 4003 1949 τόν

2439 1998 2671 2066 Χριστθεν
2722 1997 3152 2061 ἀποϐλέποντες,
3210 1996 3304 2048 καὶ
3349 1996 3449 2067 τὴν
3481 1993 3680 2062 ἀρετὴν
3730 1991 3870 2043 κατά
3903 1988 4003 2050 τὰς

2439 2087 2657 2148 ἐντολάς
2687 2086 2852 2139 αὑτοῦ
2905 2104 3031 2153 μετε
3045 2088 3320 2155 ρχῦμενοι,
3349 2084 3418 2136 δι’
3472 2083 3638 2136 αὑτοῦ
3671 2081 3769 2151 τὴν
3799 2077 4008 2133 ἑαυτῶν

2439 2182 2780 2252 οἱκονομοῦσι
2806 2182 3188 2251 πνευματικὴν
3213 2179 3379 2248 ζωήν
3408 2177 3506 2246 τὴν
3529 2176 3622 2227 νῦν
3653 2174 3752 2243 μὲν
3783 2176 3838 2226 ἒν
3859 2171 4008 2238 αὑτῷ

2440 2277 2517 2347 τῷ
2550 2277 2774 2346 Χριστῷ
2807 2272 3215 2344 κρυπτομένην,
3262 2270 3492 2338 ὓστερον
3523 2268 3578 2322 δὲ
3611 2265 3759 2336 αὑτῷ
3797 2281 4009 2334 συμφα-

2441 2369 2795 2438 νερουμὲνην.
2834 2367 2932 2419 Διὰ
2965 2365 3126 2418 τοῦτο
3158 2365 3252 2416 καὶ¹
3282 2363 3492 2416 ἐκείνου
3545 2357 3883 2429 κληρονομία
3915 2357 4010 2409 καὶ

2443 2457 2688 2528 βασιλεία
2718 2456 2968 2523 λέγονται
2997 2447 3144 2507 οὗτοι
3169 2470 3180 2482 ·
3217 2453 3312 2516 οὒς
3361 2452 3435 2514 ὡς
3483 2449 3770 2521 ἄνθρωπος
3794 2449 3883 2501 διὰ
3914 2447 4010 2499 τοῦ

2443 2551 2635 2604 ἑαυτοῦ
2669 2549 2902 2602 θανάτου
2933 2549 3029 2600 καὶ
3057 2547 3289 2614 αἵματος
3333 2544 3600 2612 προσάγει
3640 2542 3718 2610 τῷ
3746 2540 3865 2610 Θεῷ
3913 2542 4011 2593 καὶ

2444 2642 2636 2712 Πατρί.
2675 2640 2754 2694 Δι’
2784 2640 2950 2693 αὑτοῦ
2981 2639 3088 2709 γάρ
3114 2639 3249 2706 πρὸς
3274 2635 3366 2690 τὸν
3386 2637 3520 2689 Θεὸν
3549 2633 3644 2688 καὶ
3673 2633 3890 2702 Πατέρα
3911 2633 4012 2700 τὴν

2445 2732 2814 2803 προσαγωγὴν
2839 2732 3176 2801 ὲσχήκαμενσ
3199 2726 3257 2792 ὃς
3282 2727 3431 2794 αὑτῷ
3455 2727 3525 2780 τά
3549 2727 3730 2780 πάντα
3751 2724 4009 2787 ὑπέταξε·

2446 2832 2538 2883 καὶ
2569 2829 2650 2881 ἔτι
2698 2828 2916 2890 ἑαυτὸν,
2943 2827 3018 2889 ὡς
3077 2843 3096 2878 ι
3145 2825 3492 2896 πρωτότοκον
3522 2823 3580 2874 ὲν
3613 2820 3830 2882 πολλοῖς
3862 2818 4014 2872 ἀδελ-

2445 2923 2564 2988 φοῖς
2612 2939 2631 2971 ι
2663 2918 2925 2987 γενέσθαι
2975 2917 3416 2982 καταξιώσαντα,
3461 2916 3556 2968 καὶ
3605 2912 3866 2985 ἀρχιερέα
3919 2911 4016 2964 καὶ

2444 3011 2726 3080 οἰκονόμον
2757 3010 2854 3076 τῆς
2877 3009 3033 3079 ἡμῶν
3052 3008 3324 3078 σωτηρίας
3347 3006 3670 3075 γενόμενον,
3701 3004 3775 3066 ὡς
3804 3004 4016 3070 άνθρωυ

2450 3119 2550 3154 πον
2585 3100 2868 3172 προσάξει,
2899 3101 2994 3154 καὶ
3023 3100 3426 3169 ὑποταγήσεται
3479 3098 3559 3168 τῷ
3613 3095 3784 3164 Πατρί
3810 3111 3824 3125 ·
3857 3093 3929 3155 ὡς
3956 3092 4014 3145 δὲ

2448 3194 2578 3256 Θεὸς
2608 3194 2683 3246 ὢν
2725 3193 2865 3261 μετά
2901 3192 2995 3245 τοῦ
3031 3193 3244 3261 Πατρδς
3278 3192 3374 3244 καὶ
3392 3189 3486 3244 τοῦ
3540 3187 3878 3256 Πνεὺματοε,
3917 3187 4016 3254 οὑχ

2449 3287 2879 3355 ὑποταγήσεται.

2515 3423 2722 3474 Ὠστεὸ
2750 3421 2928 3484 αὑτδς,
2957 3419 3090 3472 καθὸ
3120 3418 3218 3488 μὲν
3242 3418 3552 3488 ἄνθρωπος,
3581 3416 4016 3484 ὑποταγήσεται,

2445 3516 2570 3569 ἐπεὶ
2605 3512 2830 3583 κτιστὴν
2897 3512 3231 3582 προσείληφε
3286 3513 3500 3580 σάρκαο
3557 3509 3690 3562 καθὸ
3751 3508 3807 3560 δὲ
3861 3506 4016 3567 Gelu,

2446 3609 2642 3678 ὲπίστις
2695 3608 2795 3675 τὴν
2845 3607 3128 3676 ὑποταγὴν
3153 3605 3332 3675 ἑαυτῷ
3371 3603 3646 3668 ὑποτάξει,
3671 3601 3747 3664 ὡς
3773 3595 3850 3662 εἷς
3887 3599 4018 3660 Θεῆς

2449 3698 2588 3767 μετὰ
2633 3696 2727 3749 τοῦ
2779 3695 2995 3765 ῐῐατρὸς
3045 3696 3142 3749 καὶ
3181 3695 3277 3748 τοῦ
3319 3694 3660 3762 Πνεύματος.
3714 3691 3812 3743 Διὰ
3860 3689 4018 3742 τοῦτο

2447 3791 2542 3842 καὶ
2570 3789 2646 3850 ὡς
2697 3788 2795 3857 μὲν
2840 3787 2976 3850 Θεὸς
3018 3786 3156 3857 μετὰ
3209 3785 3302 3838 τοῦ
3344 3784 3565 3854 Πατρδς
3594 3785 3775 3857 κρινεῖ
3798 3781 3889 3834 καὶ
3918 3781 4016 3833 τοῦ

2448 3878 2787 3948 Πνεὺματος,
2820 3877 2897 3941 ὡς
2935 3873 3015 3940 εἷς
3050 3878 3248 3948 κριτής
3273 3893 3287 3908 ·
3321 3877 3395 3939 ὡς
3423 3875 3480 3928 δὲ
3521 3873 3830 3944 ἄνθρωπος,
3856 3871 4019 3934 αὑτὸς

2452 3973 2638 4044 μόνος.
2692 3971 2805 4025 Καὶ
2856 3969 2965 4040 γὰρ
3023 3969 3163 4040 μετὰ
3201 3968 3310 4021 τῶν
3360 3965 3694 4037 σωματικῶν
3739 3963 4017 4017 ἐλεύσεται

2447 4064 2838 4136 χαρακτήρων,
2872 4063 2960 4116 ἵνα
2994 4063 3090 4116 καὶ
3113 4063 3160 4115 oi
3202 4061 3447 4114 Ἰουδαῖοι
3484 4061 3898 4128 κατανοήσωσιν
3919 4055 4022 4108 αὑ-

2449 4159 2539 4212 τὸν
2581 4159 2795 4210 ἐκεῖνον
2832 4150 2997 4219 εἶναι,
3024 4154 3116 4208 τὸν
3155 4152 3248 4206 ὑπ’
3279 4151 3465 4206 αὑτῶν
3521 4147 3903 4218 σταυρωθέντα
3944 4147 4023 4205 είς

2449 4250 2670 4320 ἔλεγχον
2707 4247 2911 4307 αὑτῶν.
2941 4247 3034 4300 καὶ
3089 4245 3292 4307 πάντες
3351 4245 3401 4296 oi
3443 4241 3663 4296 ἄπιστοι
3711 4238 4020 4292 θεάσωνται

2449 4342 2548 4396 καὶ
2579 4337 3076 4409 καταισχυνθῶσιν,
3111 4336 3162 4388 οῑ
3202 4351 3265 4404 γε
3299 4338 3358 4388 ὲν
3376 4333 3457 4402 τῷ
3480 4333 3710 4398 παρόντι
3737 4327 3894 4381 αίῶνι
3929 4343 4027 4394 κη-

2455 4431 2778 4501 ρυττόμενον
2826 4429 2927 4482 οὑκ
2985 4427 3255 4493 ἐδέξαντο,
3307 4425 3428 4478 οὑδὲ
3463 4423 3550 4476 διὰ
3605 4422 3703 4490 τῆς
3764 4418 4025 4472 διδασκα-

771 4540 946 4590 ctrina
980 4539 1230 4593 conversi
1270 4548 1428 4605 sunt;
1467 4540 1560 4594 sed
1592 4542 1644 4593 in
1677 4555 1782 4594 suo
1809 4554 1996 4594 errore
2036 4556 2348 4610 permanse-
2381 4501 2430 4560 θ
2456 4525 2520 4578 λί⁴

2277 4501 2348 4596 ᾖξε.
2381 4501 2430 4560 Ῑ)
2456 4525 2576 4588 λίας
2608 4523 2776 4578 αὑτοῦ
2815 4522 3268 4591 ἐπεστράφησαν,
3295 4517 3432 4571 ἀλλὰ
3464 4519 3530 4587 τῇ
3569 4513 3778 4566 ἑαυτῶν
3818 4509 4026 4578 ἐνέμει-

771 4638 919 4682 runt.
948 4629 1158 4682 Etenim
1193 4631 1259 4682 de
1311 4631 1401 4683 illo
1431 4645 1492 4682 ex
1531 4645 1594 4682 eo
1644 4631 1786 4699 quod
1817 4631 1978 4683 homo
2013 4632 2212 4684 dictum
2251 4629 2350 4682 Da-

774 4723 900 4776 uieli
941 4732 1026 4778 cst
1067 4741 1079 4777 :
1133 4743 1150 4774 ι
1201 4724 1438 4778 Etdatus
1485 4733 1570 4779 est
1610 4725 1656 4777 ei
1715 4723 2052 4793 principatus
2085 4731 2138 4775 et
2178 4723 2350 4778 lionor

770 4825 826 4869 ct
869 4831 1096 4887 regnum
1153 4816 1218 4870 "‘.
1288 4834 1306 4866 ι
1365 4817 1441 4870 Ac
1473 4830 1683 4879 rursus,
1733 4814 1879 4884 quod
1915 4815 2028 4883 ipse
2089 4813 2350 4868 Dominus

770 4909 892 4960 ait:
933 4927 950 4958 ι
989 4906 1150 4961 Pater
1215 4923 1322 4961 non
1366 4908 1574 4977 judicat
1616 4921 1984 4978 quemquam,
2042 4907 2136 4962 sed
2191 4920 2352 4962 onme

765 5001 1035 5071 judicium
1071 5001 1216 5055 dedit
1248 4999 1384 5054 Filio
1419 5001 1483 5053 ”.
1542 5020 1560 5051 ι
1599 5001 1754 5067 Quod
1787 5002 1962 5070 ipsum
1982 4999 2049 5054 de
2081 5000 2174 5054 illo
2202 4999 2352 5054 acci-

772 5096 942 5165 pitur,
995 5105 1267 5162 quatenus
1310 5095 1477 5147 ltomo
1524 5105 1627 5157 est,
1664 5097 1739 5147 uti
1764 5095 2000 5148 dicimus
2037 5109 2051 5146 :
2085 5093 2245 5148 divus
2275 5102 2357 5147 ta-

773 5202 896 5241 men
926 5186 1354 5256 Chrysostonlns
1387 5187 1436 5239 in
1475 5204 1573 5241 sua
1610 5187 1660 5240 in
1686 5184 1954 5241 Joannem
1981 5183 2349 5255 expositione,

728 5284 733 5289 ‘
771 5281 936 5332 etiam
967 5279 1033 5332 de
1067 5278 1250 5332 divina
1275 5279 1631 5346 generatione
1656 5279 2066 5346 interpretatur,
2100 5275 2292 5330 dicens
2335 5292 2351 5328 :

778 5391 799 5423 ι
841 5371 904 5426 Et
928 5371 1280 5440 utintelligas
1320 5372 1457 5425 hanc
1481 5370 1809 5441 particulam
1836 5369 2002 5432 dedit,
2029 5368 2172 5422 idem
2206 5367 2351 5436 quod

775 5464 1330 5535 genuit,signiﬁcare,
1376 5464 1502 5517 audi
1547 5479 1611 5518 ex
1647 5463 1757 5517 alio
1805 5462 1925 5517 loco
1961 5461 2200 5529 idipsum
2261 5459 2356 5512 de—

775 5560 1040 5613 claratum
1081 5577 1093 5612 :
1128 5557 1278 5613 Sicut
1303 5558 1442 5613 enim
1473 5557 1637 5612 Pater
1672 5557 1834 5611 vitam
1867 5555 2020 5610 habet
2065 5570 2118 5607 tu
2173 5561 2362 5608 οειιιει-

851 5778 891 5807 ιθ
949 5773 1049 5828 lsa.
1108 5787 1236 5833 xu,
1275 5770 1376 5827 26.
1409 5778 1608 5828 ctuv.
1661 5770 1741 5823 I7.
1820 5769 1863 5800 ²⁰
1901 5768 2062 5824 lCor.
2104 5780 2191 5828 xv,
2226 5763 2317 5818 2i.

782 5847 827 5878 “
858 5849 990 5903 Dan.
1047 5852 1162 5910 ru,”
1194 5843 1278 5898 Η.
1358 5843 1400 5872 ’⁸
1436 5839 1592 5898 Joan.
1625 5857 1674 5910 ν,
1705 5838 1793 5894 2‘2.

2397 5763 2440 5795 ³⁸
2499 5758 2713 5816 Coloss.
2771 5769 2853 5819 ιιι,
2879 5753 2931 5807 5.

2457 4636 2556 4672 ναν
2586 4614 2930 4688 πλάνῃ.,1ίαὶ
2953 4613 3060 4684 γάρ
3109 4610 3254 4664 κατὰ
3289 4610 3351 4663 τὸ
3389 4606 3732 4677 ἀνθρώπινον
3765 4601 3845 4669 τῷ
3894 4616 4029 4668 προ-

2458 4711 2602 4778 φήτῃ
2657 4706 2855 4777 Δανιὴλ
2912 4704 3151 4776 εἴρηται,
3201 4721 3219 4754 ι
3269 4702 3380 4756 Καὶ
3433 4697 3590 4766 ἐδόθη
3641 4693 3851 4763 αὑτῷή
3884 4690 4029 4760 ἀρχὴ

2457 4801 2554 4854 καὶ
2581 4802 2614 4870 ὴ
2652 4799 2786 4869 τιμὴ
2826 4800 2922 4852 καὶ
2955 4799 2987 4867 ἠ
3026 4794 3297 4863 βασιλεία.
3344 4812 3361 4844 ι
3393 4792 3506 4845 Καὶ
3547 4789 3729 4852 πάλιν,
3757 4788 3896 4855 ὅπερ
3933 4782 4036 4835 αὑ-

2457 4896 2548 4958 τὶις
2585 4895 2613 4947 ὁ
2651 4895 2854 4962 Κύριος
2884 4887 3058 4952 εἶπεν,
3097 4907 3115 4940 ι
3137 4887 3195 4940 '0
3230 4884 3416 4956 Πατὴρ
3447 4883 3625 4952 κρίνει
3651 4881 3865 4945 οὑδένα,
3894 4878 4035 4932 ἀλλὰ

2462 4989 2644 5042 πάσαν
2677 4985 2776 5056 τὴν
2808 4984 2991 5054 κρίσιν
3033 4981 3233 5035 δέδωκε
3263 4979 3339 5049 τῷ
3366 4977 3502 5046 Υἱῷ.
3549 4977 3651 5028 »Ὃ
3691 4973 4034 5043 λαμϐάνεται

2465 5081 2564 5152 μὲν
2603 5081 2694 5133 καὶ
2723 5077 2864 5130 κατὰ
2892 5077 2951 5132 τὸ
2975 5071 3306 5142 άθρὼπινον,
3334 5071 3408 5133 ὡς
3466 5070 3718 5137 λέγομεν·
3749 5069 3776 5119 ό
3806 5066 3862 5118 δὲ
3890 5065 4036 5128 θεῖος

2457 5172 2847 5245 Χρυσόστομος
2880 5169 2975 5224 καὶ
3013 5168 3106 5220 ἐπὶ
3147 5167 3246 5235 τῆς
3293 5164 3445 5226 θείας
3478 5163 3784 5230 γεννήσεως
3819 5157 4038 5229 ἐξηγεῖ-

2457 5285 2548 5322 ται
2589 5269 2648 5320 ὲν
2676 5265 2750 5335 τῷ
2786 5261 2931 5318 κατὰ
2980 5260 3260 5325 Ἰωάννην,
3288 5257 3488 5324 λέγων,
3522 5270 3541 5304 ι
3592 5253 3701 5304 Καὶ
3737 5247 4037 5319 ἴνα-μάθῃς

2459 5363 2542 5416 ὃτι
2581 5360 2640 5414 τὸ
2673 5357 2857 5411 ἔδωκε
2887 5355 3007 5409 ἀντὶ
3028 5353 3123 5405 τοῦ
3153 5347 3492 5419 ἐγέννησέν
3517 5348 3689 5403 ἐστιν.
3716 5345 3951 5398 ἄκουσον
3977 5339 4039 5407 ἐξ

2461 5454 2649 5525 ἐτέρου
2676 5450 2833 5504 τοῦτο
2863 5448 2995 5500 αὑτδ
3022 5445 3372 5514 δηλούμενον
3410 5458 3428 5492 ι
3466 5439 3691 5504 Ὠσπερ
3731 5437 3841 5503 γὰρ
3867 5435 3898 5486 ὀ
3926 5436 4042 5525 Ha:

2463 5523 2575 5616 τὶιρ
2602 5544 2727 5614 ἔχει
2750 5541 2904 5610 ζωὴν
2952 5540 3023 5594 ὲν
3055 5535 3250 5601 ἑαυτῷ
3274 5579 3288 5602 ,
3339 5532 3536 5600 οὕτως
3585 5530 3774 5586 ἔδωκε
3808 5526 3907 5580 καί
3959 5523 4042 5590 τῷ

3013 5751 3057 5782 ³³
3095 5746 3254 5803 Rom.
3287 5762 3340 5813 ν,
3370 5744 3405 5798 9.
3503 5743 3550 5776 ”
3598 5739 3759 5797 Rom.
3786 5753 3903 5806 ιίιι,
3946 5737 4037 5797 ‘29.
