4428 6444
764 403 861 466 65f

2000 411 2391 471 MANUELIS
2430 414 2733 474 CALEC/E

3909 403 4017 487 οδε
4057 489 4061 493 .

764 519 973 571 derium
1009 533 1168 572 omne
1197 529 1247 570 et
1296 533 1420 585 spes
1478 517 1874 587 inquisitioqnc
1937 532 2130 587 cesset,
2158 524 2348 592 sisque
2373 535 2420 590 Α
2451 527 2513 577 ἑτι

2262 535 2420 592 ιιιεΛ
2451 527 2545 579 ἐπὶ
2596 528 2764 598 μηδὲν
2812 529 2997 596 ἕτερον
3061 530 3363 602 ἑλκομένης
3424 534 3611 589 λοιπὸν
3665 536 3765 608 τῆς
3828 539 4011 592 ἐπιθυ·

765 609 943 659 onmis
972 607 1253 667 desiderii,
1291 605 1381 659 Dei
1414 608 1880 675 contemplatione
1912 611 2070 664 nobis
2118 610 2339 678 implea-

717 713 731 749 ι
765 709 874 762 tur,
907 713 1030 750 cum
1060 699 1193 751 illud
1221 698 1480 767 deinceps
1512 699 1564 751 in
1593 700 1799 753 nullam
1825 701 1986 753 aliam
2020 715 2203 755 rerum
2231 711 2341 755 tra-

764 790 942 843 batur.

831 879 951 944 Qua
982 879 1165 948 itaque
1196 879 1406 933 ratione
1438 882 1690 934 humana:
1718 891 1929 935 natura:
1966 892 2338 950 comparatum

759 982 865 1034 est,
893 980 947 1025 et
981 982 1248 1039 quantum
1280 974 1515 1040 quisque
1564 988 1758 1040 capere
1795 983 1991 1041 potest,
2030 973 2124 1027 Dei
2182 975 2340 1029 nobis

761 1062 1148 1130 contemplatio
1195 1063 1512 1128 illucescet;
1547 1066 1844 1129 statimque
1892 1079 1956 1117 ac
2004 1065 2337 1127 immediate,

764 1164 885 1219 post
934 1153 1206 1220 expletum
1261 1164 1566 1207 extremum
1606 1155 1893 1227 judicium,
1933 1154 2162 1223 quisque
2195 1155 2340 1210 illius

762 1248 921 1296 heres
942 1244 1160 1296 futurus
1188 1254 1287 1296 est.
1312 1245 1365 1297 ld
1395 1246 1541 1298 enim
1574 1254 1800 1297 sanctus
1829 1245 2150 1298 «unionem»
2183 1253 2338 1299 vocat

766 1350 957 1400 «supra
983 1335 1417 1402 intelligentiam,
1434 1354 1451 1384 ι
1473 1335 1841 1387 immediatam
1864 1335 2073 1389 scilicet
2090 1351 2210 1388 cum
2233 1337 2338 1389 Deo

759 1431 1256 1493 consuetudinem;
1292 1445 1459 1498 supra
1488 1446 1649 1497 quam
1682 1431 1892 1482 scilicet
1922 1444 2076 1482 meus
2101 1430 2338 1483 humana

692 1560 693 1563 η
760 1522 1019 1588 consequi
1043 1528 1244 1589 potest.
1285 1521 1452 1588 quue
1486 1520 1691 1573 Paulus
1725 1521 1944 1573 «licebat
1973 1520 2145 1574 «facie
2173 1523 2241 1573 ad
2258 1520 2340 1573 fa-

758 1611 897 1661 cietn
940 1610 1007 1673 “,
1047 1628 1065 1659 «
1100 1608 1340 1662 Joannes
1389 1624 1529 1661 vero
1548 1609 1923 1676 evangelista:
1987 1607 2337 1662 «Videbimus

756 1715 881 1753 eum
918 1700 1080 1755 sicuti
1118 1699 1300 1754 est".«
1338 1700 1489 1753 lianc
1517 1714 1683 1768 porro
1709 1713 1969 1753 arcanam
2026 1700 2223 1752 mentis
2258 1700 2337 1751 vi-

757 1794 965 1846 sionem
989 1801 1043 1844 et
1069 1791 1615 1857 contemplationem,
1633 1772 1911 1857 justorum
1951 1788 2158 1842 scilicet
2183 1790 2336 1842 here-

2448 617 2596 683 μίας.

2519 884 2708 947 Ὠστε,
2741 883 2877 936 καθὸ
2929 884 3170 952 πέφυκεν
3230 889 3262 956 ή
3332 889 3648 960 ἀνθρωπίνη
3705 892 3865 959 φύσις
3918 899 4012 951 καὶ

2441 975 2586 1027 κατὰ
2615 976 2679 1025 τὸ
2716 976 2944 1028 δυνατὸν
2968 978 3206 1047 ἑκάστῳ,
3246 980 3402 1049 ήτοῦ
3447 981 3584 1033 Θεοῦ
3646 984 3847 1053 θεωρία
3894 989 4013 1039 ἑπι-

2440 1063 2648 1134 λάμψει
2683 1067 2837 1134 ήμίν,
2872 1070 2966 1121 καὶ
2995 1070 3330 1139 κληρονόμος
3365 1073 3534 1141 αὐτῆς
3574 1075 3803 1138 ἕκαστος
3858 1078 4010 1129 ἔσται

2442 1155 2505 1206 ἐκ
2563 1155 2657 1207 τοῦ
2698 1159 3014 1225 παραυτίκα
3093 1162 3186 1212 καὶ
3241 1163 3482 1230 ἁμέσως,
3546 1166 3641 1232 τῆς
3695 1170 4010 1231 τελευταίας

2442 1245 2677 1315 κρίσεως
2741 1251 3062 1318 γενομένης.
3136 1250 3310 1304 Τοῦτο
3372 1254 3482 1322 γάρ
3555 1257 3691 1318 ἐστι,
3785 1259 3923 1329 ὅπερ
3983 1263 4010 1311 6

2442 1335 2597 1399 ἅγιος
2640 1335 2793 1403 ὑπὲρ
2834 1337 2988 1389 γοῦν
3055 1338 3281 1393 ἕνωσιν
3340 1342 3515 1406 καλεῖ,
3573 1343 3671 1411 τὴν
3727 1347 3864 1415 πρὸς
3921 1349 4010 1399 τὸν

2440 1424 2573 1475 Θεὸν
2621 1426 2826 1491 ἆμεσον
2873 1428 3113 1495 ὁμιλίαν,
3162 1432 3463 1495 τουτέστιν,
3534 1435 3674 1503 ὑπὲρ
3720 1436 3746 1487 ὃ
3791 1437 4009 1490 δύναται

2438 1517 2467 1566 6
2516 1516 2853 1583 ἀνθρώπινος
2932 1518 3091 1579 νοῦς’
3148 1522 3242 1573 καὶ
3306 1524 3447 1594 ὅπερ
3495 1526 3522 1574 6
3581 1526 3791 1588 Παῦλος
3858 1512 4038 1593 ἔλεγε,

2446 1623 2463 1653 «
2509 1606 2803 1673 πρόεωπον
2831 1611 2966 1678 προς
3002 1612 3295 1678 πρόσωπον
3316 1630 3330 1643 ⁶
3369 1634 3386 1665 ι
3435 1621 3525 1667 καὶ
3554 1619 3581 1669 6
3605 1619 4007 1688 Εὐαγγελιστὴς

2452 1696 2729 1764 Ἰωάννης,
2772 1718 2789 1749 «
2828 1701 3104 1768 Ὀψόμεθα
3136 1705 3301 1756 αὐτὸν
3360 1707 3543 1771 καθώς
3599 1711 3739 1762 ἐστι.
3790 1709 4009 1780 Tati-31w

2439 1786 2613 1855 δὲτὴν
2644 1790 2778 1839 κατὰ
2809 1790 2934 1841 νοῦν
2988 1793 3231 1861 ᾰρῤητον
3284 1796 3405 1862 ὄψιν
3458 1800 3550 1851 καὶ
3602 1798 3857 1871 θεωρίαν,
3913 1804 4008 1870 τὴν

752 1885 973 1938 ditatem
999 1891 1053 1935 et
1075 1892 1306 1944 sortem,
1359 1897 1524 1950 quam
1554 1883 1745 1935 beatus
1806 1882 2103 1947 Dionysius
2140 1881 2332 1935 «unio-
2367 1869 2405 1922 Β
2436 1874 2501 1927 τᾶ

2258 1882 2332 1934 io-
2367 1869 2405 1922 Β
2436 1874 2545 1927 τῶν
2574 1875 2801 1929 δικαίων
2833 1878 3225 1948 κληρονομίαν,
3250 1883 3318 1951 ἢν
3355 1886 3382 1936 6
3424 1869 4007 1954 paxa'ptoaAtovzisto;

755 1988 877 2028 nem
902 1982 1082 2027 mente
1120 1973 1491 2042 superioreim
1535 1980 1709 2035 vocat,
1743 1986 1976 2041 magnus
2030 1971 2331 2042 Gregorius

754 2064 1066 2133 Theologus
1119 2078 1377 2132 «regnum
1432 2062 1731 2117 caelorum:
1785 2061 2039 2129 aflirmat,
2081 2078 2241 2132 quem
2277 2071 2332 2118 et

752 2156 923 2225 prius,
967 2154 1033 2209 iis
1062 2170 1186 2224 qua:
1216 2157 1467 2222 exposita
1500 2164 1654 2217 sunt,
1700 2152 1753 2206 id
1802 2154 1887 2207 vel
1930 2154 2170 2207 maxime
2200 2168 2331 2208 sen-

751 2248 975 2301 tientem
999 2246 1367 2301 ostendimus.
1402 2244 1459 2298 In
1484 2260 1547 2298 ea
1575 2245 1719 2298 enim
1748 2243 2008 2298 Oratione
2036 2259 2201 2314 quam
2231 2243 2329 2296 ba-

753 2339 868 2393 buit
899 2339 968 2394 ob
1016 2339 1236 2407 Plagam
1274 2338 1586 2406 grandinis,
1633 2336 1721 2390 ubi
1756 2335 1923 2390 futuri
1956 2336 2104 2391 illius
2154 2344 2329 2390 status

752 2430 1024 2497 meminit,
1060 2438 1432 2500 provocatqne
1453 2430 1756 2493 auditores,
1782 2438 1840 2482 ut
1877 2428 2143 2482 memoria
2168 2443 2327 2483 reco—

751 2523 885 2589 lant,
938 2538 1062 2592 qua:
1115 2522 1296 2591 justos
1361 2530 1415 2575 ct
1465 2521 1702 2588 injustos
1751 2532 2047 2588 exceptura
2109 2522 2329 2590 praemia

750 2617 899 2672 sint:
940 2614 1154 2679 «Quis,»
1203 2614 1401 2684 inquit,
1433 2614 1577 2668 «illic
1622 2622 1886 2682 patronus
1910 2613 1932 2666 ?
1954 2628 2075 2682 qua:
2106 2614 2329 2667 causifi-

748 2708 932 2764 eatio?
963 2724 1086 2778 qua:
1128 2707 1262 2761 falsa
1293 2705 1586 2760 defensio?
1618 2706 1763 2775 quod
1814 2707 2175 2761 artificiosum
2208 2723 2327 2759 ver-

749 2802 943 2857 borum
1000 2801 1337 2855 lenocinium
1366 2800 1390 2852 ?
1419 2801 1642 2868 quando
1700 2812 2079 2870 proponentur
2120 2803 2325 2866 tltt'oni,

745 2904 801 2949 et
828 2894 1102 2962 Antiquus
1126 2893 1336 2945 dierum
1363 2893 1693 2959 prmsidebil,
1729 2903 1782 2945 et
1823 2893 1941 2945 libri
1990 2895 2324 2959 aperientur,

746 2994 800 3038 et
839 2985 1034 3052 igneus
1063 2984 1263 3038 fluvius
1288 2985 1535 3038 volvetur
1554 2983 1599 3013 ⁸³
1625 3000 1639 3046 ;
1674 2994 1727 3037 et
1765 2983 1852 3036 lux
1886 3000 1914 3037 a
1938 2984 2133 3047 fronte,
2154 2995 2206 3037 et
2230 2998 2326 3053 pa-

748 3085 879 3130 rata:
908 3077 1145 3129 tenebrat
1178 3076 1222 3105 “
1243 3116 1258 3140 ,
1287 3086 1341 3129 et
1367 3074 1665 3144 precedent
1695 3076 1788 3144 qui
1828 3075 1967 3129 bona
2002 3076 2247 3130 fecerunt
2273 3078 2323 3129 in

745 3169 1209 3224 resurrectionem
1256 3168 1379 3221 vitae
1405 3168 1448 3198 ⁸³
1474 3208 1490 3233 ,
1548 3182 1693 3221 nunc
1730 3169 1782 3221 in
1831 3167 2053 3221 Christo
2089 3170 2325 3223 abscon-

744 3260 871 3313 «Iitze
897 3260 965 3323 ⁶⁶;
999 3261 1090 3328 qui
1119 3268 1300 3313 autem
1331 3257 1468 3311 mala
1502 3268 1751 3324 egerunt,
1778 3259 1832 3312 in
1867 3260 2322 3312 resurrectionem

740 3351 952 3420 judicii,
980 3367 1088 3421 quo
1122 3351 1159 3403 ii
1206 3353 1298 3418 qui
1344 3368 1449 3403 non
1481 3354 1713 3405 credunt
1746 3366 1774 3404 a
1807 3349 1983 3403 Verbo
2028 3366 2124 3405 eos
2174 3352 2323 3419 judi-

743 3452 921 3506 caute,
953 3442 1065 3510 jam
1088 3440 1442 3496 condemnati
1474 3451 1604 3495 sunt
1632 3443 1697 3493 ⁸⁷.
1732 3446 1911 3510 Atque
1940 3443 2063 3495 illos
2104 3445 2324 3511 quidem

744 3535 839 3589 lux
874 3533 1136 3602 excipiet,
1163 3536 1481 3603 sanctasque
1504 3548 1568 3587 ac
1596 3537 1759 3602 regite
1789 3532 2099 3599 Trinitatis,
2134 3536 2327 3604 purius

742 3628 854 3695 jam
887 3642 950 3683 ac
998 3628 1205 3682 clarius
1244 3626 1544 3689 illueentis,
1598 3637 1883 3693 totamque
1929 3639 1989 3678 se
2033 3642 2158 3679 cum
2212 3636 2324 3679 tota

746 3731 929 3776 tuente
960 3720 1271 3786 miscentis,
1294 3720 1687 3789 contemplatio
1713 3722 1789 3789 (in
1810 3736 1915 3791 qua
1940 3735 2064 3791 ego,
2097 3720 2179 3774 vel
2213 3719 2325 3774 sola

746 3813 981 3867 maxime
1005 3827 1233 3881 regnum
1260 3815 1526 3866 etnlorum
1548 3818 1785 3881 pesitum
1808 3829 1931 3868 esse
1954 3812 2197 3880 censeo),
2226 3813 2326 3866 hos

743 3915 925 3959 autem
952 3904 1115 3958 simul
1150 3919 1275 3958 cum
1309 3904 1453 3967 aliis,
1500 3905 1581 3957 vel
1631 3904 1813 3973 potius
1842 3914 1969 3959 ante
1997 3905 2126 3971 alia,
2180 3904 2324 3957 istud

742 3997 1104 4063 excruciabit,
1134 3996 1281 4065 quod
1315 4011 1344 4048 a
1394 3996 1505 4049 Deo
1532 3997 1760 4066 projecti
1801 3998 1933 4061 sint,
1972 4007 2133 4067 atque
2166 3997 2324 4051 inus-

743 4102 851 4144 tam
884 4089 939 4143 iit
973 4090 1310 4145 conscientia
1348 4090 1699 4160 sempiternae
1761 4089 2081 4160 ignominiae
2134 4099 2319 4143 notam

740 4192 985 4251 gerant.»
1023 4181 1101 4235 En
1134 4180 1434 4250 Gregorius
1460 4196 1679 4250 quoque
1738 4190 2057 4235 sanctorum
2092 4181 2321 4235 haeredi-

741 4285 907 4330 tatcm
954 4290 1080 4330 esse
1114 4274 1273 4329 «locet
1307 4275 1397 4328 Dei
1436 4273 1951 4344 contemplationem
1976 4315 1991 4340 ,
2034 4283 2323 4343 totumque

740 4386 864 4423 eum
899 4369 993 4424 toti
1040 4368 1206 4423 menti
1253 4367 1496 4435 misceri,
1529 4370 1672 4437 quod
1704 4378 1759 4421 et
1794 4382 2021 4437 regnum
2053 4367 2320 4422 caalorum

739 4468 921 4514 νοειιι.

2440 1984 2458 2018 ι
2496 1966 2635 2036 ὑπὲρ
2684 1969 2810 2021 νοῦν
2860 1969 3054 2024 ἕνωσιν
3088 1991 3107 2023 ι
3166 1974 3341 2041 καλεῖ,
3387 1980 3415 2030 ὁ
3477 1980 3654 2047 μέγας
3709 1978 4008 2051 Γρηγόριος

2431 2060 2459 2111 6
2493 2058 2757 2127 Θεολόγος
2811 2062 2921 2133 (87)
3013 2082 3031 2114 «
3078 2064 3358 2134 βασιλείαν
3408 2069 3655 2140 οὐρανῶν
3691 2091 3709 2123 ι
3749 2074 4007 2139 -τίθεται,

2433 2150 2492 2202 δν
2527 2153 2622 2205 καὶ
2649 2153 2918 2224 πρότερον
2947 2156 3055 2209 ἀπὸ
3079 2157 3188 2210 τῶν
3218 2160 3554 2215 ἐκτεθέντων
3578 2162 3736 2217 τοῦτο
3755 2168 3850 2219 καὶ
3866 2167 4009 2236 μάλα

2432 2241 2740 2309 φρονοῦντα
2798 2244 3140 2315 ἐδείκνυμεν.
3173 2246 3264 2299 Ἐν
3309 2249 3419 2319 γὰρ
3468 2249 3546 2319 τῷ
3605 2252 3823 2321 ῥηθέντι
3865 2255 4009 2324 λόγῳ

2430 2329 2521 2381 διὰ
2554 2331 2653 2399 τὴν
2686 2331 2902 2401 πληγὴν
2935 2334 3034 2402 τῆς
3084 2334 3350 2406 χαλάζης,
3409 2338 3509 2405 τῆς
3565 2340 3872 2413 μελλούσης
3907 2362 4007 2397 κα-

2433 2421 2748 2484 ταστάσεως
2812 2426 3186 2493 μεμνημένος,
3244 2427 3340 2479 καὶ⁵
3396 2430 3524 2491 τοὺς
3572 2432 3854 2502 ἀκροατὰς
3916 2435 4005 2485 ἐπὶ

2430 2510 2530 2581 τὴν
2564 2513 2791 2581 μνήμην
2817 2517 3263 2584 προκαλούμενος
3296 2518 3407 2570 τῶν
3455 2520 3778 2587 μελλόντων
3831 2524 4007 2576 διαδέ-

2432 2602 2626 2666 ξασθαι
2644 2605 2889 2668 δικαίους
2920 2606 3017 2659 καὶ
3048 2609 3289 2672 ἀδίκους,
3325 2631 3343 2662 ι
3374 2612 3469 2673 Τίς
3494 2616 3790 2683 συνήγορος
3812 2618 3943 2681 ἐκεῖ,
3982 2637 3999 2668 ι

2431 2696 2587 2766 φησὶ,
2625 2714 2643 2747 «
2707 2699 2835 2750 ποία
2880 2698 3103 2768 σκῆψις,
3160 2702 3244 2765 τίς
3306 2703 3510 2773 ψευδὴς
3556 2707 3846 2773 ἀπολογία,
3877 2711 4006 2763 ποία

2430 2788 2726 2859 πιθανότης
2751 2791 3018 2861 ἔντεχνος,
3051 2796 3217 2863 ἡνίκα
3258 2797 3437 2866 θρόνοι
3492 2800 3861 2868 προτίθενται,
3914 2804 4006 2855 καὶ

2434 2879 2668 2940 Παλαιὸς
2703 2883 2929 2949 ήμερῶν
2965 2885 3388 2953 προκαθέζεται,
3421 2892 3516 2942 καὶ
3565 2889 3740 2957 βίϐλοι
3804 2894 4005 2946 διανοί-

2430 2985 2641 3035 γονται,
2676 2972 2769 3022 καὶ
2802 2974 3051 3041 ποταμὸς
3083 2976 3257 3043 πυρὸς
3289 2977 3508 3031 ἕλκεται
3545 2982 3643 3034 καὶ
3669 2984 3729 3034 τὸ
3763 2985 3879 3051 φῶς
3903 2986 4007 3052 έμ-

2435 3059 2678 3126 προσθεν
2714 3061 2961 3129 (88),καὶ
2982 3064 3043 3116 τὸ
3076 3068 3267 3130 σκότος
3297 3070 3702 3141 ἡτοιμασμένον
3725 3090 3739 3103 ⁸
3776 3076 3871 3128 καὶ
3909 3094 4005 3128 πο-

2433 3152 2680 3220 ρεύονται
2743 3159 2793 3207 οί
2851 3156 2920 3208 τὰ
2958 3158 3141 3225 ἀγαθὰ
3198 3165 3528 3231 ποιήσαντες
3573 3168 3653 3229 είς
3708 3168 4006 3222 ἁνάττασιν

2354 3221 2392 3274 (ἶ
2432 3247 2596 3312 ζωῆς,
2650 3247 2751 3316 τῆς
2791 3248 2850 3300 ὲν
2910 3221 3131 3320 Χριστῷ
3166 3251 3260 3304 νῦν
3316 3221 3717 3329 κρυπτομένης,
3752 3261 3803 3312 οί
3840 3263 3895 3315 δὲ
3939 3221 4006 3316 τὰ

2431 3339 2611 3404 φαῦλα
2643 3339 2948 3409 πράξαντες
2989 3345 3069 3405 είς
3102 3343 3408 3400 ἀνάστασιν
3440 3350 3673 3419 κρίσεως
3710 3368 3725 3384 ο
3781 3354 3848 3423 ήν
3904 3356 4002 3424 ἤδη

2431 3432 2583 3500 παρᾶ
2612 3432 2705 3483 τοῦ
2742 3434 3021 3501 κρίνοντος
3054 3437 3253 3501 αὐτοὺς
3278 3440 3473 3506 ζΛόγου
3503 3443 3551 3493 οἱ
3607 3445 3681 3513 μή
3730 3448 4008 3499 πιστεύον-

2428 3538 2520 3583 τες
2556 3525 2982 3596 κατεκρίοησαν.
3018 3529 3127 3581 Καὶ
3152 3530 3279 3593 τοὺς
3317 3532 3416 3600 μὲν
3443 3534 3501 3586 τὸ
3533 3535 3647 3603 φῶς
3678 3537 4002 3608 διαδέχεται,

2430 3617 2524 3665 καὶ
2555 3618 2586 3683 ή
2616 3617 2714 3686 τῆς
2740 3618 2899 3684 ἁγίας
2923 3621 3018 3672 καὶ
3047 3621 3336 3691 βασιλικῆς
3360 3624 3566 3694 θεωρία
3616 3630 3865 3697 Τριὰδις,
3922 3633 4007 3683 ἐλ-

2430 3706 2756 3778 λαμπούσης
2786 3711 3117 3784 τρανότερον
3170 3729 3228 3764 τε
3289 3716 3385 3767 καὶ
3446 3719 3851 3789 καθαρώτερον,
3916 3726 4007 3773 καὶ

2427 3801 2556 3868 ὅλης
2596 3802 2700 3870 ὅλῳ
2728 3801 2808 3854 νοῒ
2835 3805 3180 3874 μιγνυμένης
3203 3807 3293 3877 (ἦν
3324 3809 3387 3879 δὴ
3422 3812 3514 3863 καὶ
3544 3814 3713 3881 μόνην
3770 3815 4007 3881 μάλιστα

2429 3892 2709 3960 βασιλείαν
2734 3896 2980 3964 οὐρανῶν
3010 3896 3122 3963 ἐγὼ
3153 3900 3420 3969 τίθεμαι)⁶
3454 3907 3567 3965 τοῖς
3618 3905 3673 3956 δὲ
3708 3907 3847 3975 μετά
3896 3909 4005 3960 τῶν

2428 3986 2603 4039 ἄλλων
2660 3985 2929 4054 βασάνων,
2980 3990 3185 4055 μᾶλλον
3241 3992 3298 4044 δὲ
3360 3994 3465 4063 πρὸ
3525 3997 3635 4047 τῶν
3703 3997 3901 4063 ἄλλων,
3947 4001 4007 4051 τὸ

2428 4077 2769 4148 ἀπεῤῥίφθαι
2797 4080 2956 4144 Θεοῦ,
2992 4084 3151 4152 καὶὴ
3213 4084 3270 4136 ἐν
3316 4084 3393 4153 τῷ
3453 4088 3717 4142 συνειδότι
3774 4093 4005 4164 αίσχύνη

2425 4172 2600 4241 πέρας
2624 4172 2728 4223 οὐκ
2762 4172 2985 4243 ἔχουσα.
3023 4194 3041 4227 ι
3087 4176 3219 4229 Ἰδοὺ
3254 4178 3348 4232 καὶ
3378 4173 3529 4244 οὗτος
3563 4183 3661 4253 τὴν
3694 4185 3805 4236 τῶν
3830 4187 4007 4253 ἁγίων

2424 4264 2790 4334 κληρονομίαν
2829 4264 2928 4336 τήν
2953 4266 3047 4319 τοῦ
3070 4267 3203 4321 Θεοῦ
3237 4270 3471 4341 θεωρίαν
3519 4269 3665 4327 εἶναι
3721 4276 4005 4333 διδάσκει·

2424 4355 2517 4407 καὶ
2555 4355 2678 4408 ὅλον
2714 4354 2821 4424 ὅλῳ
2850 4356 2929 4425 τῷ
2962 4356 3042 4410 νοῒ
3091 4357 3418 4428 μίγνυσθαι,
3468 4363 3496 4414 ὂ
3521 4363 3584 4433 δὴ
3609 4366 3700 4417 καὶ
3727 4365 4008 4436 βασιλείαν

2424 4447 2673 4516 οὐρανῶν
2711 4447 2993 4517 ὀνομάζει.

810 4553 965 4607 llaud
1006 4563 1184 4606 tamen
1254 4552 1307 4604 in
1357 4551 1585 4606 dubiqu
1628 4551 1958 4616 vocandum,
1989 4550 2079 4621 qui
2111 4550 2225 4616 fiat,
2259 4558 2320 4605 ut
2352 4564 2397 4622 υ
2495 4538 2559 4590 υί

2259 4558 2320 4605 ιιι
2352 4564 2397 4622 υ
2495 4538 2570 4590 Οὐ
2627 4538 2812 4607 μέντοι
2864 4539 3093 4608 ἀπορεῖν
3131 4538 3229 4606 δεῖ,
3262 4540 3382 4604 πῶς
3437 4544 3681 4613 ὀψόμεθα
3732 4548 3823 4600 τὸν
3860 4542 4008 4604 “Θ-δν

735 4647 880 4715 quod
942 4648 1016 4699 ait
1072 4646 1294 4709 Paulus,
1333 4664 1352 4696 «
1397 4645 1534 4699 facie
1581 4646 1645 4698 ad
1679 4644 1874 4699 faciem
1908 4645 1953 4676 "
1990 4664 2009 4696 ι
2042 4644 2325 4699 videamus

738 4736 908 4789 Deum
953 4736 1223 4805 ;ipseque
1276 4734 1564 4797 Dominus,
1636 4753 1654 4785 «
1720 4734 1870 4787 Beati
1899 4734 2105 4788 mundo
2133 4733 2320 4799 corde,

735 4824 994 4889 quoniam
1051 4824 1151 4889 ipsi
1195 4822 1363 4875 Deum
1425 4822 1685 4876 videbunt
1738 4823 1804 4875 ⁶⁹.
1846 4840 1864 4873 ι
1903 4822 2046 4877 Sane
2101 4823 2321 4904 quidenl

736 4919 1046 4973 \‘lthbllliUS
1080 4932 1179 4988 pro
1206 4931 1271 4971 eo
1299 4929 1479 4971 tamen
1511 4932 1575 4970 ac
1636 4917 1834 4972 mentis
1866 4928 2067 4971 nosme
2095 4916 2324 4972 facultas

736 5012 962 5081 patitur,
993 5022 1197 5081 quanta
1262 5011 1476 5065 scilicet
1516 5018 1702 5063 nostra
1754 5010 2117 5079 cognoscendi
2150 5009 2231 5063 vis
2259 5024 2324 5065 ac

736 5104 1099 5174 intelligendi.
1158 5102 1313 5155 Nunc
1368 5101 1589 5171 quidem
1645 5101 1696 5153 in
1736 5101 1943 5154 umbris
1996 5099 2242 5153 videmus
2269 5111 2323 5153 et

810 5292 850 5323 ⁸³
882 5291 900 5343 1
929 5292 1057 5346 Cor.
1092 5306 1216 5353 χιιι,
1265 5290 1351 5342 1‘2.
1429 5288 1474 5318 “
1511 5289 1525 5339 1
1561 5284 1717 5341 loan.
1763 5302 1850 5349 ιιι,
1876 5284 1932 5336 ‘2.

736 5379 818 5429 ιιι,
853 5364 905 5417 3.
988 5364 1027 5393 °'
1061 5359 1221 5415 Juau.
1252 5375 1332 5422 ut,
1366 5358 1452 5412 18.

829 5547 920 5601 8'7)
962 5545 1115 5601 Orat.
1149 5546 1236 5599 15.

806 5555 920 5618 (κγ)
962 5555 1115 5601 Urat.
1149 5555 1236 5599 15.

806 5621 920 5687 t38)
962 5618 1070 5671 Kal
1106 5615 1336 5687 IDAQQC
1376 5617 1745 5685 ἔμπροσθεν.
1805 5614 1994 5687 Putem
2029 5613 2190 5687 Greg.
2239 5630 2323 5687 re-

733 5684 980 5761 spexisse
1007 5684 1286 5761 illud‘Jocl
1319 5704 1378 5761 ιι,
1403 5684 1623 5761 δίκαι
1656 5684 1966 5761 ἔμπροσθεν
1997 5686 2164 5761 αὐτοῦ
2210 5686 2320 5761 πῦρ

730 5758 1027 5815 ἀναλίσκον
1057 5776 1071 5791 ο
1114 5758 1227 5813 sive
1267 5758 1381 5827 φῶς
1414 5759 1487 5811 illi
1523 5758 1767 5825 obrepsit
1798 5760 1921 5810 loco
1965 5758 2159 5826 πυρὸς,
2201 5759 2317 5812 sive

732 5836 800 5889 de
836 5830 1110 5887 industria
1143 5830 1214 5885 ita
1254 5832 1516 5895 tuutaiit;
1563 5830 1714 5899 quasi
1748 5844 1845 5897 pro
1873 5828 2062 5882 eodem
2106 5828 2314 5884 habetis

2026 5284 2071 5315 ⁸⁸
2105 5283 2239 5337 Dan.
2268 5285 2361 5347 \‘il,
2390 5284 2444 5343 9.
2466 5282 2557 5337 58.

1536 5358 1578 5388 ⁸⁸
1607 5356 1624 5409 l
1655 5356 1782 5411 Cor.
1818 5371 1936 5419 χιιι,
1970 5354 2058 5409 12.
2136 5355 2181 5386 ⁸⁸
2216 5354 2410 5409 Matth.
2446 5371 2497 5419 ν,
2533 5356 2587 5410 8.

2432 4648 2450 4682 «
2488 4630 2944 4700 πρόσωπον,πρὸς
2970 4632 3285 4699 πρόσωπον,
3324 4654 3341 4683 ι
3374 4634 3445 4696 ὥς
3474 4653 3605 4705 φησι
3637 4637 3847 4701 Παῦλος
3870 4657 3884 4670 ’
3912 4644 4009 4695 καὶ

2426 4726 2455 4778 6
2490 4726 2715 4794 Κύριος,
2758 4743 2777 4776 «
2817 4726 3096 4795 Μακάριοι
3127 4726 3177 4778 οί
3209 4728 3443 4798 καθαροὶ
3467 4735 3532 4800 τῇ
3571 4734 3876 4805 καρδίᾳ,ὅτι
3910 4740 4007 4791 αὑ.

2425 4816 2508 4868 τοὶ
2530 4816 2621 4867 τὸν
2671 4815 2808 4869 Θεὸν
2854 4815 3097 4886 ὄψονται.
3151 4836 3169 4868 ι
3242 4818 3517 4889 Ὀψόμεθα
3559 4824 3659 4892 μὲν
3706 4830 3836 4897 γὰρ,
3870 4830 4009 4883 ἀλλὰ

2430 4908 2611 4971 καθὼς
2641 4907 2720 4977 τῷ
2779 4909 3034 4979 ἡμετέρῳ
3068 4908 3145 4979 νῷ
3197 4912 3445 4977 δυνατὸν,
3487 4917 3629 4969 κατὰ
3655 4919 3715 4970 τὸ
3745 4921 4008 4989 ἀνάλογον

2429 5003 2751 5072 γνωστικόν.
2809 5003 2923 5055 Νῦν
2954 5003 3055 5072 μὲν
3086 5006 3195 5075 γὰρ
3221 5008 3280 5059 ὲν
3304 5011 3484 5069 σκιαῖς
3510 5012 3604 5063 καὶ
3632 5015 3690 5063 έν
3723 5015 4010 5085 αἰνίγμασι

2432 5094 2726 5164 βλέπομεν,
2757 5094 2859 5148 ἆπε
2869 5111 2900 5164 ρ
2929 5095 2957 5147 6
2995 5094 3157 5160 αὐτὸς
3192 5096 3231 5149 Γ
3238 5099 3493 5170 ρηγόριος
3526 5103 3553 5155 6
3582 5101 3841 5174 Θεολόγος
3865 5123 4010 5176 γνω-

2658 5281 2703 5312 ⁶⁸
2734 5281 2871 5339 Jocl.
2899 5285 3069 5351 ",25.
3186 5286 3229 5317 ⁸⁵
3254 5284 3414 5342 Joan.
3456 5304 3509 5355 ν,
3554 5287 3643 5343 29.
3720 5290 3766 5321 “
3792 5287 4006 5350 Coloss.

2439 5543 2644 5628 lumen,
2675 5540 2820 5628 quod
2851 5544 2920 5597 sit
2945 5544 3011 5628 ad
3047 5554 3435 5628 torquendum,
3466 5551 3899 5628 cum__ipso_igne
3929 5555 4011 5611 sic

2435 5624 2761 5681 torquente;
2812 5625 3015 5681 parata:
3067 5624 3230 5672 etiam
3283 5624 3541 5685 tenebrae,
3574 5624 3690 5677 dies
3735 5625 3823 5678 illa
3860 5635 4013 5681 lette-

2432 5685 2653 5763 brarttm
2688 5695 2742 5737 et
2773 5686 3041 5763 caliginis.
3074 5687 3267 5763 Matth.
3302 5708 3427 5757 xxv,
3457 5694 3550 5756 54,
3580 5694 3721 5759 ignis
3748 5706 4010 5763 retentus,

2420 5756 2540 5897 gjq'is
2559 5755 2675 5824 ipse
2702 5755 2955 5824 tenebrae,
2983 5758 3201 5817 diabolo
3228 5755 3451 5832 paratus
3480 5755 3682 5821 dicitur
3714 5776 3767 5822 et
3798 5755 4008 5837 angelis
