4428 6444
750 383 860 446 655

2016 380 2408 441 MANUELlS
2450 380 2754 440 CALEtLE

3880 346 3991 440 oss

753 521 772 555 ι
804 502 920 557 Non
980 504 1159 557 omnis
1194 502 1282 571 qui
1312 501 1443 554 dicit
1481 498 1635 556 mihi,
1673 497 1922 558 nomine,
1960 494 2204 557 Domine,
2241 495 2321 546 in-
2354 504 2395 555 Α
2428 496 2502 548 Kc

2241 495 2321 546 in-
2354 504 2395 555 Α
2428 496 2621 563 Κύριε,
2643 493 3007 546 εἰσελεύσεται
3029 492 3107 551 είς
3132 490 3230 557 τήν
3257 489 3537 557 βασιλείαν
3555 490 3661 541 τῶν
3684 490 3949 557 οὐρανῶν
3969 510 3985 538 ι

748 590 913 641 trahit
948 589 997 641 iu
1032 603 1252 654 regnum
1294 589 1555 640 etnlorum
1584 600 1597 644 ;
1630 586 1674 614 ⁷⁷⁵
1708 601 1725 631 ι
1777 592 1830 634 et
1862 597 1874 632 :
1912 598 1929 629 ι
1961 580 2099 645 Quid
2133 595 2215 633 me
2236 581 2317 631 di-

746 678 889 738 citis,
954 678 1195 737 Domine,
1248 673 1495 735 Doiitiue,
1564 682 1616 725 et
1659 686 1762 724 non
1816 670 1993 722 facitis
2045 684 2165 735 qua:
2199 668 2319 720 dico

749 765 901 817 vobis
939 763 1020 815 7'?
1084 764 1162 816 Ad
1194 777 1315 815 eum
1360 775 1489 812 vcro
1512 759 1603 827 qui
1646 774 1709 811 ex
1743 759 1875 812 solis
1912 756 2169 825 operibus
2201 754 2318 807 sine

748 854 849 907 fide
910 863 1091 921 sperat
1132 853 1380 915 salutem,
1432 851 1546 902 infit
1602 850 1914 914 Apostolus,
1956 867 1973 898 ι
2032 847 2161 899 Sine
2217 846 2318 899 fide

746 943 1077 1011 impossibile
1134 954 1217 996 est
1270 943 1487 1011 placere
1550 943 1655 993 Deo
1704 943 1772 1001 ",
1840 960 1857 990 ι
1914 950 1967 993 et
2036 938 2154 992 sine
2215 937 2318 992 fide

744 1051 906 1101 opera
996 1045 1208 1087 mortua
1281 1048 1423 1097 esse,
1498 1043 1556 1085 ut
1632 1043 1685 1085 ct
1749 1032 1906 1085 fidem
1968 1031 2087 1085 sine
2135 1032 2314 1099 operi-

745 1127 845 1179 bus
864 1125 936 1179 ⁷⁷.

816 1214 1100 1269 Suntvero
1126 1215 1344 1282 quidam
1370 1214 1655 1281 impii,sru
1687 1212 1944 1276 haeretici,
1977 1212 2175 1279 quibus
2208 1226 2314 1265 n0n

746 1319 869 1357 raro
902 1314 1049 1356 certa
1074 1305 1284 1357 consilii
1312 1306 1540 1366 ratione,
1569 1302 1747 1356 futura
1772 1318 1797 1354 a
1837 1303 1945 1356 Deo
1978 1304 2313 1357 revelantur:

745 1395 930 1461 sicque
962 1395 1127 1460 liquet
1152 1410 1215 1446 ex
1251 1404 1522 1460 gestarum
1558 1408 1735 1445 rerum
1786 1395 2180 1455 monumentis,
2220 1408 2317 1446 ve-

745 1490 825 1538 lut
874 1487 1035 1537 etiam
1084 1502 1139 1538 se
1178 1488 1227 1536 in
1288 1484 1491 1551 Caipha
1558 1500 1644 1536 res
1694 1477 1882 1537 haliuit
1930 1486 2010 1535 7":
2061 1485 2152 1553 qui
2189 1501 2314 1537 cum

745 1573 986 1628 Pontifex
1018 1582 1163 1625 cssvt
1204 1574 1330 1625 anni
1371 1574 1534 1635 illius,
1564 1584 1620 1624 ιιι
1659 1571 2004 1641 Evangelista
2048 1574 2142 1635 ait,
2200 1589 2317 1642 pro-

745 1666 978 1732 pltetax‘it
1013 1665 1267 1732 expedire
1298 1674 1351 1717 ut
1380 1680 1520 1717 unus
1575 1666 1737 1716 homo
1766 1666 1969 1731 periret
1993 1680 2091 1733 pro
2123 1665 2309 1732 populi

744 1756 940 1807 salute.
961 1753 1103 1816 Quin
1128 1763 1181 1805 et
1198 1755 1522 1820 quandoque
1544 1753 1595 1804 in
1621 1752 1709 1805 Dei
1727 1735 1943 1804 nomine
1967 1751 2225 1805 miracula
2247 1751 2319 1804 fa-

2424 587 2537 650 καὶ,
2570 604 2588 637 ι
2620 586 2685 636 Τί
2715 602 2783 650 με
2823 585 3006 651 λέγετε
3051 582 3243 650 Κύριε,
3288 582 3482 647 Κύριε,
3519 584 3611 634 καὶ
3636 582 3698 633 ού
3730 584 3928 633 ποιεῖτε
3959 580 3995 633 ὁ.

2421 677 2562 742 λέγω
2599 676 2760 743 ὑμῖν,
2803 693 2821 725 ι
2875 672 3009 741 πρὸς
3040 673 3095 724 δὲ
3147 673 3237 723 τὸν
3289 671 3399 726 ἀπὸ
3457 673 3632 740 μόνων
3677 671 3787 721 τῶν
3815 672 3993 739 ἔργων

2422 766 2709 828 ἐλπίζοντα
2735 768 2762 817 ὁ
2798 764 3116 823 Ἀπόστολος
3141 760 3316 824 εἶπεν,
3359 782 3376 814 ι
3417 764 3580 815 ’Λνευ
3615 762 3847 821 πίστεως
3870 761 3993 828 Θεῷ

2424 853 2619 923 ἀρέσαι
2665 855 2962 907 ἀδύνατον·
3004 875 3021 905 ι
3064 856 3161 908 καὶ
3208 856 3344 924 ἔργα
3389 854 3517 907 ἄνευ
3554 852 3790 914 πίστεως
3820 852 3993 921 νεκρὰ

2424 945 2582 1007 εἰσιν,
2624 944 2699 1005 ὡς
2730 944 2913 1007 πίστις
2941 946 3109 1014 χωρὶς
3140 944 3336 1012 ἔργων.

2496 1207 2617 1259 Εἰσὶ
2642 1207 2699 1259 δὲ
2737 1208 2830 1261 καί
2860 1225 3006 1271 τινες
3054 1208 3350 1276 ἁσεόετ;,ἢ
3407 1210 3497 1260 καὶ
3526 1209 3819 1278 αἱρετικοὶ,
3856 1209 3992 1277 πρὸς

2420 1298 2512 1359 οὓς
2539 1298 2801 1359 πολλάκις
2831 1301 2895 1351 τὰ
2921 1299 3181 1368 μέλλοντα
3208 1299 3347 1351 κατά
3372 1316 3491 1351 τινα
3511 1300 3826 1366 οἰκονομίαν
3842 1302 3993 1365 napi

2423 1388 2517 1441 τοῦ
2580 1388 2717 1440 Θεοῦ
2760 1390 3269 1450 ἀποκαλύπτονται,
3325 1389 3400 1450 ὡς
3452 1390 3559 1439 ἀπὺ
3594 1391 3701 1439 τῶν
3738 1390 3993 1456 ἱστοριῶν

2420 1479 2579 1531 τοῦτο
2617 1479 2810 1546 δῆλονο
2854 1479 3047 1547 ῶσπερ
3086 1480 3183 1531 καὶ
3212 1481 3240 1529 ὁ
3292 1481 3547 1546 Καϊάφας
3578 1480 3824 1547 περὶτοῦ
3864 1481 3997 1546 Χρι-

2423 1569 2572 1632 στοῦ,
2610 1571 2899 1637 ἀρχιερεὺς
2928 1570 3003 1622 ῶν
3031 1570 3125 1622 τοῦ
3173 1570 3425 1622 ἐνιαυτοῦ
3463 1572 3686 1621 ’ἐκείνου
3744 1571 3992 1638 προεφή-

2420 1678 2632 1722 τευσεν,
2663 1663 2738 1723 ὡς
2775 1664 2803 1713 ὁ
2850 1661 3259 1729 Εὑαγγελιστὴς
3301 1664 3484 1727 φησιν,
3540 1662 3666 1712 Ὅτι
3722 1664 3993 1729 συμφέρει

2422 1752 2516 1803 ἕνα
2556 1752 2847 1821 ἄνθρωπον
2886 1755 3026 1821 ὑπὲρ
3078 1753 3171 1804 τοῦ
3227 1753 3358 1804 λαοῦ
3388 1752 3708 1805 ἀπολέσθαι.
3766 1755 3841 1804 Οὐ
3886 1755 3994 1820 μὴν

741 1846 913 1904 ciunt,
937 1860 1039 1897 nec
1062 1844 1179 1896 ideo
1202 1844 1381 1897 minus
1407 1845 1566 1912 longe
1584 1859 1612 1895 a
1637 1842 1746 1895 Deo
1762 1851 1913 1897 sunt.
1943 1844 2013 1897 De
2037 1844 2143 1897 illis
2167 1846 2309 1897 enim
2353 1842 2391 1895 Β
2419 1845 2482 1895 ἀλ

2245 1846 2309 1897 im
2353 1842 2391 1895 Β
2419 1844 2557 1895 ἀλλὰ
2594 1846 2685 1895 καὶ
2709 1850 2767 1896 ὲν
2794 1844 2872 1913 τῷ
2905 1847 3129 1911 ὀνόματι
3161 1844 3253 1895 τοῦ
3288 1843 3422 1895 Θεοῦ
3458 1843 3715 1912 θαύματα
3747 1843 3994 1896 ποιοῦσιν

740 1936 880 1988 dixit
917 1934 1173 1987 Dominus
1203 1951 1215 1987 :
1248 1952 1267 1983 ι
1292 1931 1345 1986 lu
1384 1935 1471 1987 illa
1505 1935 1590 1987 die
1622 1933 1772 1986 multi
1798 1934 1977 1987 dicent
2011 1935 2169 1996 ntihi,
2206 1935 2313 1989 Do-

743 2028 908 2089 mine,
927 2041 1104 2078 nonne
1132 2026 1181 2078 in
1206 2025 1424 2078 nomine
1447 2035 1540 2078 tuo
1562 2026 2026 2093 prophetavimus,
2045 2036 2095 2079 et
2117 2026 2315 2080 d:emo-

741 2121 828 2172 nia
850 2119 1133 2185 ejt-cimtis,
1154 2129 1205 2171 et
1227 2119 1455 2170 virtutes
1479 2116 1674 2170 multas
1695 2115 1919 2169 fecimus
1936 2116 2027 2185 [et
2043 2125 2169 2170 tunc
2187 2131 2316 2169 con-

743 2210 934 2262 fitebor
962 2208 1391 2275 illis,Nunquam
1417 2208 1541 2260 novi
1566 2224 1661 2260 vos
1681 2224 1693 2259 :
1717 2208 1981 2261 discedite
2010 2221 2037 2258 a
2063 2221 2314 2276 me,ope-

743 2303 867 2355 iarii
901 2301 1259 2369 iniquitatis'.’
1286 2318 1297 2352 :
1327 2318 1345 2351 ι
1368 2316 1505 2369 quos
1523 2302 1706 2369 utique
1736 2309 1788 2353 et
1813 2301 2084 2353 cavendus
2109 2310 2314 2361 monet,

743 2397 871 2447 dum
893 2394 1003 2446 ait:
1034 2393 1340 2446 «Attenditc
1361 2408 1387 2445 a
1411 2392 1563 2446 falsis
1579 2394 1877 2461 proiihetis,
1901 2393 1990 2460 qui
2012 2392 2316 2446 reniuntad

739 2502 835 2539 vos
880 2488 931 2539 in
960 2486 1297 2540 vestimentis
1354 2485 1564 2548 ovium,
1598 2485 1928 2538 intrinsecus
1957 2492 2137 2536 autem
2189 2493 2318 2539 sunt

740 2581 849 2649 lupi
875 2595 1099 2646 rapaces
1123 2580 1190 2631 ‘°.
1208 2598 1225 2628 ι
1251 2579 1481 2637 Idcirco.
1502 2577 1594 2645 qtti
1620 2576 1884 2645 ejusmodi
1907 2588 2053 2640 sunt,
2079 2578 2314 2645 primum

740 2688 767 2723 a
800 2672 925 2736 fide,
964 2683 1074 2724 tum
1104 2685 1132 2723 a
1167 2671 1271 2723 vita
1308 2684 1630 2737 morumque
1654 2668 1940 2736 disciplina
1973 2669 2316 2722 examinandi

734 2775 859 2817 sunt
904 2782 916 2816 :
956 2781 973 2813 ι
996 2765 1035 2816 Α
1063 2762 1330 2816 fructibus
1349 2762 1491 2815 enim
1515 2776 1727 2823 eorum,
1753 2761 1950 2830 inquit,
1975 2760 2318 2831 cognoscetis

735 2854 931 2907 eos".i
961 2854 1220 2923 l‘rupi'ius
1245 2867 1373 2905 vero
1393 2850 1626 2903 maxime
1644 2852 1847 2903 homini
1874 2852 2319 2916 fructus,mentis

736 2946 975 2997 rationes
1005 2952 1132 2997 sunt
1164 2959 1227 2995 ac
1266 2943 1517 3005 consilia,
1557 2942 1753 3009 quibus
1783 2942 2008 3008 proditis
2050 2944 2315 3007 noscitur,

735 3054 865 3090 num
896 3053 1036 3089 vera:
1065 3036 1507 3091 Christianorum
1565 3036 1876 3088 consentiat
1936 3033 2078 3100 ﬁdei,
2126 3050 2315 3090 necne.

730 3130 810 3182 Ad
842 3129 1006 3182 \itam
1032 3143 1251 3197 quoque
1285 3142 1609 3195 morumque
1628 3126 1975 3195 disciplinam
2009 3130 2154 3194 quod
2182 3131 2317 3181 atti-

2418 1933 2567 1986 εστιν
2600 1935 2689 1986 ὅτε
2713 1951 2727 1963 ·
2790 1934 2886 1987 καὶ
2941 1936 3089 2000 ὅμως
3123 1934 3316 1987 τούτου
3348 1933 3523 1995 οὕτως
3573 1934 3810 2003 ἔχοντος,
3838 1934 3994 1986 οὐδὲν

2417 2021 2580 2096 ἦττον
2618 2027 2811 2097 πόρῤω
2850 2026 2943 2078 τοῦ
2974 2026 3109 2077 Θεοῦ
3133 2026 3257 2077 είσι.
3290 2026 3424 2095 Περὶ
3455 2026 3654 2078 ἀὐτῶν
3686 2027 3792 2093 γὰρ
3820 2028 3848 2078 ὁ
3886 2027 3995 2078 Κύ-

2422 2134 2537 2183 ριος
2564 2117 2809 2186 εἴρηκεν,
2868 2137 2885 2168 ι
2940 2117 3028 2169 Ἐν
3063 2116 3246 2187 ἐκείνῃ
3281 2119 3346 2186 τῇ
3379 2115 3563 2187 ἡμέρα
3590 2115 3776 2168 πολλοὶ
3806 2117 3994 2186 ὲροῦσί

2422 2226 2535 2283 μοι,
2566 2210 2758 2279 Κύριε,
2795 2210 2854 2261 οὐ
2884 2209 2962 2278 τῷ
2992 2209 3069 2278 σῷ
3108 2209 3332 2278 ὀνόματι
3359 2209 3871 2279 προεφητεύσαμεν,
3898 2212 3992 2261 καὶ

2417 2299 2673 2367 δαιμόνια
2729 2299 3080 2367 ἐξεϐάλομεν,
3133 2300 3227 2352 xai.
3266 2300 3528 2369 δυνάμεις
3564 2300 3766 2362 πολλὰς
3804 2303 3999 2367 ἐποιή-

2421 2407 2624 2460 σαμενς
2654 2393 2743 2443 καὶ
2771 2392 2888 2444 τότε
2913 2392 3235 2460 ὁμολογήσω
3273 2393 3479 2455 αὐτοῖς,
3517 2393 3787 2446 Οὐδέποτε
3822 2392 3997 2459 ἔγνων

2421 2486 2564 2553 ὑμᾶς
2585 2500 2599 2515 ’
2632 2485 2967 2555 ἀποχωρεῖτε
2996 2485 3090 2538 ἀπ’
3128 2484 3284 2552 ἐμοῦ,
3344 2485 3395 2537 ol
3453 2476 3685 2555 ἐργάται
3737 2486 3843 2555 τῆς,
3875 2486 3998 2537 ἀνο-

2424 2576 2586 2644 μίας·
2628 2595 2646 2627 ι
2704 2576 2799 2639 οὓς
2856 2577 2919 2648 δὴ
2948 2579 3041 2629 καὶ
3091 2576 3385 2643 ἐκσεύγειν
3413 2628 3418 2634 ,
3445 2579 3720 2647 παραινεῖ,
3759 2597 3777 2629 ι
3823 2580 3999 2646 Προσ-

2420 2666 2596 2735 έχετε,
2638 2683 2656 2716 ι
2690 2666 2887 2732 λέγων,
2934 2685 2953 2718 ι
3004 2667 3112 2719 ἀπὸ
3135 2667 3243 2719 τῶν
3276 2665 3767 2736 ψευδοπροφητῶν,
3798 2667 3997 2729 οἵτινες

2421 2762 2670 2829 ἔρχονται
2698 2762 2828 2831 πρὸς
2862 2762 3005 2831 ὑμᾶς
3045 2764 3101 2814 ἰν
3136 2762 3403 2830 ἐνδύμασι
3452 2760 3762 2830 προϐάτων,
3794 2761 3999 2812 ἔσωθεν

2420 2854 2477 2903 δέ
2512 2852 2796 2904 εἱσι-λύκοι
2821 2852 3091 2920 ἅρπαγες.
3144 2873 3161 2904 ι
3197 2855 3360 2906 Ὀοεν
3393 2858 3518 2915 τοὺς
3549 2854 3825 2913 τοιούτους
3848 2852 4001 2920 πρῶ-

2424 2963 2516 2998 τον
2578 2948 2677 3014 μὲν
2709 2949 2816 2999 ἀπὸ
2842 2948 2940 3010 τῆς
2982 2950 3244 3011 πίστεως,
3283 2943 3402 3001 εἶτα
3432 2949 3541 3001 ἀπὸ
3595 2949 3694 3016 τῆς
3724 2947 4000 3008 πολιτείας

2426 3038 2701 3102 ἐξετάζειν
2752 3040 2851 3093 δεῖ.
2918 3058 2935 3089 ι
2992 3040 3127 3092 ’Δπὸ
3165 3042 3274 3108 γὰρ
3325 3039 3433 3091 τῶν
3469 3040 3697 3109 καρπῶν
3732 3039 3934 3100 αὐτῶν,
3975 3056 3993 3088 ι

2424 3132 2610 3199 φησὶν,
2645 3150 2662 3181 ι
2703 3133 3072 3199 ἐπιγνώσεσθε
3102 3131 3325 3194 αὐτούς.
3366 3152 3384 3183 ι
3440 3133 3667 3204 Καρπὸς
3700 3133 3757 3185 δὲ
3802 3133 4000 3193 οἰκεῖος

736 3233 844 3283 nrt,
880 3220 982 3275 etsi
1006 3221 1265 3275 simulant
1293 3234 1355 3273 ac
1390 3218 1686 3288 decipiunt,
1727 3218 1874 3271 brevi
1906 3229 2086 3271 tamen
2123 3218 2317 3286 depre-
2347 3199 2388 3256 ο
2427 3230 2485 3291 με

2250 3235 2317 3273 'e-
2347 3199 2388 3256 C
2427 3223 2662 3291 μάλιστα
2687 3222 2961 3294 ἀνθρώπῳ
2995 3225 3058 3276 τὰ
3089 3228 3186 3293 τῆς
3211 3223 3394 3294 ψυχῆς
3426 3199 3698 3293 νοήματα,
3730 3218 3804 3277 ῶν
3837 3240 3999 3291 φανε-

735 3317 1068 3367 hcndnntur.

2428 3317 2709 3385 ρουμένων
2742 3317 3092 3384 γινώσκεται,
3119 3320 3231 3370 εἴτε
3264 3322 3331 3387 τῇ
3360 3320 3468 3370 τῶν
3495 3316 3839 3386 Χριστιανῶν
3872 3318 4001 3382 ἀλη-

731 3410 850 3476 θινῇ
885 3410 1167 3477 συμφωνεί
1202 3407 1404 3467 πίστει,
1440 3409 1553 3459 εἴτε
1598 3406 1690 3459 καὶ
1716 3408 1812 3475 μή.
1882 3407 1989 3458 Καὶ
2022 3411 2157 3459 κατά
2210 3409 2307 3475 τὴν
2335 3411 2613 3465 πολιτείαν
2653 3414 2730 3477 δὲ,
2763 3416 2813 3465 εἰ
2867 3414 3251 3484 ὑποκρίνονται
3306 3418 3398 3469 καὶ
3446 3413 3814 3479 ἐξαπατῶσιν,
3865 3414 4002 3467 an:

740 3506 857 3574 μετ’
894 3506 1076 3571 ὀλίγον
1115 3504 1518 3571 ἐξελέγχονται.
1998 3568 2006 3575 1

804 3601 935 3665 Qua:
957 3598 1125 3665 igitur
1145 3598 1213 3650 ab
1278 3597 1561 3664 Scriptura
1610 3612 1788 3660 sacra,
1826 3606 1880 3650 et
1907 3613 1934 3649 a
1968 3598 2171 3651 sanctis
2198 3596 2321 3651 Dei-

736 3710 843 3760 que
885 3691 1141 3745 Ecclesia:
1194 3688 1498 3758 magistris,
1559 3689 1626 3742 de
1687 3704 1820 3742 sana
1877 3688 2314 3743 Christianorum

738 3782 840 3835 fide
882 3781 1166 3842 docemur,
1197 3778 1297 3831 ista
1344 3776 1457 3830 fere
1491 3785 1619 3831 sunt
1650 3791 1663 3828 :
1693 3790 1858 3844 quam
1894 3777 2156 3845 et'eorde
2192 3792 2315 3833 ere-

733 3874 864 3928 dere
891 3870 1151 3924 debemus
1184 3868 1249 3922 ad
1278 3868 1572 3937 justitiam,
1601 3878 1654 3921 et
1682 3883 1776 3920 ore
1802 3867 2047 3921 confiteri
2068 3869 2131 3921 ad
2164 3868 2313 3923 salu-

735 3972 868 4025 tem,
945 3961 1023 4013 uti
1095 3958 1296 4011 Ductor
1362 3960 1608 4029 gentium
1673 3960 1914 4013 decrevit
1973 3958 2018 3989 ⁸²
2059 3976 2072 4012 :
2118 3979 2135 4010 ι
2200 3958 2315 4015 Nisi

732 4053 879 4105 enim
912 4068 1029 4105 eam
1058 4052 1181 4119 quis
1212 4052 1447 4105 fideliter
1484 4050 1801 4111 crediderit,
1828 4052 2012 4105 salvus
2051 4066 2171 4107 esse
2206 4067 2315 4105 non

736 4146 953 4214 poterit,
1018 4162 1036 4194 ι
1076 4152 1135 4195 ιιι
1176 4159 1403 4210 magnus
1446 4143 1781 4197 Athanasius
1859 4144 1911 4195 in
1970 4144 2319 4201 confessione

2499 3600 2639 3651 Ὅσα
2682 3601 2781 3666 μὲν
2837 3596 2930 3653 οὖν
2978 3600 3132 3670 παρὰ
3164 3602 3261 3670 τῆς
3295 3603 3455 3667 ἁγίας
3488 3602 3707 3669 Γραφῆς
3745 3605 3837 3652 καί
3894 3603 4001 3651 τιῖιν

2426 3690 2596 3755 ἁγίων
2630 3690 2725 3742 καὶ
2748 3690 3085 3743 διδασκάλων
3107 3694 3205 3761 τῆς
3237 3693 3328 3745 τοῦ
3349 3692 3484 3744 Θεοῦ
3519 3691 3845 3763 Ἐκκλησίας
3874 3709 3935 3743 πε
3948 3698 4001 3760 pl.

2423 3782 2521 3850 τῆς
2577 3782 2763 3848 ὑγιοῦς
2797 3782 2904 3833 τῶν
2938 3785 3285 3853 Χριστιανῶν
3347 3783 3581 3846 πίστεως
3607 3784 3998 3853 διδασκόμεθα,

2422 3872 2597 3924 ταῦτά
2629 3876 2778 3924 ἐστιν
2815 3874 2883 3941 ἥν
2917 3877 3011 3927 καὶ
3039 3876 3240 3947 καρδίᾳ
3275 3876 3557 3928 πιστεύειν
3589 3875 3883 3945 ὀφείλομεν
3922 3881 4004 3936 εις

2424 3964 2792 4033 δικαιοσᾶνην,
2837 3969 2931 4018 καὶ
2967 3968 3201 4035 στόματι
3229 3966 3516 4035 ὁμολογεῖν
3567 3967 3646 4028 είς
3699 3966 4001 4034 σωτηρίαν,

2424 4056 2496 4118 ὼς
2522 4059 2549 4109 ὁ
2584 4058 2905 4120 διδάσκαλος
2939 4063 3047 4111 τῶν
3088 4058 3258 4111 ἑονὼν
3287 4059 3629 4128 ἀπεφήνατο.
3662 4074 3680 4106 ι
3716 4056 3933 4123 Ταύτην
3980 4076 3998 4106 ι

2426 4148 2537 4217 γὰρ
2570 4151 2664 4201 ἐὰν
2690 4151 2764 4218 μή
2802 4168 2885 4211 τις
2923 4151 3128 4211 πιστῶς
3159 4150 3448 4220 πιστεύσῃ,
3488 4150 3731 4217 σωθῆναι
3754 4150 3812 4201 οὗ
3840 4149 4003 4199 δύνα-

737 4239 859 4293 fidei
889 4238 954 4291 ad
982 4236 1185 4291 Julium
1220 4251 1414 4307 papam
1456 4236 1762 4290 l’ioniannm
1791 4240 2049 4307 scriptam
2084 4239 2318 4307 adjecit:
2383 4276 2402 4305 χ
2430 4255 2486 4290 τα

2255 4240 2318 4293 it:
2383 4276 2402 4305 χ
2430 4255 2541 4300 ται,
2582 4258 2598 4289 ι
2626 4240 2703 4301 ὡς
2742 4243 2768 4293 ὁ
2793 4241 2967 4309 μέγας
3016 4241 3335 4304 Ἀθανάσιος
3362 4240 3475 4311 (90)
3508 4241 3565 4292 ἐν
3596 4242 3662 4309 τῇ
3695 4239 3827 4308 πρὸς
3874 4238 4004 4290 Ἰού-

805 4416 858 4491 ’l
892 4415 1081 4467 Mgllllt.
1120 4413 1326 4491 VIILQI.
1477 4414 1603 4463 Ltlt'.
1630 4426 1706 4485 ri,
1734 4410 1818 4462 ιίίῖ.
1900 4408 1943 4439 ⁷⁸
1978 4409 2139 4491 uti".
2174 4424 2247 4473 ιι,
2270 4410 2323 4463 6.
2400 4409 2554 4465 "Jac

2270 4410 2323 4463 6.
2400 4409 2576 4465 "Jac.
2604 4427 2662 4465 ιι.
2693 4410 2784 4477 20,
2807 4411 2897 4467 26.
2972 4412 3019 4443 "
3037 4410 3301 4483 ΙΙοιιιι.ειι,
3322 4412 3412 4468 50.
3492 4413 3535 4443 τ’
3565 4410 3754 4465 Matth.
3781 4426 3879 4491 vn,
3912 4408 4002 4461 Ἠ.

738 4485 782 4515 δυ
816 4484 1002 4538 Matth.
1036 4500 1128 4547 vn,
1170 4483 1252 4535 15.
1330 4486 1370 4513 ⁸·
1414 4484 1544 4535 ibid.
1624 4482 1667 4511 '“
1705 4486 1859 4532 ιιυηι.
1893 4495 1945 4533 .\.
1988 4481 2072 4533 10.

810 4641 924 4709 (90)
985 4641 1080 4703 Ὠς
1149 4641 1179 4709 ὀ
1226 4638 1416 4705 μέ;ας
1480 4635 1859 4709 Ἀριιιὴάσιοᾳ

737 4707 1116 4765 Athanasiano
1149 4708 1447 4760 luculenter
1468 4707 1686 4773 scripsit
1714 4707 1793 4759 vir
1818 4708 2030 4771 egregie
2048 4710 2240 4760 doctus
2261 4722 2326 4760 ac

737 4782 1041 4835 catholicus
1070 4778 1223 4832 .Gilb.
1258 4776 1671 4835 Geuebrarttus,
1721 4780 2005 4845 theologus
2053 4775 2325 4831 Parisien-

740 4856 849 4914 sis;
893 4866 993 4903 nec
1024 4850 1132 4901 alia
1175 4848 1502 4915 auctoritate
1536 4862 1733 4915 magno
1767 4847 2069 4900 Athanasio
2105 4848 2327 4909 asserit,

740 4938 905 4992 quam
960 4920 1052 4992 illa
1113 4920 1246 4992 ipsa
1277 4914 1525 4992 Gregorii
1570 4914 1854 4984 'l‘heologt,
1908 4932 2014 4984 qua
2059 4932 2191 4992 usus
2244 4926 2330 4971 est

739 4987 926 5046 uoster
957 4988 1173 5042 Maunel
1207 4987 1474 5050 Caleeas;
1504 5002 1569 5040 es
1602 5001 1709 5053 qua
1742 4996 1921 5039 tamen
1957 5002 2068 5038 rem
2102 4988 2327 5041 minime

736 5062 933 5119 contici
965 5061 1223 5113 arbitror.
1250 5057 1519 5125 Loquitur
1544 5058 1841 5126 Gregorius
1862 5058 1927 5110 de
1951 5055 2325 5119 confessione,

739 5149 834 5187 seu
870 5131 1106 5183 formula
1143 5129 1265 5184 fidei
1300 5130 1482 5180 otilala
1513 5126 1743 5181 Joviano
1790 5128 2043 5194 princrpi,
2072 5141 2195 5178 eum
2242 5129 2330 5180 ille

743 5208 813 5257 ab
853 5201 1156 5254 Athanasio
1187 5202 1511 5251 documenta
1544 5198 1666 5250 fidei
1705 5197 1977 5263 [icliiSSCl,
2007 5198 2237 5265 ejusque
2265 5212 2331 5251 ac

743 5272 1158 5327 Ca'liulicorum
1190 5267 1637 5321 communionem
1693 5267 1949 5329 ambiret,
1995 5268 2331 5319 tentantibus

743 5343 965 5396 Arianis
1019 5339 1123 5393 sibi
1180 5341 1360 5406 ipsum
1424 5336 1699 5397 addicere,
1752 5343 1919 5403 atque
1980 5336 2125 5388 illius
2177 5336 2326 5390 abuti

745 5423 1038 5484 potestate,
1071 5410 1153 5484 uti
1182 5411 1391 5474 pridem
1434 5408 1486 5457 iu
1523 5406 2153 5484 tgotistauttonft-cerant,
2184 5414 2331 5474 post—

744 5474 1081 5551 iuotlumqtte
1133 5480 1384 5533 fecerunt
1431 5495 1484 5551 in
1544 5475 1791 5551 Valente.
1852 5474 2083 5529 Exstant
2133 5494 2323 5551 eorum

742 5548 1009 5609 uitietsus
1044 5551 1407 5604 Athanasium
1468 5548 1934 5615 iuterpellationes
1983 5562 2035 5599 et
2075 5550 2323 5616 repulsae.

742 5627 904 5680 Fides
935 5638 1065 5693 ergo
1094 5633 1147 5675 et
1170 5622 1463 5693 confessio
1492 5616 1726 5670 Joviano
1756 5618 1937 5670 oblata
1960 5620 2053 5693 “ab
2085 5619 2326 5693 Athana-

740 5713 843 5760 sio,
894 5688 1022 5762 ipsa
1046 5702 1131 5745 cst
1162 5691 1381 5744 Mezenti
1436 5690 1587 5762 fides,
1624 5688 2011 5762 paucaque-ulli
2042 5690 2225 5762 addita
2258 5690 2327 5743 de

740 5758 1029 5823 divinitate
1065 5762 1305 5832 Spiritus
1360 5760 1562 5823 saneti,
1599 5775 1725 5827 qua:
1773 5762 1855 5815 sic
1888 5758 2184 5829 Gregorius
2234 5775 2330 5814 es-

1936 4637 2011 4690 De
2063 4635 2323 4705 Symbolo
2356 4638 2399 4693 D
2430 4636 2602 4691 tulit:
2656 4634 2819 4705 atque
2872 4636 3253 4691 Occidentales
3306 4647 3358 4690 et
3408 4635 3715 4692 Orientales
3746 4636 4005 4704 deiuccps

2431 4716 2723 4760 veneratos
2752 4721 2874 4761 esse
2922 4709 2997 4760 ait
3039 4724 3051 4761 :
3093 4708 3311 4772 Πρῶτος
3356 4710 3453 4759 καὶ
3509 4708 3690 4774 μόνος,
3728 4707 3755 4774 ἧ
3807 4707 4006 4773 κομιδῆ

2432 4779 2531 4829 σὺν
2576 4776 2781 4847 ὀλίγοις
2824 4778 3112 4847 ἀποτολμᾷ
3142 4781 3240 4845 τὴν
3270 4777 3533 4845 ἀλήθειαν
3587 4777 3772 4843 σαφῶς
3804 4777 4011 4827 οὑτωσὶ

2434 4849 2527 4900 καὶ
2557 4846 2884 4917 διαρρήδην,
2906 4848 3014 4899 τῶν
3062 4846 3230 4917 τριῶν
3264 4847 3391 4913 μίαν
3423 4848 3653 4917 οεότιγτα
3687 4849 3780 4898 καὶ
3820 4848 4009 4897 οὐσίαν

2434 4917 2731 4987 ἐγγράφως
2757 4916 3107 4985 ὁμολογήσας
3134 4931 3148 4945 ’
3209 4916 3423 4969 Primus
3478 4916 3568 4969 ille
3602 4932 3664 4967 ac
3711 4920 3878 4975 solus,
3914 4925 4009 4967 aut

2432 5004 2553 5041 cum
2605 4988 2893 5039 admodum
2927 4992 3133 5054 paucis,
3166 4987 3439 5040 veritatem
3486 4988 3663 5055 palam
3710 4987 4012 5053 apertisque

2433 5059 2602 5111 verbis
2632 5060 2969 5125 promulgare
2998 5074 3103 5110 non
3140 5058 3422 5122 dubitavit,
3451 5073 3610 5109 unam
3644 5059 3807 5109 trium
3833 5072 4015 5124 perso-

2429 5145 2620 5181 narum
2657 5128 2984 5179 divinitatem
3028 5136 3077 5180 et
3128 5131 3411 5181 essentiam
3462 5128 3658 5195 scripto
3717 5131 4011 5192 confessus.

2432 5199 2486 5252 Id
2515 5199 2773 5251 nimirum
2808 5197 3141 5251 Athanasius
3175 5200 3254 5251 sic
3284 5208 3604 5259 exsecutus,
3639 5197 3868 5265 cpistola
3922 5197 4012 5248 illa

2428 5284 2592 5337 quam
2628 5268 2795 5321 refert
2843 5268 3244 5333 Theodoretus,
3298 5270 3334 5322 Ι.
3372 5284 3421 5320 tv
3471 5271 3725 5320 Historia:
3760 5265 4011 5337 Aliccles"

2428 5334 2479 5393 (Ξ.
2532 5339 2586 5402 3,
2647 5352 2766 5406 qua:
2819 5354 2925 5408 una
2978 5338 3255 5407 esplodit,
3310 5337 3695 5408 qttithuidde
3748 5334 4014 5408 Symbolo

2430 5356 2479 5393 e.
2533 5353 2586 5402 ι),
2647 5353 2766 5406 qua:
2819 5354 2925 5391 una
2978 5353 3255 5407 esptoutt,
3310 5353 3438 5408 qtnu
3486 5353 3575 5390 uia
3627 5353 3695 5391 ue
3749 5353 4014 5407 aymuoro

2430 5409 2826 5473 Athanasiano,
2860 5406 3157 5463 Dominicis
3188 5409 3384 5463 diebus
3418 5353 3483 5462 aii
3522 5406 3758 5461 Primam
3791 5406 4016 5462 reeitari

2435 5482 2616 5537 solito.
2652 5478 2728 5531 illi
2775 5481 2959 5533 oblato
2991 5480 3060 5533 ad
3103 5480 3223 5547 ejus
3278 5479 3618 5533 formandam
3674 5480 3855 5540 fidem,
3886 5492 4013 5529 cum

2437 5548 2870 5621 prius_Tt-everis
2910 5550 3041 5602 illud
3070 5550 3403 5621 scripsisset,
3438 5560 3497 5603 ut
3530 5550 3650 5603 fidei
3696 5564 3810 5601 sua:
3840 5548 4014 5621 ratio:

2440 5618 2561 5676 item
2589 5619 2739 5674 Julio
2772 5634 2923 5689 papa:
2952 5618 3222 5683 redderet,
3255 5621 3340 5674 vel
3369 5618 3775 5680 Genebiardus,
3806 5618 3889 5689 vel
3918 5618 4013 5672 alii

2439 5695 2731 5761 scripsere.
2770 5688 2889 5744 Alia
2935 5692 3073 5744 ratio
3108 5692 3428 5746 instituendi
3476 5688 4015 5761 Christianissimum

2441 5760 2761 5835 priueipem,
2792 5777 2888 5816 seu
2919 5775 3084 5817 etiam
3117 5776 3274 5819 suam
3312 5762 3473 5819 fidem
3514 5763 3705 5817 tuendi
3739 5776 3802 5816 ac
3845 5760 4015 5814 satis-
