4428 6444
801 396 910 457 663
1943 401 2273 460 JOANNIS
2309 401 2550 458 CYPAR

2309 400 2878 458 CYPAIHSSIOTE
3919 407 4023 469 664

802 522 942 573 quc;
990 507 1092 557 inc.
1136 505 1257 557 Τῶν
1287 508 1387 572 μὲν
1413 508 1777 574 ἡγησαμένων
1811 506 2030 574 βιϐλίων
2066 510 2128 561 τό
2161 526 2221 561 τε
2255 512 2539 578 πρότερον.

2277 512 2539 578 πρότερον.
2581 509 2716 562 Add.
2749 509 3044 562 Montl’auc.
3077 509 3215 563 Bibl.
3270 511 3510 566 biblioth.
3578 513 3707 568 Mss.
3747 529 3801 583 p.
3844 515 3948 570 752
3983 516 4026 570 Ε

799 602 852 645 et
884 591 983 643 776
1015 593 1054 643 (ἐ
1087 591 1153 644 de
1183 591 1342 644 codd.
1381 590 1555 645 Paris.
1599 591 1820 658 (ΙΙΑιιι.)

869 676 1101 743 Scripsit
1139 675 1506 744 Cyparissiota
1541 688 1659 742 post
1693 676 1980 745 Nicephori
2023 679 2276 747 Grcgora:
2325 680 2558 744 obitum,
2585 682 2740 750 cujus
2767 683 2998 735 cadaver
3027 683 3305 738 Palamitis
3336 686 3570 739 ludibrio
3599 687 3846 740 habitum
3883 687 4025 740 indi-

797 772 990 827 gnatur
1015 762 1150 814 libro
1183 778 1233 814 IV
1266 761 1712 814 Pulamiticarum
1762 766 2266 832 transgressionum,
2296 765 2384 818 ubi
2409 775 2607 818 statum
2637 769 2895 821 miserum
2940 770 3194 824 Ecclesia:
3221 770 3523 824 CPolitana:
3557 775 3660 824 sub
3696 773 4023 840 patriarchis

798 849 1134 902 Palam'tticis
1163 864 1255 914 per
1285 850 1471 902 decem
1500 851 1833 917 quaestiones
1875 852 2138 918 depingit.
2183 851 2358 906 Natus
2399 852 2675 921 Gregoras
2704 869 2834 907 ann.
2873 855 3029 910 1295.
3065 871 3172 907 non
3221 867 3343 908 ante
3378 873 3509 909 ann.
3541 858 3680 911 1560
3715 859 3871 918 obiit,
3901 874 4023 909 cum

799 935 1041 988 lii-toria:
1069 935 1228 988 telam
1269 951 1439 1002 usque
1467 936 1531 986 ad
1569 952 1693 987 ann.
1728 936 1867 988 1559
1902 947 2203 1004 pertextam
2231 939 2298 990 ab
2340 953 2403 990 eo
2438 939 2753 991 habeamus.
2791 938 3003 1007 (FABK)
3039 941 3102 994 ν.
3135 941 3285 994 Saxii
3329 947 3518 994 Onam.
3561 944 3644 996 lit.
3678 943 3755 1006 ll,
3790 959 3844 1011 p.
3878 943 3984 996 380
4008 983 4023 1004 ,

799 1023 860 1070 ad
891 1035 1019 1072 ann.
1048 1020 1178 1072 Chr.
1218 1022 1373 1074 1570.
1404 1051 1472 1059 —-
1507 1022 1705 1074 Uudin.
1740 1021 1951 1074 Comm.
1981 1024 2045 1074 de
2081 1022 2182 1077 SS.
2217 1024 2359 1075 Eccl.
2401 1034 2530 1076 tom.
2567 1024 2606 1075 ll
2631 1064 2645 1086 ,
2681 1027 2787 1078 col.
2823 1026 2962 1078 1069.
2993 1041 3115 1093 seq.
3151 1028 3214 1079 ad
3251 1044 3379 1080 ann.
3425 1029 3596 1091 1360,
3632 1031 3725 1095 qni
3765 1030 4023 1089 adnotat,

803 1106 1196 1169 h'.rposilionem
1234 1109 1632 1159 elementariam
1657 1148 1669 1167 .
1713 1127 1761 1162 s.
1808 1113 2152 1162 materiarum
2201 1110 2385 1163 haberi
2418 1111 2602 1162 Graece
2631 1111 2682 1162 in
2725 1111 2856 1162 bibl.
2899 1111 3040 1176 regis
3086 1113 3310 1180 llispan.
3343 1125 3394 1166 et
3437 1115 3620 1166 llomse
3649 1114 3789 1166 inter
3819 1116 4020 1175 libros,

793 1210 932 1261 quos
969 1197 1272 1247 'l‘urrianns
1316 1198 1462 1248 dedit
1508 1199 1792 1261 societati;
1828 1209 1880 1250 et
1910 1196 2073 1250 llenr.
2104 1195 2391 1253 Wharlon.
2423 1199 2473 1250 in
2504 1197 2751 1264 Append.
2788 1195 2855 1249 ad
2884 1196 3043 1249 CaVei
3077 1198 3216 1253 υἱεῖ.
3263 1200 3369 1252 litt.
3403 1197 3505 1254 SS.
3543 1198 3687 1253 Eccl.
3723 1199 3761 1252 ll
3784 1241 3798 1262 ,
3835 1215 3888 1268 p.
3923 1200 4026 1263 (35,

793 1285 855 1334 ad
893 1300 1020 1338 ann.
1060 1285 1213 1336 1360.
1247 1283 1470 1348 (“Atil”)

1693 1664 2850 1796 ΚΥΠΑΡΙΣΣΙΩΤ
2861 1668 3094 1797 ΟΥ

1205 1917 1505 2027 ΤΩΝ
1587 1910 2529 2030 ΠΑΛΑΜΙΚΩΝ
2596 1911 3600 2027 ΠΑΡΑΒΑΣΕΩΝ

2133 2133 2644 2223 ΛΟΓΟΣΑᾏ

1635 2497 3190 2656 CYPARISSIOTfE

1067 2786 2248 2912 PALAMITICARUM
2373 2786 3758 2906 TRANSGRESSIONUM

2121 3022 2518 3115 SERMO
2616 3028 2699 3112 L

857 3371 1010 3435 Quod
1045 3385 1150 3424 non
1184 3371 1310 3424 licet
1337 3369 1568 3424 Joannis
1596 3368 1980 3439 Cyparissiotm
2012 3368 2346 3423 Palamicum
2378 3384 2542 3424 omne
2561 3385 2702 3438 opus
2728 3370 2780 3422 in
2813 3383 2933 3422 meo
2965 3370 3228 3423 Auctario
3263 3370 3507 3439 vulgare,
3556 3385 3620 3425 ac
3660 3371 3821 3437 quale
3851 3373 4038 3440 spisSo

784 3461 1061 3512 voltunine
1090 3459 1314 3526 majore,
1341 3459 1529 3511 charta
1553 3458 1874 3524 bombycina
1905 3458 2170 3524 explicata
2203 3458 2588 3528 continetgaza
2615 3459 2814 3527 Regia;
2843 3474 3010 3511 unum
3045 3459 3221 3525 ipsum
3244 3459 3396 3526 justo
3422 3475 3516 3524 par
3539 3469 3704 3521 tomo,
3740 3461 3783 3514 si
3809 3463 4033 3527 quando

789 3562 912 3601 cum
955 3546 1145 3598 Latina
1181 3545 1430 3598 versione
1466 3545 1610 3612 juris
1642 3544 1846 3612 publici
1878 3544 1992 3596 lieri
2029 3543 2338 3612 contigerit,
2390 3545 2535 3598 doeti
2564 3547 2796 3615 alicujus
2829 3548 2980 3600 curis
3021 3562 3084 3600 ac
3113 3556 3315 3601 marte:
3346 3548 3604 3616 quodque
3636 3564 3764 3601 vero
3798 3548 3880 3602 fas
3918 3564 4028 3601 non

787 3646 892 3694 est,
933 3635 1038 3687 hoc
1071 3635 1122 3684 in
1149 3634 1368 3700 pulvere
1403 3634 1666 3693 versanti,
1717 3633 2014 3683 Auctorem
2047 3641 2281 3694 tantum,
2336 3641 2389 3684 et
2412 3635 2502 3701 qui
2532 3634 2585 3685 in
2629 3649 2792 3686 manu
2824 3634 2916 3696 sit,
2962 3635 3083 3702 ejus
3107 3635 3236 3687 mihi
3265 3635 3443 3688 oblata
3473 3637 3629 3704 copia
3660 3637 4032 3689 insalutatum

792 3725 1118 3790 relinquere,
1151 3733 1204 3774 et
1246 3731 1302 3773 ut
1334 3729 1520 3772 nostro
1547 3719 1755 3772 Calcca:
1825 3719 2015 3772 eadem
2041 3720 2153 3785 ipsa
2183 3719 2436 3788 palaestra
2489 3719 2588 3786 ipsi
2614 3720 2901 3786 aequalem,
2937 3719 3440 3788 Palamitarumque
3481 3720 3818 3789 proﬂiganda
3863 3722 4030 3789 impia

789 3823 1214 3881 portentosaqne
1243 3807 1548 3877 nugacitate
1579 3807 1787 3874 pridem
1814 3809 2079 3866 sodalem,
2103 3821 2207 3858 non
2242 3815 2296 3859 et
2326 3805 2646 3866 antistitem,
2673 3821 2790 3858 mea
2829 3806 2928 3860 hac
2961 3806 3354 3875 Antipalamica
3391 3808 3792 3869 lucubratione,
3827 3807 4030 3860 leviore

784 3907 974 3953 saltem
1008 3898 1202 3950 addam
1247 3911 1506 3948 munere:
1539 3909 1718 3962 operte
1750 3894 1981 3960 pretium
2045 3894 2251 3962 putavi,
2284 3903 2340 3945 ut
2372 3908 2436 3946 ex
2470 3902 2620 3946 tanta
2652 3893 2773 3960 ejus
2804 3892 2981 3960 λόγων
3007 3896 3187 3962 (quos
3223 3903 3380 3948 vocat
3413 3893 3431 3961 )
3459 3903 3662 3963 segete.
3701 3909 3764 3948 ac
3790 3893 3845 3947 in
3880 3908 4028 3962 quos

787 3988 934 4056 aqua
958 3985 1196 4052 (Libros)
1233 3982 1446 4047 dividit,
1491 3979 1583 4033 Vir
1626 3997 1750 4033 vere
1772 3980 1994 4049 sapiens
2017 3980 2189 4049 (quod
2230 3980 2278 4032 ei
2310 3979 2747 4045 singularissime
2783 3993 2983 4034 nomen
3021 3980 3305 4048 multiplex
3339 3980 3597 4046 eruditio,
3637 3981 3856 4050 altaque
3887 3981 4032 4034 divi-

792 4089 985 4126 nurum
1018 4072 1494 4134 humanarumque
1523 4084 1706 4120 rerum
1734 4068 1995 4136 cognitio,
2028 4067 2318 4135 magniﬁco
2359 4065 2520 4120 titqu
2554 4065 2778 4134 peperit)
2803 4081 2971 4120 unum
3007 4069 3252 4120 omnium
3289 4068 3524 4136 primum
3554 4083 3585 4122 e
3609 4077 3848 4137 quatuor
3874 4068 4032 4135 primi

783 4163 928 4222 hbri,
979 4161 1180 4226 λόγω-ν,
1227 4158 1322 4210 tibi
1360 4157 1471 4219 hic,
1519 4156 1690 4208 lector
1722 4168 2078 4221 reponerent:
2111 4153 2256 4222 quod
2285 4154 2397 4218 illo,
2435 4153 2703 4223 quidquid
2736 4163 2820 4209 est
2871 4153 3132 4210 Palamici
3165 4155 3420 4221 l'urluris,
3456 4158 3686 4226 ejusque
3717 4157 4022 4227 originum,

782 4246 1223 4302 lttcttlenlissitne
1254 4260 1578 4312 expressum
1608 4244 1916 4312 elisumque
1961 4241 2040 4296 sis
2070 4241 2533 4311 deprehensurus,
2566 4251 2620 4296 et
2644 4250 2704 4298 ut
2733 4242 2778 4297 is
2821 4257 2984 4307 unus,
3020 4243 3264 4296 omnium
3303 4245 3424 4298 loco
3457 4245 3552 4298 tibi
3586 4259 3707 4298 esse
3737 4245 3928 4311 possit,
3973 4244 4025 4299 si

782 4334 947 4388 μμιάυ
967 4350 1090 4388 cum
1127 4333 1320 4388 Caleca
1360 4332 1679 4385 contuleris.
1722 4329 1838 4397 Ipsa
1865 4330 2109 4383 au‘ctoris
2139 4339 2294 4395 mtas,
2321 4344 2386 4384 ex
2415 4329 2507 4384 illo
2536 4329 2632 4383 tibi
2662 4329 2811 4383 clara
2837 4328 2969 4395 erit;
2998 4330 3198 4383 nedum
3238 4331 3384 4398 quod
3414 4331 3487 4385 ita
3519 4339 3644 4399 post
3671 4331 3946 4384 Palamam
3982 4341 4036 4384 et

779 4422 1071 4482 ls.dornm,
1098 4421 1602 4485 l’alamitarnmque
1635 4415 1868 4468 Tomum
1893 4414 2059 4485 (haud
2096 4431 2257 4470 secus
2290 4431 2352 4470 ac
2373 4416 2619 4488 Calecas)
2646 4419 2860 4484 scribit,
2889 4420 2983 4473 sed
3014 4428 3068 4473 et
3097 4418 3243 4488 quod
3270 4435 3441 4474 annos
3467 4421 3794 4489 quingentos
3819 4431 4038 4489 septua-

799 4513 970 4577 ginta,
1009 4526 1072 4562 ac
1130 4508 1202 4563 iis
1225 4507 1430 4576 plures,
1465 4509 1532 4558 ab
1575 4506 2058 4558 lconomacborum
2087 4514 2263 4572 empta
2295 4505 2508 4572 haeresi,
2543 4507 2610 4560 ad
2636 4523 2791 4560 suam
2823 4507 2951 4560 inde
2979 4516 3195 4562 aetatem
3233 4508 3458 4562 statuit:
3493 4523 3607 4577 quo
3638 4508 3785 4561 falso
3810 4510 4040 4562 omnino

790 4598 970 4652 Coccii
1003 4597 1348 4662 aliorumque
1403 4593 1653 4647 calculos
1677 4591 1918 4646 ostendit
1950 4595 2027 4656 (et
2057 4592 2102 4644 si
2127 4591 2480 4648 Colonienses
2505 4595 2680 4647 secuti
2734 4594 2884 4662 sunt)
2919 4595 3122 4662 quibus
3165 4594 3546 4647 existimaturi)
3596 4606 3842 4660 spectare
3876 4596 3943 4647 ad
3981 4611 4033 4648 XI

779 4710 793 4738 ι
815 4689 1002 4740 ircitcr
1033 4683 1294 4737 sarculum
1334 4699 1346 4733 :
1387 4697 1454 4734 eo
1486 4678 1877 4748 scilicet.quod
1905 4677 2023 4746 ejus
2061 4679 2328 4732 duntaxat
2373 4680 2606 4735 decedes
2639 4667 2912 4746 viderant;
2951 4696 3016 4734 ex
3049 4681 3252 4750 quibus
3281 4681 3348 4734 ad
3385 4681 3561 4734 anatis-
3590 4682 3712 4749 ejus
3767 4681 4035 4750 epocham

778 4775 836 4828 id
871 4787 1038 4825 immn
1075 4772 1209 4824 certi
1269 4769 1557 4830 habemus,
1614 4780 1717 4816 non
1751 4765 2062 4818 excessisse
2101 4763 2388 4834 Euthymii
2445 4777 2682 4832 aetatem,
2724 4784 2789 4822 ex
2816 4768 2976 4836 cujus
3011 4767 3276 4836 l‘anoplia
3320 4767 3538 4820 Maximi
3585 4769 3763 4820 locum
3815 4771 3866 4820 in
3904 4785 4040 4822 suos

781 4861 1048 4917 derivat-it
1075 4858 1340 4912 alveolos.
1377 4854 1628 4910 l’arturio
1660 4864 1713 4912 ct
1743 4853 2054 4914 diatribam
2080 4853 2300 4908 cvolnto
2328 4855 2474 4910 serio
2507 4856 2809 4923 volumine,
2847 4871 2911 4911 ne
2938 4856 3096 4926 quid,
3126 4855 3316 4910 lectori
3355 4856 3498 4909 desit
3527 4857 3635 4921 hic,
3671 4859 3810 4924 quod
3845 4857 3897 4909 in
3925 4873 4021 4910 rcn

780 4962 926 5003 tuam
968 4949 1243 5001 videatur.

1239 5053 1484 5110 INDEX
1540 5053 1896 5108 CAPITUJI.
2396 5064 2435 5117 Α
2823 5059 2982 5110 HINA

2396 5064 2435 5117 Α
2823 5057 3038 5110 ΠΙΛἎΞ
3075 5057 3211 5109 ῚὨΝ
3234 5058 3680 5111 ΚΕΦΑΛΛΙΩΝ.

782 5156 823 5205 1.
866 5153 937 5205 De
968 5167 1114 5219 pace,
1148 5161 1195 5202 et
1233 5148 1368 5215 quod
1425 5165 1539 5198 eam
1575 5146 1830 5199 Pnlamas
1862 5145 2182 5207 dissolverit,
2213 5145 2356 5212 {acta
2464 5145 2531 5200 α’.

2290 5157 2356 5198 :ta
2464 5145 2534 5200 a'.
2577 5146 2710 5212 Περὶ
2769 5147 3036 5214 εἰρήνης,
3089 5149 3185 5200 καὶ
3247 5148 3405 5213 ὅπως
3464 5149 3691 5214 ταύτην
3732 5149 4039 5216 napi-5.1an

810 5243 857 5294 ci
887 5242 952 5292 ad
979 5251 1179 5306 tempus
1215 5241 1290 5290 rei
1326 5239 1471 5289 renin
1502 5255 1518 5300 ;
1556 5253 1618 5289 ac
1652 5253 1770 5304 qua:
1805 5252 1970 5288 causa
1999 5251 2321 5288 sermonum.
2537 5239 2559 5288 I

2292 5253 2321 5288 ι.
2537 5235 2846 5304 Παλαμᾶς,
2879 5238 3029 5302 πρὸς
3065 5241 3275 5307 καιρὸν
3316 5238 3730 5305 συγχωρηθείς
3759 5252 3770 5263 ·
3813 5239 3912 5289 καὶ
3951 5240 4041 5302 τίς

2530 5331 2578 5395 ,ἡ
2627 5327 2742 5379 τῶν
2787 5329 2985 5396 λόγων
3027 5329 3205 5383 αἰτία.

771 5421 825 5472 2.
862 5417 980 5469 Non
1009 5433 1162 5483 posse
1192 5416 1493 5468 Palamilas
1545 5418 1839 5486 quidquam
1895 5433 2087 5487 negare
2123 5415 2364 5471 Palama:
2474 5421 2515 5490 β’

2294 5434 2364 5471 ἰω
2474 5421 2540 5490 β’.
2592 5421 2714 5471 Ὀτι
2742 5421 2813 5472 οὐ
2873 5420 3163 5473 δύνανται
3207 5418 3538 5486 Παλαμῖται
3575 5415 3961 5484 ἀρνήσασθαι
3987 5433 4043 5469 τι

841 5511 1296 5574 lucubrationum,
1328 5511 1404 5562 vel
1425 5510 1740 5579 cuiusquam
1768 5527 1969 5576 eorum,
1995 5513 2085 5582 qui
2106 5522 2224 5580 post
2245 5528 2361 5566 eum
2545 5531 2590 5564 τι

2296 5528 2361 5564 tm
2545 5511 2664 5564 τῶν
2713 5512 2818 5564 τοῦ
2856 5511 3105 5581 Παλαμᾶ
3136 5507 3636 5579 συγγραμμάτων,
3668 5507 3704 5575 ἢ
3736 5506 3851 5559 κᾶν
3881 5523 4045 5571 τινος

844 5607 1063 5668 [uerunt
2542 5623 2590 5656 τί

2542 5605 2657 5656 τῶν
2689 5605 2816 5671 μετ’
2855 5606 3062 5657 αὐτόν.

772 5697 830 5758 ὓ.
863 5694 1140 5757 Quomodo
1183 5692 1436 5747 l’alamas
1464 5697 1741 5750 exitiosum
1780 5698 1966 5767 dogma
2008 5699 2071 5750 ab
2101 5715 2278 5752 errore
2310 5707 2359 5752 et
2471 5704 2517 5766 γ’

2310 5707 2359 5752 et
2471 5704 2539 5766 γ’.
2579 5697 2778 5760 Ὅπως
2819 5697 2884 5746 ἐκ
2937 5694 3176 5760 πλάνης
3229 5695 3326 5746 καὶ
3370 5693 3779 5762 satior-smel“-
3818 5689 4044 5759 ἤρξατο

844 5786 1174 5840 contentione
1216 5790 1519 5854 ntupimtus
1562 5792 1653 5866 sit.
2545 5793 2593 5842 ll

2545 5785 2830 5858 Ιιαλιιμὰς
2881 5787 2983 5841 τοῦ
3024 5787 3316 5856 δόγματος
3364 5786 3470 5841 τίῦ
3525 5785 3823 5851 ὀλεθρίου.
