4428 6444
373 400 480 465 673

1142 393 1766 454 ΡΛῘΛΜῘΤΙΕΛΗΗΜ
1799 391 2094 452 TRANSG
2111 392 2547 453 RESSIONUM
2578 395 2799 452 LlBElt
2815 438 2831 455 .

3505 392 3608 452 674

376 514 486 580 γάρ
507 510 835 577 πεντήκοντα
864 508 957 558 καὶ
1014 505 1382 571 ἐϐδομήκοντα
1451 504 1654 556 τούτων
1708 505 1938 556 ἕκαστον
1970 508 2009 561 Α
2043 504 2123 571 vig

1855 521 1938 554 τον
1970 508 2009 561 Α
2043 504 2227 571 viguit,
2257 504 2571 573 Christique
2602 505 2897 559 Ecclesiam
2957 505 3255 573 grassando
3288 504 3555 564 infestat-it
3588 520 3604 557 :

378 601 719 655 ἔπολίτευσεν
744 598 859 665 ἔτη,
919 597 1011 649 καὶ
1046 594 1354 662 κατέδραμε
1392 594 1488 661 τὴν
1546 593 1639 646 τοῦ
1698 592 1937 659 Χριστοῦ

390 688 719 754 Ἐκκλησίαν
749 701 763 716 ·
795 684 1057 752 αἰφνίδιον
1093 684 1136 734 δ’
1167 682 1313 750 ὅμως
1354 676 1487 749 ἧκε-ι
1524 682 1609 733 ἐπ’
1652 682 1850 742 αὑτοὺς
1905 682 1938 748 ή

376 777 524 843 δίκη,
567 778 661 828 καὶ
682 774 777 826 νῦν
808 774 918 825 οὐδ’
949 772 1085 825 είσὶν
1136 772 1269 824 ὅπου
1300 769 1673 839 γνωρίζονται.
1733 768 1940 821 Οὑκουν

380 884 443 932 γε
476 865 661 918 λοιπὸν
689 863 797 916 οὐδ’
826 863 874 915 ot
901 864 1140 930 τήμερον
1181 860 1532 929 θορυϐοῦντες
1568 860 1659 911 ἐπὶ
1686 857 1817 908 πολὺ
1842 857 1940 923 τὴν

376 955 570 1024 ἡδονήν
605 954 1006 1023 καρπώσονται,
1054 952 1160 1004 οὐδ’
1193 954 1272 1013 είς
1321 952 1470 1012 τέλος
1522 950 1939 1016 ἑπιλησθήσεται

376 1049 410 1112 ἡ
439 1044 545 1096 τῶν
574 1044 817 1111 πενήτων
839 1040 1103 1108 ὑπομονὴ,
1132 1040 1242 1092 οὐδ’
1291 1039 1464 1107 ἀργὴν
1522 1039 1667 1089 ὲάσει
1713 1038 1942 1104 Χριστὸς

377 1134 477 1198 τὴν
510 1130 701 1199 paion
726 1128 836 1179 τῶν
860 1128 1071 1196 κλήρων
1104 1128 1266 1179 αὑτοῦ
1297 1143 1309 1156 ⁸
1345 1127 1457 1179 ἀλλ’
1499 1127 1531 1195 ἢ
1587 1127 1819 1194 παντελῆ
1852 1128 1943 1179 τὸν

375 1218 599 1287 ὗλεθρον
632 1220 728 1270 σὺν
774 1219 883 1278 τοῖς
944 1216 1299 1283 κακοδαίμοσι
1342 1216 1607 1267 τουτοισὶν
1656 1215 1943 1278 ὲξανιστῶν

377 1311 525 1376 ἡμᾶς
562 1310 655 1359 καὶ
689 1310 939 1374 μετάγων
964 1310 1041 1368 εἰς
1090 1307 1317 1373 ἀτίμους
1373 1306 1719 1375 κληρουχίας,
1774 1322 1941 1357 κατα-

378 1400 587 1465 στήσει.
613 1397 864 1465 καθάπερ
903 1398 995 1448 καὶ
1028 1397 1117 1449 τὸν
1166 1396 1434 1448 Ἰουδαίων
1469 1396 1597 1446 λαὸν
1656 1395 1938 1463 πρότερον,

374 1487 818 1554 εἰδωλαλοτρεὶας
843 1488 1023 1547 αὐτοῖς
1046 1485 1253 1537 ἔκτισιν
1280 1487 1378 1552 τὴν
1404 1484 1549 1553 παρά
1570 1485 1675 1535 τῶν
1692 1485 1942 1535 Βαὸυλω-

376 1578 507 1629 νίων
553 1580 646 1629 καὶ
715 1575 983 1645 Ἑλλήνων
1042 1574 1355 1643 ὲπιμετρῶν
1420 1576 1726 1642 πόρθησιν·
1786 1575 1945 1643 ἢτὴν

377 1666 647 1733 κραταιάν
685 1663 974 1733 ὑπερσχὼν
1013 1662 1175 1715 αὑτοῦ
1204 1666 1382 1731 χεῖρα,
1412 1664 1536 1723 τοὺς
1572 1664 1671 1730 μὲν
1726 1663 1946 1713 ἀπώσε-

374 1772 468 1807 ται
494 1754 769 1823 ταρτάρου
820 1751 1262 1821 συγκατακλείων
1313 1752 1493 1821 βυθοῖ;
1534 1766 1548 1780 ·
1602 1754 1747 1822 ήμᾶς
1790 1754 1836 1804 δ’
1887 1754 1945 1803 ἑν

2040 604 2256 659 repente
2283 604 2459 647 tamen
2492 596 2632 647 venit
2663 610 2825 661 super
2856 609 2947 648 eos
2980 596 3133 650 ultio.
3169 611 3231 647 ac
3282 596 3464 653 modo,
3536 612 3605 646 ne

2038 694 2104 731 an
2137 681 2242 733 sint
2269 683 2481 747 quidem
2514 694 2832 735 noscuntur.
2860 682 3007 736 llaud
3028 684 3169 736 enim
3200 697 3325 736 vero
3358 686 3446 750 qui
3469 699 3612 737 nunc

2038 773 2292 839 deinceps
2314 774 2529 826 turbant
2551 774 2870 835 Ecclesiatn,
2893 774 2982 827 diu
3014 775 3352 841 multumque
3371 776 3491 827 inde
3513 793 3613 826 vn-

2041 864 2297 927 luptatem
2334 872 2567 923 sument.
2594 874 2688 916 aut
2724 866 2774 915 ia
2804 866 2965 917 tinem
2995 866 3258 929 patientia
3305 880 3604 931 pauperum

2042 951 2094 1025 in
2123 951 2395 1006 oblivione
2422 955 2597 1010 erit",
2633 964 2725 1006 aut
2754 952 3004 1006 Christus
3032 953 3473 1018 virgamsuarum
3497 954 3608 1004 ba:-

2043 1040 2327 1092 reditatum
2359 1055 2476 1095 esse
2501 1043 2729 1093 otiosam
2760 1042 2899 1094 sinet
2933 1058 2947 1104 ;
2982 1042 3073 1094 sed
3102 1052 3191 1093 aut
3248 1045 3473 1093 omnino
3525 1044 3608 1093 in-

2046 1129 2208 1181 teritu
2250 1130 2471 1191 delebit,
2504 1146 2626 1183 cum
2654 1131 2955 1185 istiusmodi
2991 1132 3390 1184 miserabilibus
3424 1148 3449 1182 a
3511 1150 3609 1183 tto—

2044 1218 2173 1272 stris
2196 1234 2295 1273 nos
2326 1220 2567 1281 avulsos,
2596 1223 2661 1272 ad
2705 1222 2967 1287 ignobiles
3000 1226 3151 1274 sedes
3182 1223 3492 1281 traducens.
3526 1240 3615 1273 vis-

2045 1307 2125 1358 litt
2163 1308 2324 1359 etiam
2367 1309 2518 1375 prius
2545 1309 2834 1362 Iudaicum
2865 1312 3120 1377 populum
3150 1328 3164 1374 ;
3195 1314 3313 1377 ejus
3393 1315 3616 1365 sceleris

2047 1405 2205 1447 reatu
2232 1410 2339 1462 quo
2382 1396 2522 1447 idola
2583 1397 2853 1457 colebant,
2903 1398 3141 1450 cititatis
3199 1414 3260 1450 ac
3322 1403 3615 1465 provincia:

2048 1486 2355 1555 Babyloniis
2386 1488 2697 1555 Grmcisque
2724 1499 2892 1543 erutae
2926 1506 2988 1542 ac
3025 1501 3266 1553 vastata“,
3304 1508 3396 1544 eos
3457 1509 3616 1561 pmua

2048 1576 2284 1629 multans
2318 1593 2331 1639 ;
2360 1586 2450 1628 aut
2481 1588 2623 1631 certe
2656 1579 2863 1631 sublata
2904 1589 3121 1645 potente
3156 1596 3313 1631 manu
3357 1598 3477 1645 sua,
3518 1585 3619 1635 bus

2047 1668 2265 1735 quidem
2289 1668 2471 1719 tartari
2508 1670 2619 1722 imo
2651 1670 2772 1721 sinu
2798 1671 3088 1722 concludet
3114 1688 3126 1734 ;
3150 1686 3247 1723 nos
3268 1687 3396 1724 vero
3422 1673 3473 1725 in
3495 1675 3619 1725 bra—

2049 1758 2172 1811 ebio
2201 1761 2417 1811 excelso
2442 1759 2508 1812 ab
2543 1759 2817 1826 impietate
2856 1760 3060 1827 pariter
3094 1775 3158 1814 ac
3188 1763 3501 1830 captivitate
3552 1766 3618 1816 li-

377 1845 623 1915 βραχίονι
678 1843 866 1913 ὑψηλῷ
941 1842 1189 1903 ἀσεϐείας
1235 1842 1370 1910 ὁμοῦ
1427 1844 1517 1893 καὶ
1576 1843 1946 1911 αίλμαλωσίας
1979 1824 2019 1875 Β
2051 1850 2126 1903 bet

1864 1844 1946 1906 ίας
1979 1824 2019 1875 Β
2051 1850 2285 1910 beratos.
2312 1851 2585 1917 prioribus
2617 1824 2888 1919 dogmatis
2912 1852 3115 1917 pariter
3132 1863 3183 1905 et
3204 1824 3613 1925 se-nsibusjuri-

375 1937 632 2004 ἐξαίρει-θ,
679 1937 789 1994 τοῖς
840 1934 1106 2003 πρότερον
1142 1935 1537 2000 ἑγκαταστήσει
1586 1934 1678 1984 καὶ
1715 1935 1947 2001 δόγμασι

374 2029 472 2078 καὶ
501 2028 811 2094 φρονήμασι
845 2025 939 2076 καὶ
965 2022 1347 2090 πολιτεύμασι.

452 2118 563 2168 Καὶ
591 2116 764 2167 ταῦτα
797 2114 895 2184 μὲν
928 2112 1252 2176 ὲλπιζέσθω,
1283 2112 1380 2165 καὶ
1411 2114 1539 2180 παρ’
1574 2113 1729 2183 ήμῶν
1781 2114 1949 2166 αίτεί-

378 2212 494 2265 σθω
526 2212 589 2263 τά
612 2212 897 2281 κρείττονα
916 2212 1074 2275 ’,νυνὶ
1104 2208 1160 2259 δὲ
1186 2210 1475 2275 πειρατέον
1507 2208 1597 2259 τὸν
1623 2210 1778 2274 λόγον
1807 2209 1941 2272 διεξ-

376 2303 575 2367 ελθεῖν,
614 2302 711 2371 τὴν
737 2300 829 2353 τοῦ
866 2300 1059 2363 παντὸς
1106 2298 1428 2367 ὑπερούσιον
1455 2301 1943 2369 προστησαμένους

376 2393 625 2461 δύναμιν,
672 2394 813 2461 ὑπὲρ
834 2387 899 2461 ἧς
937 2393 1069 2460 ἡμῖν
1097 2391 1191 2441 καὶ
1218 2389 1389 2442 ταῦτα
1418 2390 1683 2459 τολμᾶται
1705 2407 1719 2421 ·
1748 2392 1947 2461 ἥκιστα

379 2487 483 2554 μὲν
517 2485 884 2553 βουλομένοις,
915 2485 1002 2537 διά
1059 2485 1119 2536 τὸ
1178 2484 1409 2551 χείλεσιν
1449 2485 1777 2553 ἀκαθάρτοις
1811 2483 1947 2537 Θεοῦ

380 2576 699 2645 μυστηρίων
728 2574 1023 2638 ἅπτεσθαι,
1061 2574 1403 2643 προάγεσθαι
1426 2590 1441 2605 ο
1483 2576 1543 2626 οὑ
1586 2580 1694 2644 μήν
1720 2575 1765 2627 δ’
1799 2577 1945 2643 ήστι·
1981 2626 1986 2633 ,

380 2668 572 2719 νοσοῦν
605 2668 770 2737 ἄλλης
804 2668 985 2720 εῖνεκα
1039 2666 1353 2737 φιλοτιμίας
1395 2668 1486 2720 τὸν
1533 2667 1689 2736 λόγον
1723 2685 1948 2739 προχειο

383 2762 712 2830 ριζομένοις,
770 2746 1158 2829 ἀπολογεῖσθαι
1202 2758 1261 2812 δὲ
1325 2760 1529 2829 μᾶλλον
1568 2762 1663 2813 ὑπ’
1706 2762 1949 2832 ἀνάγκης

381 2854 761 2921 ἑξαγομένοις.
797 2852 857 2903 El
893 2853 969 2920 μὴ
1001 2854 1107 2918 γὰρ
1138 2844 1213 2904 ὧν
1256 2854 1438 2914 κακῶς
1470 2853 1760 2921 ἀκούομεν,
1795 2855 1952 2919 λόγον

382 2946 778 3011 παράιχοιμεν,
808 2944 1047 3011 ἑκάστης
1078 2944 1291 3013 ἡμέρας
1331 2944 1489 3011 δίκην
1529 2945 1792 3013 κήρυκνς,
1844 2941 1939 2994 τοῦ

380 3042 448 3090 τά
484 3038 693 3106 πονηρά
725 3037 878 3090 ταῦθ’
922 3038 1320 3106 ὑπερασπίςειν
1355 3038 1601 3106 δόγματα
1636 3038 1828 3106 μισθὸν
1852 3037 1951 3107 τὴν

2050 1955 2154 2009 que
2182 1943 2493 2010 reipublicze
2524 1956 2587 1995 ac
2621 1941 2858 2011 propriis
2889 1942 3154 1996 institutis
3185 1946 3454 1999 restituet.

2122 2118 2320 2173 Verum
2357 2118 2470 2174 haec
2493 2120 2714 2189 quidem
2762 2132 3168 2191 exspectentur,
3207 2139 3271 2179 ac
3308 2141 3429 2194 qua:
3493 2137 3621 2182 sunt

2050 2210 2331 2278 potiora,a
2366 2210 2523 2262 nobis
2571 2219 2857 2276 petantur:
2921 2227 3064 2265 nunc
3127 2228 3255 2266 vero
3311 2217 3618 2270 conandum

2048 2309 2132 2353 est
2161 2307 2219 2351 ut
2245 2314 2547 2353 sermonem
2580 2314 2948 2365 exsequamur
2977 2319 2991 2364 ;
3018 2303 3094 2354 rei
3120 2304 3299 2356 omnis
3340 2319 3402 2357 ac
3461 2307 3622 2358 moli-

2051 2390 2216 2443 tionis
2244 2392 3152 2457 anspteem,supersubstantialem
3223 2396 3481 2449 virtutem
3525 2414 3624 2449 nu-

2053 2480 2135 2533 bis
2190 2489 2515 2543 statuentes,
2548 2479 2706 2547 cujus
2751 2483 2913 2534 etiam
2944 2484 3116 2550 gratia
3176 2485 3287 2536 haec
3337 2487 3623 2550 audemus,

2054 2572 2276 2626 minime
2306 2573 2525 2640 quidem
2562 2572 2663 2639 ipsi
2694 2582 2891 2639 sponte
2920 2589 3033 2625 rem
3094 2576 3491 2642 aggredientes,
3559 2593 3623 2629 eo

2051 2665 2194 2735 quod
2229 2665 2450 2735 pollutis
2511 2665 2671 2719 labiis
2721 2664 2808 2718 Dei
2867 2666 3191 2731 mysterium
3250 2667 3624 2737 attingendum

2052 2752 2442 2823 assumamus;
2503 2758 2644 2813 haud
2684 2766 2867 2813 tamen
2926 2759 3089 2814 ullius
3142 2770 3401 2828 preterea
3452 2763 3627 2813 ambi-

2055 2849 2220 2903 tionis
2253 2864 2415 2902 causa
2457 2861 2736 2903 certamen
2786 2851 3065 2914 ineuntes,
3105 2853 3194 2905 sed
3255 2856 3400 2920 quod
3456 2854 3628 2921 magis

2056 2941 2379 2994 necessitate
2409 2942 2475 2994 ad
2505 2942 2949 3009 respondendum
2994 2958 3276 3010 cogamur.
3312 2944 3429 2995 Nisi
3480 2946 3627 2996 enim

2054 3047 2522 3102 corum,quorum
2553 3033 2770 3085 nomine
2814 3032 2954 3087 male
3006 3034 3291 3098 audimus,
3362 3035 3628 3087 tationem

383 3128 675 3197 προεδρίαν
700 3128 977 3196 λαχόντος,
1024 3127 1426 3196 ίπιὸοωμένου,
1460 3131 1552 3180 καὶ
1603 3129 1951 3181 κατυποϐἀλ-
1975 3145 2021 3209 C
2059 3139 2132 3179 ret

1880 3129 1951 3180 ιλο
1975 3145 2021 3209 C
2059 3122 2483 3189 reddiderimus,
2514 3142 2637 3178 eum
2671 3126 2919 3194 quotidie
2980 3128 3247 3194 preconis
3292 3143 3467 3191 more,
3535 3132 3629 3197 qui

377 3217 565 3278 λοντος
613 3219 763 3286 ἡμᾶς
804 3221 921 3280 ταῖς
972 3219 1476 3287 παλαμναιοτάταις
1526 3221 1723 3289 ἀραῖΗ
1772 3221 1863 3273 καὶ
1898 3221 1952 3274 τί

382 3314 484 3383 μὲν
512 3315 574 3366 οὑ
604 3314 1023 3381 μηχανωμένου,
1067 3314 1121 3366 τί
1162 3313 1206 3365 δ’
1224 3313 1285 3366 οὑ
1346 3313 1643 3379 πείθοντος,
1698 3316 1834 3385 πρὸς
1891 3316 1954 3369 τὸ

384 3406 597 3466 πάντας
634 3404 753 3455 καθ’
794 3405 956 3471 ήμῶν
992 3406 1299 3468 ἀνασεῑσσι,
1354 3406 1445 3458 καὶ
1476 3406 1538 3456 τὸ
1568 3406 1773 3473 πλῆθος
1821 3423 1954 3458 στα-

380 3512 569 3547 σιασαι
629 3495 1085 3564 παρασκευάσαι;
1131 3496 1280 3565 Τάχα
1338 3497 1402 3549 ἀν
1456 3499 1590 3567 πρὸς
1643 3500 1703 3551 τὸ
1736 3501 1955 3569 τίμημα

380 3590 534 3655 παρά
567 3586 703 3637 Θεοῦ
733 3586 1020 3654 λήψεσθαι.
1053 3588 1233 3640 ἰ’ἀλλα
1257 3589 1366 3656 γὰρ
1394 3592 1663 3658 είρηνικοὶ
1691 3590 1953 3643 διατελεῖν

379 3678 741 3746 κελευόμεθα·
773 3678 908 3730 ὅπου
955 3677 1013 3729 δὲ
1062 3679 1193 3740 Θεὸς
1228 3678 1289 3730 τὸ
1340 3679 1810 3748 κινδυνευόμενον,
1863 3682 1957 3733 καὶ

381 3770 530 3839 μάλα
583 3769 825 3822 νεανικοὶ
896 3769 1258 3823 καθίστασθαι
1337 3774 1803 3843 προτρεπόμεθα·
1863 3775 1956 3827 καὶ

381 3861 549 3914 πολὺν
593 3862 932 3933 ὀφλήσαιμεν
996 3866 1147 3932 παρα
1188 3863 1297 3915 τῶν
1350 3865 1658 3917 ἀκουόντων
1716 3866 1954 3933 γέλωτα,

379 3956 589 4018 ἀκλεῶς
624 3954 767 4007 οὓτω
809 3958 933 4017 τοὺς
960 3955 1098 4024 ὑπὲρ
1129 3957 1160 4023 ή
1172 3954 1288 4025 μῶν
1346 3958 1665 4025 προῖέμενοι
1722 3958 1952 4026 λόγουςο

382 4049 567 4102 καὶτὸ
592 4050 772 4118 σιωπῇ
805 4035 1096 4117 καρτερεῖν
1134 4051 1195 4100 οὐ
1236 4049 1297 4099 τὸ
1332 4051 1759 4116 συγκατίθεσθαι
1793 4052 1956 4122 μόνον

380 4145 492 4203 τοῖς
522 4140 643 4193 καθ’
691 4140 849 4209 ήμῶν
897 4141 1208 4208 λεγομένοις
1245 4142 1505 4194 ὑπόνοιαν
1538 4141 1788 4210 παρέχει,
1823 4144 1958 4197 ἀλλὰ

382 4236 621 4296 καὶτοὺς
656 4234 949 4303 ἐσύστερον
991 4232 1056 4284 ἂν
1100 4233 1337 4303 ἀδικοίη,
1405 4232 1704 4301 ἀνέλεγκτα
1761 4237 1830 4289 τά
1859 4237 1958 4307 τῆς

382 4327 732 4396 βλασφημίας
764 4325 853 4378 διὰ
916 4324 1192 4395 ρᾳθυμίαν
1238 4326 1684 4396 παραλιμττάνον.
1747 4329 1957 4381 Ἔπειτ⁹

379 4419 492 4471 ουδ’
530 4420 692 4489 ήμεῖς
718 4420 816 4487 τὴν
864 4420 1042 4488 ἀρχὴν
1082 4417 1177 4471 ἐπὶ
1210 4421 1414 4489 ταύτην
1481 4422 1805 4489 ὲτράπημεν
1858 4420 1957 4491 τὴν

2060 3216 2264 3269 idcirco
2297 3218 2438 3285 quod
2465 3232 2627 3286 prava
2665 3217 2783 3270 haec
2821 3217 3074 3285 dogmata
3101 3218 3355 3271 defendat
3404 3219 3633 3286 ejusque

2058 3321 2235 3373 operte
2270 3310 2519 3361 mercede
2541 3308 2891 3377 pra‘sulatum
2920 3318 3111 3362 nactus
3137 3319 3241 3373 est,
3277 3308 3632 3374 t-ocil'eretur,

2058 3398 2344 3468 ultimique
2396 3401 2628 3467 ειυιιιρίῆ
2691 3417 2790 3454 nus
2846 3401 2983 3455 diris
3055 3401 3365 3469 subjiciat:
3404 3412 3457 3456 et
3504 3405 3633 3471 quid

2059 3506 2166 3544 non
2198 3491 2452 3544 moliatur
2481 3490 2783 3559 ?quidn'on
2805 3493 3051 3554 suadeat,
3090 3492 3220 3544 utin
3251 3508 3348 3545 nos
3388 3494 3632 3545 omnium

2059 3581 2295 3649 impetus
2338 3590 2571 3642 moveat,
2606 3582 2887 3647 plebisque
2923 3584 3217 3633 coitionem
3266 3581 3291 3633 ί
3322 3583 3466 3635 ciat?
3498 3584 3568 3635 fni
3585 3593 3637 3637 te

2060 3679 2119 3723 ut
2150 3670 2429 3737 prmmium
2469 3685 2496 3720 a
2532 3669 2639 3721 Deo
2663 3682 3053 3737 consequatur.
3084 3671 3160 3723 Ad
3225 3673 3431 3740 reliqua
3488 3673 3635 3725 enim

2058 3762 2203 3828 quod
2246 3761 2465 3823 attinet,
2503 3760 2762 3828 jubeniur
2816 3762 2931 3828 paci
2990 3762 3255 3815 studere:
3302 3764 3389 3815 ubi
3452 3775 3634 3815 autem

2062 3854 2203 3907 Deus
2240 3854 2290 3906 iu
2318 3855 2617 3922 periculum
2655 3853 2901 3914 vertitur,
2937 3854 3100 3905 etiam
3136 3854 3289 3906 valde
3319 3856 3533 3907 strenui
3568 3872 3631 3909 ac

2059 3944 2293 3997 animOsi
2329 3959 2451 3998 esse
2483 3945 2863 4013 praecipimur;
2904 3947 3207 4015 meritoque
3235 3948 3380 4014 large
3407 3932 3642 4001 audienJ

2060 4038 2205 4091 tibus
2228 4040 2396 4091 risum
2458 4040 2810 4097 moverimus,
2841 4040 2929 4106 qui
2965 4040 3044 4092 sic
3082 4040 3329 4107 inglorim
3364 4039 3644 4093 defensio-

2061 4131 2145 4183 nis
2176 4140 2374 4183 nostra:
2406 4129 2641 4182 rationes
2678 4132 3008 4195 prodamus;
3043 4131 3251 4198 bot-que
3289 4130 3427 4183 adeo
3490 4134 3639 4198 quod

2061 4223 2279 4277 silentio
2303 4223 2621 4285 toleramus,
2658 4222 2856 4275 nedum
2891 4224 3261 4291 suspicionem
3295 4223 3459 4276 faciat
3501 4241 3637 4277 cun-

2062 4315 2265 4369 scntire
2317 4330 2415 4367 nos
2442 4313 2670 4381 objectis
2699 4313 3046 4378 criminibus,
3102 4330 3287 4366 rerum
3322 4318 3485 4367 etiam
3550 4331 3645 4382 pe-

2062 4408 2221 4461 steris
2248 4406 2406 4474 longe
2437 4403 2658 4465 otliciat,
2692 4405 2820 4455 dum
2852 4418 2944 4471 per
3003 4403 3294 4471 segnitiem
3350 4419 3471 4472 qua:
3500 4405 3646 4456 blas-

371 4514 529 4566 ρὀνο
560 4512 744 4565 πολλοὶ
774 4512 831 4563 δὲ
890 4512 994 4563 τῶν
1052 4510 1160 4579 πρὸ
1224 4510 1383 4579 ήμῶν
1424 4512 1716 4582 μακαρίων
1752 4511 1954 4581 ταύτην
1982 4494 2035 4554 Ῐ)
2068 4500 2117 4569 ΡΙ

1896 4528 1954 4581 ην
1982 4494 2035 4554 Ι)
2068 4499 2296 4569 phemia:
2334 4507 2458 4550 sunt
2485 4494 2864 4564 irreprt-heusa
2899 4494 3179 4548 sinuntur.
3220 4494 3490 4547 Prmterea
3548 4512 3645 4546 ne-

376 4602 700 4671 δραμόντες,
731 4603 868 4670 πρὸς
906 4598 1124 4654 ἅπαντα
1156 4601 1509 4668 νενικήκασιν
1529 4613 1543 4627 ·
1570 4596 1651 4662 οἷς
1681 4600 1952 4669 καὶήμεῖς

377 4695 697 4749 ἀκολουθεῖν
724 4695 952 4763 ἄσμενοι
1007 4692 1475 4762 προθυμούμενοι,
1523 4692 1614 4745 τὸν
1670 4692 1853 4745 ἔνθεον
1896 4694 1954 4745 ὲν

377 4788 585 4839 ᾶπασιν
608 4788 791 4839 αὑτῶν
824 4784 1182 4848 ἀναλέξαντες
1230 4783 1377 4847 νοῦν,
1442 4784 1798 4851 ἀγωνιεῖσθαι
1860 4788 1955 4836 καὶ

377 4881 552 4935 ταῦτα
578 4878 952 4949 προύθέμεθα.

450 5147 561 5204 Καὶ
593 5148 832 5218 πρῶτον,
855 5149 903 5201 εἰ
933 5148 1103 5211 δοκεῖ,
1143 5148 1278 5216 πρὸς
1305 5148 1403 5211 τὰς
1434 5148 1529 5201 τοῦ
1586 5149 1823 5216 Παλαμᾶ
1852 5165 1958 5200 πα-

381 5241 643 5310 ραϐάσεις
665 5241 796 5294 εὑθὺ
833 5241 924 5294 τὸν
956 5240 1114 5309 λόγον
1169 5244 1309 5293 ἰέναι
1367 5242 1770 5311 ἐπιχειρητέον.
1843 5236 1955 5291 Εἶτ’

377 5334 679 5402 ἀπελέγξαι
708 5336 1019 5405 πειρατέον,
1047 5333 1113 5385 δι’
1141 5328 1216 5387 ὦν
1280 5333 1527 5384 ὲνώσεων
1580 5335 1676 5384 καὶ
1742 5333 1955 5399 διακρί-

379 5445 519 5480 σεων
554 5428 831 5481 πιστεύειν
872 5430 1273 5502 ἑτερατεὺσατο
1314 5431 1470 5483 Θεόν.
1538 5431 1691 5482 Μετὰ
1755 5430 1955 5492 ταῦ.α,

376 5524 481 5575 ὃσα
540 5524 810 5594 προσήκει
883 5525 1010 5594 περὶ
1061 5523 1239 5591 φωτὸς
1295 5524 1531 5593 ζητῆσαι
1607 5526 1957 5591 παραστῆσαι

376 5614 678 5667 σκεπτέον·
744 5615 841 5667 καὶ
886 5616 1193 5671 τελευταῖον
1256 5622 1356 5681 τας
1401 5616 1811 5688 σχεδιασθείσας
1868 5617 1957 5669 ἐπ’

451 5804 497 5836 ⁸⁸
527 5801 675 5860 Pset.
711 5821 785 5870 Ix,
822 5806 906 5863 l9.

2065 4607 2171 4663 que
2230 4607 2330 4645 nos
2370 4590 2528 4659 primi
2596 4589 2736 4641 banc
2791 4588 3237 4641 \‘iainimimus:
3289 4587 3423 4654 quin
3490 4588 3646 4641 multi

2062 4685 2437 4754 superiorum,
2467 4682 2606 4735 beati
2640 4682 2762 4744 viri,
2796 4680 2936 4734 istud
2969 4682 3322 4733 dccurrentes
3383 4681 3645 4745 stadium,

2064 4784 2116 4833 in
2147 4779 2404 4832 omnibus
2434 4778 2662 4830 victores
2695 4777 3055 4839 exstiterunt;
3091 4791 3325 4842 quorum
3362 4791 3459 4828 uos
3511 4789 3647 4841 quo-

2063 4888 2168 4939 que
2196 4872 2423 4925 libenter
2442 4870 2762 4922 insistentes
2796 4869 3064 4937 vestigiis,
3096 4884 3283 4919 eorum
3310 4867 3361 4921 in
3389 4868 3648 4923 omnibus

2062 4965 2306 5017 divinum
2337 4963 2641 5029 relegentes
2670 4975 2917 5024 sensum,
2959 4960 3070 5013 lucc
3106 4975 3325 5029 quoque
3363 4962 3648 5015 decertare

2061 5055 2469 5111 constituimus.

2134 5150 2211 5201 Ac
2276 5148 2539 5215 primum.
2584 5146 2627 5199 si
2688 5144 2840 5207 libet,
2876 5144 2977 5198 hoc
3036 5143 3370 5208 conandum,
3430 5153 3487 5196 ut
3536 5155 3651 5197 Sta-

2066 5242 2163 5292 tim
2220 5240 2486 5291 adversus
2530 5235 2765 5289 Palath
2818 5236 3285 5305 transgressiones
3340 5250 3652 5289 sermonem

2063 5343 2360 5387 vertamus.
2392 5330 2592 5383 Deinde
2636 5328 3031 5383 confutandam
3098 5329 3297 5396 quibus
3352 5328 3655 5381 unionibus

2063 5444 2124 5480 ac
2186 5424 2638 5480 distinrtionibus
2696 5422 3031 5477 credendum
3093 5422 3260 5473 Deum
3333 5404 3651 5490 νοιίοιιιοεο

2065 5519 2300 5575 induxit.
2347 5514 2540 5571 Pestra
2589 5516 2769 5569 danda
2823 5531 3011 5583 opera,
3071 5524 3128 5567 ut
3179 5529 3519 5583 quu‘Cunque
3584 5513 3652 5565 de

2065 5615 2267 5669 lumine
2326 5625 2571 5681 qumrcre
2624 5609 2939 5672 conveniat,
2995 5610 3109 5664 lucc
3174 5618 3653 5679 tcpi'msentctuus.
