4428 6444
853 385 922 445 79
1964 378 2289 436 JOANNIS
2330 381 2894 438 CYPARISSIOT/E

3939 373 4043 435 680

813 493 1025 546 veritati
1085 492 1333 553 ltmrcrc;
1383 500 1543 557 atque
1599 491 1733 542 adeo
1763 491 1873 542 hinc
1921 500 2134 557 qquuo
2181 505 2300 557 qure
2352 506 2381 542 a
2411 493 2454 546 Λ
2485 492 2562 540 ἀδι

2290 506 2300 543 ξ
2352 506 2381 542 a
2411 493 2454 546 Λ
2485 490 2744 542 ἀδύνατον
2771 494 2876 557 ἄρα
2909 490 3128 551 τούτους
3157 488 3500 557 ὰρνὴσασθαί
3559 503 3609 540 τι
3646 487 3718 554 μὴ
3760 484 4039 553 ὁμολογεῖν

815 582 970 634 nobis
1002 578 1314 632 confutantli
1353 577 1522 640 gratia
1551 585 1803 642 excerpta
1834 587 1982 629 sunt.
2040 576 2226 642 Itaque
2260 577 2372 628 lieri

814 682 917 716 non
959 674 1151 731 potest.
1184 673 1244 716 ut
1279 674 1471 731 negent
1501 677 1559 715 sc
1591 676 1695 713 non
1729 665 2008 714 admittere
2067 662 2268 728 aliquid
2314 662 2377 714 li-

815 756 1033 805 brorum
1074 754 1321 813 Palamrc,
1352 767 1659 819 quanquam
1723 751 1955 803 maxima
1983 752 2089 803 iiiis
2117 753 2236 804 dica
2288 766 2374 804 so—

813 846 972 898 letter
1015 843 1414 912 inquirentibus
1447 844 1572 895 inde
1604 843 1898 906 scribatur,
1947 842 2047 895 nisi
2089 841 2225 896 forte
2282 857 2376 911 pa-

810 936 914 986 lam
937 949 1056 986 reos
1094 948 1152 986 se
1186 933 1404 1000 perjurii
1439 934 1768 984 constituere
1807 931 1988 984 velint.

880 1021 958 1072 Ad
995 1022 1105 1072 lucc
1127 1021 1258 1072 dicit
1293 1021 1511 1072 divinus
1565 1019 1894 1087 Apostolus:
1926 1038 1943 1069 ¢
1997 1018 2053 1072 Si
2107 1034 2226 1088 qua:
2277 1021 2374 1074 de-

805 1109 1002 1169 struxi,
1055 1109 1251 1162 iterum
1299 1109 1413 1161 hmc
1482 1109 1711 1170 aedifico,
1767 1110 2237 1176 praevaricatorem
2287 1128 2372 1166 me

804 1199 1078 1253 conStituo
1108 1198 1172 1250 ’⁵.
1205 1215 1223 1247 ι
1277 1197 1738 1262 Quemadmodum
1778 1198 1964 1265 igitur,
2016 1214 2133 1266 qua:
2181 1215 2370 1253 eversa

805 1300 932 1344 sunt
965 1304 1026 1342 ac
1044 1291 1316 1342 destructa
1349 1288 1642 1352 :editicare,
1679 1289 2183 1356 przevaricationem
2239 1305 2371 1342 con-

803 1382 975 1435 stituit
1013 1400 1024 1433 :
1062 1383 1138 1434 sic
1185 1381 1442 1433 nimirum
1497 1379 1748 1442 etiam,si
1807 1380 1932 1448 quis
1969 1395 2028 1433 ea
2072 1396 2192 1446 qua:
2246 1390 2372 1434 sunt

801 1469 1061 1523 aediﬁcata
1102 1471 1368 1532 destruat,
1397 1469 1448 1521 in
1476 1467 1616 1520 idem
1642 1469 1844 1522 crimen
1907 1469 2370 1537 praevaricationis

802 1558 1048 1610 incurrit.
1082 1557 1246 1624 Igitur
1281 1556 1614 1624 impossibile
1648 1566 1750 1616 est.
1823 1566 1878 1608 ut
1911 1572 2031 1624 qure
2062 1556 2134 1608 illi
2201 1557 2253 1608 in
2305 1557 2370 1607 lic

802 1648 1019 1697 brorum
1045 1645 1276 1699 Pallanta:
1316 1647 1568 1715 gratiam,
1608 1658 1868 1713 quantum
1931 1647 1996 1698 ad
2036 1647 2156 1699 illos
2219 1661 2370 1714 spec-

801 1745 938 1796 tant,
1013 1735 1369 1799 :edilicavcre,
1414 1747 1681 1788 conentur
1727 1731 2014 1804 aliquando
2037 1735 2364 1790 destruere:

2477 580 2583 630 τῶν
2639 580 2731 629 τοῦ
2758 579 2998 645 Παλαμᾶ
3033 578 3509 645 συγγραμμάτων,
3562 575 3663 627 κᾶν
3694 577 3750 626 ἐν
3788 577 3908 634 ταῖς
3945 589 4040 638 μεο

2476 670 2691 730 γίσταις
2743 668 2941 725 αίτίαις
3004 667 3114 722 τοῖς
3170 664 3432 716 σκοποῦσι
3480 663 3680 731 τελοίη,
3741 663 3786 711 εί
3851 662 4035 729 μήπου

2478 757 2754 826 βούλοιντο
2778 757 2963 824 σαφῶς
2995 759 3288 826 ἐπιορκεῖν.

2551 1017 2674 1067 Ἐτι
2706 1017 2733 1066 ὁ
2770 1015 2911 1075 θεῖος
2957 1014 3276 1073 Ἀπόστολος
3304 1015 3489 1080 φησὶν,
3521 1033 3538 1064 ε
3570 1014 3630 1065 Ei
3671 1013 3706 1066 ἃ.
3739 1013 4033 1076 κατέλυσα,

2473 1107 2644 1158 ταῦτα
2693 1104 2855 1157 πάλιν
2877 1105 3166 1170 οἰκοδομῶ,
3211 1104 3539 1172 παραϐάτην
3592 1102 3827 1170 ἐμαυτὸν
3886 1103 4034 1152 συνί-

2477 1215 2663 1265 στημι.
2697 1216 2715 1247 t
2760 1198 2971 1264 Ὠσπερ
3003 1197 3098 1247 οὖν
3128 1197 3187 1247 τὺ
3220 1196 3287 1246 τά
3334 1195 3677 1264 πορθηθέντα
3728 1193 4033 1259 οἰκοδομεῖν

2472 1291 2569 1356 τὴν
2602 1287 2909 1355 παράϐασιν
2955 1286 3294 1354 συνίστησιν,
3327 1287 3469 1337 οὕτω
3507 1286 3601 1336 καὶ
3653 1286 3720 1336 τά
3759 1284 4036 1351 ᾠκοδομη-

2477 1355 2632 1445 μένα,
2664 1378 2716 1427 εί
2759 1393 2840 1436 τις
2866 1377 3148 1438 καταλύοι,
3206 1380 3284 1438 εἰς
3340 1379 3430 1427 τὸν
3473 1375 3639 1427 αὑτὸν
3691 1375 3848 1440 λόγον
3905 1375 4030 1441 ἣκει

2471 1467 2571 1534 τῆς
2663 1467 3048 1534 παραϐάσεως.
3149 1466 3433 1518 Ἀδύνατον
3519 1464 3714 1516 οὐκοῦν
3803 1464 4028 1523 τούτους

2472 1555 2618 1624 ἅπερ
2661 1556 3018 1624 ᾠκοδόμησαν
3084 1555 3225 1625 ὑπὲρ
3282 1555 3391 1606 τῶν
3443 1553 3538 1606 τοῦ
3598 1555 3833 1622 Παλαμᾶ
3894 1572 4028 1618 συγ-

2473 1647 2838 1713 γραμμάτων,
2920 1647 3111 1713 ἐφόσον
3193 1647 3377 1706 αὐτοῖς
3458 1645 3804 1713 προσέχουσι,
3857 1644 4028 1697 ταῦτα

2471 1731 2769 1784 καταλῦσαί
2833 1749 2963 1784 ποτε
3047 1733 3416 1803 πειραθῆναιο
3501 1735 3550 1786 εί
3624 1734 3699 1802 μὴ
3752 1732 4029 1801 βούλοιντο

801 1825 902 1878 nisi
925 1827 1022 1877 hac
1061 1827 1221 1877 etiam
1257 1835 1405 1894 parte
1440 1827 1604 1879 velint
1643 1803 1854 1894 seipsos
1919 1827 2360 1893 praevaricatores
2394 1803 2440 1863 Β
2470 1825 2550 1875 καί

2278 1839 2360 1880 res
2394 1803 2440 1863 Β
2470 1825 2560 1875 καὶ
2613 1825 2751 1876 κατὰ
2805 1822 2961 1876 τοῦτο
2996 1825 3058 1876 τὸ
3092 1825 3255 1894 μέρος
3284 1823 3613 1893 παραϐάτας
3647 1824 3873 1884 ἑαυτοὺς
3905 1839 4027 1874 συν-

799 1917 1150 1970 constituere.

1406 2002 1632 2058 CAPUT
1665 2003 1730 2056 Ill

798 2117 1143 2184 Auspicatum
1181 2131 1292 2169 esse
1317 2114 1593 2168 Palamam
1619 2115 1899 2193 exitiosum
1930 2113 2122 2183 dogma
2161 2114 2226 2166 ab
2277 2129 2363 2166 er-

1285 2201 1400 2238 rore
1438 2201 1500 2236 ac
1527 2197 1875 2237 contentione.

871 2277 945 2331 Ne
969 2290 1095 2329 vero
1123 2275 1312 2345 procul
1345 2276 1410 2328 ab
1431 2289 1597 2343 scopo
1627 2276 1875 2343 sagittam
1897 2274 2196 2334 mittamus,
2229 2287 2364 2341 pau-

795 2367 876 2420 cis
897 2367 1220 2436 quibusdam
1267 2365 1576 2435 praemissis,
1622 2365 1968 2418 ostendemus
2000 2361 2165 2417 unde'
2199 2363 2362 2417 ducto

794 2459 1098 2537 esordioin
1129 2473 1245 2511 eam
1287 2457 1805 2510 Palamasinvcctus
1849 2456 2117 2511 insaniam
2148 2455 2240 2518 sit,
2298 2469 2362 2510 ac

793 2563 857 2602 ex
885 2548 1084 2617 quibus
1121 2547 1378 2601 fomentis
1410 2562 1663 2616 magnum
1700 2546 1996 2614 impietatis
2028 2546 2206 2613 ignem
2270 2560 2360 2601 ac-

794 2640 1062 2693 cenderit.
1101 2638 1290 2692 Sciunt
1321 2652 1530 2703 omnes,
1561 2652 1681 2705 quae
1705 2638 1780 2690 illi
1807 2637 2126 2689 Barlaamus
2172 2636 2360 2689 crimi-

793 2732 847 2783 ni
880 2737 1111 2784 verteret
1142 2745 1283 2782 :non
1321 2729 1390 2781 ita
1423 2729 1652 2792 scilicet,
1686 2739 1743 2780 ut
1773 2742 1991 2781 onmem
2042 2729 2207 2781 vitam
2238 2743 2357 2781 mo-

794 2820 1057 2873 nasticam
1094 2829 1257 2888 atque
1287 2818 1528 2871 caelibem
1556 2819 2034 2888 (quemadmodum
2058 2819 2168 2885 ipse
2197 2816 2357 2886 dixit)

789 2917 1086 2960 arcesseret
1118 2923 1180 2960 ac
1234 2907 1531 2975 sugillaret.
1574 2909 1668 2961 sed
1727 2917 1787 2959 ut
1845 2921 1941 2960 eos
2001 2907 2356 2975 vituperarct,

789 3001 988 3066 quibus
1021 2999 1166 3052 serio
1205 3013 1348 3052 cura:
1382 3008 1544 3061 esset,
1566 3012 1691 3051 cum
1723 2998 1775 3050 in
1808 2997 2035 3067 reliquis
2075 3000 2357 3068 segniores

787 3100 983 3154 CaSt'llt,
1045 3105 1145 3143 nec
1198 3097 1467 3143 accurata:
1512 3089 1858 3158 disciplinae,
1907 3100 1965 3143 ut
2014 3091 2083 3158 in:
2123 3091 2357 3144 tenebris

788 3185 1053 3249 tantisper
1083 3180 1489 3244 clauderentur,
1546 3181 1905 3249 nonnilrlque
1955 3196 2145 3250 parum
2212 3182 2357 3236 velut
2383 3179 2427 3200 “

787 3275 1023 3343 deliquio
1055 3275 1357 3341 exspirare,
1386 3274 1515 3340 quin
1546 3275 1802 3342 spiritum
1839 3273 1985 3327 intus
2014 3288 2154 3341 aegre
2192 3274 2359 3329 duce-

788 3383 844 3419 re
879 3367 1215 3427 \iderentur,
1252 3364 1558 3433 intentique
1587 3367 1806 3417 oculum
1862 3365 2087 3419 immote
2125 3365 2360 3420 ﬁrmius—

784 3474 890 3528 que
919 3457 1179 3511 umbilico
1209 3456 1462 3525 deligere,
1507 3457 1702 3525 quibus
1736 3455 1893 3508 facile
1932 3458 2183 3523 peractis,
2214 3459 2358 3512 clare

784 3549 964 3601 statim
1017 3557 1324 3602 monstrosa
1399 3564 1649 3617 vanaque
1698 3563 1760 3600 ac
1821 3549 2103 3602 mendacia
2158 3559 2355 3616 prwsto

783 3649 993 3695 essent.
1047 3640 1252 3708 Ecquid
1284 3638 1433 3692 inde?
1482 3640 1660 3708 Ignem
1688 3640 1941 3693 dit-ebant
1971 3641 2156 3694 videre
2176 3678 2191 3704 ,
2216 3639 2357 3694 intra

785 3732 989 3785 viscera
1018 3739 1285 3798 extraque
1312 3731 1705 3784 consistentem
1731 3748 1745 3793 ;
1773 3731 2071 3800 pulsusque
2089 3731 2354 3801 quosdam

785 3821 1031 3874 insolitos
1059 3831 1110 3873 et
1133 3832 1313 3874 motus
1351 3821 1554 3883 cordis,
1591 3837 1690 3874 nec
1723 3837 1828 3875 non
1863 3821 2073 3876 calores
2092 3823 2356 3890 quosdam

782 3928 844 3966 ae
878 3913 1024 3965 velut
1051 3912 1316 3979 igniculos
1339 3927 1405 3965 ex
1450 3927 1584 3965 naso
1615 3915 1787 3975 exire,
1829 3921 2179 3982 posteaquam
2244 3913 2357 3967 lucc

781 4004 994 4072 aliaque
1023 4015 1135 4057 tum
1171 4003 1450 4066 fecissent,
1492 4017 1604 4058 tum
1663 4006 1811 4074 passi
1875 4017 2078 4070 essent,
2131 4006 2355 4072 sentire,

779 4113 904 4150 cum
934 4108 1041 4150 tres
1074 4109 1376 4167 quatuorve
1403 4108 1516 4152 tum
1563 4110 1767 4164 essent,
1821 4101 1912 4170 qui
1974 4101 2101 4154 huic
2135 4116 2354 4169 operam

781 4186 1082 4255 disciplinae
1108 4189 1301 4241 darent
1331 4204 1348 4252 ;
1381 4189 1577 4258 reliqui
1615 4205 1764 4254 vero,
1789 4200 1848 4244 ut
1895 4193 2009 4261 ipse
2049 4209 2113 4246 ex
2171 4195 2356 4248 multis

781 4279 912 4334 viris
947 4281 1146 4347 pietate
1172 4281 1477 4337 illustribus
1519 4283 1728 4350 audivi,
1764 4285 1877 4340 hinc
1933 4286 2353 4353 detestarentur,

782 4383 1116 4439 prorsusque
1152 4372 1482 4439 deriderent,
1510 4375 1769 4444 plerique,
1809 4393 1874 4431 ne
1901 4377 2116 4446 quidem
2167 4379 2352 4433 auditu

783 4461 988 4530 aliquid
1024 4463 1091 4516 de
1116 4463 1222 4518 illis
1254 4467 1614 4535 accepissent.

853 4554 979 4607 Hazc
1009 4554 1176 4623 igitur
1210 4554 1533 4611 Barlaamus
1571 4574 1600 4612 a
1630 4559 1864 4627 quodam
1899 4576 2021 4615 cum
2059 4561 2250 4615 doctus
2303 4571 2357 4616 et

779 4661 974 4712 passus
1001 4656 1164 4710 esset,
1198 4648 1420 4702 minime
1441 4658 1589 4704 certe
1622 4651 1761 4714 tulit,
1798 4668 2083 4721 operteque
2117 4654 2353 4722 pretium

777 4738 1008 4804 putavit,
1039 4747 1095 4791 ut
1129 4741 1456 4794 venerandis
1481 4743 1797 4809 parentibus
1824 4743 2170 4796 educationis
2220 4757 2356 4811 pra:-

778 4830 887 4882 mia
925 4815 1213 4895 redderet;
1273 4832 1366 4886 sed
1418 4834 1895 4901 contemplationis
1943 4844 2147 4888 struem
2207 4834 2355 4886 illam

775 4939 839 4975 ae
875 4923 1152 4990 negotium
1182 4923 1435 4984 traducit,
1487 4926 1862 4980 seductionem
1913 4941 1977 4980 ac
2016 4941 2214 4979 noxam
2270 4940 2359 4979 sa-

775 4998 1009 5066 taiticattt
1052 5028 1274 5075 vocans,
1307 5015 1562 5084 pleraque
1597 5017 1715 5083 ejus
1749 5017 1949 5080 morbi,
2000 5017 2200 5086 quibus
2224 5017 2361 5070 seri-

777 5105 884 5172 ptis
915 5119 1203 5173 aggressus
1228 5115 1329 5169 est,
1397 5108 1461 5160 ad
1524 5106 1885 5163 Massalianos
1944 5110 2244 5163 revocavit.
2300 5110 2354 5162 In

774 5197 893 5266 ejus
937 5199 1310 5266 itaquelibros
1347 5215 1469 5253 cum
1513 5201 1794 5256 incidisset
1823 5203 2105 5265 Palamas,
2137 5218 2231 5256 seu
2260 5217 2358 5271 po-

775 5302 884 5344 tius
914 5293 1121 5344 l'uratus
1149 5301 1315 5354 esset,
1356 5291 1601 5360 perfosso
1633 5294 1886 5347 cubiculo
1921 5295 2009 5345 ubi
2045 5294 2097 5345 in
2156 5296 2356 5362 angulo

776 5383 1028 5436 latentem
1063 5383 1259 5437 librum
1285 5393 1447 5447 atque
1490 5385 1765 5438 occultum
1829 5387 2242 5456 pervestigaret,
2291 5402 2356 5439 ex

776 5475 1005 5526 adverso
1076 5475 1410 5544 impietatem
1491 5478 1813 5543 conscribit,
1866 5493 2061 5547 nempe
2128 5481 2352 5540 docens,

777 5569 926 5622 nullo
957 5583 1145 5624 errore
1175 5570 1426 5625 laborare
1460 5585 1758 5641 verumque
1789 5587 1910 5627 esse
1961 5572 2162 5626 erroris
2219 5570 2351 5625 illud

845 5747 894 5782 "‘
968 5748 1145 5804 Galat.
1179 5763 1238 5815 ιι,
1284 5747 1372 5804 18.

2380 4467 2432 4525 D

2467 1917 2640 1983 ιστᾷν.

3060 2004 3310 2056 ΚΕΦΔΛ.
3342 2003 3415 2056 Γν.

2467 2119 2657 2182 Ὅπως
2681 2117 2748 2168 ἐκ
2772 2114 3008 2180 πλάνης
3046 2115 3142 2167 καί
3183 2116 3554 2184 φιλονεικίας
3578 2116 3798 2181 ἤρξατο
3830 2118 4026 2169 Παλα-

2703 2185 2819 2254 μᾶς
2862 2184 2967 2238 τοῦ
2989 2185 3279 2254 δόγματος
3312 2185 3416 2238 τοῦ
3449 2185 3743 2252 ὀλεθρίου.

2541 2277 2632 2340 Ὠς
2657 2277 2724 2330 ἂν
2754 2277 2809 2328 δέ
2839 2275 2914 2346 μὴ
2946 2276 3136 2344 πόρρω
3191 2273 3396 2328 σκοποῦ
3441 2275 3755 2344 βάλλοιμεν,
3814 2275 4026 2345 βραχέα

2462 2371 2586 2422 τινὰ
2615 2369 3078 2437 προστησάμενοι,
3135 2365 3379 2434 δείξομεν
3424 2367 3549 2419 ὅθεν
3599 2364 3665 2418 ἂν
3695 2366 3792 2435 τὴν
3845 2367 4025 2434 ἀρχὴν

2463 2461 2555 2512 ἐπὶ
2587 2459 2743 2512 τοῦτο
2770 2460 2966 2526 μανίας
2994 2457 3279 2528 παρήλασε
3338 2458 3622 2524 Παλαμᾶς,
3651 2459 3744 2509 καὶ
3783 2457 3842 2520 ἐξ
3896 2459 4025 2508 οἴων

2461 2549 2570 2601 τῶν
2601 2548 2868 2618 ἀφορμῶν
2917 2548 2977 2601 τὸ
3015 2549 3157 2616 μέγα
3201 2550 3299 2617 τῆς
3354 2549 3608 2610 ἀσεϐείας
3667 2547 3838 2616 ἀνῆψε
3890 2547 4023 2612 πῦρ.

2466 2642 2674 2693 Ἴσασιν
2704 2641 2962 2704 ἅπαντες,
2997 2633 3081 2702 οἷς
3127 2639 3276 2709 αὐτῷ
3307 2640 3571 2708 Βαρλαὰμ
3617 2641 3889 2691 ἐνεκάλει·
3927 2641 4025 2710 οὐχ

2460 2732 2534 2794 ὡς
2553 2731 2715 2792 αὐτὸς
2756 2728 2949 2799 ἔφησε,
2983 2729 3120 2798 πρὸς
3176 2731 3394 2783 ἅπαντα
3449 2729 3542 2782 τὸν
3595 2729 3883 2798 μοναδικδν
3931 2732 4026 2781 καὶ

2461 2824 2638 2890 ἄζυγα
2696 2822 2811 2891 βίον
2859 2821 2957 2891 τὴν
3010 2823 3345 2890 κατηγορίαν
3402 2823 3608 2873 ἐκεῖνον
3637 2823 4025 2890 ἐνστήσασθαι,

2461 2917 2581 2968 ἀλλ’
2637 2909 2719 2976 οἷς
2752 2914 3017 2982 ἐπιμελὲς
3054 2909 3122 2983 ἦν
3161 2915 3313 2966 τᾶλλ’
3345 2911 3749 2980 ἀδιαφοροῦσιν,
3788 2915 3844 2962 ἐν
3902 2915 4030 2964 σκᾶ-

2462 3025 2543 3060 τει
2595 3005 2794 3076 μικρὸν
2826 3004 3216 3058 ἀποκλείεσθαι
3247 3023 3260 3035 ·
3315 3005 3408 3056 καὶ
3449 3005 3621 3074 βραχύ
3654 3023 3705 3057 τι
3735 3005 4029 3057 διαλείποι-
4104 3049 4109 3053 .

2461 3116 2559 3160 τας
2585 3100 2826 3160 ἐκπνεῖν,
2881 3099 3122 3149 είσπνεῖν
3161 3097 3360 3165 μᾶλλον
3414 3097 3873 3166 παραϐιάζεσθαι,
3931 3097 4028 3150 καὶ

2461 3186 2540 3254 τῷ
2585 3185 2854 3254 ὀφθαλμῷ
2913 3186 3206 3254 προσέχειν
3258 3183 3492 3246 ἀκλινῶς
3548 3184 3777 3253 ἐρείδειν
3810 3183 3885 3251 τῷ
3930 3185 4029 3251 ὀμ-

2462 3272 2741 3346 φαλιξνῶν
2773 3277 3012 3344 εὐχερῶς
3053 3275 3414 3338 ἀνυσθέντων,
3474 3275 3535 3326 τὸ
3585 3275 3680 3344 τῆς
3741 3276 4028 3344 τερατείας

2462 3371 2719 3439 ἄντικρυς
2762 3370 2941 3440 ἐπῄει.
2980 3368 3090 3441 Καὶ
3125 3368 3176 3419 τί
3225 3368 3286 3418 τὸ
3341 3366 3628 3430 ἐντεῦθεν;
3680 3366 3792 3432 φῶς
3843 3366 4028 3432 ἔλεγον

2459 3464 2614 3532 δρᾷν,
2657 3462 2808 3518 ἐντὸς
2866 3461 2973 3514 τῶν
3032 3461 3354 3527 σπλάγχνων
3404 3460 3499 3511 καὶ
3564 3458 3720 3519 ἐκτὸς
3779 3458 4031 3510 συνιστά-

2464 3571 2646 3622 μενον,
2687 3554 2782 3606 καὶ
2829 3551 3081 3620 παλμούς
3122 3568 3272 3612 τινας
3340 3550 3550 3618 ἀήθεις,
3609 3549 3704 3602 καὶ
3749 3549 4030 3616 κινήματα

2461 3645 2711 3715 καρδίας,
2742 3644 2838 3696 καὶ
2876 3643 3086 3714 θέρμας
3121 3644 3185 3695 ἐκ
3243 3642 3342 3710 τῆς
3383 3641 3528 3710 ῥινὸς
3571 3639 3819 3704 ἐξιούσας
3869 3642 4029 3690 ἐπαι-

2463 3737 2780 3797 σθάνεσθαι,
2818 3735 2955 3802 μετά
3005 3735 3066 3786 τὸ
3124 3731 3298 3786 ταῦτά
3355 3748 3416 3794 τε
3464 3731 3560 3783 καὶ
3617 3729 3785 3782 τᾶλλα
3829 3729 4029 3798 δράσαι

2462 3829 2557 3881 καὶ
2609 3827 2820 3887 παθεῖν,
2854 3826 3095 3894 τριῶνῆ
3151 3825 3427 3892 τεττάρων
3485 3823 3653 3874 ὄντων
3708 3821 4029 3892 τηνικαῦτα,

2459 3918 2569 3970 τῶν
2600 3918 2697 3985 τὴν
2728 3916 2990 3986 ἐργασίαν
3025 3914 3232 3983 ταύτην
3257 3914 3555 3982 μετιόντων
3578 3929 3591 3942 ·
3619 3913 3730 3974 τοῖς
3761 3910 4029 3972 δ’άλλοις,

2459 4010 2532 4070 ὠς
2574 4009 2735 4070 αὐτὸς
2763 4011 2825 4060 ἐκ
2855 4007 3068 4059 πολλῶν
3096 4006 3381 4074 ἐπιφανῶν
3411 4006 3510 4074 τὴν
3530 4006 3730 4073 ἀρετὴν
3746 4004 4029 4074 ἠκηκόειν,

2460 4101 2808 4170 ἁπηχθάνετό
2854 4118 2912 4152 τε
2953 4100 3147 4162 ταῦτα,
3197 4100 3291 4150 καὶ
3352 4099 3521 4164 γέλως
3572 4093 3638 4165 ἦν
3676 4097 3916 4165 μακρός·
3981 4096 4031 4145 οι

2460 4193 2675 4255 πλείους
2728 4193 2784 4244 δὲ
2855 4194 2952 4244 καὶ
3022 4191 3195 4261 μηῐέν
3270 4192 3395 4258 περὶ
3470 4188 3672 4240 τούτων
3747 4188 4031 4248 ἐπαῗοντες

2459 4282 2619 4355 ἦσαν.

2530 4554 2700 4608 Τοῦτο
2725 4554 2904 4606 τοίνυν
2935 4551 3201 4622 Βαρλαάμ
3230 4551 3334 4603 ὑπό
3380 4566 3524 4612 τινος
3557 4551 3647 4602 καὶ
3690 4548 3876 4618 μαθὼν
3937 4549 4032 4600 καὶ

2459 4649 2665 4712 παθὼν,
2712 4637 2914 4716 ἥκιστα
2961 4662 3022 4711 γε
3076 4646 3306 4713 τροφεῖα
3356 4643 3532 4704 καλῶς
3569 4640 3879 4710 ἐκτιννύνσι
3918 4641 4030 4699 τοῖς

2459 4739 2560 4806 τῆς
2590 4736 2942 4796 διδασκαλίας
2988 4733 3240 4801 γονεῦσιν
3259 4733 3493 4802 ἠνεγκεν
3511 4747 3522 4759 ³
3550 4730 3662 4782 ἀλλ’
3689 4728 4029 4797 ἐκπομπεύει

2460 4834 2520 4884 τὸ
2542 4832 2730 4901 χρῆμα
2784 4829 2882 4896 τῆς
2936 4827 3189 4894 θεωρίας·
3235 4827 3444 4894 πλάνην
3492 4824 3537 4875 δ’
3572 4823 3865 4876 ἀποκαλῶν
3896 4820 4031 4872 αὐτὸ

2460 4928 2554 4976 καὶ
2595 4922 2898 4989 σατανικὴν
2948 4921 3241 4988 ἐπήρειαν,
3298 4918 3366 4968 τὰ
3409 4916 3636 4967 πλεῖστα
3669 4915 3762 4967 τοῦ
3826 4917 4032 4978 πάθους

2461 5018 2537 5078 είς
2568 5012 2993 5072 Μασσαλιανοὺς
3038 5010 3296 5078 ἀνέφερε,
3352 5008 3419 5060 δι’
3480 5000 3554 5060 ὧν
3612 5007 4032 5075 συνεγεγράφει.

2460 5110 2582 5170 Τοῖς
2622 5108 2800 5173 λόγοις
2831 5105 2915 5175 ἄρ’
2944 5104 3035 5156 οὖν
3083 5101 3323 5170 ἐντυχὼν
3373 5100 3660 5168 Παλαμᾶς,
3722 5098 3924 5168 μᾶλλον
3977 5099 4034 5149 δὲ

2461 5201 2770 5267 κεκλοφὼς,
2798 5196 3049 5265 διορύξας
3077 5197 3175 5262 τὴν
3207 5193 3388 5245 οἰκίαν
3440 5192 3572 5243 ὅπου
3625 5207 3686 5257 γε
3716 5190 3775 5242 τὸ
3831 5189 4036 5258 βιϐλίον

2459 5291 2889 5360 διερευνώμενος
2943 5291 3267 5356 ἀνίχνευσεν
3334 5283 3730 5358 ἐγκεκρύφθαι,
3781 5284 3839 5347 ἐξ
3888 5277 4036 5334 ἅντι-

2462 5384 2619 5435 θὲτου
2655 5385 2988 5452 λογογραφεῖ
3030 5381 3126 5448 τὴν
3173 5380 3453 5438 ἀσέϐειαν,
3482 5376 3719 5438 ἀπλανὲς
3746 5375 3844 5444 μὲν
3893 5370 4035 5425 εἶναι

2461 5477 2520 5527 τὸ
2549 5474 2661 5543 φῶς
2696 5478 2870 5526 ἐκεῖνο
2905 5473 3003 5539 τῆς
3033 5473 3240 5539 πλάνης
3269 5468 3687 5534 ὑποτιθέμενος,
3740 5466 4037 5535 ἐλαχίστην

2463 5569 2519 5620 δέ
2551 5569 2642 5620 καὶ
2673 5566 2900 5636 μηδενὸς
2947 5565 3104 5628 ἀξίαν
3140 5565 3270 5633 πρὸς
3300 5562 3430 5615 αὐτὸ
3474 5577 3536 5627 γε
3593 5560 3770 5611 δοκεῖν
3819 5557 3919 5626 τὴν
3941 5555 4036 5608 τοῦ
