4428 6444
373 399 473 464 701

1141 408 1773 470 PALAMITICARUM
1814 412 2449 480 TRANSGRESSICN
2467 424 2571 481 ΗΜ
2611 424 2862 482 LIBER.

3512 434 3539 479 ’.'
3550 433 3615 487 (Y3

374 518 479 584 τῆς
511 516 873 580 ἀποστάσεως
898 518 1239 586 εἰσπηδήσας
1266 521 1294 569 ό
1320 522 1605 587 ηαλσμᾶς,
1631 524 1724 573 καὶ
1754 525 1815 573 τὸ
1842 525 1940 589 μὲν
1976 530 2011 581 Α
2047 527 2120 576 tio

1859 525 1940 573 ιὲν
1976 530 2011 581 Α
2047 527 2191 578 tione
2219 531 2450 586 adorsns
2485 533 2735 587 Palamas
2764 552 2777 598 ;
2812 549 2876 588 ac
2901 550 3023 587 cum
3062 537 3291 601 primum
3322 545 3430 588 tres
3480 555 3608 603 qna-

376 611 598 680 πρῶτον
627 612 776 678 τρεῖς
800 610 834 679 ἢ
856 610 1124 678 τέτταρας
1171 611 1348 676 ἐαυτῷ
1380 610 1741 677 μαθητεύσας,
1774 613 1946 674 ἐνίους

377 703 436 755 δὲ
478 704 574 755 καὶ
601 703 713 753 τῶν
738 703 794 753 ὲν
844 700 922 767 τῷ
958 701 1113 768 Ἱερῷ
1168 700 1285 769 δρει
1338 702 1784 769 παρυποκλέψας,
1831 700 1949 753 ἑπι-

378 793 655 863 εοῶμενος
684 794 759 856 ὡς
784 794 891 863 ἄρα
928 794 1195 861 Βαρλαάμ
1244 796 1344 856 τὰς
1399 794 1704 862 ἑκασταχοῦ
1752 795 1948 860 θεσφα-

376 884 549 948 νείας,
582 884 803 947 καὶτὰς
846 884 1027 937 ἄλλοτ’
1064 885 1229 947 άλλας
1256 884 1776 953 πραγματευθείσας
1835 887 1948 944 τοῖς

379 977 603 1029 πώποτε
635 976 929 1047 μακαρίοις
970 977 1291 1045 ὲλλάμψεις,
1318 976 1594 1045 διασύρει,
1645 977 1738 1028 καὶ
1769 977 1950 1027 πᾶσαν

380 1069 680 1135 ἀνατρέπει
717 1067 1018 1136 μοναχικὴν
1046 1067 1383 1119 κατάστασιν
1403 1083 1416 1099 ο
1441 1068 1535 1118 καὶ
1594 1065 1817 1125 τούτους
1864 1064 1952 1116 διὰ

378 1158 587 1211 τούτων
634 1157 934 1225 ὑποσύρας,
992 1158 1084 1209 καὶ
1140 1158 1489 1224 ὑποσημῆναι
1558 1156 1627 1208 δι’
1674 1155 1953 1221 ἁπλότητα

383 1248 814 1316 παρασκευάσας
843 1248 934 1299 τὸν
966 1247 1353 1315 σχεδιασθέντα
1376 1248 1516 1299 κατᾶ
1543 1247 1642 1315 τῆς
1671 1247 1954 1308 εὐσεϐείας

387 1339 570 1408 Τόμον
595 1340 823 1403 ἐκεῖνον,
868 1338 929 1392 ὃν
966 1340 1062 1391 καὶ
1090 1340 1154 1391 ὲκ
1186 1338 1282 1391 τοῦ
1311 1339 1480 1390 τόπου
1514 1338 1832 1406 ἐπωνυμίας
1864 1354 1957 1388 σα-

386 1428 505 1493 φῶς
540 1429 804 1496 ἠξίωσενο
845 1430 1033 1481 ἔπειτα
1072 1430 1166 1481 καὶ
1197 1429 1290 1480 ἰπὶ
1322 1429 1423 1498 τὴν
1485 1430 1744 1496 Μεγάλην
1803 1428 1983 1480 πόλιν

383 1520 609 1583 ἐλάσας,
663 1521 759 1574 καὶ
809 1519 864 1573 τί
933 1521 1033 1586 μὲν
1092 1519 1415 1582 ὑποδεικνὺς
1458 1520 1518 1572 τδ
1562 1520 1660 1586 τῆς
1705 1512 1958 1582 ἀσεϐείας

386 1609 527 1678 ὁμοῦ
552 1612 647 1662 καὶ
678 1610 895 1677 ἀπάτης
921 1611 1331 1679 γραμματεῖον,
1381 1609 1435 1661 τί
1462 1610 1519 1662 δὲ
1545 1609 1675 1672 τοὺς
1730 1609 1957 1678 ὴκολου-

390 1701 631 1768 θηκότας
663 1699 941 1761 ἀναιδείας
968 1700 1306 1767 ύπίκκαυμα
1339 1699 1435 1752 καὶ
1459 1699 1771 1769 ἀδολεσχίας
1793 1717 1958 1769 παρι-

390 1791 556 1851 στῶν,
585 1790 762 1842 ἐκεῖνο
788 1789 1105 1859 περιφανῶς
1135 1789 1275 1858 πρὸς
1345 1789 1521 1851 ἑνίους
1560 1790 1669 1842 τῶν
1715 1789 1958 1842 δυνατῶν

384 1880 669 1949 ἐξήνυσεν,
703 1881 733 1934 ὅ
792 1897 959 1948 φησιν
1005 1883 1034 1933 ὁ
1072 1883 1249 1948 μέγας
1299 1881 1621 1943 Ἀπόστολος
1648 1897 1664 1914 ·
1696 1898 1715 1931 ι
1766 1881 1956 1933 Ἔσται

385 1974 600 2041 καιρὸς,
629 1973 719 2026 ὅτε
763 1974 863 2041 τῆς
890 1972 1243 2042 ὑγιαινούσης
1284 1972 1631 2034 διδασκαλίας
1709 1973 1809 2025 οὐκ
1862 1974 1958 2025 άν-

395 2064 633 2128 έξονται,
671 2062 806 2115 ἀλλά
857 2063 1001 2116 κατά
1056 2063 1157 2130 τὰς
1222 2062 1357 2125 ιδίας
1405 2064 1703 2133 ἐπιθυμίας
1744 2064 1960 2125 ἑαυτοῖς

387 2153 835 2223 ιπισωρεύσουσι
868 2153 1254 2217 διδάσκάλους,
1291 2153 1617 2224 κνηθόμενοι
1639 2157 1737 2223 τὴν
1768 2156 1956 2224 ἀκοήν.

391 2247 502 2299 Καὶ
524 2246 632 2299 ἀπὸ
672 2245 774 2315 μὶν
833 2246 933 2311 τῆς
996 2245 1253 2315 ἀληθείας
1313 2245 1412 2316 τὴν
1467 2229 1638 2314 ἀκοὴν
1693 2247 1960 2317 ἀποστρέ-

389 2338 592 2407 ψουσιο
632 2340 727 2392 ἐπὶ
770 2337 828 2391 δὲ
867 2339 993 2401 τοὺς
1023 2337 1229 2407 μύθους
1283 2339 1746 2408 ἐκτραπήσονται.
1783 2358 1801 2391 ι
1853 2337 1960 2392 Καὶ

387 2429 511 2482 οὐδὲ
544 2428 772 2492 τούτους
811 2428 999 2495 ἀπλῶς
1048 2430 1141 2482 καὶ
1198 2428 1274 2490 ὼς
1336 2428 1548 2497 ἔτυχεν,
1603 2428 1720 2481 ἀλλ’
1771 2426 1847 2491 ὡς
1894 2427 1961 2481 ἂν

390 2521 527 2590 ημῖν
562 2519 779 2590 ῥηθείη,
838 2520 1024 2584 πόνοις
1085 2520 1351 2592 πρότερον
1412 2522 1640 2591 μακροῖς
1678 2520 1773 2574 καί
1826 2523 1961 2574 πᾶσι

388 2614 507 2677 τοῖς
544 2613 845 2682 ἀρέσκουσι
870 2613 1008 2684 πρὸς
1032 2614 1133 2685 τὴν
1165 2614 1264 2684 τῆς
1282 2615 1457 2684 ἀρχῆς
1490 2615 1701 2683 κλοπὴν
1723 2617 1819 2675 καὶ
1867 2630 1977 2666 πεοι

394 2705 695 2775 ριποίησιν.

466 2796 611 2859 Τοὺς
645 2792 741 2849 οὖν
795 2794 971 2857 οὕτως
1000 2794 1477 2866 ὲπισωρευθέντας
1523 2797 1737 2860 ἑαυτοῖς
1782 2797 1964 2850 διδασ-

393 2883 618 2949 κάλους,
645 2884 755 2937 τῶν
784 2884 1061 2955 τροπαίων
1093 2883 1494 2952 διηνυσμένων,
1523 2887 1605 2947 εἰς
1634 2885 1963 2956 Ἐκκλησίαν

393 2979 865 3047 καταστήσαντες,
925 2976 1021 3030 καὶ
1071 2976 1280 3046 ταύτην
1310 2976 1404 3028 τοῦ
1461 2976 1596 3028 Θεοῦ
1664 2977 1963 3046 ὀνομάσανο

390 3084 509 3131 τες,
564 3071 773 3130 πάντας
805 3067 1123 3121 ἐλαύνουσιν
1178 3068 1269 3119 ἐπὶ
1329 3068 1428 3137 τὴν
1480 3069 1797 3136 θρησκείαν·
1835 3088 1852 3121 ι
1898 3070 1964 3122 Ἢ

1709 1973 1809 2025 οὐκ

2049 624 2238 671 tuorve
2294 620 2624 688 discipulus
2670 625 2770 676 sibi
2830 626 3189 691 adjnnxisset.
3253 635 3415 689 atque
3470 630 3603 675 adeo

2047 706 2324 758 nonnullis
2355 707 2406 759 in
2445 721 2626 762 monte
2659 711 2859 763 Sancto
2885 714 3239 779 obrepsisset,
3271 698 3385 765 hoc.
3439 716 3600 765 nimi-

2048 807 2166 843 rum
2200 794 2480 849 Barlaamo
2504 799 2717 851 crimini
2743 809 2982 860 vertens,
3010 816 3070 851 ac
3103 801 3227 853 inde
3254 789 3430 853 dicam
3480 804 3614 854 seri-

2050 885 2181 937 bens
2217 924 2231 945 .
2292 896 2544 954 tanquam
2614 891 2700 942 ille
2732 930 2747 954 ,
2799 891 3008 944 divinas
3055 908 3283 957 nsquam
3347 894 3615 945 exhibitas

2050 978 2458 1044 apparitiones.
2515 981 2756 1050 aliasque
2824 983 2944 1035 aliis
3002 985 3171 1037 beatis
3248 985 3375 1037 viris
3453 986 3618 1039 factas

2054 1067 2183 1120 viris
2251 1070 2651 1126 illustrationes
2714 1074 3048 1136 traduceret,
3095 1090 3159 1127 ac
3226 1078 3616 1129 monachorum

2053 1158 2365 1213 institutum
2390 1177 2552 1215 omne
2590 1173 2906 1231 statumque
2936 1177 3228 1219 everteret.
3286 1160 3487 1233 llisque
3525 1183 3617 1218 ar-

2055 1252 2196 1306 tibus
2234 1253 2337 1305 illis
2367 1255 2627 1315 seductis,
2666 1269 2727 1307 ac
2771 1271 2862 1322 per
2913 1255 3342 1324 simplicitatem.
3402 1270 3460 1311 ut
3512 1260 3618 1311 'l‘o—

2055 1357 2202 1396 mum
2258 1343 2408 1395 illum
2450 1344 2711 1398 adversus
2759 1346 3011 1412 pietatem
3066 1349 3415 1401 tumultuaria
3478 1364 3618 1416 pene

2054 1447 2214 1500 opera
2240 1432 2555 1497 conﬂatum,
2589 1417 3276 1497 subscriberent,indurtis
3310 1437 3417 1505 (cui
3453 1439 3617 1489 etiam

2019 1519 2119 1577 ὀι
2156 1524 2278 1578 loco
2302 1524 2478 1592 palam
2512 1514 2931 1593 appellationem
2970 1527 3187 1594 indidit)
3243 1526 3311 1579 ad
3372 1526 3617 1588 Magnam

2058 1615 2317 1684 deinceps
2354 1618 2633 1684 profectus
2660 1618 2957 1678 civitatem,
3000 1633 3085 1681 ac,
3156 1634 3263 1687 qua
3327 1621 3623 1685 impietatis

2061 1705 2223 1758 simul
2256 1706 2568 1775 errorisque
2600 1706 2839 1759 libellum
2869 1707 3185 1767 ostendens,
3220 1723 3323 1773 qua
3366 1723 3623 1775 sequaces

2062 1796 2463 1865 adjunctosque
2498 1798 2797 1852 monachos
2855 1798 3200 1866 impudentiae
3256 1800 3622 1867 garrulitatis»

2061 1903 2164 1957 que
2200 1887 2497 1943 fomentum
2533 1889 2819 1954 exhibens,
2856 1891 2905 1943 id
2961 1892 3119 1957 plane
3181 1892 3320 1957 apud
3395 1895 3625 1944 nonnul-

2062 1983 2143 2035 los
2174 1989 2484 2048 magnatum
2520 1980 2716 2044 cll'ecit,
2752 1983 2896 2050 quod
2931 1981 3061 2035 dicit
3108 1998 3339 2044 magnus
3398 1986 3623 2051 Aposto-

2058 2072 2144 2127 lus
2178 2089 2192 2125 :
2235 2072 2378 2127 «Erit
2403 2082 2616 2141 tempus
2646 2088 2768 2128 cum
2807 2090 2991 2127 sanam
3029 2075 3329 2128 doctrinam
3364 2092 3467 2127 non
3503 2094 3623 2129 sns-

2062 2163 2349 2229 tinehunt,
2402 2164 2495 2219 sed
2533 2165 2830 2218 secundum
2857 2165 3122 2218 desideria
3174 2181 3269 2219 sua
3332 2183 3624 2221 coacerva-

2061 2256 2195 2309 bunt
2223 2256 2325 2308 sibi
2363 2256 2671 2325 magistros,
2709 2256 2909 2324 quibus
2940 2273 3100 2311 aures
3152 2260 3418 2325 pruriant.
3486 2260 3547 2312 Et
3596 2275 3625 2311 a

2061 2348 2288 2401 veritate
2315 2346 2532 2416 quidem
2566 2347 2811 2401 auditum
2856 2357 3120 2411 averterit,
3169 2354 3233 2402 ait
3265 2350 3475 2405 fabulas
3533 2367 3627 2403 an-

2062 2448 2168 2493 tem
2218 2440 2686 2495 convertentur".
2723 2458 2741 2491 ι
2776 2438 2957 2509 Neque
2991 2440 3088 2494 hos
3124 2442 3320 2508 quimis
3361 2443 3521 2496 modo
3566 2459 3629 2497 ac

2062 2539 2284 2592 temere.
2313 2530 2431 2594 sed,
2453 2538 2512 2584 ut
2542 2533 2664 2600 quis
2693 2524 2860 2593 dicat,
2895 2531 2959 2583 ad
3009 2532 3381 2599 principatum
3443 2533 3627 2587 furtim

2062 2622 2424 2678 invadendum
2451 2637 2685 2690 eumque
2718 2623 3040 2692 parandum,
3072 2623 3245 2688 longis
3276 2623 3425 2690 prius
3478 2626 3629 2678 labu-

2065 2714 2239 2775 ribus,
2269 2729 2334 2767 ac
2361 2712 2574 2767 cunctis
2614 2728 2733 2782 qure
2762 2712 3030 2775 placi-ant,
3059 2713 3387 2767 instructos.

2134 2804 2237 2859 Eos
2259 2805 2422 2874 igitur
2457 2819 2597 2871 quos
2625 2805 2724 2858 sibi
2761 2806 3052 2871 magistros
3085 2803 3157 2857 ita
3183 2815 3628 2860 coacervassent.

2065 2894 2299 2963 peractis
2331 2894 2570 2962 trOpa-is,
2620 2892 2671 2945 in
2705 2891 2943 2945 Ecclesia
2999 2890 3418 2957 constituentes,
3470 2916 3629 2963 quam

2068 2985 2159 3039 Dei
2192 2992 2610 3052 nuncupassent,
2664 2998 2854 3037 omnes
2887 2984 2952 3036 ad
2979 2986 3184 3037 cultum
3208 3000 3268 3036 ac
3307 3002 3342 3033 ri
3370 2986 3624 3050 ligioneu.

2066 3085 2290 3145 cogunt.
2324 3076 2394 3128 ita
2435 3076 2737 3129 clamantes
2766 3089 2830 3129 ac
2862 3076 3139 3130 ediccntcs
3168 3094 3180 3129 :
3222 3074 3377 3126 ιΙΙςνο
3402 3084 3544 3125 tenet
3570 3089 3634 3127 ac

408 3159 705 3227 Ἐκκλησία
765 3158 940 3212 ταῦτα
1014 3159 1330 3228 πρεσὸεὐει,
1366 3178 1385 3211 ι
1470 3160 1822 3229 κεκραγότες.
1886 3163 2157 3234 At‘cdoc

1886 3163 2031 3234 At'c
2064 3167 2216 3221 docet
2269 3164 2561 3220 Ecclesia.»
2613 3163 2980 3230 Quamobrem
3011 3181 3113 3219 nos
3165 3180 3379 3232 quoque
3425 3165 3634 3217 huncce

399 3250 553 3319 ᾇπερ
584 3250 679 3302 καὶ⁵
708 3251 871 3319 ἡμεῖς
888 3251 979 3302 τὸν
999 3251 1245 3318 παρόντα
1293 3251 1749 3319 συνεστησάμεθα
1786 3252 1964 3318 λόγον,

397 3341 779 3412 παριστῶντες
802 3340 872 3394 τά
887 3342 987 3411 τῆς
1017 3341 1352 3412 Ἐκκλησίας
1378 3344 1582 3409 ταύτης
1614 3344 1760 3402 ὅπως
1805 3342 1968 3412 προέ-

396 3436 492 3505 6η,
526 3437 621 3488 καὶ
657 3435 733 3497 ὡς
763 3436 822 3487 ού
851 3435 1099 3501 δικαίως,
1122 3436 1232 3488 οὐδ’
1258 3437 1419 3499 ὁσίως
1488 3437 1566 3506 τῷ
1616 3438 1968 3507 προσρήματι

397 3528 576 3597 τούτῳ
603 3527 846 3593 λέγεται.

470 3620 769 3689 Προσέχειν
807 3620 853 3673 δ’
880 3618 1055 3684 ἄξιον,
1087 3620 1160 3681 ὡς
1190 3620 1251 3671 οὗ
1312 3621 1453 3671 κατὰ
1504 3619 1722 3672 πάντων
1760 3621 1892 3688 ἡμῖν
1941 3621 1969 3673 6

395 3710 556 3778 λόγος
580 3711 857 3780 προῆκται
908 3710 1019 3764 τῶν
1073 3711 1169 3764 νῦν
1217 3711 1426 3782 ταύτην
1475 3711 1966 3780 συμπληρούντων,

395 3800 535 3854 ἀλλά
570 3802 696 3869 περῖ⁵
730 3800 909 3868 μόνων
936 3799 1145 3853 τούτων
1187 3799 1394 3869 ταύτην
1424 3800 1525 3871 τὴν
1561 3802 1737 3871 ἀρχὴν
1771 3820 1971 3871 συστη-

398 3891 673 3961 σαμένων,
738 3891 1133 3962 εὐαριθμήτων
1174 3892 1337 3945 τινῶν
1396 3892 1587 3958 όντων,
1643 3895 1738 3946 καὶ
1783 3895 1970 3963 σχεδὸν

396 3983 581 4037 αὐτῶν
617 3982 730 4036 τῶν
783 3984 915 4052 ἡμῖν
982 3984 1076 4037 ἐπὶ
1127 3984 1411 4055 μαρτυρίᾳ
1456 3988 1967 4055 μνημονευομένων.

396 4074 537 4130 Οὕτε
565 4076 673 4145 γάρ
701 4075 830 4146 περὶ
855 4075 960 4127 τῶν
994 4075 1086 4128 τὸν
1117 4074 1353 4146 ἀριθμὸν
1382 4077 1543 4145 μόνον
1580 4079 1970 4148 συμπληρούνο

395 4183 507 4220 των
534 4167 750 4234 ἀνάγκη
810 4165 1025 4235 λέγειν,
1067 4166 1193 4220 οὔτε
1247 4168 1392 4243 τινὸς
1430 4170 1540 4222 τῶν
1587 4172 1645 4222 ὲν
1696 4171 1969 4240 ἀξιώμασι

393 4257 833 4327 διαπρεπόντων,
863 4258 962 4311 τοῦ
994 4258 1191 4328 καιροῦ
1222 4260 1385 4313 τοῦτο
1419 4262 1513 4314 καὶ
1547 4261 1649 4331 τῆς
1681 4263 1970 4333 συνηθείας

394 4350 912 4417 καταναγκάσαντος
938 4366 954 4382 ⁸
1002 4349 1126 4403 οὔτε
1183 4351 1290 4420 μὴν
1328 4351 1436 4406 τῶν
1495 4352 1803 4421 δημοτικῶν
1877 4358 1971 4409 άν-

395 4439 563 4510 δρῶν,
580 4438 743 4508 εργον
772 4444 865 4492 τὸν
900 4439 1039 4508 βίον,
1059 4444 1155 4494 καὶ
1186 4442 1246 4494 οὺ
1271 4442 1371 4511 τὴν
1394 4441 1504 4495 τῶν
1525 4443 1814 4513 δογμάτων
1840 4448 1972 4517 πρό-

354 4563 362 4575 -
394 4545 547 4582 νοιαν
573 4530 937 4597 ποιουμένων.

480 4620 569 4684 ὀς
592 4620 661 4675 ἂν
692 4622 750 4675 δὲ
776 4623 1043 4693 πρότερον
1067 4622 1159 4676 τὸν
1191 4624 1291 4694 τῆς
1323 4625 1659 4696 Ἐκκλησίας
1703 4628 1799 4680 τοῦ
1831 4629 1968 4683 Θεοῦ

399 4712 621 4782 γνῶμεν
663 4714 809 4781 ὅρον,
849 4713 1013 4783 ’Δγία
1057 4714 1153 4767 τοῦ
1186 4716 1320 4769 Θευῦ
1348 4718 1652 4786 Ἐκκλησία
1678 4722 1796 4774 ἐστὶ
1828 4724 1970 4776 κατὰ

398 4805 469 4861 τὰ
516 4806 894 4876 θεοπαράδοτα
934 4809 1093 4874 λόγια
1134 4808 1357 4875 σύναξις
1420 4813 1541 4881 ἱερά
1594 4814 1654 4866 οὺ
1704 4815 1862 4884 μόνον
1908 4819 1972 4869 ἐκ

397 4896 667 4952 πλειόνων
702 4900 800 4951 καὶ
830 4899 1123 4969 μακαρίων
1171 4901 1405 4971 ἀνδρῶν,
1442 4904 1576 4956 ἀλλὰ
1600 4906 1693 4958 καὶ
1728 4906 1788 4969 ἐξ
1810 4908 1969 4960 ὲλατ-

396 4995 591 5055 τόνων,
623 4994 716 5046 ἐπὶ
747 4992 823 5063 τῷ
874 4993 1100 5062 ὀνόματι
1163 4996 1257 5046 τοῖν
1314 4996 1573 5066 ἀληθινοῦ
1639 5000 1817 5066 φωτὸς
1886 5000 1978 5052 τοῦ

398 5087 739 5156 φωτίζοντος
828 5088 1008 5141 πάντα
1065 5086 1355 5157 ἄνθρωπον
1414 5092 1708 5159 ἐρχόμενον
1758 5093 1838 5155 είς
1885 5094 1978 5145 τὸν

402 5178 614 5247 κόσμον
656 5177 1012 5234 συνελθοῦσα.
1083 5180 1142 5233 '0
1177 5179 1286 5251 γάρ
1336 5182 1477 5251 ἱερὸς
1514 5183 1683 5252 ἔφησέ
1724 5202 1825 5237 που
1888 5185 1975 5237 λό-

399 5287 524 5338 γος,
580 5289 601 5322 ι
634 5271 950 5337 Ὅπου-εἰσὶ
994 5272 1087 5325 δύο
1147 5274 1181 5344 ἢ
1230 5276 1380 5343 τρεῖς
1431 5278 1761 5345 συνηγμένοι
1793 5280 1871 5339 είς
1918 5277 1979 5330 τὸ

397 5363 535 5432 ἀμὸν
559 5362 757 5433 ὄνομα,
785 5365 904 5417 ἐκεῖ
930 5366 1047 5434 είμι
1080 5367 1138 5418 ὲν
1175 5366 1328 5436 μέσῳ
1356 5366 1559 5422 αὐτῶν.
1597 5386 1615 5418 ι

476 5455 597 5508 Ἔτι
660 5456 818 5524 Ἀγία
873 5455 970 5510 τοῦ
1020 5457 1156 5511 Θεοῦ
1203 5460 1354 5513 ἐστιν
1443 5460 1737 5530 Ἐκκλησία
1793 5462 1976 5525 θίασος

405 5546 578 5616 ἱερὸς,
602 5552 895 5619 σχοίνισμα
943 5550 1309 5622 κληρονομίας
1378 5552 1640 5622 Χριστοῦο
1705 5555 1981 5608 Βασίλειον

404 5638 728 5710 ίεράτευμα,
753 5640 881 5707 λαὸς
915 5642 1226 5713 περιούσιος
1253 5643 1411 5708 Θεου,
1444 5645 1536 5698 ἐπὶ
1564 5649 1630 5717 τῇ
1667 5648 1845 5718 πέτρᾳ
1868 5648 1977 5701 τῶν

2072 3266 2358 3311 tractatum
2388 3255 2598 3309 idcirco
2620 3258 3053 3333 composuimus,
3076 3256 3288 3310 utlianc
3315 3255 3633 3316 Ecclesiam,

2069 3363 2176 3418 qua
2234 3347 2564 3418 provexerit,
2613 3348 2826 3402 ratione
2886 3349 3269 3409 ostendamus,
3342 3363 3443 3400 nec
3493 3347 3640 3414 justo

2070 3451 2362 3507 sancteque
2388 3457 2505 3495 cam
2545 3430 2647 3497 sibi
2682 3436 2957 3515 tiimlicare
3004 3442 3446 3511 appellationem,
3483 3455 3640 3494 mon-

2071 3545 2329 3587 stremus.
2678 3522 2683 3528 ’

2144 3624 2197 3676 Id
2233 3639 2366 3677 vero
2413 3624 2774 3679 observemus
2808 3639 2989 3692 opera:
3026 3624 3258 3693 pretium
3296 3631 3403 3681 est.
3440 3640 3543 3676 non
3588 3625 3642 3677 in

2070 3729 2262 3769 omnes
2288 3715 2378 3785 qui
2414 3729 2530 3768 eam
2566 3712 2708 3768 nunc
2739 3718 3035 3783 complent,
3070 3731 3168 3768 nos
3210 3731 3521 3767 Sermonem
3564 3716 3645 3768 in-

2074 3807 2317 3869 tendere,
2368 3806 2462 3859 seti
2505 3808 2570 3859 de
2601 3807 2706 3860 illis
2740 3806 3003 3860 duntaxat
3060 3807 3231 3875 loqui.
3294 3806 3386 3872 qui
3436 3808 3646 3859 huncce

2072 3897 2438 3966 principatum
2469 3897 2872 3950 constituerunt
2899 3910 2912 3946 :
2944 3896 3099 3963 pauci
3126 3896 3337 3949 ευίιὶοιιι
3369 3896 3645 3962 homines,

2072 4005 2135 4043 ac
2172 3989 2210 4043 ii
2238 3989 2351 4043 fere
2383 3990 2477 4056 qui
2514 3989 2673 4043 nobis
2708 3989 2850 4041 inter
2902 3990 3213 4042 testimonia
3250 4003 3645 4044 memorantur.

2069 4077 2255 4150 Neque
2284 4082 2427 4135 enim
2447 4096 2583 4151 opus
2614 4090 2768 4134 estut
2794 4082 2861 4134 de
2884 4080 2989 4134 illis
3023 4081 3288 4144 dicamus,
3326 4082 3417 4148 qui
3469 4082 3645 4134 solum

2071 4187 2361 4227 numerum
2419 4173 2712 4239 complent,
2753 4186 2853 4226 nec
2902 4187 3033 4227 vero
3068 4172 3135 4226 de
3167 4173 3291 4226 ullis
3326 4190 3513 4225 eorum
3555 4175 3648 4241 qui

2074 4262 2483 4332 magistratibus
2508 4261 2730 4329 fulgent,
2753 4279 2877 4315 cum
2899 4274 2951 4315 et
2972 4274 3209 4329 tempus,
3234 4271 3286 4314 ct
3312 4262 3655 4315 consuetudo

2074 4353 2145 4406 ita
2173 4361 2368 4420 cogant
2408 4367 2473 4406 ac
2521 4369 2693 4421 neque
2747 4353 2814 4407 de
2850 4352 3209 4420 popularibus
3268 4354 3522 4421 vulgique
3557 4354 3653 4406 lio-

2076 4444 2338 4506 minibns,
2390 4444 2591 4511 quibus
2640 4460 2802 4513 opus,
2843 4446 2951 4497 \‘ita
3006 4454 3132 4506 est;
3179 4459 3289 4498 non
3332 4447 3650 4513 dogmatuin

2074 4550 2204 4589 Cura
2237 4549 2299 4588 ac
2324 4534 2630 4604 diligentia.

2151 4628 2219 4682 Ut
2254 4638 2431 4680 autem
2472 4628 2621 4695 prius
2659 4628 2916 4681 Ecclesia
2949 4626 3040 4681 Dei
3079 4630 3345 4682 rationem
3383 4631 3647 4689 sciamus.

2075 4728 2261 4773 sancta
2310 4718 2402 4770 Dei
2447 4718 2685 4771 Ecclesia
2714 4720 2848 4781 'est,
2895 4720 3048 4786 juxta
3079 4722 3335 4774 divinitus
3367 4721 3561 4773 tradita
3599 4732 3653 4775 et

2077 4800 2379 4865 aPatribus
2417 4820 2636 4879 accepta
2677 4811 3093 4878 eloquia,sacra
3144 4817 3513 4883 congregatio,
3558 4830 3654 4868 nc-

2077 4904 2204 4958 tlum
2236 4920 2301 4957 ex
2337 4904 2582 4972 pluribus
2614 4918 2676 4958 ac
2708 4903 2884 4959 beatis
2914 4905 3043 4959 \iris
3075 4920 3433 4973 consurgens,
3462 4908 3553 4959 sed
3585 4924 3651 4959 ex

2078 4999 2146 5051 iis
2170 4997 2358 5061 etiam,
2390 4997 2484 5065 qui
2514 4998 2752 5051 minores
2781 5010 2930 5059 sunt,
2986 4998 3039 5051 in
3085 5000 3308 5051 nomine
3336 5001 3446 5051 veri
3484 5000 3654 5052 lumi-

2079 5088 2185 5149 nis.
2216 5089 2359 5155 quod
2398 5088 2671 5141 illuminat
2699 5104 2916 5142 omnem
2955 5090 3229 5142 hominem
3266 5092 3571 5143 venientem
3601 5091 3653 5144 in

2079 5180 2338 5233 mundum
2371 5180 2461 5243 ³⁹;
2528 5179 2668 5233 dixit
2730 5182 2875 5234 enim
2916 5181 3154 5249 quodam
3193 5182 3317 5234 loco
3372 5180 3654 5236 Verbum:

2082 5273 2215 5328 «Ubi
2249 5283 2378 5327 sunt
2412 5275 2519 5326 duo
2553 5272 2634 5326 vel
2683 5284 2793 5346 tres
2821 5273 3136 5343 congregati
3171 5274 3223 5326 in
3250 5276 3471 5329 nomine
3510 5290 3654 5339 meo,

2081 5365 2154 5419 ibi
2181 5380 2301 5418 sum
2335 5364 2385 5418 in
2420 5366 2598 5419 medio
2627 5380 2815 5418 eorum
2846 5365 2944 5421 ".i

2082 5484 2124 5521 ,ι
2156 5457 2419 5512 Prmterea
2442 5468 2626 5512 sancta
2649 5457 2740 5511 Dei
2768 5454 3007 5511 Ecclesia
3034 5467 3137 5520 est,
3162 5472 3316 5511 sacer
3337 5466 3655 5522 conventus,

2085 5552 2366 5609 funiculus
2395 5552 2726 5608 haereditatis
2745 5552 2950 5607 Christi
2973 5552 3042 5616 δι,
3064 5552 3244 5623 regale
3267 5552 3657 5617 sacerdotium,

2083 5646 2314 5717 populus
2335 5647 2714 5718 acquisitionis
2740 5646 2835 5703 Dei
2866 5646 2933 5711 δ’,
2961 5647 3013 5700 in
3042 5655 3194 5716 petra
3224 5644 3657 5716 apostolicarum

476 5816 585 5875 "ll
614 5820 755 5876 Tim.
785 5838 859 5889 ιν,
890 5824 943 5878 5.
1019 5824 1063 5855 ³⁹
1090 5820 1243 5878 Joan.
1283 5840 1322 5892 ι,
1354 5823 1409 5879 9.
1487 5824 1532 5857 “
1557 5823 1749 5881 Matth.
1789 5842 1947 5893 xvni,
1977 5826 2069 5882 20.
2145 5827 2185 5859 “
2211 5827 2364 5885 Deut.
2402 5844 2579 5897 χχιιι,
2613 5828 2666 5885 9.
2745 5826 2827 5883 “l
2854 5825 3002 5883 Petr.
3025 5842 3086 5892 ιι,
3111 5826 3165 5881 9.
