4428 6444
815 387 920 449 703

1978 391 2300 451 JOANNIS
2337 388 2907 468 CYPAlllSSlOT/E

3937 358 4046 452 -ιοι

811 507 1272 568 paternarumque
1328 500 1685 554 traditiouum
1755 500 1980 553 fundata
2005 501 2050 532 "
2080 518 2095 564 ;
2130 500 2374 566 nihilque
2407 505 2448 560 Α
2482 501 2560 551 ἀπ

2289 513 2374 566 [ue
2407 505 2448 560 Α
2482 501 2857 552 άποστολικιῖἒν
2888 503 2981 554 καὶ
3011 504 3290 570 πατρικῶν
3340 503 3688 572 παραδόσεων
3719 503 4038 572 τεθεμελιω.

811 590 1067 644 novitatis
1118 590 1429 653 admittens,
1468 592 1533 643 ad
1566 592 1854 646 evertenda
1900 606 2019 658 qure
2043 605 2073 643 a
2111 589 2377 657 principio

808 680 1049 745 suscepit
1079 679 1354 747 dogmata.
1385 679 1462 734 Ac
1485 682 1679 747 partim
1705 682 1869 744 cavit,
1909 689 2202 747 monetque
2233 679 2378 732 salu-

811 769 944 819 taris
969 765 1190 821 Seruio:
1222 785 1240 817 ι
1272 766 1540 822 Doceutes
1570 784 1718 830 eos,»
1747 769 1944 834 inquit,
1975 782 2225 821 «servare
2253 782 2377 820 om-

810 859 922 919 nia,
957 873 1292 926 quaecunque
1316 859 1564 911 mandavi
1595 859 1753 912 vobis
1781 860 1848 922 “,
1887 879 1904 910 ι
1936 860 2134 928 partim
2161 859 2376 910 divinus

809 949 1138 1014 Apostolus:
1200 949 1494 1003 «Profauas
1520 965 1716 1004 vocum
1770 951 2034 1002 novitates
2065 950 2242 1002 devita
2271 951 2369 1000 ⁸⁵.»

809 1044 887 1089 Ac
923 1053 1113 1091 rursus
1145 1055 1158 1090 :
1203 1037 1346 1091 tEtsi
1379 1039 1691 1106 angelusjde
1723 1040 1866 1092 caelo
1897 1039 2376 1106 evangelizaverit,

810 1137 1170 1194 praeterquam
1191 1129 1336 1197 quod
1363 1130 1794 1197 accepistis,etsi
1813 1145 1912 1199 ego
1965 1129 2188 1196 Paulus,
2234 1132 2378 1183 Ana-

813 1218 992 1269 thema
1028 1219 1096 1270 sit
1127 1218 1225 1275 ⁸⁸.»

878 1307 960 1358 Ad
997 1309 1131 1370 lucc,
1166 1317 1353 1361 sancta
1401 1309 1493 1361 Dei
1526 1309 1768 1364 Ecclesia
1802 1320 1906 1374 est,
1945 1310 2248 1364 divinarum
2277 1309 2380 1361 lut-

811 1413 1206 1464 nianarutnque
1261 1414 1442 1451 rerum
1476 1400 1733 1468 magistra
1763 1416 1776 1461 ;
1810 1409 1883 1460 et,
1924 1409 1981 1452 ut
2016 1409 2204 1452 auctor
2262 1414 2377 1450 ma-

809 1503 951 1556 gnus
973 1487 1264 1554 Apostolus
1289 1497 1401 1540 est:
1445 1489 1757 1554 «Captivam
1791 1491 1841 1540 iu
1871 1489 2147 1542 Christum
2173 1488 2378 1540 ducens

815 1594 1034 1629 omnem
1072 1579 1459 1644 Cogitationctn
1501 1580 1600 1638 ⁸⁷.»
1639 1579 1690 1630 in
1727 1596 2047 1632 communes
2074 1580 2278 1632 scilicet
2311 1579 2378 1632 de

2485 589 2644 657 μένη,
2681 591 2772 641 καὶ
2807 592 2974 659 μηδέν
2995 607 3047 642 τι
3070 592 3394 657 καινοφανὲς
3446 592 3532 644 ἐπ’
3586 593 3867 660 ἀναιρέσει
3932 596 4042 645 τῶν

2481 678 2715 747 ὲξαρχῆς
2773 681 3190 748 παραδεχομένη
3240 681 3549 748 δογμάτων.
3589 682 3663 733 Th
3721 681 3820 748 μὲν
3859 681 3968 751 γὰρ
4015 685 4045 735 6

2481 771 2746 838 σωτήριος
2781 770 3234 838 προησφαλίσατο
3262 771 3455 836 Λόγος,
3493 789 3512 820 ι
3550 771 3907 834 Διδάσκοντες
3942 773 4043 824 αὐ-

2477 861 2624 922 τοὺς,
2667 879 2686 911 ι
2749 863 2903 930 φησὶ,
2971 879 2989 910 ι
3031 863 3219 931 τηρεῖν
3283 863 3479 925 πάντα,
3533 862 3632 914 ὅσα
3691 862 4045 930 ἐνετειλάμην

2480 952 2643 1018 ὑμῖν·
2679 969 2697 1000 ι
2743 952 2804 1002 τὸ
2834 951 2926 1003 δ’ὁ
2976 951 3112 1012 θεῖος
3154 953 3492 1016 Ἀπόστολος,
3550 971 3568 1002 ι
3617 951 3729 1012 Τὰς
3789 951 4046 1018 βεϐήλους

2480 1042 2846 1106 καινοφωνίας
2893 1041 3231 1108 περιίστασο.
3276 1061 3293 1092 ι
3359 1044 3464 1095 Καὶ
3509 1043 3691 1101 πάλιν,
3736 1060 3753 1091 ι
3803 1043 3920 1093 Κᾶν
3950 1042 4047 1108 άγ-

2480 1131 2636 1193 γελος
2678 1130 2735 1192 ἐξ
2762 1131 2990 1198 ούρανοῦ
3019 1131 3443 1200 εὐαγγελίσηται
3476 1132 3606 1199 παρ’
3629 1132 3656 1182 ὃ
3684 1131 4043 1198 παρελάδετε,

2479 1220 2583 1272 κᾶν
2618 1219 2726 1285 ἐγὼ
2755 1218 2988 1280 Παῦλος.
3021 1220 3268 1286 άνάθεμα
3299 1219 3458 1273 ἔστω.
3498 1237 3516 1269 ι

2553 1312 2671 1361 Ἔτι
2707 1311 2882 1396 Ἀγίξι
2914 1310 3006 1361 τοῦ
3061 1310 3196 1362 Θεοῦ
3220 1313 3366 1362 ἐστιν
3403 1312 3697 1378 Ἐκκλησία
3729 1310 4048 1371 διδάσκαλος

2480 1398 2639 1451 θείων
2667 1402 2758 1451 καὶ
2791 1400 3146 1465 ἀνθρωπίνων
3180 1400 3523 1466 πραγμάτιον
3545 1416 3558 1428 ·
3619 1402 3709 1452 καὶ
3761 1400 3902 1451 κατὰ
3957 1398 4047 1448 τὸν

2483 1491 2581 1555 μὲν
2625 1490 2968 1554 ’Λπ-Σστολον,
3011 1508 3027 1539 ι
3067 1489 3545 1556 αίχμαλωτίζουσα
3587 1491 3694 1541 πᾶν
3747 1490 3924 1556 νόημα
3969 1488 4048 1546 είς

2480 1581 2714 1646 Χριστόν
2736 1596 2748 1608 ·
2785 1600 2802 1630 ι
2841 1581 3085 1632 τουτέστι
3117 1582 3250 1649 πρὸς
3273 1583 3368 1642 τὰς
3415 1583 3596 1638 κοινὰς
3627 1583 3754 1648 περὶ
3803 1580 3937 1632 Θεοῦ
3965 1582 4050 1630 ὲν-

817 1669 924 1721 Deo
952 1669 1229 1723 rationes:
1260 1680 1420 1736 atque
1449 1685 1512 1722 ex
1546 1670 1673 1732 illis,
1693 1686 1751 1722 ιιι
1783 1672 1857 1722 ait
1883 1673 2095 1724 divinus
2123 1670 2372 1736 Basilius,
2409 1707 2451 1763 Β
2483 1669 2564 1721 νοί

2296 1688 2372 1736 us,
2409 1707 2451 1763 Β
2483 1669 2633 1763 νοίας
2659 1668 3175 1763 '.xdx1061mv,_tb;
3198 1669 3395 1763 ὁθεῑος
3425 1673 3556 1736 φησὶ
3586 1671 3885 1763 Βασίλειος,
3945 1669 4045 1735 ἁρ-

815 1771 1032 1810 Omnetn
1087 1757 1448 1826 qumstionuut
1485 1757 1690 1810 ducens
1726 1749 2013 1824 originem,
2049 1773 2220 1826 eoque
2259 1774 2376 1810 rur-

814 1866 907 1902 sus
942 1848 1141 1902 referre
1174 1847 1422 1902 Studens.
1454 1848 1605 1912 Quod
1639 1851 1682 1902 si
1716 1851 1945 1903 verbum
1978 1851 2192 1918 aliquod
2231 1850 2376 1904 Scri.

814 1951 984 2011 ptura:
1017 1940 1292 2003 inciderit,
1336 1942 1414 1993 uti
1450 1957 1636 1995 saneta
1691 1958 1751 1996 ac
1783 1943 2104 1997 universalis
2139 1942 2376 2012 synodus

809 2033 1268 2087 Chalcedonensis
1315 2033 1525 2096 statuit,
1561 2051 1664 2087 non
1697 2017 2177 2104 aliter’exponens,
2211 2048 2375 2101 quam

813 2126 1061 2179 licclcsim
1092 2126 1297 2178 lumina
1337 2141 1398 2178 ac
1443 2125 1689 2192 magistri
1725 2127 1876 2178 libris
1913 2127 2024 2178 suis
2057 2140 2118 2176 ac
2152 2121 2376 2189 scriptis

807 2227 1214 2287 exposuerunt:
1254 2217 1306 2268 in
1335 2216 1482 2268 ttttllo
1523 2215 1784 2267 terminos
1829 2217 1937 2281 jatu
1967 2217 2173 2283 positos
2196 2224 2376 2268 trans-

809 2311 972 2378 gredit
996 2325 1078 2372 ns,
1139 2318 1231 2362 aut
1257 2325 1284 2363 a
1313 2309 1561 2362 l’alt'ibus
1593 2319 1865 2377 acet‘ptant
1898 2307 2271 2360 traditionem.

795 2503 802 2518 ι
879 2485 1180 2548 Postremo,
1219 2491 1406 2536 sancta
1442 2481 1534 2536 Dei
1589 2481 1827 2538 Ecclesia
1853 2491 1957 2548 est,
2020 2483 2222 2537 Christi
2255 2497 2379 2537 cor-

809 2577 956 2644 poris
1007 2576 1379 2629 tnemhrorutu
1443 2576 1749 2646 integritas.
1810 2576 1874 2628 ad
1921 2591 2087 2629 unum
2149 2576 2375 2629 reducta

809 2680 991 2738 caput,
1036 2673 1190 2737 juxta
1217 2670 1578 2734 quoddictuut
1617 2683 1646 2722 a
1689 2666 1917 2721 Domino
1980 2678 2102 2722 est:
2138 2669 2232 2722 «Et
2274 2669 2380 2720 erit

808 2778 976 2813 unum
1015 2761 1174 2822 ovile,
1205 2777 1344 2814 unus
1366 2770 1549 2828 pastor
1577 2761 1674 2814 ".i

875 2851 1073 2905 Comes
1105 2867 1232 2902 vero
1261 2850 1567 2903 necessario
1593 2860 1696 2912 est,
1728 2851 1805 2903 sic
1831 2849 2057 2918 pulchre
2077 2863 2140 2901 ex
2178 2847 2380 2900 dit-inis

806 2945 1040 3012 eloquiis
1087 2942 1320 2996 deﬁnitae
1376 2952 1578 2997 sauctre
1639 2943 1730 2996 Dei
1799 2944 2076 3007 Ecclesiae,
2139 2941 2380 2998 «fructus

809 3032 1102 3102 Spiritus.»
1129 3030 1224 3083 llic
1256 3046 1384 3085 vero
1406 3040 1488 3084 est
1513 3040 1736 3084 auctore
1757 3031 1880 3084 divo
1909 3032 2202 3100 Apostolo:
2234 3032 2380 3088 Cha-
2409 3050 2449 3105 (ξ

808 3127 968 3188 ritas,
1020 3123 1301 3192 gaudium,
1340 3137 1467 3190 pax,
1520 3122 1713 3177 lenitas
1745 3123 2075 3189 benignitas,
2141 3123 2379 3187 bonitas,

809 3215 972 3277 fides,
1006 3214 1395 3277 mansuetudo,
1445 3214 1806 3268 continentia.
1863 3213 2144 3270 Adversus
2199 3214 2384 3268 istius-

809 3304 952 3356 modi
999 3317 1105 3356 non
1165 3312 1248 3358 est
1297 3304 1379 3356 lex
1412 3303 1488 3364 δ’,
1531 3311 1590 3355 ιιι
1641 3302 1785 3363 quod
1840 3302 2116 3370 spiritales
2177 3303 2381 3364 sint”,

803 3397 1060 3464 omnique
1093 3397 1208 3463 lege
1230 3397 1561 3463 superiores,
1615 3405 1666 3449 et
1712 3397 1777 3450 ad
1806 3412 1945 3465 quos
1970 3398 2141 3466 magis
2178 3405 2385 3464 spectet

813 3499 867 3539 ut
904 3489 1018 3556 lvge
1053 3489 1305 3542 sauciant
1341 3503 1403 3540 ac
1431 3490 1765 3557 prrecipiant,
1799 3504 1959 3557 quam
1985 3500 2039 3544 ut
2069 3489 2246 3558 legum
2273 3487 2384 3543 dis—

807 3581 1004 3648 ciplina
1045 3579 1272 3633 creditis
1307 3579 1408 3648 ipsi
1447 3581 1776 3648 dirigantur.

1441 3693 1670 3749 CAPUT
1696 3695 1758 3747 ll.

806 3808 945 3863 Num
977 3818 1188 3876 propter
1214 3810 1349 3860 hunc
1401 3808 1656 3880 lalemgac
1688 3809 1888 3880 “illum,
1924 3808 2013 3875 qui
2064 3809 2386 3876 patriarcha:

1019 3882 1294 3941 exsistant,
1335 3889 1518 3930 sancta
1556 3878 1646 3930 Dei
1679 3877 1909 3930 Ecclesia
1949 3880 2163 3933 dicitur.

881 3972 976 4025 "is
1003 3972 1074 4023 ita
1102 3971 1417 4024 constitutis
1439 3986 1502 4022 ac
1536 3971 1839 4037 explicatis,
1862 3973 2211 4025 considerare
2227 3973 2387 4026 debet

803 4065 990 4119 omnis
1049 4061 1421 4122 Christianus,
1479 4077 1728 4130 quaenam
1787 4062 2031 4115 vocanda
2073 4064 2141 4116 sit
2198 4072 2386 4118 sancta

807 4158 900 4211 hei
959 4157 1221 4221 Ecclesia,
1282 4172 1345 4210 ac
1373 4156 1596 4225 quinam
1629 4157 1719 4225 qui
1774 4157 1826 4209 in
1861 4173 1922 4210 ea
1958 4157 2235 4227 fulgeant:
2275 4175 2386 4214 non

805 4252 930 4317 quia
962 4249 1230 4318 quispiam
1262 4259 1482 4316 arrepto
1514 4250 1714 4302 throno
1737 4250 1852 4319 pari
1889 4263 2054 4304 sensu
2095 4249 2380 4304 hominum

805 4342 1116 4396 sollalitium
1175 4339 1451 4399 conﬂavit.
1491 4340 1692 4408 quibus
1755 4341 1908 4409 prius
1965 4340 2132 4409 hujus
2166 4341 2383 4397 illiusve

803 4436 1079 4504 opinionis
1111 4445 1301 4488 auctor
1324 4434 1621 4496 exstiterit,
1650 4434 1987 4503 ejuscemodl
2022 4435 2386 4492 existimanda

805 4538 995 4582 sancta
1058 4527 1146 4581 Dei
1182 4526 1446 4582 Ecclesia.
1482 4526 1597 4581 Hoc
1647 4527 1796 4580 enim
1861 4527 1990 4580 dato
2014 4567 2028 4590 ,
2059 4542 2086 4580 a
2120 4528 2386 4597 principio

803 4623 1081 4676 videretur
1112 4629 1165 4674 et
1190 4621 1517 4691 Arianorum
1546 4620 1902 4690 congregatio
1935 4633 2124 4675 sancta
2155 4619 2248 4674 Dei
2281 4620 2384 4673 Ec-

803 4717 1002 4773 ('lcsia:
1041 4716 1278 4783 itemque
1323 4713 1830 4777 Monothelitarum,
1879 4727 1941 4765 ac
1993 4711 2384 4771 lconomacho-

803 4822 947 4867 t‘um,
988 4821 1110 4860 cum
1146 4807 1299 4859 multi
1334 4806 1528 4859 talium
1565 4806 1885 4874 diversique
1929 4806 2125 4862 Sedem
2163 4807 2384 4874 arripu-

799 4901 964 4963 erint,
996 4907 1158 4966 atque
1187 4899 1271 4951 his
1297 4898 1390 4967 qui
1430 4913 1575 4952 nunc
1610 4909 1977 4964 emerserunt,
2000 4899 2158 4970 longe
2195 4899 2383 4970 plures

800 4990 1038 5062 synodos
1071 4989 1475 5055 constituerint,
1500 5005 1832 5061 omnemque
1874 4999 2146 5044 terrarum
2198 4990 2383 5044 orbem

805 5081 1031 5136 malitia:
1069 5081 1190 5135 labe
1239 5080 1514 5149 complexi
1546 5081 1678 5144 sint,
1731 5096 1856 5134 cum
1913 5083 2069 5148 pauci
2133 5081 2381 5147 quidam,

804 5180 1017 5248 ipsique
1064 5179 1214 5233 nullo
1273 5178 1447 5247 pretio
1475 5178 1808 5234 adversariis
1844 5179 2010 5233 habiti
2059 5178 2250 5248 reliqui
2301 5195 2387 5231 es-

803 5279 945 5336 sent,
978 5269 1070 5342 qui
1113 5279 1261 5324 recta
1307 5276 1570 5340 dogmata
1628 5279 1684 5326 et
1720 5269 2091 5340 intelligerent
2146 5279 2200 5323 et
2229 5270 2385 5324 doce-

801 5373 947 5418 rent.

873 5541 1164 5607 Praeterea,
1223 5542 1380 5612 juxta
1411 5555 1532 5596 eam
1563 5554 1728 5610 quam
1763 5538 2194 5609 assignavimus,
2250 5553 2383 5594 san-

882 5724 926 5756 ⁸³
951 5723 1086 5790 Eph.
1107 5738 1169 5781 tt.
1193 5720 1280 5776 ‘20.
1360 5721 1619 5778 “Matth.
1654 5737 1843 5780 xxvnt.
1873 5720 1966 5777 20.
2047 5719 2092 5752 "
2122 5721 2142 5778 l
2179 5717 2322 5776 Tim.
2355 5736 2425 5788 vn,
2448 5719 2536 5775 20.

807 5795 850 5827 "
879 5795 1051 5851 Galat.
1089 5810 1140 5860 ν,
1171 5792 1260 5862 εει,
1286 5793 1375 5851 9.3.
1451 5795 1496 5826 ⁸ο
1523 5793 1540 5849 l
1571 5794 1695 5851 Cor.
1728 5809 1785 5860 ιι,
1823 5792 1908 5848 15.

2418 4384 2466 4443 D

2480 1757 2683 1824 χομένη
2725 1757 2902 1808 πάντα
2934 1756 3136 1826 ζητεῖν,
3169 1758 3421 1826 καὶπρὸς
3452 1759 3621 1817 αὑτὰς
3653 1757 3812 1809 πάλιν
3840 1759 4048 1808 ἀποκα-

2479 1849 2667 1916 θιστᾷν
2716 1849 3012 1916 πειρᾶταιο
3051 1848 3153 1901 κᾶν
3211 1850 3480 1918 γραφικδν
3535 1851 3749 1919 ἐμπέσῃ
3795 1867 3844 1901 τι
3873 1850 4046 1917 ῥῆμα,

2477 1938 2550 1998 ὼς
2584 1940 2612 2004 ὴ
2647 1941 2702 1988 ὲν
2734 1939 3034 2002 Χαλκηδόνι
3071 1940 3201 2007 άγία
3233 1942 3324 1993 καὶ
3358 1943 3714 2009 οίκουμενικὴ
3757 1941 4048 2009 διωρίσατο

2481 2027 2718 2088 σύνοδος,
2760 2029 2833 2097 μὴ
2864 2028 3040 2091 ἄλλως
3077 2028 3458 2097 έρμηνεύουσα
3482 2030 3658 2094 τοῦτο,
3691 2031 3722 2098 ἢ
3770 2030 3844 2086 ὡς
3875 2033 3923 2081 ot
3949 2031 4049 2095 τῆς

2496 2117 2816 2186 Ἐκκλησίας
2839 2119 3126 2190 φωστῆρες
3174 2121 3266 2172 καὶ
3332 2121 3642 2174 διδάσκαλοι
3675 2123 3761 2174 διὰ
3823 2121 3931 2173 τῶν
3975 2121 4054 2171 ol—

2480 2208 2643 2260 κείων
2684 2211 3134 2279 συγγραμμάτων
3165 2211 3498 2278 παρέθεντο’
3534 2213 3590 2263 ἑν
3638 2213 3816 2264 οὐδενὶ
3871 2228 4051 2277 παρα-

2479 2299 2745 2353 σαίνουσα
2775 2301 2898 2362 τοὺς
2933 2302 3031 2370 ἤδη
3065 2301 3318 2364 τεθέντας
3343 2301 3526 2371 ὄρους,
3582 2301 3616 2371 ἦ
3667 2301 3766 2371 τὴν
3831 2305 3894 2353 ἐκ
3939 2300 4050 2352 τῶν

2483 2392 2742 2461 Πατέρων
2774 2391 3071 2460 παράδοσιν

2556 2486 2700 2547 Ἔτι,
2744 2484 2902 2549 Ἀγία
2934 2483 3026 2534 τοῦ
3058 2483 3194 2536 Θεοῦ
3255 2485 3402 2536 ἐστιν
3437 2483 3737 2551 Ἐκκλησία
3798 2482 4051 2551 σώματος

2479 2576 2764 2645 ὁλομέλεια
2788 2574 2876 2626 τοῦ
2897 2574 3156 2644 Χριστοῦ,
3176 2576 3265 2626 ἐπὶ
3295 2576 3424 2644 μίαν
3447 2574 3757 2643 ἀναγομένη
3789 2573 4052 2642 κεφαλὴν,

2482 2668 2624 2720 κατὰ
2644 2669 2703 2719 τὸ
2732 2669 3024 2736 εἰρημένον
3054 2669 3156 2719 ὑπὸ
3183 2667 3275 2718 τοῦ
3309 2666 3538 2737 Κυρίου,
3564 2686 3580 2718 ι
3620 2669 3730 2721 Καὶ
3761 2666 4054 2735 γενήσεται

2484 2761 2579 2827 μία
2612 2760 2832 2828 ποίμνη,
2865 2755 2944 2820 εἷς
2977 2761 3200 2827 ποιμήν.
3241 2777 3258 2809 ι

2553 2852 2786 2903 Ἔπεται
2816 2851 2872 2900 δὲ
2901 2850 2960 2913 ἐξ
2996 2850 3243 2916 ἀνάγκης
3297 2852 3362 2917 τῇ
3413 2848 3594 2911 καλῶς
3633 2848 3696 2901 ἐκ
3735 2847 3842 2899 τῶν
3871 2847 4058 2916 Oenop-

2484 2941 2595 3008 γῶν
2620 2939 2906 3010 ὁρισθείσῃ
2939 2939 3135 3006 λογίων
3173 2939 3308 3009 ἁγίᾳ
3341 2939 3434 2992 τοῦ
3481 2939 3618 2990 Θεοῦ
3666 2937 3962 3006 Ἐκκλησία
4028 2938 4058 2988 ό

2483 3033 2694 3101 καρπὸς
2722 3030 2817 3083 τοῦ
2858 3031 3194 3100 Πνεύματος.
3229 3031 3289 3083 '0
3313 3030 3368 3083 δέ
3416 3031 3556 3094 ἐστι,
3594 3029 3732 3081 κατὰ
3770 3028 3862 3080 τὸν
3915 3029 4060 3080 θεῖον

2501 3125 2844 3188 Ἀπόστολον,
2900 3123 3133 3192 Ἀγάπη,
3202 3124 3371 3192 χαρά,
3429 3121 4059 3192 είρήνη,μακροθυμία,

2487 3216 2818 3286 χρηστότης,
2836 3214 3184 3282 ἀγαθωσύνη,
3210 3215 3416 3279 πίστις,
3449 3214 3712 3284 πραότης,
3737 3213 4056 3281 ἐγκράτεια.

2491 3311 2651 3362 Κατὰ
2667 3310 2776 3362 τῶν
2799 3310 3055 3362 τοιούτων
3072 3311 3169 3362 οὐκ
3192 3309 3308 3362 ἐστι
3330 3313 3492 3382 νόμος
3510 3326 3523 3339 ·
3547 3311 3642 3364 an
3674 3309 4062 3378 πνευματικῶν

2487 3402 2675 3462 ὅντων,
2715 3405 2807 3454 καὶ
2864 3402 3045 3469 νόμου,
3093 3401 3290 3464 παντὸς
3333 3401 3914 3470 ὑπεραναϐεΰηκότων,
3965 3400 4064 3451 καὶ

2489 3493 2808 3561 νομοθετεῖν
2846 3495 3050 3561 μᾶλλον
3082 3495 3236 3564 ἣτοίς
3260 3494 3323 3547 ὲκ
3352 3493 3461 3546 τῶν
3512 3498 3693 3563 νόμων
3739 3493 4061 3546 εὐθύνεσθαι

2489 3585 2962 3653 πεπιστευμένων.

3101 3701 3353 3753 ΚΕΦᾹΛ.
3383 3699 3457 3752 B'.

2484 3812 2550 3864 El
2576 3809 2673 3864 διὰ
2695 3811 2800 3864 τὸν
2832 3811 3001 3864 δεῖνα
3030 3818 3130 3865 καὶ
3163 3812 3269 3864 τὸν
3327 3810 3495 3863 δεῖνα
3547 3809 4066 3878 πατριαρχεύοντα

2700 3882 2838 3950 ἁγία
2866 3882 2972 3935 τοῦ
3004 3883 3152 3936 Θεοῦ
3223 3882 3554 3947 Ἐκκλησία
3585 3880 3845 3948 λέγεται.

2565 3974 2785 4026 Τούτων
2818 3974 3224 4042 διορισθέντων,
3289 3977 3512 4025 σκοπεῖν
3571 3975 3837 4044 προσήκει
3889 3975 4068 4028 πάντα

2489 4065 2837 4134 Χριστιανὸν,
2867 4065 2986 4116 τίνα
3016 4082 3072 4116 τε
3110 4065 3190 4117 δεῖ
3222 4064 3406 4116 καλεῖν
3453 4064 3616 4131 ἁγίαν
3648 4064 3741 4117 τοῦ
3769 4064 3907 4118 Θεοῦ
3943 4067 4067 4119 Ἐκ-

2493 4155 2745 4217 κλησίαν,
2791 4157 2886 4206 καὶ
2920 4155 3139 4216 ὁποίους
3177 4156 3303 4217 τοὺς
3346 4158 3404 4207 ἐν
3456 4156 3596 4225 αὐτῇ
3627 4155 4065 4225 διαλάμποντας,

2492 4249 2587 4301 καὶ
2624 4247 2698 4316 μὴ
2726 4247 2807 4298 ὅτι
2833 4264 2914 4308 τις
2939 4246 3240 4299 ὑπελάδετο
3279 4247 3371 4300 τοῦ
3398 4247 3590 4315 θρόνου
3616 4287 3632 4310 ,
3683 4249 3916 4318 φατρίαν
3956 4249 4067 4302 τῶν

2491 4337 3017 4407 ὁμογνωμονούντων
3074 4337 3508 4407 συστησάμενος,
3540 4339 3664 4390 τάδε
3693 4337 3724 4408 ἢ
3758 4339 3886 4392 τάδε
3931 4340 4069 4408 πρύ-

2491 4447 2651 4500 τερον
2683 4431 2898 4498 φρονεῖν
2947 4431 3274 4490 ἀναπείσας,
3315 4429 3440 4490 τοὺς
3478 4429 3754 4492 τοιούτους
3810 4427 3950 4482 εἶναι
3979 4448 4067 4484 νο-

2495 4521 2673 4590 μίζειν
2703 4521 2864 4588 ἁγίαν
2896 4517 2988 4571 τοῦ
3036 4517 3174 4571 Θεοῦ
3225 4517 3575 4587 Ἐκκλησίαν.
3643 4520 3704 4571 El
3761 4516 3888 4588 γὰρ
3925 4518 4070 4572 τοῦτ’

2488 4609 2579 4682 ἦν,
2613 4611 2851 4681 ἔξαρχῆς
2875 4611 3051 4662 ἐδόκει
3091 4609 3157 4662 ἂν
3185 4609 3279 4663 καὶ
3329 4610 3362 4678 ἡ
3418 4611 3528 4660 τῶν
3573 4609 3868 4678 Ἀρειανῶν
3906 4627 4069 4662 συνα-

2490 4703 2648 4772 γωγὴ
2684 4704 2815 4765 ἁγία
2850 4702 2946 4755 τοῦ
2980 4701 3117 4755 Θεοῦ
3162 4701 3481 4769 Ἐκκλησία·
3523 4704 3619 4753 καὶ
3681 4704 3714 4771 ή
3758 4701 3864 4752 τῶν
3895 4702 4070 4755 Μονο-

2491 4797 2766 4866 θελητῶν,
2819 4797 2916 4850 καὶ
2972 4797 3003 4863 ἡ
3066 4793 3176 4846 τῶν
3211 4793 3637 4862 Εἰκονομάχωνο
3697 4791 3907 4844 πολλῶν
3966 4795 4068 4859 μὲν

2492 4889 2756 4941 τοιούτων
2787 4891 2884 4940 καὶ
2911 4887 3190 4955 διαφόρων
3219 4885 3647 4954 ὲπειλημμένων
3684 4883 3779 4935 τοῦ
3822 4884 4016 4954 θρῦνου
4052 4899 4066 4915 ο

2498 4980 2940 5051 μυριοπλασίους
2973 4979 3028 5030 δὲ
3053 4979 3162 5030 τῶν
3192 4977 3287 5029 νῦν
3314 4977 3484 5030 ὅντων
3513 4975 3766 5037 συνόδους
3799 4991 4074 5044 συστησα-

2495 5076 2692 5145 μένων,
2745 5074 2926 5125 πᾶσαν
2948 5072 3008 5124 δὲ
3041 5071 3141 5139 τὴν
3186 5070 3521 5139 οἰκουμένην
3567 5067 3974 5137 περιλαϐόντων
4001 5071 4068 5138 τῇ

2491 5166 2592 5234 τῆς
2633 5164 2832 5224 κακίας
2876 5162 3053 5231 λύμῃ,
3099 5158 3491 5230 εὐαριθμὴτων
3533 5159 3591 5212 δέ
3616 5177 3800 5222 τινων,
3834 5161 3926 5212 καὶ
3959 5163 4072 5223 τοῖς

2493 5255 2794 5315 ἀντιθέτοις
2819 5256 2874 5305 ὲν
2903 5253 3078 5306 οὐδενὶ
3122 5251 3478 5320 τεταγμένων
3527 5251 3636 5303 τῶν
3673 5251 4075 5321 ὑπολελὲιμμέφ

2493 5365 2623 5413 νων,
2657 5348 2735 5409 εἰς
2759 5348 2821 5397 τὸ
2851 5346 2919 5398 τὰ
2969 5344 3106 5414 ὀρθά
3169 5342 3264 5396 καὶ
3305 5345 3448 5396 νοεῖν
3497 5345 3592 5396 καὶ
3629 5343 3899 5396 διδάσκειν
3948 5344 4073 5411 δόγ-

2499 5459 2665 5512 ματα.

2573 5537 2720 5600 'E1t,
2752 5537 2894 5590 κατά
2923 5537 3016 5589 τὸν
3041 5534 3266 5588 δοθέντα
3301 5534 3398 5604 τῆς
3437 5533 3598 5594 άνίας
3655 5532 3748 5584 τοῦ
3771 5530 3910 5582 Θεοῦ
3953 5530 4072 5580 Ἐκ-

3651 5714 3694 5744 ⁸¹¹¹
3714 5711 3871 5767 Joau.
3902 5728 3952 5768 κ,
3992 5712 4076 5761 lli.

2620 5720 2664 5753 "
2694 5718 2850 5775 Galat
2905 5737 2944 5783 t,
2981 5719 3032 5774 8.
3141 5715 3242 5771 "ll
3277 5716 3402 5782 Cor,
3438 5732 3489 5779 x,
