4416 6448
402 429 509 489 753

1247 442 1480 501 nscas
1515 446 1559 502 ι.
1604 405 1669 480 -ὲ
1715 430 1807 503 os
1840 445 2276 507 THEOLOGIA
2318 450 2762 512 SYMBOLlCA.

3503 452 3609 516 754

398 538 467 589 ad
505 539 632 605 quid
661 555 828 594 unum
862 552 913 595 et
945 546 1171 627 simplex
1216 550 1291 617 (1)
1348 566 1441 617 per
1476 567 1566 604 eas
1596 552 1796 606 fomias
1842 570 1958 617 qua:
1988 554 2031 609 Δ
2064 556 2239 609 solum
2281 558 2330 609 in
2365 569 2553 613 natura
2590 561 2706 643 Dei,
2739 564 2829 631 qui
2864 582 3024 634 supra
3060 577 3306 621 naturam
3336 576 3445 629 est,
3471 568 3612 620 divi-

398 628 748 697 efliuguntur,
808 623 1068 689 revocare
1102 652 1199 690 nos
1235 650 1502 704 oporteat,
1532 660 1598 695 ne
1656 645 1755 710 ipsi
1787 647 1950 697 etiam

401 734 551 771 more
579 721 720 788 vulgi
742 724 965 788 profane
995 727 1389 791 existimemus,
1423 732 1672 786 coeli-stes
1716 744 1768 785 et
1810 736 1955 787 divi-

399 824 499 862 nas
532 822 743 867 mentes
774 816 974 869 multos
1004 818 1166 885 pedes
1203 829 1256 872 et
1289 822 1486 873 multas
1519 821 1684 875 facies
1733 824 1952 890 habere,

399 909 564 967 atque
591 905 656 955 ad
688 904 1094 960 similitudinem
1130 910 1312 973 boum,
1346 927 1440 965 aut
1472 916 1535 965 ad
1581 914 1807 968 formam
1845 917 1953 969 leo-

402 1005 531 1042 num
558 1007 846 1058 expressas
866 1011 1004 1060 esse,
1025 1009 1077 1053 et
1098 1003 1162 1052 ad
1186 1006 1421 1071 speciem
1450 1006 1753 1073 aquilarum
1782 990 1953 1060 adun-

397 1082 478 1134 cis
532 1086 726 1139 rostris
777 1086 1058 1152 formatas,
1111 1104 1203 1147 aut
1240 1098 1304 1147 ad
1342 1098 1754 1157 similitudinem
1801 1104 1953 1156 volu-

398 1186 549 1224 crum
584 1174 784 1230 habere
814 1194 1020 1244 pennas
1073 1183 1244 1237 instar
1286 1171 1598 1253 capilloriim
1628 1231 1643 1255 ,
1676 1203 1724 1245 et
1759 1210 1823 1247 ne
1858 1210 1955 1246 co-

397 1262 634 1324 gitemus
681 1278 827 1321 rotas
863 1274 1122 1338 quasdam
1176 1276 1362 1342 igneas
1412 1294 1574 1346 super
1626 1284 1846 1346 coelum,
1902 1294 1957 1338 et

398 1366 440 1402 si
463 1351 561 1405 llas
595 1360 907 1411 materiatas
941 1361 1046 1414 Deo
1078 1364 1141 1415 ad
1176 1367 1473 1421 sedendum
1493 1375 1953 1439 accommodatas,

402 1452 467 1488 ac.
494 1443 754 1504 quosdam
797 1462 967 1521 equos
998 1452 1163 1505 variis
1199 1455 1499 1520 coloribus,
1543 1462 1824 1525 satellites,
1857 1465 1959 1529 du:
2024 1454 2027 1457 ν

400 1539 494 1578 ees
556 1532 845 1593 exercitus,
901 1544 954 1587 et
1006 1550 1199 1592 caetera
1255 1545 1435 1596 omnia
1493 1560 1612 1613 qua:
1666 1548 1957 1617 Scriptum

400 1625 604 1671 sancta:
648 1622 813 1675 variis
858 1627 1117 1694 symbolis
1138 1631 1316 1685 divine
1372 1633 1647 1699 eﬂingtint.
1702 1638 1843 1692 Idem
1900 1643 1954 1695 in

400 1714 592 1767 eodem
642 1720 854 1788 capite:
906 1722 1058 1788 Quod
1110 1743 1235 1780 vero
1292 1731 1510 1784 absona:
1567 1735 1957 1793 similitudines

2059 651 2144 704 nis
2175 653 2309 705 visis
2338 695 2351 714 ,
2387 657 2479 706 sed
2527 657 2688 709 etiam
2723 651 2775 711 in
2830 662 3057 726 angelis,
3100 663 3192 726 qui
3249 663 3469 729 figurari
3501 678 3608 715 non

2059 750 2309 806 possunt,
2342 741 2532 797 formis
2561 746 2735 799 sacris
2769 746 2960 800 eﬂictis
2994 766 3088 802 usa
3118 760 3197 802 est
3228 765 3241 802 :
3271 760 3328 802 ut
3364 752 3490 804 hinc
3522 767 3615 803 na-

2059 838 2234 882 turain
2277 833 2645 899 symbolorum
2691 838 2999 905 perspicere
3030 839 3209 892 liceat.

2616 968 2843 1022 CAPUT
2901 969 2988 1024 Vl.

2059 1099 2194 1164 Quot
2236 1101 2405 1151 modis
2436 1101 2667 1167 signetur
2689 1102 2976 1167 symbolice
3022 1105 3285 1168 theologia
3343 1106 3449 1155 sive
3514 1104 3608 1156 sub

2265 1179 2524 1233 aspectum
2548 1171 2762 1222 sit-esui:
2779 1187 2982 1224 sensum
3009 1174 3215 1225 aurium
3233 1173 3407 1225 cadat.

2126 1281 2416 1348 Gregorius
2447 1279 2753 1350 Theologus
2776 1283 3011 1335 secundo
3053 1286 3128 1338 De
3180 1286 3434 1353 ιΙιευΙ(·9ἱη
3478 1287 3620 1338 libro

2057 1375 2164 1427 ait:
2198 1374 2338 1441 Quid
2365 1379 2431 1429 de
2462 1374 2597 1430 Isaia
2636 1386 2688 1427 et
2748 1373 3052 1439 Ezechiele,
3112 1377 3204 1444 qui
3255 1378 3617 1429 maximorum

2060 1468 2438 1533 mysteriorum
2470 1475 2741 1534 Spectator
2780 1464 2899 1527 fuit,
2928 1481 2990 1518 ac
3026 1468 3090 1518 de
3121 1467 3344 1534 reliquis
3383 1470 3619 1532 prophe-

2058 1554 2126 1607 tis
2151 1554 2334 1607 dicere
2367 1555 2587 1619 poteris,
2621 1569 2683 1607 ex
2721 1554 2921 1622 quibus
2974 1554 3060 1606 ille
3080 1555 3298 1622 quidem
3332 1555 3622 1607 Dominum

2062 1642 2298 1697 Sabaoth
2325 1646 2602 1699 sedentem
2629 1645 2682 1697 in
2708 1647 2904 1697 throno
2945 1647 3129 1711 gloria:
3189 1647 3343 1711 vidit,
3382 1657 3435 1700 et
3477 1649 3622 1700 hunc

2059 1748 2087 1786 a
2139 1732 2453 1800 Seraphinis
2527 1735 2842 1801 sexaligeris
2888 1738 3166 1803 stipatum,
3224 1737 3522 1801 laudatum,
3573 1746 3628 1790 et

402 1807 575 1874 magis
606 1822 837 1866 mentem
872 1826 1111 1869 nostram
1145 1820 1380 1887 erigunt,
1409 1839 1589 1888 nemo,
1638 1836 1692 1878 ut
1739 1828 1951 1894 opinor,
1991 1855 2032 1908 Β
2062 1825 2361 1885 obleclum.
2400 1839 2564 1892 seque
2604 1826 2839 1878 carbone
2894 1828 3032 1895 ignis
3086 1838 3392 1894 purgatum.
3457 1837 3509 1881 ει
3559 1831 3625 1903 3}]

401 1902 659 1955 cordatus
701 1908 1060 1972 contradicet,
1100 1910 1152 1962 in
1202 1913 1560 1968 nobilioribus
1589 1918 1730 1970 enim
1769 1918 1958 1974 formis

401 1990 719 2059 eflingendis
750 1998 1006 2052 credibile
1044 2008 1125 2054 est
1151 2016 1335 2056 errare
1375 2006 1609 2072 aliquos,
1674 2011 1767 2078 qui
1817 2014 1963 2066 exis-
2003 2032 2006 2036 λ

405 2079 596 2132 timent
627 2097 746 2136 esse
772 2093 994 2142 naturas
1023 2090 1271 2156 ccelestes
1301 2095 1482 2162 specie
1507 2098 1743 2166 quadam
1772 2117 1958 2169 aurea,

407 2172 555 2222 viros
586 2174 849 2239 quosdam
881 2179 1167 2245 micantes,
1213 2182 1420 2253 fulgore
1470 2187 1725 2255 decoros,
1762 2194 1959 2247 vestitu

404 2262 709 2328 splendido,
765 2278 817 2321 ct
866 2269 1081 2337 igneum
1136 2277 1413 2333 vibrantes
1462 2296 1571 2335 non
1623 2282 1869 2340 laedendo
1913 2298 1966 2343 ct

406 2348 748 2424 quiscunque
771 2359 886 2413 alite
915 2364 1183 2431 ejusmodi
1211 2366 1397 2424 forma:
1425 2384 1572 2437 sunt,
1597 2374 1968 2442 quibustlieo-

406 2443 549 2511 logia
587 2447 884 2515 Scriptura:
916 2464 1120 2519 sancta:
1154 2462 1403 2517 cmlestes
1438 2474 1646 2520 mentes
1691 2466 1962 2535 figuravit,

406 2531 552 2594 quod
579 2537 796 2600 quidem
828 2555 893 2593 ne
932 2542 999 2596 iis
1031 2546 1265 2610 eveniat,
1304 2551 1397 2616 qui
1427 2552 1557 2606 nihil
1587 2531 1768 2613 altius.
1803 2531 1963 2617 quam

411 2622 501 2675 illa
533 2626 758 2691 pulchra
784 2640 835 2681 et
866 2634 1110 2696 speciosa
1145 2653 1265 2704 quae
1296 2653 1577 2708 apparent,
1610 2656 1787 2700 mente
1816 2662 1967 2701 coin-
2012 2655 2019 2665 ‘

409 2711 553 2776 plexi
586 2725 735 2777 sunt,
787 2717 1080 2789 Scriptura:
1121 2737 1322 2782 sanctae
1354 2734 1642 2800 sapientia,
1694 2752 1814 2803 qua:
1850 2753 1970 2791 sur-

407 2815 529 2855 sum
558 2805 785 2862 ducendi
819 2815 924 2865 vim
975 2817 1155 2881 habet,
1191 2820 1256 2875 ad
1293 2821 1769 2883 dissimilitudines
1810 2830 1973 2884 abso-

408 2907 508 2947 nas
554 2908 739 2952 sancte
774 2916 833 2955 se
867 2903 1079 2973 dejicit.
1132 2925 1241 2963 non
1295 2915 1616 2979 permittens
1668 2927 1727 2973 ut
1773 2935 1971 2977 sensus

412 2988 584 3040 nostri
620 2996 869 3060 corporis
903 2998 957 3049 in
1010 2997 1118 3053 illis
1173 3001 1447 3060 indecoris
1498 3007 1829 3076 imaginibus
1863 3012 1970 3066 bae—

2066 1915 2403 1982 pr0phctiam
2445 1915 2937 1979 instructum-,liic
3000 1933 3128 1971 vero
3190 1920 3501 1971 vehiculum
3561 1938 3625 1973 ex

2064 2004 2383 2060 Clieruhinis
2452 2005 2727 2067 describit,
2792 2018 2841 2059 et
2873 2023 3036 2072 super
3099 2024 3195 2063 eos
3249 2010 3529 2071 thronum,
3566 2022 3620 2063 ct

2065 2112 2224 2164 super
2278 2096 2531 2148 thronum
2587 2097 3013 2161 firmamentum,
3053 2108 3251 2152 etcum
3280 2100 3374 2169 qui
3426 2101 3479 2153 in
3539 2102 3627 2153 fir-

2066 2192 2337 2237 mamento
2355 2184 2669 2252 apparebat,
2692 2194 2744 2238 et
2768 2201 2924 2240 voces
2948 2188 3237 2255 quasdam,
3281 2198 3334 2243 et
3369 2189 3628 2258 impetus,

2064 2284 2117 2328 et
2156 2275 2421 2336 actiones.
2455 2285 2617 2344 atque
2675 2276 2775 2329 hoc
2832 2277 3088 2345 quidem-
3127 2279 3243 2332 sive
3281 2288 3397 2333 erat
3453 2282 3628 2334 visum

2066 2364 2321 2418 diurnum
2358 2366 2488 2419 solis
2513 2366 2717 2420 sanctis
2763 2367 3132 2435 aspectabile;
3181 2367 3294 2421 sive
3363 2380 3628 2423 nocturna

2067 2466 2119 2511 et
2151 2471 2275 2510 vera
2307 2457 2475 2521 visio;
2509 2457 2621 2512 sive
2657 2456 2965 2511 informatio
3032 2458 3337 2512 futurorum
3373 2470 3631 2529 tanquam

2070 2549 2410 2616 przeseutiuin
2442 2552 2493 2601 in
2529 2558 2707 2603 mente
2736 2538 2831 2618 (2),
2872 2551 2983 2603 sive
3015 2552 3118 2604 alia
3169 2552 3379 2619 species
3435 2568 3635 2606 arcana

2071 2638 2385 2705 prophetiae,
2429 2654 2535 2692 non
2578 2624 2809 2706 possum.
2859 2640 3127 2694 aﬂirmarc
3161 2656 3174 2705 ;
3203 2644 3341 2696 Deus
3405 2646 3637 2709 prOphe-

2073 2738 2248 2783 tarum
2288 2731 2455 2794 novit.
2487 2742 2539 2783 et
2571 2732 2771 2799 quibus
2799 2732 2921 2785 talia
2953 2734 3322 2801 contigerunt.
3374 2734 3436 2787 Et
3501 2736 3636 2788 divi-

2073 2836 2177 2875 nus
2207 2820 2631 2889 Chrysostomus
2662 2824 2714 2875 in
2752 2824 2972 2877 homilia
3005 2825 3071 2877 de
3107 2825 3389 2894 Eutropio.
3420 2830 3639 2893 quando

2074 2911 2324 2966 inventus
2354 2918 2509 2965 extra
2538 2909 2861 2975 Ecclesiam,
2912 2915 3220 2968 abstractus
3272 2922 3326 2967 et
3381 2916 3640 2983 abreptus

2074 3000 2207 3056 fuit:
2239 3001 2406 3056 Nemo
2434 3002 2602 3062 enim,
2628 3002 2825 3068 inquit,
2857 3002 2988 3056 vidit
3017 3004 3066 3056 id
3099 3004 3244 3071 quod
3314 3003 3456 3059 Deus
3512 3014 3595 3059 est
3623 3023 3638 3070 ;

409 3087 590 3133 rentes
622 3085 1016 3153 acquiescant;
1046 3091 1175 3160 quin
1209 3094 1395 3162 potius
1427 3111 1549 3151 eam
1596 3110 1805 3168 partem
1847 3107 1967 3158 ani-
1996 3109 2037 3164 C
2072 3107 2153 3146 πο]

1897 3107 1967 3158 τί-
1996 3109 2037 3164 c
2072 3107 2181 3146 non
2212 3093 2372 3159 igitur
2398 3107 2521 3145 cum
2564 3091 2704 3145 Deus
2764 3092 3000 3157 videtur,
3057 3103 3282 3162 apparet
3337 3097 3480 3163 quod
3536 3109 3641 3158 cst,

410 3184 533 3234 mas,
564 3187 684 3238 quas
710 3177 793 3227 -ad
830 3177 937 3231 alta
980 3182 1172 3247 tendit,
1211 3185 1325 3261 ipsa
1360 3186 1708 3246 deformitate
1765 3194 1964 3262 figura-

408 3276 531 3317 rum
559 3266 758 3321 excitat
786 3278 837 3322 et
867 3272 1128 3333 stimulat.
1166 3288 1328 3345 tanqu
1351 3295 1437 3334 am
1473 3298 1578 3337 non
1606 3286 1860 3341 videatur
1887 3288 1971 3345 fas

407 3366 531 3404 CSSt!
558 3364 611 3406 et
643 3371 856 3420 verum,
896 3376 963 3414 ne
992 3361 1057 3415 iis
1091 3364 1307 3432 quidem
1337 3371 1429 3436 qui
1461 3383 1587 3425 sunt
1620 3377 1856 3432 terrenis
1888 3393 1972 3431 re-

414 3442 517 3494 bus
550 3445 707 3499 valde
741 3449 907 3513 atIixi,
942 3463 1049 3505 tam
1087 3458 1340 3512 absurdis
1378 3459 1567 3515 formis
1595 3464 1792 3518 similia
1825 3482 1976 3520 reve-

410 3550 468 3586 ra
503 3550 623 3591 esse
650 3538 739 3593 illa
774 3546 1181 3611 supraeoelestia
1218 3557 1272 3601 et
1311 3550 1492 3604 divina
1526 3568 1643 3620 qua:
1675 3572 1724 3611 in
1756 3560 1976 3627 symbo—

410 3626 476 3681 lis
508 3642 633 3682 cum
668 3632 1033 3690 admiratione
1060 3652 1397 3705 spectantur.
1441 3644 1577 3699 llinc
1612 3626 1973 3720 igituriappa-

412 3727 515 3784 ret,
566 3723 707 3790 quod
767 3724 951 3780 diiina
983 3729 1281 3801 Scriptura:
1342 3746 1543 3792 sanctae
1596 3739 1825 3796 scientia
1863 3760 1968 3797 non

1677 3918 1924 3983 Scholia
1955 3924 2016 3985 S.

490 4061 566 4125 (li
600 4062 678 4114 Ad
707 4063 855 4131 quid,
883 4079 1042 4118 unum
1082 4078 1129 4120 et
1157 4066 1401 4132 simplex.
1441 4069 1533 4124 Sic
1553 4078 1710 4123 vocat
1740 4087 1971 4126 vacuum

417 4132 727 4208 a_r_natcria.
765 4144 972 4208 n_t_cum
1006 4135 1283 4208 scriptura
1313 4139 1501 4193 tribuit
1528 4142 1718 4208 angelo
1743 4140 1973 4196 formam

419 4200 648 4280 efﬁctam
689 4200 1360 4280 aqiiilm,.verbi'gratia.
1420 4200 1633 4275 oportet
1699 4214 1839 4265 scire
1885 4228 1980 4280 per

420 4272 563 4326 hanc
617 4269 995 4348 formationem
1056 4269 1272 4348 aquilas,
1357 4269 1476 4348 qua}
1524 4294 1630 4331 non
1715 4269 1980 4348 simplicis

422 4341 782 4420 natur:e,‘sed
836 4341 1150 4420 composita:
1170 4357 1271 4409 esr,
1327 4341 1391 4401 ad
1423 4349 1680 4420 quidnam
1747 4341 1978 4420 simplex

424 4412 478 4464 in
515 4410 713 4481 angelo
738 4410 1145 4481 intelligendum
1180 4410 1520 4481 revocamur,
1552 4418 1762 4473 scilicet
1821 4410 1978 4475 revo-

422 4495 622 4556 caniur_
650 4480 717 4531 ad
780 4480 1186 4556 intelligendum
1227 4499 1371 4556 esse
1430 4480 1745 4556 iu'angelis
1811 4492 1978 4543 aciem

2074 3187 2166 3241 sed
2197 3185 2337 3253 quod
2377 3196 2552 3253 potest
2581 3186 2761 3239 videre
2816 3186 2861 3239 is
2892 3187 2979 3239 cui
3015 3198 3261 3255 apparet,
3297 3204 3403 3241 non
3430 3199 3644 3245 mutans

2076 3279 2433 3334 substantiam
2469 3294 2646 3339 suam,
2678 3279 2771 3333 sed
2819 3289 3096 3347 aspectum
3123 3279 3291 3349 ﬁgura
3345 3280 3646 3336 informans

2077 3386 2176 3440 pro
2204 3371 2462 3425 varietate
2507 3387 2687 3425 rerum
2743 3372 3132 3438 subjectarnm.
3176 3372 3409 3427 Sanctus
3444 3372 3646 3443 Grego-

2078 3464 2194 3518 rius
2238 3466 2513 3533 Nyssenus
2547 3465 2597 3515 in
2629 3480 2692 3516 eo
2730 3466 2869 3517 libro
2892 3466 3089 3517 Contra
3125 3464 3467 3526 Eunomiftm,
3492 3468 3647 3535 cujus

2080 3556 2405 3624 principium
2443 3565 2546 3615 cst,
2582 3554 2761 3607 Prima
2796 3557 3023 3623 quidem,
3056 3556 3135 3609 sic
3164 3558 3239 3609 ait
3270 3576 3283 3612 :
3351 3558 3559 3611 Etenim
3595 3561 3647 3610 in

2077 3645 2311 3701 Jordane
2338 3656 2455 3714 post
2494 3647 2746 3700 virtutem
2806 3645 3039 3713 Spiritus
3101 3651 3299 3711 sancti,
3357 3660 3411 3702 et
3460 3666 3650 3705 rursus

2080 3739 2425 3795 audientibus
2458 3736 2677 3801 Judmis,
2706 3747 2755 3790 et
2782 3736 2831 3788 in
2859 3740 3349 3806 traiisfiguiatione.
3406 3756 3505 3795 vox
3554 3757 3651 3796 su-

2062 3922 2350 3985 Maximi.

2085 4085 2256 4135 scnte.
2289 4086 2343 4129 et
2379 4078 2605 4133 vocibus
2634 4078 2734 4132 sub
2762 4094 2981 4133 sensum
3013 4080 3333 4137 cadentibus
3387 4100 3493 4139 non
3545 4089 3655 4144 for-

2086 4148 2245 4198 matis
2275 4148 2432 4222 pulsu
2463 4149 2625 4209 aeris,
2678 4163 2795 4201 eam
2837 4158 3067 4222 partem
3107 4168 3210 4217 qua
3265 4155 3651 4222 imaginamur,

2086 4218 2338 4293 operari;
2373 4217 2443 4271 ita
2466 4227 2524 4270 ut
2554 4232 2677 4293 vere
2744 4220 2931 4293 audiat
2965 4230 3050 4293 _et_
3076 4222 3277 4286 videat,
3332 4217 3426 4293 qui
3471 4217 3654 4284 divina

2085 4284 2332 4358 docetur,
2365 4302 2467 4358 nec
2494 4287 2639 4341 enim
2675 4290 2916 4341 creditur
2946 4290 3189 4343 divinum
3249 4284 3394 4352 esse,
3456 4296 3508 4349 in
3542 4314 3653 4358 quo

2088 4353 2486 4426 nibilgamplius
2516 4367 2619 4421 est,
2667 4371 2830 4425 quam
2897 4360 3040 4426 quod
3102 4361 3154 4412 in
3211 4370 3421 4417 natura;
3462 4353 3656 4423 Ordine

2087 4424 2355 4497 cernitur.
2392 4426 2483 4481 Sic
2509 4426 2653 4480 enim
2690 4424 2829 4488 nos,
2863 4424 2988 4481 cum
3034 4439 3192 4483 nocte
3255 4446 3349 4497 per
3399 4447 3651 4491 somnum

2091 4492 2476 4559 imaginamur,
2540 4512 2685 4563 saepe
2754 4497 3001 4552 videmus
3069 4507 3123 4550 et
3189 4492 3464 4563 audimus,
3529 4520 3652 4560 cum

396 4547 713 4630 tqunamdam
750 4538 1123 4635 acutissimam
1158 4553 1511 4635 spiritaliset
1544 4538 1983 4635 vsuublimisﬂper;
2014 4538 2065 4597 Β
2524 4538 2923 4635 iB'ﬁﬁJim-“Jui
2976 4538 3222 4622 itideatu:
3241 4538 3487 4633 Titinii};
3529 4538 3659 4630 735':

422 4618 723 4691 spicieutia:
760 4636 775 4683 ;
808 4629 970 4691 atque
1034 4623 1085 4676 id
1146 4618 1362 4691 quidem
1409 4639 1631 4680 necesse
1692 4639 1775 4682 est
1831 4618 1992 4691 seire,

426 4706 494 4760 ne
526 4687 683 4741 nobis
719 4687 1118 4760 eveniat,quod
1153 4687 1336 4760 vulgo,
1373 4697 1831 4750 utexistimemus
1858 4687 1995 4752 forte

423 4759 626 4828 habere
653 4758 879 4828 angelos
909 4762 1091 4826 pedes,
1129 4758 1318 4828 facies,
1376 4764 1493 4817 alas
1553 4777 1608 4820 et
1656 4767 1908 4822 similiter
1940 4771 1993 4822 in

422 4828 547 4882 aliis
600 4824 1018 4883 formiseﬂictis.
1078 4824 1086 4826 ἡ
1305 4824 1313 4828 ⁷
1460 4870 1481 4890 λ

495 4896 571 4966 (2)
598 4896 767 4964 Atque
788 4901 883 4950 hoc
912 4898 1116 4966 quidem
1134 4901 1237 4954 sive
1268 4912 1380 4953 erat
1413 4904 1575 4956 visum
1596 4905 1844 4959 diurnum
1867 4905 1992 4960 solis

423 4968 622 5021 sanctis
654 4969 974 5033 aspectabile
1004 5009 1020 5032 ,
1075 4972 1178 5023 sive
1233 4982 1489 5025 nocturna
1534 4984 1579 5025 et
1631 4992 1750 5028 vera
1814 4978 1943 5029 visio
1971 4992 1989 5028 .'

422 5039 531 5089 sive
560 5038 1202 5111 informatiofuturorum
1235 5054 1487 5109 tanquam
1538 5047 1875 5111 praecutiunt
1934 5047 1990 5098 in

422 5115 613 5158 mente.
649 5105 705 5184 ξε
757 5105 1371 5184 Maximusexplanans
1422 5105 1567 5184 hunc
1618 5113 1862 5184 Gregorii
1911 5114 1993 5168 lo-

424 5190 550 5247 c_-.m
588 5193 602 5229 :
644 5173 989 5247 Numeravit,
1036 5173 1226 5247 inquit.
1284 5183 1382 5235 hoc
1429 5182 1548 5234 loco
1589 5173 1755 5238 nobis
1800 5183 1990 5240 beatus

427 5244 724 5318 Gregorius
755 5248 963 5313 species
995 5244 1307 5316 prophetia,
1336 5265 1436 5318 ego
1467 5266 1592 5305 vero
1612 5254 1742 5306 nihil
1774 5254 1987 5307 interim

424 5315 731 5375 afﬁrmans,
774 5315 1103 5384 conjectura
1142 5320 1309 5372 ducor
1362 5315 1615 5375 diurnum
1669 5324 1845 5377 visunt
1895 5340 1989 5376 vo-

426 5398 585 5437 casse
618 5386 874 5459 visionem
898 5396 950 5459 et
973 5387 1305 5441 auditionem
1341 5403 1522 5445 rerum
1554 5402 1602 5443 et
1651 5408 1987 5459 sermonum,

424 5469 549 5520 qua:
587 5455 763 5508 sancti
794 5457 1067 5510 nemiuem
1101 5458 1353 5521 videndo,
1382 5470 1437 5512 et
1506 5463 1774 5514 neminem
1830 5455 1989 5515 audi;

423 5524 877 5596 cndo,_tanquam
939 5541 1032 5595 per
1075 5541 1102 5581 s
1137 5542 1296 5580 usuin
1368 5532 1558 5596 spiritu
1626 5532 1882 5585 videbant
1937 5543 1990 5585 et

424 5594 907 5669 audiebatit;_non
943 5594 1084 5669 enim
1120 5597 1201 5669 fas
1231 5594 1541 5669 estdicere,
1567 5610 1823 5669 'Oportere
1870 5619 1987 5655 om-

427 5664 632 5717 ninoiu
682 5666 881 5719 divinis
947 5667 1014 5720 ad
1069 5664 1535 5721 informationem
1585 5664 1987 5736 iiuaginationis

430 5748 847 5809 praesensnesse
897 5736 951 5790 id
1002 5736 1056 5790 in
1115 5739 1261 5805 quod
1310 5738 1456 5790 cadit
1512 5741 1844 5809 iinaginatio,
1891 5744 1984 5794 sed

433 5804 845 5875 admirabiliter,
890 5815 946 5861 ct
984 5804 1147 5878 supra
1175 5818 1447 5876 naturam,
1505 5824 1566 5867 ac
1626 5804 1776 5866 nullo
1849 5826 1987 5883 prae-

2097 4631 2179 4697 gis
2229 4632 2330 4707 hoc
2355 4631 2972 4707 _sanctis'experreciis
3034 4646 3088 4690 et
3137 4631 3484 4707 vigilantibus
3530 4660 3658 4700 vere

2096 4701 2328 4774 eveniet,
2354 4703 2463 4758 Deo
2484 4701 2741 4767 operante
2763 4705 2815 4757 in
2846 4706 2980 4773 ipsis
3000 4701 3343 4774 vigilantibus
3356 4715 3655 4768 secundum

2095 4770 2322 4846 gratiam
2357 4775 2752 4846 admirabilem,
2794 4770 2938 4843 quod
2972 4779 3023 4829 in
3055 4770 3219 4830 nobis
3278 4780 3394 4846 lege
3452 4793 3659 4837 natura:

2096 4840 2211 4893 fieri
2284 4844 2584 4895 consuevit.
2646 4840 2983 4897 Nocturnam
3029 4858 3083 4899 et
3145 4840 3658 4905 νθῑδιιι”νίδῑοιιριιι

2093 4908 2494 4985 existinip'eum
2532 4928 2728 4967 vocare
2764 4922 2856 4968 aut
2904 4916 3307 4985 intelligentiam
3361 4920 3657 4985 perlectam

2094 4992 2277 5055 rer_um_
2307 4980 2638 5055 futurarum.
2670 4999 2791 5050 quae
2826 4986 2879 5036 in
2915 4980 3099 5038 anima
3130 5003 3222 5053 per
3280 4980 3529 5042 somnum
3581 4996 3657 5055 tit,

2094 5056 2154 5101 ut
2177 5051 2227 5102 in
2250 5048 2447 5119 .loseph
2481 5063 2534 5107 et
2566 5048 2819 5118 Daniele;
2852 5066 2946 5107 aut
2974 5048 3245 5109 visionem
3293 5072 3471 5111 rerum
3523 5048 3661 5112 divi-'-

2094 5131 2286 5172 narum
2320 5122 2599 5175 cadentem
2625 5124 2745 5197 sub
2780 5136 3060 5190 aspectum
3108 5128 3395 5179 oculorum
3440 5142 3662 5197 propter

2092 5202 2361 5263 sum_mam
2402 5194 2668 5263 passionis
2700 5205 3021 5248 vacuitatem
3068 5211 3132 5249 ex
3192 5200 3357 5249 multa
3426 5194 3662 5263 put-uale

2094 5259 2551 5324 proficiscentem.
2610 5262 3051 5317 lnformationem
3129 5281 3256 5319 iero
3346 5259 3657 5323 futurorum

2093 5336 2353 5397 tanquam
2385 5334 2730 5397 praesentium
2767 5334 2817 5385 in
2875 5343 3056 5386 incute
3084 5338 3318 5388 arbitror
3372 5354 3495 5391 eum
3539 5341 3661 5391 κατ’

2094 5396 2332 5463 ἔμφασιν
2361 5396 2539 5453 dicere
2572 5402 2773 5470 figuras
2802 5402 3105 5456 fututorum
3146 5407 3351 5460 sanctis
3411 5418 3661 5462 ostensus

2093 5468 2324 5541 simplici
2409 5471 2569 5522 modo
2616 5468 2885 5539 tauquam
2945 5475 2996 5525 in
3077 5476 3313 5541 imagine
3360 5482 3661 5533 secundum

2093 5537 2395 5605 simplicem
2419 5551 2472 5593 et
2514 5555 2621 5594 non
2652 5537 2928 5595 dividuam
2967 5537 3246 5597 notionem
3282 5548 3501 5600 mentis.
3539 5549 3665 5604 lbcc

2091 5620 2551 5684 egoausussum,
2581 5612 2655 5664 ait
2677 5624 2897 5666 Sanctus
2929 5611 3215 5678 Maximus,
3253 5631 3317 5668 ex
3344 5618 3663 5684 conjectura

2092 5676 2273 5758 dicere
2301 5678 2502 5732 nullam
2564 5683 2792 5747 gratiam
2860 5676 3349 5758 experiendibarc
3408 5676 3674 5758 adeptus,

2091 5746 2159 5800 ob
2185 5762 2304 5804 caui
2339 5757 2549 5805 tantum
2570 5746 2827 5820 causam,
2861 5746 3006 5823 quod
3048 5764 3101 5808 tu
3147 5754 3380 5824 jussisti.
