4416 6448
348 400 452 463 757

1249 399 1479 457 DEC.\S
1512 400 1549 458 l.
1592 425 1640 433 -
1687 400 1781 457 DE
1808 401 2242 461 TIIEOLOGIA
2282 406 2720 464 SYMBllLlC.-‘..

3468 412 3573 475 758

349 508 484 565 viss
515 507 758 576 praeclari
786 507 856 559 illi
896 514 1071 573 patres
1118 507 1289 560 nostri
1346 508 1650 560 ministerio
1691 509 1905 574 angelo-
1934 511 1982 566 Α
2012 509 2135 562 inde
2168 526 2353 563 rursus
2408 514 2459 563 in
2516 511 2755 564 Iuda-ain
2817 514 3034 566 reditus.
3104 514 3358 569 Videmus
3410 521 3570 572 ctiam

350 615 469 651 rum
502 599 875 651 iuitiahantur.
920 597 1038 649 'lmo
1087 611 1311 665 magnus
1329 613 1543 665 quoque
1579 600 1911 653 Athanasius

348 689 426 742 ait
465 688 582 754 (a):
642 687 879 740 luduunt
927 687 1123 754 figuras
1175 688 1348 754 augt-li
1404 690 1468 741 ad
1534 705 1911 759 quemcunque

350 794 511 832 usum
547 779 807 831 Dominus
841 777 981 832 Deus
1012 779 1135 830 velit
1163 796 1177 842 ;
1211 791 1371 846 alque
1416 781 1479 832 ad
1512 796 1634 833 eum
1694 784 1910 835 modum

350 869 418 921 iis
458 868 547 936 qui
579 870 725 935 digiti
764 878 909 929 sunt,
942 880 1225 935 apparent,
1247 879 1301 923 et
1331 868 1510 923 divina
1559 871 1662 925 illis
1712 883 1913 941 myste-

350 957 429 1009 ria
460 958 735 1023 aperiunt.
791 958 865 1011 Ex
894 959 976 1010 his
1007 959 1233 1025 perspici
1266 970 1459 1027 potest,
1498 961 1787 1024 visionem,
1838 963 1915 1016 si-

350 1045 735 1110 militudinem,
769 1056 821 1099 et
854 1046 942 1099 Dei
969 1049 1360 1115 apparitionem
1414 1050 1555 1104 idem
1621 1066 1915 1119 repraesen-

349 1144 503 1201 tare;
533 1138 633 1189 huc
654 1138 813 1191 etiam
844 1138 1069 1199 accedit,
1087 1139 1228 1208 quod
1259 1154 1354 1207 per
1378 1140 1725 1194 intermedios
1752 1156 1918 1210 ange-

350 1226 433 1279 los
470 1227 674 1282 indutis
727 1228 998 1296 ligurisad
1031 1228 1122 1284 Dei
1153 1238 1344 1284 nutum
1379 1230 1687 1298 hujusmodi
1722 1231 1915 1285 simili-

350 1316 566 1371 tudines
608 1319 927 1373 formantur.

913 1410 1138 1465 CAPUT
1176 1410 1263 1464 lX.

352 1520 509 1583 Quod
534 1520 648 1593 ipse
679 1519 931 1593 Dominus
957 1531 1130 1593 noster
1160 1522 1311 1576 Iesus
1354 1525 1620 1580 (λιιι-ἔειπε.
1658 1537 1914 1593 quatenus

422 1598 499 1640 est
522 1588 658 1642 Deus
694 1588 869 1667 Itonia,
900 1607 999 1645 non
1021 1592 1212 1661 refugit
1242 1594 1303 1645 ab
1326 1605 1505 1646 ordine
1527 1588 1689 1647 Deum
1710 1598 1919 1649 decente

422 1673 453 1709 a
484 1674 539 1710 se
582 1669 889 1713 constituto.

424 1765 647 1834 Magnus
668 1765 979 1836 Dionysius,
997 1783 1115 1836 cap.
1144 1777 1337 1836 quarto
1362 1768 1596 1824 Caelestis
1614 1772 1917 1825 hierarchia:

352 1859 470 1910 ait:
512 1856 675 1912 Video
704 1869 883 1913 autem
910 1860 1114 1929 angelis
1159 1860 1416 1928 primum,
1448 1860 1689 1913 divinum
1724 1862 1915 1914 hrma-

354 1950 545 2004 nitatis
595 1950 721 2005 Jesn
783 1952 1094 2021 mysterium
1159 1963 1403 2019 apertum
1460 1949 1649 2014 fuisse,
1690 1967 1783 2019 per
1822 1968 1918 2009 eos
1958 2006 1959 2009 η

357 2049 543 2107 postea
569 2040 726 2094 nobis
758 2040 985 2107 gratiam
1012 2041 1337 2107 c0gnitionis
1374 2043 1751 2097 transmissatn
1776 2058 1918 2099 esse.

356 2132 449 2181 eiu:
478 2131 641 2193 igitur
672 2132 889 2185 divinus
929 2115 1145 2186 Gabriel
1197 2133 1514 2188 Zachariam
1548 2137 1762 2201 quidem
1783 2150 1919 2202 pon-

355 2221 557 2275 tilicem
604 2223 810 2285 docuit,
842 2223 1008 2276 lilmm
1051 2239 1211 2292 quem
1272 2237 1467 2295 praeter
1518 2242 1669 2296 spem
1736 2228 1918 2282 divina

357 2313 531 2378 gratia
563 2323 923 2380 generaturus
962 2324 1102 2378 erat,
1133 2314 1374 2369 futurum
1432 2331 1553 2371 esse
1605 2318 1920 2387 prophetam

355 2405 477 2462 eius
502 2404 590 2471 qui
624 2404 993 2459 ostendendus
1021 2414 1133 2457 erat
1166 2404 1217 2457 in
1249 2406 1386 2458 virili
1416 2406 1490 2473 (ll
1517 2406 1697 2459 divina
1728 2422 1921 2476 Opera-

357 2497 506 2547 tione
532 2495 595 2547 ad
627 2484 859 2548 salutem
881 2496 1088 2559 muttdi,
1119 2507 1176 2549 ut
1209 2497 1499 2551 bonitatem
1531 2498 1649 2567 rjus
1679 2500 1922 2554 decebat.

359 2582 583 2635 Mariam
616 2598 743 2637 vero
775 2584 959 2639 doetiit
990 2586 1302 2655 mysterium
1336 2584 1679 2641 formationis
1728 2587 1819 2642 Dei
1848 2590 1925 2658 (2)

358 2678 415 2728 in
439 2690 501 2729 ea
539 2677 858 2730 mirabiliter
895 2693 1057 2739 supra
1099 2694 1261 2748 quam
1320 2680 1424 2732 dici
1483 2689 1682 2749 potest,
1741 2696 1767 2734 a
1819 2682 1929 2736 Deo

356 2771 721 2837 operaudum;
752 2770 887 2823 alius
940 2770 1161 2839 angelus
1207 2769 1407 2838 Joseph
1465 2773 1719 2838 erudivit,
1787 2791 1929 2841 quo-

361 2859 527 2912 modo
558 2873 676 2926 quae
707 2857 848 2911 Deus
869 2858 1033 2912 David
1082 2862 1411 2929 progenitori
1461 2861 1665 2919 Christi
1722 2867 1929 2934 promi-

362 2952 548 3013 sisset,
582 2965 705 3003 vere
736 2948 922 3003 eﬂ'ecta
952 2959 1173 3017 essent;
1204 2952 1341 3006 alius
1372 2955 1593 3022 angelus
1624 2957 1931 3023 pastoribus

366 3050 622 3107 tanquam
658 3040 709 3092 iu
742 3040 1051 3102 solitudine,
1084 3055 1303 3094 secessu
1362 3050 1416 3096 et
1465 3044 1644 3111 quiete
1694 3046 1932 3114 purgatis

2018 597 2182 651 fuisse
2214 615 2304 667 per
2330 604 2557 668 angelos
2597 603 2677 669 (ἱ)
2707 604 2951 668 paternis
2984 604 3191 672 legibus
3246 606 3572 673 subjectum.

2019 692 2379 758 pra'termitto
2407 694 2547 744 enim
2587 702 2641 745 ut
2671 693 2845 746 diram
2893 695 2987 746 tibi
3022 706 3272 761 tanquam
3299 712 3464 765 gnaro
3513 714 3578 752 ea

2016 796 2132 845 quae
2158 792 2286 834 sunt
2311 782 2511 833 nobisa
2565 793 2754 836 sancto
2811 784 3016 835 scilicet
3071 784 3210 837 Luca
3267 789 3578 855 apostolicis

2018 872 2395 925 traditionibus
2426 875 2503 942 (5)
2540 882 2770 925 reserata
2796 873 2861 927 de
2907 875 3097 942 angelo
3146 875 3329 929 Jesutn
3367 878 3581 931 confor—

2018 971 2184 1024 tante,
2208 965 2337 1031 quin
2367 965 2526 1016 etiam
2582 965 2738 1032 hujus
2785 966 3059 1034 magister,
3114 978 3168 1019 et
3233 973 3397 1021 totius
3428 970 3580 1023 orbis

2019 1053 2197 1106 lumen
2226 1053 2319 1107 ait.
2340 1054 2590 1107 Testatus
2610 1064 2691 1107 est
2721 1065 2898 1107 autem
2934 1057 2986 1107 in
3019 1058 3254 1123 quodam
3294 1059 3412 1109 los-o
3435 1062 3581 1126 quis.

2018 1145 2239 1199 dicens:
2285 1145 2424 1209 Quid
2454 1155 2531 1199 est
2559 1148 2713 1199 homo
2744 1148 2881 1215 quod
2916 1163 3110 1200 memor
3139 1164 3191 1200 es
3218 1148 3365 1214 ejus?
3410 1150 3582 1201 Minu-

2018 1238 2107 1289 isti
2135 1252 2248 1289 eum
2282 1238 2439 1303 paulo
2470 1240 2640 1288 minus
2673 1238 2736 1289 ab
2763 1240 2988 1307 angelis,
3045 1241 3218 1306 gloria
3287 1249 3335 1291 et
3387 1243 3581 1291 honore

2017 1330 2438 1391 coronastieum,
2460 1330 2632 1381 omnia
2666 1330 2933 1396 subjecisti
2961 1334 3051 1381 sub
3104 1333 3341 1396 pedibus.
3421 1333 3474 1384 In
3523 1350 3581 1383 eo

1976 1426 1979 1429 '
2017 1420 2153 1469 enim
2188 1416 2325 1485 quod
2353 1417 2567 1484 subjecit
2601 1420 2797 1477 omnia,
2832 1420 2963 1470 nihil
2992 1421 3192 1472 dimisit
3254 1437 3353 1472 non
3410 1422 3586 1488 sulrje-
3634 1399 3648 1413 ’

2020 1523 2160 1562 ctum
2192 1512 2260 1563 ei.
2283 1509 2435 1562 Nunc
2471 1524 2640 1563 autem
2699 1514 2929 1562 nondum
2977 1512 3204 1564 vir/emus
3254 1513 3430 1563 omnia
3463 1513 3587 1565 sub-

2013 1601 2154 1669 jecta
2194 1604 2260 1654 ei.
2296 1601 2430 1654 Eum
2462 1613 2634 1655 autem
2680 1604 2767 1670 qui
2790 1604 2993 1655 modico
3023 1620 3181 1672 quam
3218 1604 3387 1670 angeli
3422 1605 3589 1654 miun-

2022 1701 2168 1745 ratus
2197 1701 2297 1754 est,
2331 1693 2562 1745 videmus
2602 1692 2784 1745 Iesum
2816 1710 2904 1757 per
2926 1695 3222 1761 passionem
3253 1697 3436 1746 mortis
3478 1695 3589 1761 glo-

2023 1784 2101 1834 ria
2130 1791 2177 1834 et
2198 1782 2390 1835 Itonore
2428 1794 2735 1836 coronatum
2770 1784 2809 1838 ³.
2853 1783 2923 1836 Ex
2981 1785 3064 1838 his
3117 1784 3279 1852 igitur
3353 1795 3588 1858 constat,

2020 1873 2063 1925 si
2105 1872 2366 1925 Dominus
2399 1882 2584 1926 noster
2622 1872 2781 1927 Jcsus
2838 1874 3092 1928 Christus
3144 1891 3237 1942 per
3283 1877 3587 1943 passionem

2022 1965 2213 2016 mortis
2246 1966 2409 2032 paulo
2469 1964 2608 2017 infra
2642 1967 2861 2031 angelos
2901 1968 3083 2018 minor
3143 1967 3319 2022 factus
3371 1977 3472 2031 cst,
3540 1977 3593 2020 ct

2020 2071 2140 2108 cum
2178 2057 2420 2110 videmus
2450 2072 2545 2123 per
2570 2060 2790 2126 angelos
2854 2061 3091 2127 paternis
3154 2061 3362 2128 legibus
3408 2061 3593 2129 subje-

2023 2156 2189 2210 ctum,
2230 2163 2402 2216 neque
2428 2146 2701 2203 declinare
2732 2164 2760 2202 a
2810 2150 3184 2204 conservando
3214 2153 3406 2205 ordine
3494 2154 3593 2207 ho-

2024 2238 2224 2291 minem
2245 2237 2494 2303 decente,
2529 2253 2687 2307 quem
2723 2240 2836 2306 ipse
2868 2240 3149 2293 constituit
3199 2250 3252 2294 et
3311 2245 3595 2311 amplexus

2025 2329 2557 2398 csuprazhuisseque
2587 2345 2645 2384 sc
2668 2331 3005 2383 obedientem
3073 2332 3137 2384 iis
3194 2331 3403 2395 formis,
3459 2350 3597 2400 quas

2027 2414 2167 2470 Deus
2190 2417 2346 2471 Pater
2382 2432 2475 2486 per
2515 2418 2735 2486 angelos
2784 2417 2981 2481 eﬂecil,
3026 2416 3483 2485 manifestumque
3511 2430 3596 2473 est

2028 2508 2094 2561 de
2118 2508 2371 2563 omnibus
2392 2510 2663 2579 mysteriis
2683 2508 2883 2564 Christi
2927 2510 3145 2578 angelos
3171 2510 3317 2577 prius
3349 2509 3597 2563 eruditos

1967 2626 1976 2638 -
2030 2597 2225 2655 fuisse:
2264 2600 2521 2670 deinceps
2550 2617 2643 2669 per
2671 2617 2765 2656 eos
2783 2602 3010 2668 gratiam
3051 2601 3380 2668 cognitionis
3405 2602 3468 2653 ad
3498 2616 3598 2654 nos

2029 2691 2355 2757 devenisse:
2397 2694 2673 2761 quomodo
2753 2692 2951 2760 aliquis
3000 2692 3241 2758 quztndiu
3300 2692 3597 2746 humanam

2032 2784 2194 2834 vitam
2214 2781 2380 2852 degit,
2415 2783 2540 2837 licet
2583 2781 2987 2837 valentissimus
3020 2779 3331 2849 Theologus
3355 2781 3447 2846 sit,
3508 2796 3602 2836 su-

2033 2875 2196 2941 perbe
2220 2883 2434 2939 renuat,
2463 2875 2590 2945 quin
2628 2876 2680 2928 in
2716 2878 2836 2943 ipso
2881 2874 3069 2936 etiam,
3121 2884 3389 2942 quatenus
3438 2875 3602 2928 homo

2034 2964 2128 3027 sit,
2150 2963 2217 3017 ab
2240 2967 2447 3034 angelis
2492 2967 2681 3021 fortnas
2737 2964 3059 3035 signentur?
3111 2964 3496 3034 erudiaturque
3554 2968 3602 3021 is

2034 3055 2102 3107 de
2135 3055 2355 3119 divinis,
2398 3066 2451 3110 et
2488 3056 2672 3110 divine
2733 3065 2791 3108 ut
2835 3064 3261 3109 consentaneum
3327 3064 3447 3117 est,
3493 3056 3608 3108 alli-

363 3131 773 3199 evangelizavit,
814 3140 865 3185 et
914 3145 1039 3185 cum
1065 3144 1131 3185 eo
1180 3132 1466 3186 multitudo
1499 3136 1737 3189 caelestis
1772 3150 1931 3189 exer-
1958 3153 2000 3211 C
2034 3149 2107 3204 εί,

1864 3151 1931 3188 ιε’·
1958 3153 2000 3211 C
2034 3149 2210 3204 ciatur
2238 3166 2251 3202 :
2276 3155 2446 3201 restat
2474 3147 2638 3216 igitur
2673 3148 2785 3201 fieri
2808 3163 2915 3201 non
2958 3161 3139 3216 posse.
3198 3158 3253 3199 ut
3296 3148 3419 3217 quis
3470 3148 3608 3202 hanc

361 3226 509 3278 citus
542 3224 689 3277 illam
715 3223 869 3278 valde
897 3224 1188 3291 celebrem,
1238 3233 1291 3278 ct
1349 3241 1377 3277 ιι
1426 3226 1609 3280 multis
1657 3237 1929 3281 cantatum

363 3321 730 3376 laudationem
767 3320 835 3374 iis
869 3319 961 3387 qui
986 3320 1041 3373 in
1073 3328 1213 3372 terra
1244 3328 1418 3382 erant,
1446 3320 1689 3373 tradidit.
1724 3322 1934 3375 Ascen-

362 3414 490 3465 dam
550 3422 811 3480 prteterea
865 3410 931 3464 ad
989 3410 1324 3465 celsissimas
1380 3413 1431 3463 in
1471 3412 1770 3481 Scripturis
1813 3429 1939 3466 san-

358 3506 466 3559 ctis
519 3504 899 3573 apparationes
964 3502 1079 3556 Dei.
1144 3501 1314 3557 Video
1365 3504 1509 3557 enim
1534 3505 1709 3573 ipsum
1752 3505 1936 3560 Jesum

363 3598 569 3664 quiest
625 3607 939 3648 naturarum
994 3610 1157 3664 supra
1210 3610 1371 3664 quam
1427 3598 1724 3651 ctelestium
1773 3613 1938 3667 supra

364 3698 614 3741 naturam
648 3697 859 3752 auctor,
891 3688 981 3755 qui
1019 3688 1085 3741 ad
1148 3697 1390 3741 nostram
1451 3700 1699 3742 naturam
1747 3692 1940 3744 huma-

364 3796 491 3833 nam
519 3780 872 3834 immutabilis
896 3782 1059 3843 venit,
1086 3794 1191 3833 non
1216 3779 1458 3850 refugere
1476 3795 1506 3834 a
1529 3784 1940 3837 conservatione

361 3874 577 3927 ordinis
606 3874 693 3941 qui
743 3874 945 3927 homini
978 3876 1247 3942 congruit,
1278 3884 1330 3926 et
1370 3875 1436 3927 ab
1486 3876 1604 3943 ipso
1655 3875 1941 3930 ordinatus

362 3977 419 4020 ct
447 3967 650 4021 electus
676 3976 779 4031 est,
803 3969 933 4034 quin
970 3970 1148 4036 potius
1170 3977 1223 4021 et
1246 3967 1564 4021 obedieutcr
1592 3982 1649 4021 se
1672 3968 1941 4022 submittit

365 4056 560 4111 formis
598 4072 627 4109 a
662 4057 771 4112 Deo
806 4058 963 4111 Patre
1006 4073 1099 4125 per
1151 4060 1376 4125 angelos
1435 4059 1664 4118 effectis,
1723 4068 1777 4112 et
1841 4073 1937 4128 per

362 4148 587 4203 eosdem
621 4149 974 4202 intermedios
1015 4150 1297 4203 nuntiatur
1355 4160 1545 4204 sancto
1595 4150 1795 4219 Joscph
1851 4152 1941 4205 ille

365 4257 396 4293 a
434 4241 541 4294 Deo
575 4241 729 4294 Patre
752 4240 1003 4309 provisus
1039 4240 1131 4293 lilii
1156 4241 1207 4293 in
1249 4239 1541 4311 .Egyptum
1569 4255 1849 4295 secessus:
1886 4249 1939 4293 et

438 4361 460 4392 ⁸
497 4357 663 4413 Hebr.
692 4373 751 4421 II,
785 4357 837 4409 7.

2034 3252 2240 3312 partem
2265 3239 2551 3307 theologia:
2611 3240 2925 3308 symbolica:
2983 3250 3035 3294 et
3068 3256 3284 3295 arcana:
3347 3240 3609 3293 doceatur

2036 3332 2139 3387 nisi
2183 3347 2278 3401 per
2306 3330 2528 3400 angelos
2560 3328 2748 3384 innuis
2777 3345 2871 3399 per
2903 3333 3125 3401 angelos
3175 3332 3334 3386 factis
3399 3331 3465 3385 ad
3509 3332 3612 3384 hu.

2034 3419 2277 3491 jusmodi
2307 3421 2545 3474 visiones
2582 3418 2911 3474 adducatur.

2660 3552 2885 3608 CAPUT
2923 3552 2990 3607 Χ.

2043 3666 2192 3731 Quod
2220 3672 2430 3721 omnino
2458 3676 2658 3738 oportet
2692 3668 2758 3718 ad
2795 3667 3011 3738 altiores
3046 3670 3285 3721 notiones
3304 3684 3366 3721 ex
3392 3680 3613 3738 utraque

2111 3751 2259 3805 parte
2282 3737 2579 3807 symbolica:
2614 3737 2881 3805 theologia:
2915 3737 3132 3801 adduci,
3174 3742 3277 3791 sive
3302 3737 3613 3792 similitndi~

2116 3808 2269 3860 nibus
2314 3806 2410 3875 per
2430 3806 2643 3876 angelos
2673 3807 2941 3874 formatis,
2977 3810 3081 3859 sive
3134 3807 3298 3860 verbis
3357 3819 3616 3875 quatenus

2112 3878 2281 3943 primo
2342 3888 2557 3944 aspectu
2600 3886 2839 3945 apparet,
2906 3876 3121 3931 absonis
3182 3878 3286 3929 illis
3334 3880 3537 3947 quidem
3568 3887 3628 3945 et.

2117 3947 2489 3999 dissentaneis.

2116 4056 2343 4124 Magnus
2374 4056 2661 4126 Dionysius
2694 4055 2749 4109 in
2790 4056 2951 4125 epist.
2983 4057 3050 4110 ad
3081 4056 3288 4112 Titum:
3322 4058 3402 4112 Ne
3429 4059 3622 4113 existi-

2049 4164 2279 4211 memus,
2316 4147 2513 4216 inquit,
2550 4147 2704 4216 signa
2767 4147 3064 4202 formarunt
3099 4150 3481 4218 apparentium
3517 4164 3615 4203 sua

2046 4252 2255 4297 tantum
2293 4256 2454 4295 causa
2494 4248 2549 4294 et
2590 4242 2802 4296 ratione
2830 4241 3004 4297 ellicta
3040 4258 3161 4297 esse
3185 4243 3285 4312 (6),
3322 4243 3415 4297 sed
3442 4242 3623 4312 potius

1856 4469 2128 4548 Schoﬁa.

440 4645 516 4712 (l)
553 4642 616 4696 In
644 4642 828 4696 divina
859 4638 1021 4694 virili.
1062 4635 1496 4712 Incarnationem
1525 4633 1695 4712 Verbi
1728 4637 1936 4704 signiti-
1966 4640 2014 4698 υ
2043 4648 2257 4712 natura,
2284 4646 2337 4691 et
2363 4652 2472 4692 non
2505 4638 2645 4695 falso
2662 4638 2773 4712 _sibi
2807 4637 3092 4691 vindicans
3121 4635 3455 4691 divinitatem
3484 4637 3630 4692 sicut

366 4708 629 4780 cat,qttia
657 4716 799 4767 Deus
830 4712 882 4765 iu
904 4723 1068 4780 carne
1092 4708 1326 4780 humana
1367 4719 1527 4780 Opera
1579 4708 1760 4780 divina
1808 4723 1938 4773 0pc-

366 4774 614 4839 rahatur.
639 4785 820 4851 Itaque
844 4778 1073 4851 dicendo
1100 4774 1641 4851 virilem,perfectum
1669 4778 1789 4851 nom
1818 4792 1939 4828 nem

369 4856 541 4908 fuisse
580 4845 779 4914 docet";
826 4846 1060 4905 dicendo
1114 4845 1375 4909 divinato,
1413 4845 1577 4897 simul
1638 4845 1937 4912 perfectum

366 4927 560 4979 Deum.

440 4993 519 5061 (2)
552 4990 912 5045 Forntalionis
941 4987 1053 5041 Dei.
1076 4986 1283 5061 Dicitur
1306 4981 1746 5061 formatnmesse
1772 4986 1937 5039 Deum

369 5066 422 5116 in
448 5053 609 5117 utero
640 5062 875 5127 Virginis
898 5069 950 5113 et
979 5057 1187 5119 matris,
1232 5053 1527 5110 sicutillud
1581 5056 1784 5108 dictum
1818 5068 1938 5111 est:

373 5133 609 5186 Verbum
634 5147 761 5184 cato
790 5132 990 5184 factum
1027 5139 1129 5181 est.

440 5204 520 5273 (ὅ)
559 5200 680 5255 Non
712 5201 943 5273 refugus
970 5198 1024 5251 Id
1056 5208 1159 5261 est,
1186 5212 1293 5273 non
1328 5193 1935 5273 reputavitiudignum,

368 5274 412 5325 si
443 5265 565 5326 cum
591 5281 740 5325 esset
771 5265 1056 5323 ’ll'omiuus
1086 5268 1426 5335 angelorum,
1464 5265 1931 5335 obediretitamen

372 5345 502 5407 illis;
536 5356 631 5410 per
668 5333 1335 5410 angelosgeniminundata
1370 5344 1450 5410 est
1478 5333 1854 5410 Josephluga
1878 5338 1930 5410 in

370 5404 684 5484 (Egyp'tum,
740 5404 946 5484 Etiude
994 5407 1220 5484 reditus.
1270 5405 1603 5484 S_i_c_it_aqu.e
1652 5404 1797 5484 dixit
1842 5406 1932 5484 hic

374 5473 685 5552 Dionysius,
720 5476 1070 5552 nouirefttgit,
1104 5476 1243 5552 sicut
1277 5476 1418 5552 dixit
1447 5473 1645 5552 Paulus
1668 5473 1723 5527 iu
1760 5476 1930 5552 lipist,

372 5554 438 5606 ad
471 5544 704 5620 l’liiltpp.
738 5568 786 5603 c.
816 5551 851 5603 ‘2
875 5567 891 5606 :
919 5544 1166 5614 Quicum
1200 5549 1252 5620 in
1272 5546 1442 5599 forma
1469 5546 1559 5599 Dei
1575 5557 1737 5620 esset,
1758 5544 1809 5598 id
1832 5555 1936 5609 est,

374 5637 535 5677 verus
557 5615 722 5688 Deus,
743 5636 858 5690 non
880 5623 1122 5690 rapinam
1137 5619 1433 5690 arbitratus
1455 5626 1561 5690 est.
1601 5615 1704 5669 th'.
1730 5624 1940 5690 estnon

373 5697 645 5762 reputavit
662 5684 964 5762 indignum,
988 5693 1031 5744 si
1047 5705 1171 5765 eum»
1197 5700 1344 5765 esset
1366 5686 1563 5765 alioqui
1583 5686 1809 5765 aequalis
1835 5690 1940 5741 Deo

447 5756 521 5826 ia)
546 5756 877 5819 Athanasius
908 5764 961 5816 in
984 5761 1380 5828 questionibus
1411 5760 1475 5813 ad
1507 5756 1858 5812 Autiochun.

2043 4709 2134 4776 qui
2165 4708 2400 4761 alienum
2447 4712 2604 4776 rapit,
2643 4710 2789 4775 ﬁeret
2823 4718 2996 4761 tamen
3026 4716 3199 4761 homo.

2118 4778 2194 4847 (4)
2245 4776 2485 4845 Angelos.
2520 4778 2656 4842 Quia
2713 4777 2885 4831 factus
2918 4787 2999 4831 est
3056 4778 3309 4831 Christus
3358 4787 3460 4829 suo
3493 4776 3627 4843 lege,

2043 4848 2185 4901 sicut
2224 4847 2414 4915 Apost.
2469 4848 2543 4901 ait
2571 4847 2774 4911 (Galat.
2806 4864 2887 4907 ιιι,
2922 4853 3021 4911 tv),
3076 4856 3129 4899 et
3160 4849 3242 4899 lex
3275 4848 3397 4899 data
3424 4856 3507 4898 est
3542 4864 3634 4913 per

2044 4918 2286 4983 angelos,
2322 4918 2524 4972 idcirco
2552 4918 2751 4971 dicitur
2784 4917 3037 4972 Christus
3062 4917 3237 4971 factus
3262 4919 3363 4969 sub
3389 4917 3503 4985 lege
3534 4932 3630 4985 per

2046 4988 2292 5049 angelos.

2117 5057 2194 5125 (5)
2238 5054 2662 5126 (Τναάὶιίοηὶὺαε.
2714 5057 3002 5126 Significat
3075 5055 3362 5126 Dionysius
3424 5057 3524 5110 sibi
3582 5068 3637 5110 ct

2049 5124 2643 5196 TunOtheotratlitum
2700 5125 2866 5180 fuisse
2892 5128 2993 5180 hoc
3026 5124 3345 5196 mysterium
3400 5128 3469 5180 de
3539 5142 3637 5179 an-

2051 5196 2173 5259 gelo
2230 5195 2574 5249 confortaute
2641 5213 2670 5248 a
2730 5198 2895 5249 I'aulo
2945 5195 3231 5264 ἀγράφως,
3285 5198 3338 5249 id
3378 5208 3480 5259 est,
3520 5199 3639 5250 sine

2046 5268 2253 5332 scripto
2288 5281 2302 5329 ;
2345 5267 2487 5331 quod
2527 5267 2746 5333 quidem
2788 5279 2976 5335 puStca
3002 5282 3030 5319 a
3060 5267 3205 5320 Luca
3245 5266 3510 5332 scriptum
3548 5277 3633 5317 est

2049 5335 2099 5405 in
2138 5336 2428 5401 Evangelio
2450 5338 2590 5403 quod
2613 5333 2811 5389 Paulus
2833 5333 3179 5405 prxdicabat,
3207 5346 3260 5390 et
3283 5352 3346 5389 ex
3364 5335 3530 5388 Paulo
3552 5336 3637 5405 tli-

2043 5404 2333 5475 dicerat.Si
2358 5407 2479 5473 quis
2500 5422 2621 5457 vvru
2646 5404 2849 5473 «(inerat
2869 5408 2974 5469 hic,
2993 5410 3121 5475 quid
3152 5422 3289 5475 opus
3315 5404 3640 5474 eratangelo
3706 5464 3711 5467 _

2045 5474 2407 5538 eoufortaute,
2428 5477 2517 5529 ubi
2538 5477 2792 5530 divinitas
2812 5474 3025 5541 aderat,
3040 5474 3199 5529 ducet
3222 5487 3441 5530 S-Iltcllts
3466 5476 3637 5528 Maxi-

2049 5560 2169 5597 mus
2189 5546 2622 5614 respondendum
2644 5562 2784 5609 esse,
2822 5548 2985 5598 multa
3045 5547 3308 5599 miracula
3344 5548 3507 5599 Deum
3545 5561 3640 5612 per

2047 5616 2269 5683 angelos
2301 5615 2702 5685 operari,idque
2728 5617 3032 5671 universum
3056 5615 3390 5684 Seripturam
3428 5616 3641 5669 testari.

2128 5687 2206 5754 (6)
2255 5686 2474 5754 Propter
2532 5702 2585 5739 se
2630 5688 2809 5755 efﬁcta
2846 5702 2975 5739 esse.
3016 5687 3070 5738 ιιι
3102 5699 3205 5747 est,
3243 5689 3399 5740 utsic
3432 5686 3635 5739 intellt-

2062 5766 2283 5827 gautur,
2314 5768 2367 5812 ut
2420 5758 2767 5814 extrinsecus
2808 5757 3113 5814 secundum
3159 5757 3393 5812 litteram
3433 5758 3636 5809 nudam
