4416 6448
364 406 463 466 ’161
894 429 899 435 ε
1119 405 1351 462 DECAS
1387 406 1464 462 ῐῐ.
1522 431 1585 441 -
1626 408 1721 465 DE
1745 406 2177 464 'I‘IIEOLOGIA
2220 405 2880 463 ΒΕΣῙΟΝΒΤΗΑΤΙΥᾹ.
3484 400 3589 466 ’169

366 514 607 567 tionibus
642 512 710 564 ab
748 513 879 580 ipsis
910 512 1014 565 illis
1042 511 1342 579 Scripturis
1372 514 1575 565 sanctis
1599 513 1779 565 divine
1813 515 1924 564 lau-
1957 524 1998 573 Α
2031 514 2213 577 ηγςὶυς
2236 514 2315 571 (a)
2347 513 2456 561 lt.re.
2482 511 2785 562 edisseri-ns
2814 511 2903 569 ait,
2933 524 3023 559 eos
3061 526 3148 575 qui
3179 520 3414 573 apertam
3441 514 3594 559 theo-

363 604 548 659 datur.
580 616 702 653 cum
762 602 1206 668 inaspectabilem
1243 618 1364 652 ettat
1409 612 1629 664 voeant,
1653 614 1704 655 et
1745 604 1923 653 infini-
2036 601 2251 665 logiam,
2278 611 2330 651 et
2365 600 2495 651 velis
2540 603 2736 650 nudam
2768 601 3076 660 audierunt,
3112 610 3262 665 typos
3299 601 3596 659 (Eoi-agit..-

364 703 504 758 tum,
528 682 581 745 e't
616 691 706 759 qui
762 692 880 757 capi
926 707 1029 744 non
1064 693 1269 760 possit;
1317 702 1369 744 et
1401 692 1652 747 similiter
1681 697 1732 743 ιιι
1782 693 1922 753 aliis,
2034 692 2233 743 talione
2257 705 2353 743 sua
2382 690 2636 749 formare,
2669 690 2759 755 qtti
2790 690 2853 740 ad
2885 690 3288 753 intelligentiam
3318 692 3594 737 auditores

369 785 517 835 unde
550 798 657 835 non
691 784 819 846 quid
849 791 953 845 est,
983 784 1074 834 sed
1129 783 1257 848 quid
1291 799 1397 835 non
1435 793 1537 844 est,
1566 782 1925 850 significatur.
2036 781 2312 848 adjuvent.
2360 779 2431 832 Ex
2469 781 2551 831 his
2599 782 2758 845 igitur
2796 779 3138 830 manifestum
3179 780 3407 829 eftieitur
3454 778 3596 843 quod

368 872 445 925 Ex
484 874 569 926 bis
603 873 836 926 efficitur
883 873 1155 938 duplicem
1203 889 1324 926 esse
1350 876 1670 939 theologiam
1698 876 1928 926 demon-
2036 881 2191 924 antea
2217 872 2702 937 dictumest,typos
2728 885 2847 921 esse
2866 880 2917 921 et
2942 871 3201 933 ιιιιτιμίιιρς
3220 884 3278 917 ea
3302 872 3458 918 etiam
3484 885 3601 931 qum

370 965 679 1028 strativam,
718 981 880 1018 unam
917 982 1035 1034 quae
1070 967 1407 1021 aflirmanter
1435 978 1488 1021 et
1522 984 1584 1020 ex
1617 968 1820 1021 effectis
1846 970 1928 1020 iu-
2036 970 2217 1027 aperte
2238 960 2391 1011 nobis
2411 969 2461 1011 et
2493 961 2609 1012 sine
2634 962 2762 1012 velis
2792 961 3024 1011 obtentis
3049 958 3392 1021 iuSet-iptuta
3419 970 3601 1007 saneta

370 1058 626 1119 ducitur;
653 1056 872 1108 alteram
900 1072 1020 1123 qum
1050 1068 1309 1122 neganter
1340 1068 1393 1110 et
1432 1059 1691 1124 privative
1720 1078 1732 1111 :
1765 1070 1818 1110 et
1842 1059 1929 1111 illa

370 1146 588 1212 quidem
622 1161 685 1198 ex
723 1148 991 1201 similibus
1037 1147 1227 1201 formis
1261 1149 1480 1209 effictis,
1517 1150 1629 1201 haec
1675 1165 1737 1203 ex
1770 1150 1938 1202 dissi-

372 1236 627 1299 milibus;
664 1240 765 1288 hoc
788 1245 967 1289 tamen
1004 1237 1398 1290 iualfirmativa
1432 1240 1700 1306 theologia
1737 1242 1927 1292 cerni-

372 1332 483 1383 tur,
524 1325 693 1389 ipsam
725 1326 884 1376 etiam
917 1340 1008 1390 per
1029 1325 1231 1377 formas
1280 1326 1430 1379 fictas
1464 1327 1513 1377 itt
1538 1326 1819 1393 Scriptura
1856 1341 1942 1379 sa-

372 1429 463 1465 cra
494 1415 764 1482 progredi.
822 1416 1104 1469 honestius
1160 1425 1339 1468 tamen
1373 1431 1538 1483 quam
1598 1432 1692 1483 per
1725 1431 1785 1469 ea
1814 1414 1938 1483 quae

378 1504 677 1571 symbolice
717 1505 862 1557 dicta
905 1516 1029 1557 sunt
1062 1506 1113 1557 in
1148 1514 1373 1573 utroque
1404 1521 1602 1575 genere
1635 1507 1709 1569 (t)
1745 1506 1942 1558 forma-

380 1598 616 1658 tionutn,
646 1610 784 1663 quas
846 1605 1023 1664 patres
1073 1606 1407 1651 vocaverunt
1468 1597 1792 1663 προσύλους,
1849 1612 1951 1649 nos

377 1683 624 1738 i'icatnus
646 1695 907 1745 terrenas,
924 1696 1183 1755 quatenus
1198 1688 1296 1740 etsi
1317 1686 1482 1738 altera
1508 1702 1630 1753 pars
1650 1686 1949 1752 theologire.

384 1774 595 1826 Scilicet
615 1776 945 1844 symbolicm.
971 1778 1024 1829 in
1042 1778 1220 1829 verbis
1242 1776 1520 1831 translatis
1540 1786 1590 1829 et
1619 1791 1645 1828 a
1672 1777 1954 1828 lumbralis

2044 1051 2152 1101 Dt~o
2183 1052 2459 1112 dicuntur,
2490 1053 2741 1117 quamvis
2772 1050 3198 1102 demonstrative
3233 1049 3481 1101 dicantur
3516 1049 3597 1098 af-

2045 1141 2330 1193 firmando.

2670 1228 2895 1282 CAPUT
2925 1229 3012 1282 llI.

2050 1341 2201 1405 Quod
2231 1355 2320 1405 per
2347 1357 2545 1393 onmem
2589 1342 2893 1399 theoloofmn
2910 1344 3043 1391 ratio
3071 1340 3264 1403 speculi
3293 1350 3339 1391 et
3365 1340 3611 1405 (enigma-

2611 1413 2675 1462 tis
2712 1414 3057 1475 progreditur.

2124 1500 2165 1551 A
2191 1501 2490 1555 itttirandus
2520 1512 2570 1554 et
2607 1518 2834 1566 magnus
2889 1504 3178 1567 Apostolus
3208 1502 3278 1553 :til
3312 1502 3384 1569 (I)
3418 1519 3429 1553 :
3462 1501 3613 1551 Vide—

2057 1608 2178 1644 mus
2201 1608 2344 1646 nunc
2365 1610 2456 1659 per
2483 1596 2761 1659 speculum
2796 1596 2847 1645 itt
2872 1596 3175 1659 aenigmate.
3200 1595 3258 1644 Et
3288 1610 3503 1645 rursus:
3541 1593 3614 1646 Ex

2058 1694 2207 1751 parte
2241 1686 2647 1749 cognoscimus.
2674 1697 2725 1737 et
2748 1701 2810 1737 ex
2847 1695 2998 1752 parte
3045 1688 3430 1752 prophetantus
3454 1726 3465 1746 ,
3494 1701 3615 1737 cum

2059 1783 2237 1825 autem
2268 1775 2468 1826 venerit
2489 1776 2631 1841 quod
2659 1776 2949 1842 perfectum
2971 1785 3072 1837 est,
3094 1792 3263 1827 evaeu
3287 1777 3448 1826 ibitur
3474 1776 3615 1843 quod

383 1865 572 1933 tergit,
614 1868 838 1919 multum
868 1878 1046 1921 tamen
1101 1868 1291 1921 absoni
1327 1878 1379 1921 et
1401 1869 1736 1921 dissentanei
1782 1870 1832 1919 ιιι
1864 1868 1944 1920 eis
1982 1868 2018 1920 lt
2050 1880 2110 1917 ex
2146 1874 2299 1932 parte
2324 1876 2426 1917 est.
2464 1864 2524 1918 Et
2555 1867 2778 1918 iterum:
2820 1867 2919 1919 Per
2953 1868 3109 1919 fidem
3165 1869 3533 1921 ambulamus.
3564 1878 3615 1918 et

382 1967 625 2024 apparet.
655 1958 939 2022 Quomodo
971 1961 1113 2011 enim
1153 1961 1433 2025 cogitabit,
1466 1962 1557 2026 qui
1605 1961 1657 2013 in
1692 1960 1797 2014 Deo
1825 1975 1948 2013 cra-

388 2050 567 2115 pulam
606 2050 813 2109 audiat.
834 2064 886 2103 et
914 2053 1310 2116 paenitentiam,
1330 2054 1733 2121 etjuratnenta,
1766 2061 1820 2106 et
1851 2052 1951 2106 im-

390 2141 750 2209 precationes,
776 2151 830 2197 et
865 2142 975 2198 alia
1010 2124 1325 2211 ejusmodi?

1006 2254 1236 2308 CAPUT
1272 2256 1336 2309 II.

394 2342 548 2419 Quod
580 2347 837 2412 theolog’a
862 2350 1291 2408 demonstrativa.
1328 2367 1444 2419 qum
1471 2352 1674 2406 videtur
1698 2369 1810 2407 esse
1843 2355 1955 2408 sine

462 2418 861 2496 integumento,»
893 2434 982 2485 per
1018 2429 1161 2488 typos
1195 2418 1348 2474 nobis
1377 2422 1584 2487 efﬁctos
1626 2425 1881 2483 procedit.

466 2505 690 2572 Magnus
731 2505 1044 2574 Dionysius.
1082 2509 1133 2561 in
1173 2508 1344 2576 Epist.
1391 2509 1454 2561 ad
1498 2509 1709 2563 Titum:
1774 2510 1955 2575 Quod,

396 2598 599 2666 inquit,
667 2600 982 2667 ltujusmodi
1042 2602 1408 2664 integumenta
1463 2612 1688 2667 regnata
1757 2615 1985 2657 naturat-

397 2701 598 2743 nostraa
628 2701 774 2755 sunt,
802 2692 1252 2747 declarantetiam
1274 2697 1361 2761 qui
1386 2700 1567 2751 audita
1592 2708 1773 2760 aperta
1805 2698 1959 2749 theo-

402 2784 540 2849 logia
582 2784 660 2852 (ἓ)
718 2785 837 2839 sine
898 2787 1216 2845 involucris.
1276 2788 1550 2862 effingunt
1591 2790 1724 2842 inse
1776 2801 1961 2858 typum

403 2874 713 2939 quemdam,
740 2877 830 2943 qui
853 2891 947 2929 eos
976 2878 1039 2930 ad
1074 2878 1483 2944 intelligentiam
1512 2880 1631 2945 ejus
1680 2880 1963 2945 theologia}

399 2979 561 3030 quam
587 2965 720 3029 dixi,
741 2966 1002 3020 adducat:
1025 2976 1079 3020 et
1111 2968 1280 3033 ipsius
1311 2982 1527 3035 quoque
1549 2969 1734 3021 mundi
1764 2969 1842 3035 (3)
1871 2969 1962 3034 qui

395 3058 641 3110 cernitur
676 3058 879 3111 fabrica
911 3058 1271 3113 invisibilibus
1307 3059 1395 3112 Dei
1424 3060 1659 3113 obducta
1691 3069 1793 3120 est,
1824 3061 1968 3139 sicut

398 3148 620 3213 Paulus,
654 3158 707 3203 et
734 3150 849 3218 ipsa
876 3148 1084 3205 Veritas
1106 3152 1181 3218 (4)
1218 3160 1469 3206 testatur.
1504 3152 1653 3204 Alter
1683 3166 1814 3205 vero
1847 3150 1969 3203 Dio-

2061 1971 2166 2009 nou
2220 1971 2311 2023 per
2347 1956 2604 2022 speciem.
2647 1956 2758 2009 lloc
2805 1960 3095 2024 praeclarus
3149 1970 3341 2010 auctor
3395 1958 3621 2011 Basilius

2058 2064 2179 2102 cum
2220 2058 2559 2116 perspectum
2595 2049 3024 2112 baberet:ll|uil,
3063 2051 3234 2116 inquit
3269 2051 3363 2105 (bl,
3393 2051 3525 2098 fat-ie
3558 2052 3620 2100 ail

2060 2140 2275 2198 facient.
2317 2151 2368 2194 et
2394 2140 2629 2208 perfecte
2678 2157 3005 2211 cognoscere
3027 2143 3077 2195 itt
3106 2142 3290 2194 futuro
3315 2142 3510 2194 saeculo
3544 2144 3625 2193 ili-

2061 2234 2179 2301 gnis
2223 2233 2550 2286 reddendum
2582 2249 2704 2287 esse
2757 2234 3085 2299 promissum
3137 2245 3247 2296 est;
3303 2250 3444 2286 nunc
3475 2250 3624 2295 vero,

2061 2329 2131 2379 sit
2154 2327 2277 2378 licet
2307 2326 2666 2382 Paulus.licet
2692 2327 2898 2387 Petrus,
2929 2326 3308 2393 videtquidem
3346 2342 3469 2377 vere
3506 2342 3629 2389 qua:

2064 2418 2229 2482 videt,
2269 2427 2324 2471 et
2359 2432 2466 2470 non
2531 2419 2766 2479 fallitur,
2801 2433 2895 2483 per
2937 2419 3220 2485 Speculum
3266 2427 3445 2469 tamen
3487 2418 3531 2469 vi
3559 2419 3630 2470 lct

2064 2524 2116 2565 et
2147 2512 2197 2562 in
2222 2516 2521 2576 aenigmate.
2553 2510 2680 2559 illud
2715 2509 2891 2561 autem
2924 2510 3156 2574 quodex
3190 2521 3339 2576 parte
3361 2519 3463 2563 est.
3484 2524 3632 2561 nunc

2066 2613 2219 2667 grato
2236 2601 2437 2663 auituo,
2456 2602 2694 2666 accipien
2710 2618 2745 2663 ε,
2767 2600 2907 2667 quod
2944 2599 3237 2667 perfectum
3257 2613 3356 2655 est.
3382 2601 3431 2652 in
3456 2599 3636 2650 futuro

2072 2694 2349 2761 perspicue.
2378 2702 2677 2759 exspectat.
2707 2693 2838 2745 Item
2871 2707 2993 2745 cum
3026 2707 3091 2745 eo
3131 2692 3425 2761 Gregorius
3456 2691 3638 2745 Theo-

2072 2787 2224 2847 logns
2283 2785 2383 2850 (c):
2421 2784 2711 2847 Quocirca.
2767 2785 2962 2848 inquit.
3002 2799 3215 2835 onmem
3272 2784 3635 2835 munitionem

2076 2875 2277 2929 l’anlus
2305 2892 2423 2940 qtue
2460 2876 2512 2926 ιιι
2552 2884 2694 2927 terra
2730 2876 2795 2925 de
2834 2876 2941 2926 Deo
2973 2875 3225 2938 habetur,
3284 2876 3418 2926 nihil
3479 2892 3641 2941 supra

2073 2983 2234 3037 quam
2268 2967 2485 3033 specula
2510 2976 2560 3018 et
2585 2968 2868 3031 aenigmata
2895 2983 3014 3019 esse
3036 2968 3205 3034 ponit.
3237 2977 3426 3033 ntpote
3456 2970 3507 3018 itt
3545 2968 3644 3017 mi-

2075 3057 2222 3110 nutis
2248 3056 2575 3124 imaginibus
2601 3058 2843 3109 veritatis
2873 3057 3130 3110 locatam.
3170 3057 3228 3109 Et
3266 3060 3463 3111 iterum
3500 3057 3642 3109 ident

2079 3151 2419 3236 Ill.0l'ali0n8
2448 3155 2511 3204 de
2549 3152 2947 3206 constituendis
2978 3153 3281 3219 episcottis:
3313 3152 3509 3217 licquis
3538 3160 3642 3207 est.

1860 3283 2134 3345 Scholia.

472 3393 549 3459 (I)
580 3390 645 3445 In
667 3400 883 3459 utroque
900 3404 1096 3457 genere.
1125 3388 1180 3442 Id
1210 3398 1310 3450 est.
1351 3388 1404 3443 in
1450 3389 1772 3443 formatione
1820 3391 1954 3455 figu-

399 3465 629 3519 rationis
681 3466 783 3513 sub
834 3474 1051 3513 sensum
1105 3460 1367 3516 cadentis.
1428 3461 1562 3513 etin
1627 3460 1955 3513 formatione

402 3531 779 3592 translationis
812 3530 1055 3582 cadentis
1079 3529 1180 3581 sub
1205 3529 1636 3593 intelligentiam.

474 3606 551 3673 (ἓξ
581 3601 696 3673 ραι
716 3600 901 3651 audita
947 3609 1129 3673 aperte
1178 3599 1457 3666 theologia.
1514 3598 1831 3673 Exemplum
1891 3600 1961 3652 sit

405 3666 549 3741 quod
594 3666 854 3741 scriptum
901 3678 984 3741 est
1019 3666 1300 3741 in‘Jereitt.
1353 3684 1401 3721 c.
1442 3684 1585 3741 xm.
1622 3671 1687 3723 de
1744 3672 1809 3721 iis
1843 3685 1963 3738 quie

404 3736 591 3812 έρετιο
611 3740 744 3861 ﬁxit
771 3738 1030 3790 Dominus
1051 3736 1168 3789 sine
1187 3738 1294 3789 ullo
1314 3749 1435 3807 lypn
1464 3747 1556 3789 ant
1575 3736 1966 3808 integumento,

405 3826 627 3861 mmmot
707 3808 965 3861 nonulum
1019 3806 1181 3860 Israel
1228 3808 1328 3860 sibi
1361 3807 1713 3861 adiunxisset.
1740 3819 1795 3861 et
1831 3824 1966 3861 nuo-

405 3806 680 3885 quontodo
707 3808 965 3876 populum
1019 3806 1181 3860 Israel
1228 3808 1328 3860 sibi
1358 3806 1713 3885 adiunxisset,
1740 3819 1795 3885 e_t
1831 3806 1966 3885 quo?

410 3876 571 3939 ,ἰιοάο
594 3888 811 3949 propter
835 3887 1049 3942 peccata
1070 3885 1214 3929 esset
1242 3876 1569 3949 puniendus,
1591 3888 1643 3931 et
1668 3880 1733 3949 de
1760 3880 1967 3931 lumba-

407 3958 475 4017 ri,
502 3956 552 4007 in
580 3946 686 4018 quo
709 3962 965 4018 tanquam
990 3949 1042 4000 in
1061 3957 1186 4016 typo
1220 3948 1392 4000 ellicto
1418 3948 1601 4018 voluit,
1621 3957 1678 4001 ιιι
1702 3946 1964 4004 Jerentias

411 4016 553 4093 (cap.
599 4016 714 4089 xm)
745 4017 1064 4093 supplicium
1098 4019 1163 4093 de
1204 4019 1403 4093 populo
1426 4016 1581 4093 Israel
1608 4019 1959 4093 sumendum.

408 4086 461 4150 et
493 4086 646 4150 suam
676 4086 823 4145 cum'
850 4087 943 4140 illo
967 4086 1163 4155 populo
1214 4088 1648 4153 conjunctionem
1680 4090 1848 4154 magis
1868 4091 1961 4139 ad-

412 4169 519 4220 huc
553 4164 891 4232 intelligeret.
920 4158 1215 4232 m_elinsqne
1239 4157 1356 4232 aliis
1387 4168 1699 4232 exponeret.
1736 4159 1799 4211 Et
1822 4158 1961 4212 dixit

415 4237 675 4287 Dominus
710 4226 773 4285 aTI
803 4244 922 4281 me:
958 4226 1145 4293 Surge,
1178 4238 1229 4279 et
1263 4227 1392 4278 vade
1422 4229 1485 4279 ad
1542 4227 1868 4293 l-Iuphrateu.
1910 4239 1962 4281 et

415 4305 542 4358 tolle
564 4304 688 4356 inde
711 4301 967 4358 lumbare,
995 4296 1134 4363 quod
1165 4296 1387 4362 przecepi
1413 4297 1505 4349 tibi
1532 4307 1585 4348 ut
1604 4300 1967 4353 absconderes

415 4375 544 4427 illud
568 4373 663 4425 ibi.
695 4372 757 4426 Et
785 4368 890 4422 abii
920 4367 983 4418 ad
1016 4366 1347 4432 Euphraten,
1380 4378 1433 4418 et
1462 4367 1590 4424 fodi.
1621 4377 1673 4418 et
1700 4368 1794 4420 tuli
1828 4369 1966 4421 lum-

415 4446 545 4497 bare
573 4445 639 4493 de
677 4442 794 4495 loco
825 4439 914 4491 ubi
959 4437 1344 4489 abscOnderam
1383 4436 1541 4500 illttd;
1570 4447 1624 4489 et
1670 4453 1797 4491 ecce
1827 4454 1975 4490 rom-

416 4522 700 4576 putruerat
742 4510 1005 4568 lumbare,
1044 4507 1114 4557 ita
1170 4515 1224 4557 ιιι
1259 4506 1388 4557 nulli
1434 4509 1556 4559 usui
1584 4519 1767 4575 aptum
1820 4516 1979 4561 esset.

384 4578 487 4638 Ἐι
515 4582 711 4635 factum
760 4590 841 4632 est
900 4577 1121 4628 verbuat
1168 4576 1376 4628 Domini
1434 4577 1498 4628 ad
1564 4592 1667 4637 me,
1731 4576 1918 4630 (licens
1970 4594 1983 4629 ε

421 4656 547 4705 Haec
578 4651 709 4705 dicit
741 4649 1035 4700 Dominus:
1072 4644 1160 4696 Sic
1194 4655 1507 4712 putrescere
1562 4646 1754 4700 faciam
1793 4662 1984 4712 snper-

418 4724 562 4774 biam
620 4719 778 4780 Juda,
811 4727 865 4770 et
900 4711 1210 4781 superbiam
1267 4711 1572 4769 Jerusalem
1639 4711 1881 4767 inultam.
1916 4716 1982 4769 Et

418 4792 581 4859 paulo
610 4799 760 4857 post:
820 4789 883 4839 Et
910 4788 1243 4859 erunt_5_icut
1302 4785 1549 4859 Itt‘tttbare
1616 4786 1777 4859 istud,
1838 4788 1980 4859 quod

418 4854 551 4913 nulli
590 4854 707 4911 usui
742 4869 924 4927 aptum
954 4865 1055 4908 est.
1084 4854 1235 4927 Sicut
1286 4856 1431 4927 enim
1461 4857 1699 4927 adhaeret
1737 4857 1982 4909 lumbare

416 4930 484 4983 ad
514 4930 722 4981 lumbos
749 4924 873 4987 viri,
894 4928 970 4980 sic
1000 4924 1329 4993 agglutinavi
1358 4924 1487 4977 mihi
1515 4940 1729 4978 onmem
1762 4927 1980 4977 domum

425 5000 617 5061 Israel,
662 5009 714 5050 et
738 5012 955 5049 omnem
992 4991 1208 5047 domum
1255 4991 1416 5055 Jada,
1446 4995 1577 5048 dicit
1609 4995 1888 5057 Dominus,
1924 5004 1984 5047 ut

418 5082 600 5121 essent
635 5070 763 5120 mihi
798 5070 849 5119 in
880 5066 1157 5134 populum.
1183 5074 1236 5115 et
1265 5065 1316 5115 itt
1356 5080 1572 5127 nomen,
1604 5064 1734 5116 etin
1762 5066 1975 5116 laudent

418 5150 472 5190 et
501 5141 554 5190 in
586 5141 831 5205 gloriam,
862 5147 914 5189 et
944 5152 1049 5188 non
1084 5134 1392 5205 audierunt,
1422 5147 1475 5185 et
1502 5152 1620 5200 quae
1652 5146 1979 5205 sequttnzur.

424 5203 751 5276 Ftequentta
802 5218 928 5258 sunt
963 5203 1268 5271 hujusmodi
1330 5207 1575 5271 exempla
1613 5206 1663 5255 in
1706 5204 1984 5276 prophetis

421 5294 489 5330 ne
514 5274 697 5345 aperta
753 5279 1045 5341 theologia,
1075 5287 1126 5326 et
1172 5276 1239 5327 de
1275 5276 1413 5344 typis
1452 5276 1567 5328 sive
1628 5274 1890 5343 symbolis
1920 5275 1986 5325 ad

420 5364 541 5401 eam
568 5347 843 5402 adhibitis.
872 5350 1032 5412 ipsius

496 5417 574 5486 t5)
604 5417 785 5469 illnnJi
818 5421 906 5485 qui
955 5417 1206 5469 cernitur.
1249 5416 1474 5468 Fabrica
1510 5414 1691 5466 tttnndi
1720 5415 1987 5480 quodam-

424 5497 588 5541 modo
620 5492 789 5541 vicem
815 5489 1183 5558 syiubolorum
1223 5497 1364 5541 tenet
1390 5527 1405 5551 ,
1434 5502 1492 5539 Ut
1516 5486 1723 5539 notavit
1765 5496 1990 5540 Sanctus

426 5560 715 5611 Maximus.

504 5701 579 5769 (a)
635 5698 927 5768 Dionysius
969 5699 1369 5754 Alexandrinus
1431 5700 1638 5756 scholia
1695 5700 1859 5756 etiam
1932 5699 1987 5754 in
2074 5689 2081 5695 ’

428 5767 746 5842 Dionysium
780 5767 1159 5841 Areopagitant
1191 5772 1430 5840 scripsit.

2027 3950 2151 4014 ,bis
2212 3964 2305 4016 per
2380 3951 2620 4017 symbola
2698 3965 2981 4018 corporea,
3040 3958 3092 4002 et
3171 3961 3378 4003 natura:

2129 3390 2427 3461 (“Veritas
2454 3400 2696 3446 testatur.
2732 3392 3003 3445 Christum
3034 3391 3184 3453 dicit,
3209 3392 3296 3459 qtti
3330 3394 3381 3446 in
3411 3391 3650 3458 Evange-

2059 3462 2131 3515 lio
2164 3464 2355 3522 multa,
2410 3477 2529 3529 qua:
2590 3463 2655 3514 ad
2698 3462 3023 3522 theologiam
3078 3472 3318 3526 apertam
3347 3474 3396 3514 et
3420 3465 3645 3517 demon-

2062 3542 2322 3586 strantetn
2357 3533 2649 3595 pertinent.
2687 3547 2776 3595 per
2806 3532 3044 3599 symbols
3074 3543 3125 3601 et
3153 3533 3436 3598 parabolas
3468 3534 3652 3601 Inque-

2066 3603 2246 3672 batur,
2286 3604 2431 3654 unde
2468 3602 2761 3653 Nicoileuto
2786 3602 2942 3661 dixit,
2982 3609 3038 3652 ιιι
3074 3600 3423 3654 Pachimcrus
3454 3600 3651 3672 Diony-

2068 3671 2131 3723 sii
2168 3673 2561 3739 parapltrasles
2603 3672 2911 3724 observavit
2944 3692 2955 3723 :
3000 3672 3054 3723 Si
3087 3681 3296 3723 terrena
3337 3673 3442 3724 dixi
3476 3671 3653 3737 vobis,

2074 3751 2128 3794 et
2160 3756 2263 3793 non
2301 3740 2546 3799 creditis.
2579 3740 2853 3807 quomodo
2885 3740 2928 3793 si
2963 3740 3153 3793 dixero
3182 3741 3333 3793 vobis
3390 3743 3654 3804 etnlestia,

2074 3810 2343 3864 credetis?
2370 3818 2427 3862 ut
2457 3811 2675 3874 perinde
2704 3812 2774 3861 sit
2806 3814 2928 3868 hoc.
2968 3822 3020 3859 ιιι
3062 3811 3192 3863 mihi
3257 3812 3473 3874 quidem
3512 3813 3662 3864 vide...

2073 3891 2178 3938 tur.
2217 3896 2280 3932 ac
2332 3880 2376 3933 si
2410 3879 2665 3933 diceret:
2711 3880 2765 3932 Si
2824 3880 3067 3933 caelestia
3124 3880 3374 3932 etdivina
3425 3881 3533 3933 dixi
3563 3898 3658 3934 v0-.-

3471 3964 3660 4003 vestrm

2069 4032 2295 4087 cognata
2349 4029 2402 4071 et
2428 4020 2732 4078 fatttiliaria.
2793 4029 2980 4071 etnon
3043 4020 3286 4078 creditis,
3324 4029 3379 4071 ut
3438 4023 3663 4071 creden-

2066 4090 2136 4141 do
2201 4090 2551 4158 intelligalis;
2610 4091 2880 4156 quomodo
2940 4091 2984 4143 si
3010 4087 3200 4142 dixero
3274 4091 3425 4144 vobis
3473 4091 3666 4143 coalesc

2072 4159 2141 4212 tia
2197 4160 2402 4226 absque
2456 4161 2572 4213 istis
2604 4160 2928 4226 imaginibus
2986 4159 3135 4210 vobis
3193 4161 3357 4217 notis.
3396 4161 3664 4213 credetis?

2081 4230 2345 4282 Docuerat
2425 4231 2568 4281 enim
2643 4230 2901 4281 Dominus
2986 4228 3336 4281 Nicodemntu
3408 4233 3657 4297 exemplo

2074 4301 2216 4352 vetiti
2257 4300 2323 4351 de
2387 4302 2709 4367 operatione
2742 4300 2956 4351 occulta
2984 4308 3034 4350 et
3063 4300 3329 4366 spiritttali
3361 4311 3663 4352 creaturam

2080 4387 2141 4423 ex
2177 4384 2313 4436 aqua
2372 4380 2417 4421 et
2455 4368 2655 4431 Spiritu
2704 4379 2891 4421 sancto
2945 4383 3323 4435 regenerante,
3359 4369 3445 4419 ubi
3483 4387 3663 4421 vocem

2088 4450 2296 4493 tantum
2327 4455 2393 4491 au
2417 4441 2610 4491 limus:
2651 4439 2759 4506 Ego
2792 4451 2842 4491 te
2876 4441 3093 4503 baptizo
3122 4439 3173 4489 in
3210 4439 3430 4489 nomine
3464 4439 3663 4501 l'atris,

2086 4522 2140 4563 et
2176 4507 2320 4567 Filii,
2350 4520 2398 4562 et
2427 4508 2664 4574 Spiritus
2693 4509 2902 4572 sancti;
2930 4511 3021 4563 sed
3081 4508 3358 4576 quomodo
3388 4523 3665 4574 operetur,

2089 4589 2180 4631 aut
2212 4581 2354 4631 unde
2394 4580 2639 4645 incipiat,
2674 4590 2725 4633 et
2762 4580 2848 4629 tibi
2899 4581 3128 4636 desinat,
3175 4581 3479 4641 nescimus;
3515 4590 3572 4630 ut
3608 4596 3659 4630 ιιι

2086 4659 2266 4710 vento,
2316 4651 2405 4715 qui
2439 4662 2540 4706 est.
2574 4660 2624 4698 nt
2672 4651 2745 4701 ait
2786 4650 2926 4701 item
2980 4650 3287 4716 Dionysius,
3353 4649 3403 4698 in
3435 4664 3551 4714 cap.
3592 4650 3653 4700 l5

2090 4718 2323 4771 leestis
2356 4718 2596 4774 Hieran.
2629 4721 2806 4786 imago
2828 4730 2881 4770 et
2909 4728 3065 4784 typus
3094 4721 3293 4771 divina:
3328 4720 3668 4784 operationis

2087 4797 2305 4857 propter
2342 4792 2699 4857 proprietates
2749 4789 2887 4840 venti
2912 4804 3077 4857 iquas
3130 4788 3329 4839 ibidem
3376 4789 3666 4853 Dionysius

2088 4856 2315 4929 notavit,
2345 4856 2447 4911 ubi
2485 4860 2649 4911 etiam
2687 4860 2865 4912 locum
2904 4856 3180 4929 Evangelii
3210 4859 3372 4910 citat.
3433 4857 3671 4925 Spiritus

2092 4928 2180 4981 ubi
2214 4929 2329 4980 vult
2372 4930 2568 4997 spirat.

2163 4999 2240 5065 (5)
2275 4996 2470 5068 Typos.
2525 4996 2592 5052 Ut
2628 4998 2798 5051 Deum
2852 5014 2974 5051 esse
3036 4998 3236 5051 trinum
3273 5007 3325 5049 et
3361 5012 3551 5056 unum,
3606 4998 3671 5049 ad

2090 5083 2343 5133 apertam
2396 5078 2447 5121 et
2500 5074 2974 5121 denmnstrantem
3031 5068 3360 5133 theologiam
3419 5070 3673 5133 pet-tinet,

2089 5154 2252 5205 quam
2280 5150 2458 5190 tamen
2489 5151 2544 5191 ιιι
2569 5141 2779 5192 facdius
2799 5140 3072 5191 auditores
3097 5148 3151 5191 et
3178 5143 3406 5190 lectores
3426 5140 3674 5198 credant,

2090 5218 2144 5260 et
2180 5211 2446 5260 credendo
2486 5210 2807 5278 intelligant,
2863 5225 2928 5261 ex
2987 5209 3225 5275 antiquis
3283 5215 3529 5272 patrtbus
3582 5207 3668 5260 alii

2107 5288 2260 5343 typos
2299 5290 2349 5330 et
2382 5279 2647 5348 imagines
2697 5279 2958 5345 eiliugunt
2989 5279 3153 5329 trittm
3186 5279 3581 5344 lampadarum,
3626 5285 3681 5328 ct

2098 5349 2261 5400 unius
2284 5348 2515 5401 flantum:
2535 5387 2551 5409 ,
2580 5350 2847 5411 aliisols,
2878 5350 3009 5401 radii
3042 5360 3093 5401 et
3123 5351 3343 5400 luminis
3368 5389 3379 5407 ,
3405 5350 3492 5398 alii
3524 5362 3680 5408 rese,

2097 5416 2267 5480 floris,
2298 5429 2350 5472 et
2382 5406 2565 5473 odoris
2592 5460 2606 5483 ,
2645 5406 2737 5471 aiit
2771 5406 2989 5479 radicis,
3025 5423 3180 5477 raaii,
3217 5430 3269 5471 et
3299 5420 3529 5483 fruetus,
3583 5406 3676 5468 aut

2098 5490 2274 5556 digiti,
2316 5506 2531 5556 manus,
2563 5501 2617 5544 et
2647 5492 2878 5555 braclttt,
2909 5505 2961 5542 et
2994 5491 3282 5543 similium.

2172 5695 2252 5765 (bl
2285 5692 2340 5765 ln
2370 5695 2619 5748 oratione
2651 5694 2715 5747 de
2743 5693 3087 5765 cnnfessionc
3118 5692 3261 5746 fidei.

2177 5764 2565 5835 inﬁt-egeries
2614 5765 2708 5818 lib.
2741 5764 2797 5832 ‘2,
2837 5769 2902 5820 de
2948 5765 3243 5829 theologia.
