4416 6448
377 423 482 486 765

1120 422 1350 478 DECAS
1383 422 1462 478 II.
1491 446 1557 455 —
1601 421 1694 478 DE
1732 420 2172 479 TIIEOLOGIA
2215 424 2621 484 DEWONSTR
2644 429 2872 488 \TlV.\.

3502 430 3606 490 766

377 537 661 604 Dionysius
682 536 756 602 (α)
802 533 976 599 :Quia
1016 533 1211 601 inquit,
1247 548 1350 584 non
1385 543 1557 599 potest
1577 549 1728 586 mens
1763 541 1946 583 nostra
1982 531 2020 586 Α
2051 536 2130 586 las
2161 537 2222 594 ’³,
2256 547 2302 588 et
2329 538 2396 601 (rt)
2421 538 2723 592 ﬁrmitatem
2753 541 2802 590 in
2830 540 2957 606 ipsis
2988 540 3166 597 ﬁxam.
3191 540 3340 604 quasi
3364 555 3466 589 non
3489 557 3513 588 t'
3537 555 3606 586 -r-

376 644 402 674 τι
430 629 440 674 l
475 625 618 676 illam
651 625 1021 691 incorpoream
1049 623 1346 676 caelestium
1381 623 1632 674 ordinum
1672 623 1934 672 imitatio-

378 728 498 763 nem
532 728 596 765 ac
629 714 1138 778 contemplationem
1176 714 1493 778 protendere
1526 714 1695 764 aciem
1756 727 1932 774 suam,

377 804 484 854 nisi
514 818 772 869 corporeo
788 803 1117 854 adminiculo
1154 802 1253 854 sibi
1299 810 1424 867 apto
1449 811 1648 853 utatur.
1672 800 1937 854 Etrursus

377 898 518 949 idem
552 896 702 949 :Non
735 902 928 961 potest.
965 895 1156 961 inquit,
1187 894 1338 946 aliter
1368 894 1501 953 lieri,
1539 904 1597 946 ut
1650 893 1832 946 radius
1852 893 1938 945 di-

377 988 516 1039 vina:
539 986 864 1053 cognitionis
885 985 1038 1037 nobis
1070 984 1305 1043 illuceat.
1338 983 1441 1035 nisi
1476 983 1641 1036 variis
1668 983 1802 1034 velis
1852 975 1938 1034 sa-

377 1081 487 1130 eris
514 1078 804 1145 anagogice
827 1077 1160 1139 obtectus,et
1179 1075 1566 1127 convenienter
1587 1082 1788 1125 naturae
1810 1089 1938 1126 uos-

383 1178 478 1220 tr;c
506 1168 683 1220 divina
715 1166 1048 1232 providentia
1082 1165 1393 1217 adornatus.
1428 1164 1547 1228 Quo
1580 1165 1633 1215 in
1699 1163 1809 1215 loct
1866 1161 1942 1213 ait

379 1259 598 1309 d.vinus
625 1255 890 1308 Maximus
924 1271 938 1307 :
974 1255 1100 1307 Sine
1125 1254 1264 1322 typis
1292 1263 1344 1307 et
1368 1253 1624 1321 symbolis
1666 1268 1770 1304 nou
1822 1267 1942 1318 pos-

384 1362 596 1408 sumus,
627 1346 754 1398 dum
789 1347 842 1397 in
871 1360 1093 1411 corpore
1121 1359 1327 1406 sumus,
1353 1343 1597 1409 aspicere
1629 1343 1939 1409 incorporea

379 1447 433 1486 et
455 1435 694 1486 materiae
722 1435 980 1500 expertia.
1005 1433 1134 1484 llinc
1159 1432 1500 1499 perspicitur,
1519 1431 1561 1482 si
1584 1446 1735 1481 mens
1761 1440 1939 1482 nostra

383 1540 489 1575 non
525 1530 698 1589 potest
729 1538 822 1589 per
852 1538 907 1574 se
940 1537 1004 1573 ue
1033 1523 1246 1588 angelos
1271 1523 1484 1589 quidem
1517 1519 1714 1571 imitari
1751 1511 1944 1574 ett-on-

382 1615 653 1680 lcmplari,
693 1629 787 1665 nec
809 1614 871 1664 al
909 1613 1005 1666 ista
1032 1613 1218 1674 adniti,
1259 1613 1357 1664 nisi
1390 1613 1701 1679 a-Jjumeu'o
1776 1620 1942 1663 mate-

383 1706 524 1754 riato
553 1713 605 1756 et
629 1704 729 1755 sub
748 1718 967 1755 sensum
989 1703 1212 1754 cadente
1227 1703 1327 1756 sibi
1352 1702 1690 1754 convenieuti
1727 1711 1906 1752 utatur
1927 1743 1941 1764 ,

383 1793 527 1845 nulla
553 1794 758 1845 ratione
801 1802 853 1844 et
881 1793 960 1844 via
989 1793 1097 1844 ﬁeri
1133 1807 1308 1856 posse,
1345 1801 1401 1843 ut
1431 1792 1830 1858 intelligentiam
1853 1790 1940 1842 Dei

2040 640 2134 676 nas
2157 641 2315 682 nunc.
2340 643 2526 680 cernes
2555 621 2729 678 autem
2757 643 2855 679 suo
2904 637 3160 694 tempore.
3191 630 3249 679 lit
3311 630 3604 684 Gregorius

2038 713 2314 782 Nyssenus
2351 733 2364 768 :
2400 716 2701 780 Quomolo.
2739 719 2929 785 inquit.
2953 721 3272 784 reperiatur.
3327 735 3484 783 quem
3532 720 3609 768 ui-

2040 806 2110 856 hil
2145 822 2330 859 eorum
2380 824 2498 873 quae
2555 819 2862 866 notescunt.
2913 810 3200 860 declarat?
3236 824 3338 859 non
3413 808 3606 863 forma.

1994 912 2146 958 ~non
2206 898 2376 959 color,
2435 915 2539 950 non
2599 899 3048 960 circumscriptio,
3099 915 3205 951 non
3257 900 3443 965 ﬁgura.
3506 912 3609 947 non

2040 990 2340 1054 quantitas.
2383 1004 2485 1039 non
2513 989 2765 1056 qualitas.
2805 1004 2908 1040 non
2943 990 3112 1050 locus,
3147 1005 3249 1041 non
3278 991 3609 1054 conjectura.

2042 1077 2473 1133 nousimilituulo.
2498 1093 2599 1128 non
2619 1078 2890 1145 proportio
2917 1097 2927 1140 ς
2952 1080 3078 1144 quin
3100 1082 3275 1143 potius
3295 1092 3508 1143 semper
3532 1087 3615 1127 0".

2041 1175 2190 1216 extra
2234 1180 2443 1216 omnem
2480 1165 2617 1216 viam
2659 1167 3173 1232 comprehendendi.
3208 1167 3348 1218 Idem
3395 1171 3612 1217 iturum.

2044 1249 2186 1311 Haec.
2222 1252 2416 1318 inquit,
2446 1261 2529 1305 est
2562 1253 2796 1306 notionis
2827 1254 2944 1319 ejus
2978 1255 3438 1319 maximepropria
3470 1263 3616 1308 nota.

2047 1351 2291 1394 naturam
2362 1343 2478 1410 ejus
2527 1357 2644 1394 esse
2679 1359 2840 1410 supra
2886 1359 3098 1396 omnem
3146 1355 3324 1395 notam
3381 1346 3620 1395 ηηιῐοηὶς

2043 1429 2473 1496 desigualricem.
2512 1431 2576 1483 Et
2605 1447 2849 1484 summus
2883 1433 3161 1498 theologus
3186 1433 3466 1501 Dionysius
3506 1437 3575 1494 (ci
3603 1451 3618 1484 :

2044 1519 2190 1570 illam
2246 1520 2412 1588 igitur
2464 1521 2699 1573 divinam
2792 1538 2949 1589 supra
3038 1529 3228 1590 qu:tm'
3263 1525 3619 1576 substantiam

2044 1611 2399 1677 quodcunque
2423 1622 2502 1664 est
2530 1613 2613 1663 illi
2643 1627 2807 1679 supra
2836 1629 2996 1679 quam
3051 1615 3281 1665 essentia
3334 1617 3620 1676 bonitatis,

2045 1715 2163 1766 que
2191 1717 2349 1766 supra
2391 1703 2815 1763 bonitatcmest,
2883 1719 3055 1770 neque
3123 1713 3378 1770 tan'juasn
3449 1707 3621 1755 ratio-

2051 1807 2167 1841 nem
2217 1780 2308 1845 aut
2343 1795 2631 1860 potentiam
2671 1810 2866 1861 neque.
2906 1804 3161 1860 tanquam
3214 1805 3470 1854 mentem,
3534 1804 3626 1847 aut

383 1885 504 1935 sine
535 1884 758 1935 materia
789 1892 841 1935 et
870 1897 1098 1950 corpore
1122 1891 1444 1950 assequatur
1474 1899 1487 1943 ;
1517 1881 1720 1933 ideirco
1745 1881 1950 1946 impos-
1980 1867 2017 1918 Β
2055 1883 2433 1945 substantiam.
2457 1895 2548 1936 aut
2570 1886 2729 1937 vitam
2788 1886 3044 1957 laudibus
3110 1886 3382 1939 celebrare
3409 1886 3488 1938 l'as
3521 1868 3623 1947 est,

385 1976 543 2029 sihile
569 1986 668 2030 est.
686 1991 778 2029 eos
803 1976 891 2043 qui
927 1977 1092 2027 vitam
1126 1976 1175 2026 in
1199 1987 1426 2042 corpore
1445 1973 1664 2041 degunt,
1689 1973 1807 2025 sine
1825 1988 1948 2026 cor-

381 2069 562 2133 poreis
577 2069 639 2120 ad
660 2069 1162 2135 contemplationem
1184 2066 1273 2119 Dei
1293 2065 1763 2130 ascenderuthto-J
1786 2066 1829 2117 si
1853 2079 1953 2117 nos

385 2175 484 2228 per
514 2160 674 2213 inane
705 2162 768 2213 ad
793 2175 851 2212 ea
881 2173 1172 2227 quzesupra
1200 2160 1453 2212 saeculum
1481 2167 1951 2225 sunt.evagantes,

386 2264 448 2304 ut
484 2253 704 2316 assolet,
728 2252 854 2320 quid
882 2253 1093 2306 tandem
1118 2253 1278 2305 etiam
1313 2260 1435 2304 ante
1479 2251 1576 2303 ista
1602 2259 1735 2308 erat.
1777 2251 1955 2302 inves-

391 2345 646 2410 tigeinus.
679 2360 854 2411 neque
886 2345 964 2398 sic
985 2344 1316 2396 abducemus
1347 2358 1444 2396 uos
1465 2343 1610 2395 abiis
1627 2358 1746 2410 qum
1762 2356 1954 2410 oorpo-

389 2452 478 2488 rea
505 2422 658 2498 ’suut,
681 2448 734 2489 et
761 2438 954 2490 anima:
989 2437 1163 2489 vicina
1195 2446 1247 2489 et
1279 2446 1530 2505 cognata.
1557 2451 1623 2502 qu
1646 2451 1674 2486 e
1730 2435 1947 2500 quidem

390 2527 656 2581 immensa
695 2529 902 2582 ratione
938 2529 1196 2582 inferiora
1228 2537 1354 2583 sunt
1384 2543 1545 2598 quam
1579 2528 1804 2596 spiritus
1835 2526 1952 2589 Dei,

389 2622 484 2690 qui
517 2636 676 2690 supra
702 2631 944 2676 naturam
976 2637 1187 2675 omnem
1237 2631 1339 2677 est.

949 2730 1177 2786 CAPUT
1236 2729 1304 2785 ν.

395 2846 549 2909 Quod
583 2854 925 2913 nequetotam
958 2855 1004 2897 et
1034 2847 1290 2912 integram
1317 2847 1378 2898 de
1427 2846 1534 2899 Deo
1579 2848 1947 2909 cogitationem

464 2917 650 2967 habere
680 2918 732 2968 in
748 2915 843 2966 hoc
881 2915 1072 2968 sarculo
1103 2932 1370 2980 possumus
1401 2957 1416 2978 ,
1443 2927 1535 2968 aut
1585 2935 1675 2983 per
1728 2934 1843 2970 eam
1897 2920 1960 2970 de

470 2984 576 3035 Deo
606 2985 754 3055 plene
775 2983 1128 3055 philosophari
1157 3026 1170 3047 ,
1202 3002 1360 3051 neque
1379 3002 1469 3053 per
1490 2986 1654 3039 aliam
1675 2988 1959 3055 quamlibet

470 3071 500 3104 α
527 3054 671 3106 nobis
705 3054 1050 3120 informatum
1086 3056 1370 3108 notionem.

2061 1975 2171 2037 ulli,
2202 1976 2292 2042 qui
2317 1976 2582 2034 veritatis.
2615 1991 2736 2044 quae
2763 1991 2924 2043 supra
2980 1991 3195 2030 omnem
3237 1977 3516 2028 veritatem
3543 1985 3628 2028 est

2058 2067 2123 2118 sit
2145 2067 2441 2127 studiosus,
2474 2069 2604 2134 quin
2629 2068 2735 2118 imo
2759 2067 2978 2120 laudare
3002 2082 3117 2120 eam
3138 2077 3346 2134 oportet
3373 2079 3627 2134 tauquam

2059 2159 2125 2210 ab
2159 2160 2303 2210 omni
2337 2159 2543 2222 habitu,
2593 2168 2762 2223 motu,
2790 2160 2916 2220 vita,
2948 2159 3356 2224 imaginatione.
3389 2160 3608 2224 Opinio-

2059 2261 2148 2305 ne.
2208 2249 2450 2308 nomine.
2507 2264 2777 2310 sermone.
2827 2250 3172 2317 cogitatione.
3235 2249 3624 2314 intelligentia.

2059 2338 2383 2399 substantia,
2439 2349 2602 2396 statu.
2663 2341 2998 2398 funilatione.
3079 2341 3304 2400 unione.
3369 2340 3494 2400 line.
3527 2341 3628 2391 im-

2062 2433 2366 2491 mensitate.
2398 2432 2628 2498 denique
2686 2436 2752 2485 ab
2782 2433 3037 2486 omnibus
3094 2447 3433 2500 quaacunque
3479 2441 3629 2494 sunt,

2065 2524 2332 2591 super-late
2419 2524 2791 2578 abstractam;
2864 2525 2998 2579 Hinc
3062 2524 3300 2578 efﬁcitur
3377 2525 3634 2577 manifes—

1979 2644 1981 2646 -
2062 2625 2198 2676 tum,
2228 2614 2367 2683 quod
2404 2629 2576 2682 neque
2604 2616 2821 2669 notione
2867 2617 3007 2684 typis
3056 2627 3111 2669 et
3159 2617 3484 2682 imaginibus
3542 2617 3630 2668 iu-

2065 2702 2310 2774 formata,
2337 2713 2426 2754 aut
2459 2706 2559 2756 alia
2605 2705 2845 2771 qualibet
2889 2705 3217 2772 cogitatione
3271 2705 3438 2756 Deum
3478 2719 3633 2756 coin-

2062 2795 2410 2859 prehendere,
2443 2803 2497 2845 et
2522 2795 2586 2846 de
2617 2810 2682 2848 eo
2708 2795 3074 2862 philosophari
3110 2809 3398 2861 possumus
3436 2813 3447 2856 ;
3503 2795 3633 2860 quin

2064 2886 2240 2951 potius
2265 2891 2413 2935 extra
2447 2883 2559 2935 hmc
2598 2882 2776 2935 omnia
2814 2890 2897 2934 est
2930 2881 3411 2949 ;quoniamomnis
3471 2882 3640 2947 phan-

2064 2976 2221 3035 tasia,
2253 2975 2300 3025 id
2331 2983 2433 3034 est.
2462 2972 3032 3043 cogitatio._triplicem
3086 2988 3241 3025 usum
3297 2973 3458 3023 hab-‘1
3493 2971 3574 3039 td)
3628 2989 3641 3025 :

2062 3081 2168 3119 uua
2193 3067 2384 3130 figurat
2415 3081 2474 3118 ea
2494 3082 2613 3132 quae
2633 3066 2880 3119 sensibus
2900 3065 3289 3134 percipiuntur.
3330 3064 3646 3131 imprimens

468 3163 1173 3233 Gregorius'l‘beologus.iu
1192 3164 1428 3218 secunda
1446 3165 1692 3219 oratione
1714 3166 1781 3221 de
1803 3168 2029 3244 tlteo-C
2064 3158 2338 3212 memorize
2387 3171 2721 3226 quaecunque
2766 3171 2831 3209 ex
2874 3156 3126 3209 sensibus
3176 3164 3450 3220 assumpta
3499 3163 3646 3213 sunt,

397 3257 558 3324 iogia:
585 3254 939 3318 Justiticatus.
976 3255 1168 3324 inquit.
1215 3263 1298 3331 est
1328 3271 1392 3309 ex
1422 3256 1526 3310 ﬁde
1549 3273 1777 3327 magnus
1797 3268 1964 3329 patri-

399 3349 562 3402 archa
592 3349 858 3401 Abraham
897 3367 910 3412 ;
935 3357 987 3402 et
1019 3347 1290 3403 saerilicat
1319 3349 1643 3402 sacriﬁcium
1685 3366 1881 3405 novum
1911 3363 1965 3406 et

401 3440 727 3503 inauditum,
748 3455 811 3492 ae
827 3440 968 3493 illius
989 3433 1163 3506 magni
1187 3442 1437 3494 sacrificii
1460 3442 1766 3510 imaginem.
1795 3445 1960 3496 Deum

403 3547 532 3585 vero
563 3547 668 3584 non
699 3540 756 3584 ut
779 3533 944 3585 Deum
977 3531 1132 3593 vidit.
1167 3530 1262 3584 sed
1329 3532 1378 3584 ei
1443 3541 1698 3599 tauquam
1757 3535 1965 3588 homini

401 3625 582 3675 cibum
611 3621 863 3689 apposuit
898 3628 992 3682 :et
1029 3621 1276 3672 laudatus
1308 3630 1412 3683 est,
1446 3624 1588 3689 quod
1623 3631 1836 3674 tantum
1873 3639 1966 3677 ve-

403 3717 703 3771 nerationis
729 3713 1000 3776 adhibuit,
1027 3723 1286 3781 quantum
1313 3714 1666 3782 intelligentia
1723 3729 1971 3788 compre-

404 3808 610 3863 hendit.
641 3804 837 3858 Ibidem
869 3819 988 3858 cum
1019 3801 1266 3858 delacob
1291 3804 1626 3857 meminisset
1661 3819 1674 3856 :
1707 3802 1770 3856 Et
1792 3804 1964 3858 lucta-

405 3912 493 3952 tur
523 3937 538 3960 ,
563 3898 759 3966 inquit,
796 3912 917 3950 cum
951 3895 1059 3950 Deo
1081 3905 1337 3964 tanquam
1367 3911 1488 3949 cum
1523 3896 1760 3956 homine,
1823 3913 1970 3966 qua:-

405 4009 618 4061 cunque
642 3995 741 4046 ista
784 4001 866 4045 est
922 3988 1012 4043 Dei
1067 4003 1188 4042 cum
1241 3987 1460 4040 homine
1509 3986 1668 4049 lucta.
1722 3985 1970 4042 fortassis

409 4087 659 4136 humana:
687 4082 898 4136 virtutis
917 4097 1036 4134 cum
1069 4080 1246 4132 divina
1284 4080 1638 4145 comparatio.
1673 4077 1885 4134 Rursus
1915 4083 1969 4134 in

407 4175 595 4233 eodem
631 4172 747 4224 loco
781 4188 794 4222 :
829 4171 1109 4234 Quomodo
1143 4169 1388 4222 Manoem
1418 4170 1655 4235 judicem
1717 4173 1884 4239 prius.
1919 4185 1972 4225 et

409 4267 622 4319 Petrum
661 4263 985 4330 discipulum
1023 4271 1230 4329 postea,
1263 4274 1369 4312 non
1412 4275 1472 4313 es
1527 4261 1795 4314 miratus?
1826 4262 1970 4315 illum

407 4362 650 4429 quidem,
684 4359 812 4426 quia
846 4371 942 4408 nec
972 4361 1249 4420 aspectum
1286 4351 1375 4404 Dei
1427 4362 1550 4422 typo
1618 4362 1670 4406 et
1738 4355 1969 4424 imagine

408 4448 684 4504 informari
713 4459 905 4514 passus
934 4452 1049 4505 est;
1089 4449 1229 4494 unde
1252 4442 1378 4494 illud
1411 4459 1424 4494 :
1467 4444 1746 4508 Periimus,
1779 4445 1975 4513 inquit,

2068 3266 2186 3320 quae
2211 3251 2448 3319 singulas
2476 3251 2736 3315 imagines
2764 3249 2970 3306 ordine.
3001 3257 3058 3299 ut
3094 3253 3162 3302 ita
3193 3248 3394 3305 dicam.
3456 3257 3509 3298 et
3559 3260 3643 3298 ar-

2075 3343 2288 3397 ticulate
2322 3343 2641 3410 disponitet
2689 3341 2975 3408 distinguit
3038 3358 3050 3403 ί
3103 3355 3265 3408 quam
3314 3347 3511 3392 VOCattl
3565 3353 3650 3391 sa-

2075 3451 2193 3486 nam
2235 3434 2598 3501 phantasiam,
2625 3440 2678 3485 et
2703 3446 2912 3499 magnre
2944 3441 3150 3481 natura:
3188 3429 3372 3481 factum
3402 3445 3416 3478 :
3481 3427 3647 3480 altera

2077 3525 2339 3592 imprimit
2366 3498 2593 3576 obscuia
2621 3523 2865 3588 qumdam
2900 3521 3140 3588 vestigia,
3199 3534 3319 3587 quze
3374 3532 3479 3570 non
3524 3519 3656 3571 sinit

2080 3618 2313 3684 cogitata
2345 3616 2455 3675 illa,
2475 3616 2579 3667 ulla
2606 3631 2666 3666 ex
2695 3623 2844 3682 parte
2873 3627 3119 3677 manere;
3140 3613 3230 3665 sed
3249 3609 3501 3663 confusas
3522 3610 3624 3660 ima
3643 3638 3656 3648 -

2079 3710 2252 3777 giues,
2283 3716 2337 3760 et
2367 3707 2522 3760 aliter
2550 3707 2655 3758 alio
2691 3713 2930 3772 tempore
2951 3711 3311 3756 eommutatas
3341 3699 3651 3768 promiscue

2078 3799 2286 3868 objicit,
2339 3807 2394 3850 et
2440 3797 2595 3865 prius
2649 3797 2759 3848 fere
2805 3809 2968 3863 quam
3021 3793 3351 3860 cogitatione
3382 3792 3500 3845 lieta
3525 3792 3652 3854 sint,

2079 3894 2144 3947 ab
2176 3892 2280 3944 illis
2309 3891 2440 3958 ipsis
2469 3889 2689 3948 excidit,
2721 3896 2773 3939 et
2798 3887 2944 3940 omni
2978 3886 3156 3938 fructu
3190 3895 3241 3938 et
3267 3887 3499 3936 utilitate
3562 3898 3655 3956 ca.-

2079 3993 2179 4047 ret,
2202 3984 2376 4053 qualis
2399 3993 2479 4036 est
2505 3981 2746 4033 inanium
2777 3981 3114 4034 somniorum
3153 3980 3203 4030 in
3227 3978 3408 4045 quiete
3454 3978 3664 4045 cogita-

2081 4077 2185 4135 tio,
2253 4085 2306 4126 et
2354 4087 2542 4126 eorum
2617 4086 2738 4138 qua:
2799 4080 3002 4124 temere
3061 4079 3111 4121 et
3168 4069 3393 4120 l'ortuito
3459 4070 3665 4136 cogita-

2081 4168 2229 4220 tione
2262 4165 2576 4232 finguntur;
2616 4164 2769 4214 tertia
2801 4169 2883 4214 est
2917 4163 2968 4213 in
2998 4162 3060 4214 iis
3094 4176 3212 4228 qum.
3239 4159 3444 4228 agenda
3514 4172 3659 4224 sunt,

2082 4260 2197 4312 sine
2233 4266 2374 4309 recta
2397 4255 2603 4308 ratione
2631 4254 3000 4322 pregrediens,
3038 4268 3142 4320 qua
3179 4253 3227 4304 id
3253 4252 3393 4320 quod
3428 4267 3534 4304 non
3557 4261 3660 4315 est,

2086 4361 2344 4419 tanquam
2375 4350 2466 4408 sit,
2496 4347 2766 4416 cogitatur
2801 4386 2815 4408 ,
2837 4361 2958 4413 qua:
3005 4345 3214 4397 laetatur
3248 4345 3448 4411 quibus
3467 4345 3660 4397 dolen—

2082 4443 2210 4495 dum
2245 4449 2380 4501 erat,
2409 4450 2461 4491 et
2488 4439 2632 4491 dolet
2659 4437 2856 4505 quibus
2887 4435 3175 4487 lietan'ium
3216 4452 3231 4499 ;
3269 4443 3320 4487 et
3377 4434 3520 4502 quod
3563 4419 3665 4487 sibi

363 4570 370 4579 -
408 4561 436 4594 ο
459 4557 614 4601 uxor.
639 4539 860 4592 vidimus
887 4535 1050 4594 Deum
1079 4533 1144 4596 ",
1171 4544 1423 4600 tanquam
1443 4549 1548 4585 nou
1577 4537 1785 4603 possint
1815 4538 1990 4590 homi-
2023 4533 2065 4590 Ι)
2094 4533 2442 4601 persuaserit,
2478 4545 2583 4583 non
2617 4528 2814 4598 poterit
2840 4530 2886 4582 ei
2921 4528 3224 4582 dissuaderi
3261 4542 3274 4591 ;
3306 4525 3524 4579 adamat
3561 4543 3660 4579 au-

404 4648 504 4687 nes
531 4631 816 4699 imaginem
863 4626 954 4679 Dei
1002 4626 1054 4679 in
1102 4640 1291 4678 sensus
1317 4626 1535 4678 netione
1563 4626 1788 4680 eﬂietam
1813 4639 1866 4681 et
1889 4629 1975 4682 in-

408 4728 691 4777 formatam
720 4733 932 4786 capere.
965 4719 1158 4769 nedum
1199 4730 1441 4768 naturam
1477 4716 1623 4783 ejus;
1658 4718 1801 4771 hunc
1824 4735 1975 4783 vero,

425 4816 551 4885 quia
575 4813 848 4866 Christqu
889 4822 1049 4876 quem
1081 4808 1356 4872 cernebat,
1396 4807 1447 4860 in
1510 4807 1810 4861 naviculam
1872 4826 1978 4862 non

405 4905 721 4975 recipiebat,
753 4911 806 4956 et
826 4901 897 4956 ob
939 4915 1056 4953 eam
1096 4913 1316 4953 causam
1351 4913 1472 4952 eum
1524 4901 1845 4955 dimittebat.
1897 4901 1964 4954 Et

408 5012 598 5052 rursus
628 4996 680 5048 in
702 4993 888 5047 eadem
920 4993 1198 5044 oratione:
1225 4989 1337 5043 Nec
1367 4990 1432 5043 de
1462 4991 1574 5056 ipsa
1594 5003 1839 5045 creatura
1860 5009 1983 5060 per-

406 5094 544 5145 lecta
563 5085 936 5157 perspicientia
964 5094 1068 5144 eat.
1085 5081 1349 5150 siquidem
1368 5082 1696 5135 credendum
1715 5094 1798 5138 est
1822 5084 1984 5152 hujus

405 5184 568 5238 etiam
595 5179 815 5234 umbras
861 5176 1034 5230 solum
1089 5185 1140 5226 te
1181 5174 1398 5235 habere.
1453 5187 1578 5226 cum
1609 5175 1797 5228 audias
1837 5194 1850 5230 :
1891 5176 1982 5229 Vi-

405 5277 534 5330 debo
561 5269 714 5324 cretae
756 5282 915 5336 opera
952 5264 1238 5332 digitorum
1269 5270 1477 5315 tuorum
1526 5264 1709 5316 tunam
1754 5276 1802 5318 et
1851 5268 1982 5319 atel-

481 5425 526 5458 “
583 5421 760 5477 Judic.
805 5434 928 5486 ιιιιν
946 5418 1036 5472 93.
1117 5416 1159 5448 ¹³
1193 5416 1336 5472 Psal.
1377 5428 1494 5480 vm,
1533 5417 1589 5469 4.

482 5587 562 5657 (α)
591 5588 649 5638 1η
673 5584 920 5657 oratione
946 5582 1012 5638 de
1050 5581 1397 5637 confessione
1431 5579 1578 5635 lldei.
1612 5581 1805 5651 (Σαμίη.
1858 5578 1970 5635 ϐω-

408 5654 554 5715 lestis
585 5654 917 5710 hiererrhim.

487 5732 560 5796 (ὁ)
606 5725 981 5793 Interpretatio
1018 5733 1102 5781 est
1126 5727 1416 5780 verborum
1473 5738 1593 5794 qum
1647 5731 1973 5791 sequuntur:

410 5802 543 5867 Quae
574 5809 631 5853 tu
669 5796 931 5852 fundasti.

2086 4637 2190 4680 tem
2219 4624 2633 4691 etamplectitur
2659 4635 2778 4690 qua:
2813 4621 3144 4688 cogitatione
3177 4619 3441 4686 depingit.
3475 4634 3573 4672 ceu
3594 4620 3669 4672 le-

2084 4732 2176 4785 ges
2203 4718 2462 4783 quasdam
2495 4712 2756 4766 divinitus
2811 4713 2910 4765 sibi
2959 4711 3298 4772 informatas,
3367 4709 3670 4762 contendit-

2087 4823 2211 4874 que,
2236 4816 2433 4875 utqua:
2454 4805 2750 4858 elatissima
2785 4812 2838 4857 et
2862 4813 2985 4855 ante
3025 4801 3214 4854 oculos
3249 4801 3422 4869 posita
3445 4811 3588 4858 sunt.
3625 4799 3670 4852 si

2091 4901 2201 4953 ﬁeri
2236 4899 2423 4967 possit,
2453 4899 2516 4950 ad
2543 4913 2783 4950 errorem
2819 4911 2977 4950 suum
3008 4905 3300 4962 pervertat.
3336 4893 3392 4946 lu
3478 4893 3670 4959 hujus-

2091 4990 2234 5041 modi
2260 4990 2635 5057 cogitationem
2662 4991 2755 5056 qui
2809 4989 3072 5048 incidunt,
3133 4987 3462 5041 insanabiles
3499 4986 3655 5047 ﬁunt;

2093 5083 2184 5152 qui
2214 5087 2256 5135 si
2293 5093 2537 5152 potentes
2558 5084 2690 5147 sint,
2717 5085 2768 5136 in
2804 5083 3094 5150 perniciem
3129 5081 3410 5135 civitatum
3489 5082 3668 5133 immi-

2097 5183 2225 5228 nent
2256 5190 2270 5238 ;
2308 5175 2352 5228 si
2385 5175 2606 5235 infirmi,
2634 5185 2688 5228 et
2717 5191 2821 5227 non
2847 5175 3088 5228 valentes
3109 5174 3306 5242 opibus
3338 5215 3351 5235 ,
3411 5189 3516 5225 non
3569 5174 3638 5226 de

2089 5267 2301 5330 sistent,
2323 5267 2452 5336 quin
2479 5276 2740 5335 quantum
2773 5269 2824 5319 in
2855 5282 2914 5322 se
2950 5268 3073 5331 erit,
3107 5281 3202 5319 eas
3219 5267 3465 5334 perdant.
3490 5264 3564 5319 De
3588 5267 3674 5320 his

2154 5581 2223 5646 (ε)
2251 5578 2387 5646 Cap.
2425 5578 2472 5629 l.
2505 5578 2568 5632 de
2585 5579 2752 5633 divin.
2786 5597 2924 5649 nom.

2157 5654 2235 5720 (Δ)
2269 5649 2394 5720 Ηφο
2423 5650 2490 5703 de
2518 5651 2714 5718 triplici
2753 5653 3038 5716 phantasia
3071 5668 3134 5706 ex
3176 5654 3305 5709 Sch.
3335 5654 3395 5709 S.
3447 5653 3667 5708 Maximi

2087 5736 2140 5794 tu
2168 5719 2207 5772 'c
2241 5722 2288 5772 l.
2320 5719 2558 5794 Dionysii
2609 5723 2676 5794 {1e
2706 5721 2900 5775 diuinis
2957 5728 3282 5790 nominibus,
3329 5727 3419 5780 sed
3486 5727 3645 5794 copit)

2095 5793 2233 5855 sius,
2266 5799 2317 5844 α
2348 5791 2691 5859 explanatius
2752 5794 2857 5844 hic.
