4416 6448
821 408 930 473 767

1978 420 2299 479 JOANNIS
2340 424 2605 482 CYPA'RI
2619 424 2782 483 SSIO
2796 425 2915 497 1’18,

3950 401 4056 489 iss

826 524 1037 577 duabus
1054 523 1464 591 cositationibus
1481 529 1544 579 ad
1574 530 1919 597 cogitandum
1952 535 2018 587 de
2041 533 2148 587 Deo
2172 549 2237 586 ne
2286 550 2395 588 me-
2428 540 2469 594 A
2502 539 2613 603 psis
2643 537 2839 589 habent
2864 537 3126 605 principia
3171 538 3484 591 notitiarum
3544 536 3991 589 dctitOItstI‘abiiin
4038 543 4052 577 τ

825 615 1049 667 minisse
1077 616 1292 681 quidem
1328 627 1536 684 oportet
1582 622 1763 681 ;illam
1820 632 2002 674 autem
2049 625 2278 691 primam
2334 640 2393 677 a-

818 702 982 769 lioqui
1014 704 1355 768 laudabilem,
1405 707 1822 762 existimandum
1867 721 1950 764 est
2009 712 2177 779 ipsam
2230 714 2393 767 etiam

819 801 928 843 tam
963 792 1120 859 longe
1153 797 1344 847 abesse
1374 806 1431 848 ut
1460 812 1555 863 par
1579 799 1649 850 sit
1674 799 2163 855 adinl’ormandum
2214 806 2393 857 notio-

817 897 937 934 nem
962 882 1073 946 l)ei,
1096 894 1152 937 ut
1180 900 1391 955 propter
1410 889 1674 942 inﬁnitam
1692 892 2001 945 distantiam
2021 895 2252 950 conferri
2271 912 2392 952 cum

820 988 881 1025 ea
909 991 1014 1028 non
1067 979 1260 1046 possit.

1388 1139 1616 1193 CAPUT
1675 1140 1765 1195 Vl.

819 1266 971 1329 Quod
1009 1266 1141 1347 Deus
1195 1286 1352 1335 neque
1416 1288 1478 1323 ea:
1529 1279 1988 1347 reitijmsentalionc
2014 1279 2090 1341 (1)
2158 1286 2393 1344 naturali

888 1346 1253 1421 cognoscitur,-
1301 1356 1391 1391 nec
1416 1352 1491 1393 est
1518 1346 1802 1421 quidquam
1848 1363 1912 1421 ea:
1951 1350 2389 1421 intelligentibus,

887 1418 976 1524 illul
1006 1407 1300 1524 ureti-emis,
1331 1426 1386 1461 ut
1416 1407 1786 1467 exsubstantia
1809 1418 1921 1485 ejus
1941 1407 2164 1472 liceatd'e
2180 1437 2238 1473 eo
2279 1407 2394 1489 phil

916 1492 1039 1524 1:301)
1060 1493 1181 1524 ΙΠΠ-

916 1492 1181 1542 “sap/tari.

892 1611 1114 1666 Dii-inus
1143 1615 1409 1668 Maximus
1443 1619 1618 1685 primo
1646 1622 1822 1687 capite
1857 1638 1918 1675 ex
1950 1625 2265 1693 theologicis
2286 1628 2387 1696 (a).

821 1700 995 1763 Unus,
1029 1704 1402 1772 inquit,Deus,
1433 1711 1548 1762 sine
1568 1714 1848 1778 principio,
1877 1716 2392 1794 incomprehensibi-

2498 634 2552 678 at
2576 626 2716 679 Deus
2748 641 2852 678 non
2879 628 3129 693 cognitus
3163 628 3492 689 nominatur,
3522 626 3649 693 quin
3701 628 3875 690 potius
3900 626 4056 678 exiis

2498 725 2703 769 tantum
2733 730 2851 785 quae
2883 717 3235 784 intelligentia
3262 717 3649 784 percipiuntur,
3672 716 3913 767 creditur
3965 730 4054 767 θε-

2496 822 2553 860 se
2577 825 2590 871 ;
2617 809 2969 876 quamobrem
2985 807 3317 859 nihileorum
3344 822 3462 873 que
3512 806 3901 872 intelliguntur,
3933 820 4056 857 cum

2496 915 2562 953 eo
2593 914 2917 967 quacunque
2940 914 3000 953 ex
3028 911 3179 967 parte
3209 898 3518 952 confertur.
3551 898 3693 948 Idem
3723 900 3914 947 iterum
3971 911 4058 948 se-

2495 992 2669 1047 cundo
2700 992 2891 1056 capite.
2919 991 3166 1043 secunda:
3187 991 3438 1043 centuriae
3460 1008 3473 1041 :
3493 987 3680 1043 Omnis
3713 988 4057 1053 intelligi-otia

2495 1094 2581 1137 est
2631 1082 3075 1149 intelligentium,
3128 1090 3180 1133 et
3227 1095 3414 1132 eorum
3465 1094 3583 1146 qua!
3640 1079 4055 1145 intelliguntur;

2494 1173 2635 1226 Deus
2657 1183 2833 1226 autem
2870 1186 2967 1224 nec
2995 1186 3135 1225 unus
3160 1170 3571 1236 intelligentium
3592 1178 3695 1233 est,
3724 1184 3822 1221 nec
3855 1168 4057 1235 aliquid

2493 1281 2679 1319 eorum
2703 1279 2821 1332 qua:
2853 1262 3227 1328 intelliguntur
3259 1277 3273 1322 ;
3307 1266 3387 1325 est
3420 1260 3573 1310 enim
3612 1274 3774 1326 supra
3823 1259 3956 1309 ista:
3981 1260 4059 1310 si-

2493 1357 2708 1425 quidem
2735 1358 3200 1412 circumscribitur
3219 1362 3307 1429 qui
3346 1363 3611 1429 intelligit,
3672 1372 3925 1429 tanquam
3975 1362 4062 1413 in-

2499 1453 2690 1519 digens
2723 1452 3040 1503 habitudine
3072 1452 3148 1504 rei
3185 1468 3347 1516 quam
3384 1453 3628 1519 intelligit
3666 1473 3678 1515 ;
3710 1464 3795 1505 aut
3835 1465 4064 1505 natura-

2495 1537 2615 1589 liter
2641 1537 2927 1601 subjicitur
2957 1538 3295 1606 intelligenti,
3324 1541 3413 1607 qui
3447 1550 3664 1608 propter
3694 1543 4059 1592 habitudinem

2496 1630 2831 1693 intelligitur.
2854 1629 3198 1694 Relinquitur
3218 1630 3379 1695 igitur
3400 1640 3450 1683 ul
3479 1632 3869 1687 existimemus.
3894 1630 4062 1683 Deum

2497 1722 2930 1787 neciutelliget'e,
2970 1735 3065 1773 nec
3109 1720 3352 1790 intelligi,
3378 1723 3468 1773 sed
3498 1721 3674 1787 potius
3700 1737 3860 1788 supra
3898 1737 4063 1788 quam

821 1794 911 1853 lis,
943 1804 1111 1847 totam
1148 1798 1277 1855 vim.
1312 1810 1369 1850 ιιι
1396 1802 1491 1862 sit,
1517 1802 1723 1855 habens
1754 1820 1845 1869 per
1876 1817 2068 1869 totum,
2106 1809 2383 1862 notionem
2420 1848 2465 1907 B
2497 1810 2645 1867 intell,
2675 1826 2819 1879 gere,
2871 1822 2926 1864 et
2968 1825 3129 1877 supra
3164 1827 3322 1878 quam
3371 1812 3614 1880 intelligi.
3677 1812 3738 1864 Et
3784 1812 4063 1878 ιιιυοιοείιη

824 1886 1225 1907 ψωλμιλη
1470 1892 1503 1907 ,Α
1698 1899 1729 1907 __
1987 1900 2018 1907 __
2560 1902 2569 1907 .
2673 1903 2764 1907 __
2926 1900 2980 1907 -.
3130 1902 3140 1907 -
3263 1904 3314 1907 _,
3391 1900 3440 1907 η.
3641 1903 3651 1907 -
3744 1902 3799 1907 ψ.
3866 1901 3878 1907 -
4004 1902 4014 1907 -

819 1886 1039 1950 quando
1062 1898 1106 1939 et
1135 1896 1409 1956 quomodo
1440 1892 1529 1955 sit,
1587 1899 1802 1959 penitus
1859 1900 2144 1966 repellens,
2205 1911 2394 1967 utpote

820 1978 953 2028 nulli
982 1993 1165 2029 coru-n
1200 1982 1290 2048 qui
1316 1994 1465 2045 Sttni,
1505 2001 1569 2038 ex
1634 1993 2110 2053 t‘eprrsentatioue
2160 1993 2393 2046 naturali

820 2072 1092 2135 cognitus.
1159 2073 1217 2126 Et
1246 2091 1436 2129 rursus
1496 2076 1636 2130 idem
1664 2081 1777 2146 (b):
1816 2081 2025 2139 Omnis.
2054 2085 2249 2152 inquit,
2309 2088 2391 2139 in-

822 2167 1110 2229 telligentia
1147 2168 1286 2221 sicut
1315 2172 1366 2221 in
1401 2172 1702 2228 substantia
1770 2179 1994 2231 omnino
2051 2181 2397 2247 ponitur,'ut

821 2259 1054 2320 qualitas
1079 2278 1090 2321 ;
1119 2260 1195 2313 sic
1211 2262 1372 2314 etiam
1399 2263 1540 2316 circa
1561 2267 1922 2321 substantiam
1945 2272 2209 2338 qualitate
2234 2271 2395 2325 affec-

824 2360 930 2401 tant
968 2344 1127 2403 habet
1168 2356 1458 2408 motionem
1499 2372 1643 2410 :non
1674 2360 1817 2412 enim
1853 2362 2051 2429 aliquid
2084 2379 2149 2415 ex
2178 2372 2289 2418 toto
2309 2380 2396 2417 so-

824 2438 991 2491 lntmn
1011 2448 1060 2492 et
1089 2442 1245 2508 s'mpl
1270 2460 1312 2494 ιιι
1336 2459 1430 2512 ρει·
1448 2461 1505 2500 se
1525 2448 1792 2502 exsistens
1820 2460 1990 2517 potest
2010 2455 2179 2523 ipsam
2204 2453 2401 2506 intelli-

823 2534 1056 2595 ρσιιιιὶτιιη
1091 2536 1387 2601 suscipere,
1417 2539 1539 2602 quia
1574 2556 1679 2593 non
1715 2552 1797 2595 est
1831 2544 2003 2597 Solnta
2033 2554 2083 2596 ct
2107 2546 2335 2611 simplex
2377 2562 2391 2599 :

828 2624 968 2678 Dus
996 2638 1173 2677 autem
1207 2642 1327 2679 cum
1365 2629 1415 2681 in
1449 2639 1678 2700 utroque
1701 2633 1893 2687 horum
1920 2637 2143 2689 omnino
2168 2638 2399 2705 simplex

824 2719 920 2778 sit,
948 2720 1315 2771 ctsnbstantia
1332 2723 1535 2775 scilicet
1566 2726 1742 2778 Soluta
1772 2728 1838 2780 ab
1854 2743 1917 2779 eo
1932 2730 2073 2796 quod
2099 2741 2181 2783 est
2201 2732 2253 2784 in
2271 2730 2403 2784 sub-

823 2810 988 2876 jecto,
1014 2813 1431 2880 ctintelligentia
1452 2830 1557 2869 non
1590 2817 1793 2871 habens
1823 2822 1989 2875 ullum
2038 2824 2400 2889 prorsussub-

826 2901 1049 2969 jw-tusn,
1080 2903 1329 2965 emi-it'tr,
1360 2919 1415 2960 ιιι
1445 2924 1619 2977 neque
1648 2913 1717 2965 sit
1749 2928 1812 2965 cx
1843 2913 1915 2965 iis
1947 2914 2036 2979 qui
2071 2915 2401 2982 intelligunt,

831 3008 1011 3059 neque
1041 3011 1160 3061 qum
1195 2998 1592 3067 intelliguntur,
1623 3004 1824 3071 quippe
1850 3005 1936 3072 qui
1960 3021 2120 3073 supra
2141 3006 2400 3059 substan-

832 3086 959 3138 tiam
994 3098 1041 3139 et
1078 3088 1491 3158 intelligentiam
1521 3092 1613 3145 sit.
1648 3094 1837 3148 Adhuc
1887 3096 2024 3165 idem
2057 3112 2174 3165 cap.
2216 3097 2265 3149 ll
2297 3096 2405 3164 pti-

835 3194 935 3228 tnze
963 3181 1221 3235 centuria:
1256 3200 1269 3235 :
1301 3181 1406 3236 Res
1438 3184 1512 3252 (2)
1539 3201 1750 3249 omnes,
1784 3203 2121 3257 quaecunque
2142 3198 2287 3254 sunt,
2323 3190 2406 3243 in-

832 3271 1131 3342 telligentia
1160 3275 1312 3336 prius
1338 3287 1622 3345 perceptas
1648 3280 2018 3346 nominamus,
2058 3296 2177 3346 quae
2213 3281 2264 3333 in
2295 3281 2403 3334 sei-

2494 1902 2895 1954 scienlissimus
2926 1900 3212 1971 Dionysius
3253 1904 3323 1970 (ε)
3350 1918 3363 1954 :
3388 1900 3539 1955 Sicut
3567 1903 3709 1954 enim
3733 1902 3830 1973 (3),
3866 1901 4066 1970 inquit,

2496 2013 2557 2049 ea
2584 2013 2701 2064 quae
2730 1998 2829 2051 sub
2867 1997 3268 2066 intelligentiam
3302 1998 3523 2056 cadunt,
3559 2011 3650 2063 per
3701 2012 3759 2048 ea
3795 2010 3912 2062 qum
3968 1993 4070 2045 sub

2497 2102 2740 2149 sensum,
2766 2088 3121 2155 intelligentia
3148 2090 3606 2156 comprehendere
3636 2095 3691 2140 et
3715 2084 4070 2152 comtetnpla-

2501 2181 2543 2232 ri
2580 2196 2686 2232 non
2718 2195 3032 2249 possumus,
3061 2196 3235 2247 neque
3269 2196 3360 2243 per
3389 2194 3451 2233 ea
3483 2193 3603 2246 qua:
3629 2178 3769 2247 typis
3790 2183 3845 2229 et
3891 2175 4067 2242 signis

2500 2272 2883 2334 informantur,
2912 2287 2973 2323 ea
3003 2286 3118 2338 qua:
3142 2266 3408 2337 simplicia
3434 2278 3581 2329 sunt,
3611 2277 3664 2321 ct
3702 2266 3841 2337 typis
3874 2264 4072 2317 [101ιεί-

2501 2371 2759 2432 gnantur,
2795 2378 2968 2430 nequc
2996 2378 3088 2430 per
3128 2363 3321 2429 liguras
3345 2375 3656 2429 corporum,
3723 2359 4067 2425 incorporea,

2501 2470 2621 2523 mne
2656 2470 2828 2523 neque
2859 2468 3076 2507 sensum
3109 2460 3286 2505 tactus
3316 2452 3518 2511 subire.
3548 2463 3719 2517 neque
3745 2449 3970 2517 figuram
4019 2454 4076 2497 et

2504 2544 2733 2599 formam
2756 2561 2949 2613 capere
2990 2553 3217 2613 possunt
3252 2562 3264 2607 ;
3293 2543 3372 2596 sic
3399 2541 3586 2597 eadem
3626 2539 3839 2593 ratione
3869 2536 4073 2615 verita:

2506 2638 2574 2690 tis
2605 2652 2765 2705 supra
2803 2636 3136 2689 substantias
3169 2642 3257 2689 est
3289 2634 3378 2686 illa
3412 2649 3573 2698 supra
3606 2628 3965 2683 substantiam
3993 2627 4079 2678 in-

2504 2728 2683 2780 ﬁnitas
2721 2744 2733 2789 ;
2768 2736 2819 2777 et
2849 2740 3012 2790 supra
3039 2733 3244 2777 mentes
3280 2723 3367 2776 illa
3402 2738 3563 2790 supra
3594 2728 3829 2773 mentem
3892 2721 4078 2772 unitas

2505 2830 2560 2873 ct
2580 2821 2833 2873 omnibus
2858 2817 3364 2873 ratiocinationibus
3382 2814 3731 2868 inscrntabile
3754 2813 3882 2867 illud
3911 2826 4078 2877 supra

2504 2913 2976 2968 ratiocinationem
3010 2925 3175 2963 unum
3208 2928 3221 2974 ;
3253 2907 3399 2961 omni
3429 2907 3592 2960 verbo
3641 2906 3915 2959 iueﬂ'abile
3943 2902 4081 2956 illud

2506 3018 2667 3072 Supra
2700 3002 2945 3066 verbum,
2976 3001 3201 3064 bonum,
3224 3000 3421 3053 ‘unitas
3451 2997 3689 3051 eil'ectrix
3720 2997 3796 3061 (4)
3855 2994 4080 3049 univer-

2508 3110 2580 3149 sa:
2612 3093 2835 3147 unitatis
2875 3112 2887 3159 ;
2923 3101 2975 3145 et
3005 3092 3307 3146 substantia
3339 3106 3501 3159 supra
3535 3088 3900 3142 substantiam
3942 3127 3956 3151 ,
3986 3101 4083 3139 va-

2511 3201 2641 3240 cans
2662 3185 2869 3238 ratione
2898 3183 3001 3253 (5),
3026 3182 3397 3251 intelligentia,
3418 3183 3639 3235 nomine
3665 3199 3677 3245 ;
3705 3189 3758 3234 et
3780 3190 3939 3233 mens
3974 3193 4085 3232 non

2514 3276 2718 3333 cadens
2749 3274 2851 3330 sub
2880 3274 3311 3344 intelligentiam,
3344 3273 3483 3328 ratio
3509 3287 3614 3326 non
3642 3270 3897 3335 eﬂ'abilis,
3956 3270 4089 3339 quia

2302 3394 2581 3457 Schoba.

910 3504 977 3564 ll)
1016 3501 1430 3568 Repi-rrsentatio
1460 3509 1724 3561 naturalis
1745 3508 1796 3560 in
1819 3519 1997 3561 mente
2023 3507 2136 3559 sive
2161 3508 2408 3562 intellec-
2440 3502 2482 3560 C
2517 3509 2986 3576 circumscriptus,
3033 3482 3125 3563 sed
3175 3506 3442 3563 inﬁnitate
3474 3520 3572 3559 sua
3609 3504 3677 3557 ab
3714 3503 3972 3576 omnibus
3999 3518 4091 3559 so-

837 3584 892 3627 tu
927 3583 1010 3645 est
1042 3591 1157 3641 qua!
1184 3587 1364 3627 ortum
1395 3587 1449 3629 et
1486 3580 1810 3644 principium
1860 3579 2005 3632 duci!
2031 3595 2095 3631 ex
2151 3581 2412 3645 phantas—

838 3644 1075 3715 ntatihus
1103 3645 1544 3700 reisnbsensum
1608 3649 1873 3707 cadentis.
1927 3665 2049 3701 cum
2108 3644 2213 3715 qua
2270 3646 2412 3697 Deus

838 3714 986 3766 nul’o
1007 3715 1165 3765 modo
1181 3727 1356 3781 potest
1370 3720 1696 3783 comparari,
1720 3727 1779 3771 ut
1795 3719 2101 3772 intellectus
2119 3714 2413 3770 conversus

839 3788 903 3838 ad
940 3785 1316 3848 phantasmata
1344 3791 1512 3852 possit
1537 3790 1898 3856 aliquotnodn
1936 3790 2101 3841 Deum
2122 3800 2417 3852 cognosce-

839 3870 917 3915 re,
940 3858 1078 3926 sicut
1112 3867 1284 3921 potest
1312 3860 1447 3913 alias
1471 3859 1806 3912 substantias
1830 3858 2028 3926 alioqui
2047 3860 2412 3925 incorporeas.

902 3927 977 3997 (21
1015 3923 1205 3978 Omnia
1247 3945 1364 3993 qua:
1414 3930 1801 3997 intelliguntur,
1851 3923 2051 3982 habent
2078 3929 2131 3981 itt
2179 3923 2238 3979 se
2266 3940 2415 3992 prin-

840 3996 1045 4058 cipinm
1078 3999 1428 4063 cognitionis,
1455 3996 1599 4067 quia
1634 3998 1717 4052 vel
1776 4006 1901 4050 sunt
1925 3997 1979 4050 in
2041 3997 2415 4055 sensibilibus,

841 4076 1231 4137 quorumAsuttt
1260 4070 1660 4137 phantasmata,
1708 4067 1969 4134 aquibus
2027 4068 2421 4137 abstrahuntnr

842 4138 1051 4207 species
1086 4135 1474 4206 intelligibiles,
1500 4140 1700 4207 quibus
1732 4138 2041 4193 intellectus
2090 4136 2420 4207 iniormatus

843 4206 1125 4277 intelligit;
1152 4219 1388 4263 antsunt
1412 4206 1754 4277 incorporea,
1784 4222 1906 4275 qua:
1932 4208 1983 4260 in
2012 4224 2068 4261 se
2084 4206 2293 4277 habent
2312 4220 2421 4258 un-

843 4276 910 4326 de
933 4289 1313 4337 comparentur
1332 4294 1454 4333 cum
1489 4275 1863 4338 sensibilibus,
1892 4279 1956 4329 ad
1988 4292 2219 4346 quorum
2246 4275 2418 4343 phan-

844 4354 1098 4407 tasmata,
1132 4362 1252 4415 qure
1273 4360 1400 4402 sunt
1433 4349 1696 4417 imagines
1720 4358 1770 4400 et
1800 4346 2182 4399 similitudines
2207 4359 2418 4407 eorum,

844 4418 909 4468 ad
940 4418 1153 4470 animos
1182 4420 1581 4484 pervenientes,
1609 4434 1666 4471 se
1694 4418 1963 4471 cont'ertit
1994 4417 2327 4478 intellectus.
2363 4424 2424 4469 ut

846 4488 1050 4553 aliquid
1083 4487 1147 4537 de
1176 4489 1511 4554 incorporeis
1545 4488 1829 4552 intelligat.
1854 4488 1993 4540 Sunt
2023 4496 2201 4539 autem
2229 4485 2430 4539 similia

845 4565 900 4608 tn
928 4557 1061 4610 lines
1094 4559 1352 4627 principia
1384 4557 1650 4613 sentiendi
1674 4557 1745 4611 eti
1772 4556 2104 4623 ntelligendi,
2128 4566 2187 4609 ut
2213 4557 2427 4609 aitsan-

845 4640 965 4680 efus
988 4627 1225 4682 Thomas
1258 4645 1307 4695 p.
1345 4646 1436 4698 tq.
1473 4630 1566 4691 84,
1592 4638 1693 4680 art.
1718 4629 1935 4682 '5.Deus
1970 4636 2151 4681 autem
2184 4640 2290 4679 non
2334 4640 2429 4693 po-

848 4706 951 4749 test
978 4699 1055 4749 sic
1083 4715 1205 4752 cum
1243 4712 1490 4753 creatura
1528 4700 1770 4752 sensibili
1803 4698 2133 4765 comparari.
2156 4698 2297 4748 unde
2321 4711 2425 4747 non

846 4769 925 4821 sic
948 4768 1287 4889 intelliglitor.
1322 4771 1414 4823 sed
1442 4779 1699 4835 tanquam
1734 4783 1895 4822 causa
1927 4778 1980 4821 et
2002 4782 2096 4834 per
2122 4780 2404 4819 excessum

846 4849 907 4889 ut
941 4839 1015 4889 ait
1046 4838 1101 4889 S.
1125 4874 1138 4886 .
1190 4841 1337 4889 ltum.
1367 4841 1485 4889 ead.
1522 4854 1577 4889 ιι.
1608 4838 1698 4889 84.
1739 4848 1843 4889 art.
1885 4840 1934 4889 7.

846 4849 907 4891 ut
941 4839 1015 4890 ait
1046 4838 1101 4892 S.
1125 4838 1337 4890 .Thom.
1367 4841 1485 4893 ead.
1522 4854 1577 4903 q.
1608 4838 1698 4900 84,
1739 4848 1843 4891 art.
1885 4840 1934 4891 7.

919 4908 995 4975 (5)
1025 4907 1178 4961 Sicut
1205 4910 1363 4963 enim.
1401 4910 1567 4963 Docet
1597 4908 1684 4961 hic
1700 4908 1977 4975 quomodo
2009 4904 2153 4961 Deus
2181 4916 2284 4958 non
2300 4920 2426 4973 pos-

849 4980 919 5032 sit
948 4980 1297 5043 intelligentia
1329 4980 1721 5047 comprehendi
1754 4998 1766 5043 ;
1802 4980 2001 5030 etenim
2026 4978 2070 5030 si
2104 4977 2426 5047 quaeinror-

851 5064 1026 5117 porcae
1056 5051 1376 5103 substantiae
1399 5046 1548 5113 sunt,
1580 5059 1633 5103 et
1656 5049 1950 5118 simplices.
1981 5058 2032 5099 et
2081 5046 2424 5118 intellectiles

850 5130 902 5173 et
953 5122 1138 5178 unita},
1194 5136 1299 5173 non
1349 5120 1522 5173 solum
1577 5136 1681 5173 non
1746 5116 2117 5188 subjiciuntur
2150 5116 2422 5188 sensibus,

854 5201 910 5243 ot
956 5192 1129 5257 angeli
1161 5203 1213 5243 et
1244 5191 1475 5249 animae.
1516 5199 1573 5244 ut
1601 5205 1696 5257 per
1736 5204 1830 5244 ens
1852 5186 2121 5255 cognosci
2165 5186 2417 5253 possint,

850 5261 943 5315 sed
982 5256 1158 5329 neque
1203 5276 1296 5328 per
1321 5261 1540 5313 Sensilia
1570 5256 1692 5328 qure
1730 5259 2005 5313 inlerioris
2030 5256 2237 5309 ordinis
2269 5264 2420 5317 sunt,

853 5332 1162 5395 cognitione
1189 5348 1281 5385 cas
1313 5332 1797 5397 comprehendere,
1856 5344 1953 5380 nec
2000 5341 2188 5380 earum
2232 5342 2423 5379 essen-

853 5404 982 5453 tiam
1038 5414 1287 5469 spectare
1342 5417 1673 5467 possumus;
1722 5407 1933 5469 quanto
1988 5398 2158 5463 magis
2208 5397 2425 5469 excellit

855 5472 997 5525 Deus
1034 5465 1226 5525 sensus
1253 5482 1305 5525 et
1335 5465 1579 5536 sensilia,
1609 5470 1703 5539 qui
1727 5465 1833 5524 non
1870 5478 1947 5521 est
1977 5466 2301 5539 substantia,
2335 5465 2427 5519 sed

853 5558 1015 5608 supra
1044 5544 1427 5603 substantiam;
1468 5538 1639 5609 neque
1662 5542 1911 5608 simplex,
1943 5538 2040 5593 sed
2070 5552 2232 5609 supra
2260 5551 2420 5603 quam

855 5617 1119 5678 simplex;
1162 5630 1338 5681 neque
1375 5608 1707 5673 intellectus,
1743 5610 1836 5663 sed
1868 5623 2029 5678 supra
2067 5608 2420 5681 intellccuun;

857 5677 977 5736 ιιυίί
998 5686 1201 5745 unitas,
1248 5677 1344 5738 sed
1375 5698 1545 5753 supra
1578 5681 1882 5747 unitatem;
1916 5677 2014 5736 nec
2047 5678 2158 5734 ullo
2191 5677 2423 5733 termino

931 5808 1007 5869 (a)
1038 5804 1292 5854 (lenturia
1326 5817 1340 5854 ι
1376 5814 1497 5868 cap.
1528 5798 1580 5851 l.

933 5877 1008 5947 (ὁ)
1042 5875 1298 5932 Crutut'ia
1331 5874 1383 5939 l,
1414 5887 1531 5939 cap.
1557 5872 1608 5929 '5.

2516 3578 2661 3634 lutus
2690 3597 2703 3632 :
2730 3579 2824 3647 qui
2843 3573 2913 3631 tut
2942 3580 2994 3631 in
3027 3594 3086 3631 se
3108 3586 3211 3631 est.
3241 3592 3416 3643 neque
3449 3576 3662 3647 ratione
3688 3573 3964 3647 vestigari,
3992 3590 4093 3647 nec

2516 3641 2763 3717 intelligi,
2797 3663 2973 3717 neque
3005 3648 3274 3717 nominari
3312 3641 3507 3713 potest.
3544 3643 3686 3717 (Cum
3723 3641 3887 3717 igitur
3931 3645 4093 3717 audis

2517 3718 2570 3774 in
2603 3711 2899 3786 Scriptura
2918 3716 3147 3770 formam
3181 3711 3379 3786 Dei,et
3411 3713 3645 3786 speciem
3675 3721 3727 3764 et
3760 3711 3979 3776 faciem,
4009 3715 4097 3768 in-

2518 3791 2700 3857 tellige
2728 3783 2829 3861 per
2856 3801 3173 3861 anagogen.
3224 3785 3278 3838 id
3339 3794 3442 3843 est.
3499 3783 3710 3836 elevare
3765 3795 3929 3861 supra
3966 3796 4095 3837 cor-

2518 3876 2674 3929 pora,
2716 3868 2779 3929 ut
2804 3858 3179 3929 Deoﬁdignum
3213 3864 3498 3929 est:_cum
3531 3867 3659 3929 vero
3689 3858 3950 3929 uni-tatem
3989 3870 4092 3906 au-

2518 3920 2623 3993 dis,
2661 3920 2728 3983 ne
2771 3920 3040 3993 intelligas
3070 3927 3225 3995 quasi
3262 3924 3407 3995 varia
3457 3921 3703 3988 qua2dam
3734 3920 4092 3995 ad‘uiiionem

2521 3989 2883 4059 concurrant;
2919 3989 3026 4049 non
3066 3989 3209 4049 enim
3254 3993 3321 4046 de
3359 3995 3441 4045 his
3475 4004 3618 4043 nunc
3648 4004 3827 4042 sermo
3861 3989 3917 4040 tit
3945 4032 3957 4050 ,
3994 3994 4093 4046 Sed

2523 4072 2589 4125 de
2619 4071 2747 4131 Deo,
2780 4066 2873 4133 qui
2906 4080 3007 4119 nec
3037 4074 3123 4118 est
3152 4064 3477 4133 principium
3510 4073 3887 4133 numerorum.
3917 4076 4096 4131 neque

2521 4129 2880 4208 compositus,
2903 4134 2997 4190 sed
3021 4129 3184 4204 supra
3213 4129 3488 4202 simplices
3518 4129 3854 4184 substantias
3879 4129 4095 4194 unitos,

2523 4211 2725 4266 unitas.

2595 4280 2674 4350 (4)
2717 4277 2971 4350 E/fectrix
3000 4274 3237 4350 unitatis.
3271 4271 3561 4341 Postquam
3609 4284 3670 4323 ea
3722 4283 3846 4350 quae
3885 4270 3949 4323 de
3986 4271 4098 4350 Deo

2524 4343 2739 4410 suntex
2764 4343 3022 4400 omnibus
3044 4361 3163 4411 quae
3188 4348 3238 4397 in
3266 4359 3445 4397 rerum
3476 4351 3665 4411 natura
3696 4347 3842 4399 sunt.
3868 4343 4094 4405 exeruit,

2525 4409 2782 4487 deinceps
2805 4430 3039 4487 sequens
3064 4409 3269 4477 linguae
3299 4424 3502 4487 nostra!
3532 4409 3761 4487 modum
3785 4412 4094 4487 (nonﬁenim

2528 4478 2690 4558 supra
2720 4478 3055 4558 'hunc'ul'erri
3110 4484 3423 4558 possumus)
3477 4496 3541 4536 ex
3596 4478 3707 4558 illis,
3751 4478 3881 4558 ipsis
3920 4479 4095 4543 Deum

2527 4552 2728 4616 laudat.
2758 4572 2787 4610 e
2818 4556 3018 4621 quibus
3050 4552 3172 4626 eum
3219 4552 3456 4626 exciuit;
3503 4558 3557 4602 et
3600 4552 3862 4626 unda-teut
3897 4559 4056 4626 vocat
4085 4584 4101 4611 .

2528 4630 2622 4688 sed
2651 4617 2979 4695 effectricem
3040 4624 3333 4686 unitatem,
3392 4621 3443 4674 id
3471 4629 3572 4695 est,
3605 4617 3934 4684 simplicium
3969 4621 4101 4672 sub-

2528 4688 2901 4757 stantiarum',
2939 4696 3340 4762 ut'angelorum
3382 4702 3436 4745 et
3476 4688 3831 4762 animarotn_;_
3859 4698 3914 4739 et
3948 4705 4105 4741 men-

2533 4783 2637 4825 tem
2668 4781 2775 4819 non
2810 4756 3197 4829 intellectilém,
3230 4764 3281 4817 id
3333 4769 3439 4823 est,
3474 4774 3616 4829 quae,
3646 4770 3673 4807 a
3722 4756 3865 4806 nulla
3890 4771 4103 4829 _tuente

2461 4837 2505 4893 D
2536 4836 2878 4903 intelligitur.
2910 4832 2966 4887 Si
3003 4836 3149 4886 enim
3183 4826 3365 4887 simile
3396 4846 3425 4884 a
3458 4827 3617 4903 simili
3651 4826 4019 4889 raguoscitur.
4055 4832 4099 4883 si

2527 4925 2680 4964 mens
2709 4897 2876 4965 Esset,
2908 4912 3183 4972 oporteret
3205 4912 3267 4956 ut
3291 4897 4100 4972 amentil_tus_cog_n«.tsceretur,

2527 4992 2577 5033 al
2610 4979 2735 5047 quis
2766 4965 3024 5041 cognorit
3056 4980 3292 5025 mentem
3333 4966 3588 5022 Domini?
3618 4965 3708 5017 Est
3744 4965 3909 5030 igitur
3944 4983 4103 5047 tuens

2527 5037 2689 5117 supra
2742 5037 3017 5117 mentem,
3048 5053 3102 5096 et
3156 5056 3351 5096 nomen
3380 5048 3734 5117 supranotnne
3764 5048 3959 5112 nomen
3994 5055 4005 5087 :
4040 5037 4101 5089 Et

2527 5105 2744 5179 noiuen,
2783 5113 2979 5179 inquit,
3012 5110 3204 5165 ineunt
3239 5126 3343 5163 non
3385 5105 3725 5179 niantfestavi
3754 5105 3861 5167 eis;
3901 5121 4103 5171 quam-

2526 5192 2711 5243 obrem
2732 5174 3000 5239 omnibus
3027 5191 3108 5235 est
3139 5183 3257 5235 sine
3290 5182 3529 5239 nomine,
3558 5174 3667 5227 imo
3701 5187 3797 5223 nec
3823 5190 3922 5228 ens
3960 5188 4045 5228 est
4085 5194 4102 5231 :

2526 5258 2727 5311 etenim
2758 5255 2804 5307 si
2836 5268 2899 5307 ea
2923 5266 3042 5319 qua:
3072 5263 3218 5313 sunt,
3249 5266 3313 5303 ex
3342 5248 3511 5303 nihilo
3544 5251 3715 5303 creat.
3751 5256 3858 5293 non
3884 5254 3977 5319 est
3998 5247 4103 5319 igi7

2531 5337 2619 5382 tur
2652 5340 2714 5378 ex
2746 5326 2813 5377 iis
2839 5314 2963 5391 qua:
3002 5334 3161 5381 sunt.
3197 5323 3287 5373 sed
3320 5334 3482 5391 supra
3514 5330 3576 5391 ea
3603 5326 3725 5391 quin
3754 5324 3921 5391 sunt.
3942 5314 4101 5379 Quod

2533 5399 2574 5451 si
2608 5397 2776 5448 dicit:
2807 5384 2917 5462 Ego
2951 5393 3192 5460 suntqui
3221 5406 3350 5462 sunt
3382 5384 3576 5462 (Exod.
3607 5388 3713 5458 ut),
3754 5384 4015 5462 itttellige,
4048 5394 4105 5462 ut

2535 5471 2709 5527 decet,
2744 5457 2875 5517 esse'
2891 5463 3096 5517 scilicet
3118 5457 3245 5516 'sine
3275 5460 3563 5531 principio,
3595 5461 3645 5531 et
3672 5457 3788 5531 sine
3813 5457 3938 5518 line;
3971 5458 4103 5531 quin

2530 5521 3138 5590 etiatn'inscrutabilem
3164 5570 3179 5593 ,
3230 5521 3287 5585 ei
3321 5521 3577 5583 sitntiiter
3612 5523 3665 5575 in
3692 5521 3814 5580 aliis
3839 5541 3956 5594 quae
3992 5525 4103 5579 Deo

2532 5609 3104 5677 natttra_t_'onveniunt_.
3252 5674 3262 5677 _
3551 5672 3562 5677 _
3671 5671 3721 5677 Δ-
3880 5665 3934 5677 Μ

2605 5673 2680 5747 (5)
2729 5673 2935 5728 Vacans
2991 5673 3198 5726 ratione
3245 5670 3620 5740 intelligentia.
3668 5671 3821 5735 Sicut
3877 5665 4109 5738 Dionys.

2613 5790 2679 5861 (ε)
2712 5790 2845 5861 Cap.
2881 5788 2985 5845 ide
3008 5788 3206 5844 divinis
3241 5785 3561 5842 nominibus.
