4416 6448
826 381 929 443 7Ἱ1

1983 382 2312 441 11Ῐ)ΑΝΝ15
2363 381 2926 464 cvmmssm're

3973 365 4081 443 772

827 492 1045 558 poterit,
1078 491 1186 557 imo
1216 505 1312 543 nec
1339 490 1443 542 ulla
1478 490 1721 542 cmlestis
1751 506 1904 544 mens
1939 505 2059 558 post
2096 493 2285 554 Deum,
2312 494 2403 543 sed
2436 500 2473 549 Α
2509 494 2632 545 licet
2670 495 2906 562 Moyses,
2937 504 2990 547 et
3025 494 3159 548 deus
3190 493 3494 547 Pharaonis
3531 495 3605 553 ";
3646 494 3763 546 licet
3805 507 3976 561 usque
4011 494 4079 545 ait

822 584 1065 635 rationes
1093 581 1398 633 disserendi
1434 581 1499 633 de
1530 583 1593 632 iis
1625 596 1746 647 qua:
1773 598 1891 633 eam
1928 583 2311 645 circumstant,
2343 594 2398 634 ut

821 673 890 725 de
941 676 1321 740 perpetuitate,
1376 674 1442 725 de
1493 675 1857 728 immensitate
1905 684 1959 725 et
2009 675 2299 736 iotinitate,
2335 676 2402 727 de

821 764 1089 819 bonitate,
1126 764 1395 830 potentia,
1444 766 1709 830 sapientia
1756 763 1999 824 creandi,
2036 763 2353 832 providendi
2382 800 2397 825 ,

816 854 1130 920 jmhcandi;
1192 854 1277 905 hic
1331 855 1473 904 enim
1526 865 1607 907 est
1655 869 1886 921 magnus
1940 857 2080 921 apud
2144 853 2392 905 homines

821 947 1107 1011 theologus
1139 985 1151 1007 ,
1183 947 1275 1012 qui
1314 946 1551 997 rationes
1592 946 1657 998 de
1689 947 1772 999 his
1803 947 2008 1013 aliquas
2040 946 2142 998 etsi
2178 946 2393 997 exiliter

820 1037 1153 1089 adimeniat.
1184 1037 1247 1088 Et
1282 1038 1333 1087 in
1386 1039 1628 1089 centuria
1667 1038 1849 1099 tertia,
1900 1038 2075 1104 Capite
2113 1046 2394 1102 septuage-

819 1128 960 1177 simo
999 1129 1176 1187 primo
1221 1145 1232 1179 :
1280 1126 1351 1177 lix
1382 1128 1444 1177 iis
1494 1143 1614 1193 qua:
1664 1138 1827 1190 sunt,
1883 1141 2102 1180 causam
2154 1126 2396 1176 omnium

821 1218 1241 1283 Cognoscituus;
1271 1230 1322 1269 et
1344 1235 1409 1269 ex
1442 1219 1702 1269 varietate
1736 1232 1916 1268 rerum
1948 1216 2268 1283 sapientiam
2300 1230 2397 1281 per

819 1323 877 1360 se
909 1309 1254 1359 exsistcntem
1288 1307 1406 1374 ejus
1438 1309 1528 1374 qui
1561 1308 1776 1374 proprie
1803 1318 1904 1366 est,
1934 1307 2217 1368 docemur,
2243 1313 2296 1355 et
2323 1319 2389 1356 ex

819 1400 1051 1451 naturali
1081 1410 1313 1449 motione
1347 1414 1551 1455 rerum.
1585 1399 1748 1450 vitam
1778 1397 2020 1463 ejusdem
2060 1411 2154 1463 per
2174 1410 2230 1448 se
2251 1396 2396 1447 exsi-

818 1498 1047 1541 stentem
1087 1488 1380 1548 discimus;
1424 1488 1530 1538 vim
1580 1489 1702 1539 dico
1734 1488 1895 1538 vitam
1931 1488 2260 1538 tribuentem
2312 1499 2397 1536 re-

818 1579 943 1640 bus,
976 1579 1193 1631 scilicrt
1231 1578 1490 1645 Spiritum
1526 1588 1793 1630 sanctum.
1849 1576 1923 1627 Ex
1956 1577 2038 1629 his
2068 1577 2246 1628 evadit
2285 1590 2399 1628 ma-

827 1672 1087 1724 nifestum
1136 1670 1389 1738 cognosci
1426 1668 1591 1720 Dcttttt
1623 1684 1684 1720 ex
1720 1669 1784 1720 iis
1815 1670 1991 1721 solum
2042 1682 2161 1732 qua:
2192 1668 2395 1720 circum

817 1762 992 1829 ipsum
1047 1772 1171 1812 SIIIII
1199 1800 1213 1823 ,
1266 1775 1386 1827 qua:
1421 1770 1546 1813 sunt
1580 1770 1862 1820 creaturae,
1914 1751 1966 1809 et
2015 1757 2139 1809 inde
2185 1757 2251 1809 de
2286 1756 2394 1808 Deo

2504 589 2722 637 tertium
2756 587 2955 637 cadum
2981 626 2995 645 ,
3028 595 3086 637 ut
3138 584 3337 637 I’aulus
3384 585 3675 652 pervenias
3702 587 3766 648 “',
3798 594 3849 638 ct
3887 588 4079 640 audias

2503 688 2701 726 arcana
2734 677 2928 736 verba;
2983 674 3110 725 licet
3141 687 3305 739 supra
3351 673 3475 725 illos
3511 674 3576 725 ad
3612 683 3814 725 statum
3845 684 3897 726 et
3927 676 4080 726 OI'tII-

2504 778 2624 816 nem
2659 764 2895 830 aliquem
2934 764 3252 830 angelorum
3283 773 3377 815 aut
3407 762 3857 828 archangelorum
3890 779 4079 816 ascen-

2502 863 2618 904 das.
2651 852 2911 916 Quamvis
2937 851 3080 903 enim
3113 866 3275 904 omne
3306 852 3550 905 cmleste.
3580 860 3632 903 et
3670 850 3874 916 aliquid
3915 866 4077 918 supra

2507 959 2669 1010 quam
2718 946 2984 1004 (Teleste,
3039 942 3206 994 multo
3252 943 3638 995 cxcellentiorc
3674 952 3865 993 natura
3914 957 4076 1008 quam

2503 1047 2602 1084 nos
2633 1034 2779 1085 silet
2814 1033 2920 1083 Deo
2964 1032 3354 1098 proliinquius;
3400 1034 3570 1098 magis
3609 1042 3788 1084 tamen
3835 1033 4000 1083 distat
4050 1048 4077 1081 a

2505 1122 2634 1184 Deo,
2667 1130 2720 1173 et
2753 1136 2781 1172 a
2814 1119 3045 1187 perfecta
3076 1121 3195 1187 ejus
3233 1122 3609 1187 intelligentia,
3642 1137 3801 1186 quam
3835 1128 4079 1174 nostrain
4137 1122 4145 1134 '

2502 1213 2642 1264 hanc
2673 1223 2923 1264 naturam
2951 1214 3311 1276 compositam
3358 1222 3411 1264 et
3445 1214 3702 1264 humilem
3734 1222 3787 1264 et
3824 1214 4080 1264 deorsum

2504 1304 2819 1357 inclinatam
2872 1304 3185 1356 antecellat.
3234 1304 3301 1355 Et
3351 1318 3579 1369 magnus
3620 1303 3951 1355 Athanasius
4004 1304 4081 1366 (ιι)

2505 1400 2649 1450 velut
2684 1398 3088 1465 percunctando
3114 1400 3187 1450 ait
3222 1414 3235 1447 :
3268 1398 3401 1449 Cum
3435 1398 3573 1449 Deus
3603 1399 3673 1449 sit
3701 1398 4079 1463 incorporei»,

2503 1498 2555 1541 et
2591 1490 2761 1554 ligura
2790 1496 3011 1550 careat,
3048 1503 3165 1552 qua:
3195 1488 3407 1539 tandem
3446 1488 3747 1553 posteriora
3793 1489 3908 1552 ejus
3947 1486 4031 1533 viti
4064 1493 4083 1534 t

2503 1578 2753 1648 Moyses?
2795 1579 2999 1632 Deinde
3056 1579 3270 1631 solvens
3330 1579 3682 1646 quxstionem
3719 1593 3731 1628 :
3770 1576 4078 1633 Credimu~,

2505 1668 2703 1735 inquit,
2747 1678 2871 1722 ante
2920 1669 3116 1721 sarcula
3149 1679 3202 1720 et
3234 1678 3359 1721 ante
3391 1678 3617 1720 cunctas
3648 1677 3928 1719 creaturas
3959 1680 4083 1717 che

2506 1758 2672 1811 Deum
2723 1767 2893 1811 totum
2931 1761 3106 1812 solum
3146 1760 3468 1812 iucreatum.
3520 1756 3593 1809 Ex
3626 1773 3735 1824 quo
3781 1757 3857 1818 lit,
3896 1765 3951 1807 ut
3989 1771 4083 1821 p.--

815 1852 1317 1919 philosmihandum
1374 1865 1514 1911 esse,
1570 1865 1635 1901 ex
1692 1849 2023 1917 imaginibus
2081 1848 2294 1900 scilicet
2344 1855 2399 1897 et
2434 1824 2476 1877 Β
2508 1850 2739 1903 steriora
2779 1849 2871 1901 Dei
2908 1849 3017 1901 sint
3046 1858 3330 1909 creaturae,
3360 1857 3410 1899 et
3446 1863 3630 1899 earum
3663 1845 3919 1907 rationes,
3947 1860 4031 1909 qn
4059 1858 4085 1895 s

813 1941 1268 1995 similitudinibus
1293 1941 1686 2007 exemplarium
1724 1941 1841 2006 ejus
1878 1938 2188 1991 divinorum
2218 1978 2230 2000 ,
2279 1951 2402 2005 quae

812 2032 1065 2098 superius
1092 2033 1309 2097 Specnla
1339 2042 1390 2083 et
1413 2033 1694 2097 aenigmata
1721 2039 1911 2082 vocata
1940 2037 2084 2082 sunt.
2113 2027 2190 2081 Ne
2215 2040 2399 2079 autem

812 2124 935 2190 quis
979 2124 1031 2174 in
1071 2124 1299 2176 dubium
1340 2125 1538 2183 veniat,
1573 2121 1848 2189 quomodo
1875 2134 1996 2188 quae
2038 2118 2302 2186 imagines
2347 2124 2403 2171 et

811 2214 1195 2268 similitudines
1228 2224 1377 2275 sunt,
1424 2223 1478 2265 et
1511 2228 1540 2265 a
1571 2214 1797 2265 veritate
1830 2226 2011 2264 rerum
2045 2210 2250 2263 distant
2278 2249 2290 2270 ,
2331 2207 2396 2260 ad

811 2302 1305 2374 philosophandum
1344 2305 1411 2357 de
1444 2304 1552 2357 Deo
1582 2314 1703 2370 apta
1739 2302 1911 2371 magis
1936 2316 2055 2355 esse
2087 2306 2403 2369 possunt,et

813 2397 1015 2451 idcirco
1043 2398 1303 2464 majorem
1339 2397 1427 2449 Uci
1462 2395 1978 2462 contemplationem
2003 2408 2164 2461 quam
2196 2408 2261 2445 ex
2287 2391 2403 2444 istis

810 2488 1268 2541 similitudinibus
1296 2489 1458 2541 etiam
1490 2488 1541 2540 in
1576 2490 1675 2541 hac
1708 2487 1816 2539 vita
1848 2495 2079 2555 quaerat,
2115 2499 2253 2553 opus
2312 2491 2398 2536 est

809 2581 1031 2644 docere,
1069 2582 1214 2648 quod
1249 2580 1447 2643 summi
1484 2580 1648 2633 etiam
1686 2578 1927 2646 theologi
1977 2578 2115 2630 ultra
2157 2586 2405 2630 contem-

810 2674 1108 2742 plationem
1143 2688 1210 2728 ex
1248 2674 1519 2733 creaturis
1556 2689 1663 2727 non
1702 2671 2149 2741 progrediuntur.

1399 2782 1630 2839 CAPUT
1677 2782 1813 2836 VIII.

811 2901 963 2964 Quod
1023 2902 1214 2953 summi
1272 2898 1497 2965 theologi
1552 2898 1613 2949 de
1674 2895 1779 2948 Deo
1844 2894 2284 2963 philosophantur
2336 2906 2400 2944 ea:

881 2973 1181 3032 creaturis;
1221 2979 1268 3021 et
1306 2968 1601 3035 posteriora
1640 2965 1732 3018 Dei
1784 2967 1909 3031 ipsa:
1939 2974 2201 3016 creatura:
2236 2972 2397 3025 sunt,

880 3052 927 3093 et
968 3057 1025 3093 ea
1036 3056 1151 3091 rum
1186 3041 1433 3090 rationes.

2508 1956 2632 1995 cum
2660 1941 2886 1993 vidisset
2915 1942 3191 2008 exposuit,
3226 1940 3477 2005 inquiens
3512 1954 3524 1989 :
3560 1938 3623 1990 In
3650 1938 3907 2005 principio
3934 1951 4085 1987 cre-t-

2506 2031 2579 2082 vit
2616 2030 2758 2083 Deus
2794 2030 2976 2082 calum
3007 2040 3053 2082 et
3091 2039 3306 2081 terram.
3363 2028 3492 2079 Item
3543 2028 3758 2079 divinus
3787 2024 4084 2090 Gregorius

2505 2120 2787 2189 Nysseuus
2818 2120 2872 2173 itt
2925 2120 3063 2173 libro
3096 2118 3171 2172 De
3210 2120 3317 2171 rita
3350 2117 3550 2186 Moysi:
3576 2132 3594 2169 .'
3625 2116 3841 2174 Gloria.
3886 2114 4083 2181 inquit,

2507 2212 2774 2271 increata.
2808 2221 3006 2264 natura
3041 2211 3248 2263 scilicet
3285 2210 3466 2261 divina
3512 2207 3734 2259 omnino
3772 2214 3855 2258 est
3884 2220 4086 2258 secun-

2504 2306 2632 2359 dum
2670 2322 2725 2359 se
2755 2305 3063 2368 inell‘abilis,
3092 2314 3144 2357 ct
3176 2318 3295 2371 qua:
3330 2301 3716 2369 comprehendi
3746 2316 3852 2353 non
3902 2308 4085 2366 potest

2504 2413 2677 2466 neque
2718 2398 2928 2461 videri;
2965 2397 3100 2449 nihil
3129 2396 3273 2448 enim
3306 2394 3452 2464 quod
3484 2404 3568 2447 cst
3590 2434 3603 2456 ,
3640 2395 3816 2461 ipsum
3854 2394 3957 2447 hoc
3989 2406 4087 2458 per

2510 2508 2570 2547 se
2604 2493 2706 2559 (1),
2742 2492 2945 2543 nudum
2978 2488 3053 2558 (Ξ)
3089 2497 3263 2555 potest
3302 2485 3657 2549 intelligentia
3691 2484 3892 2553 liquide
3936 2498 4090 2541 coin-

2509 2580 2795 2653 prehendi,
2834 2588 2928 2633 ant
2962 2578 3140 2631 oculis
3175 2577 3421 2644 corporis
3456 2577 3561 2629 ullo
3591 2575 3751 2631 modo
3783 2576 3970 2639 cerui;
4005 2577 4090 2628 in-

2504 2684 2749 2728 creatum
2780 2673 2926 2726 enim
2959 2679 3062 2723 est.
3094 2669 3245 2733 Quod
3280 2679 3461 2722 autem
3493 2679 3573 2721 est
3605 2668 3927 2732 increatuin,
3967 2671 4089 2721 nul-

2507 2766 2591 2818 lus
2625 2770 2801 2832 potest
2834 2762 3009 2815 oculis
3050 2761 3299 2829 corporis
3322 2775 3564 2821 cernere,
3590 2761 3842 2827 quamvis
3874 2759 4092 2829 Moyses

2504 2858 2597 2930 sit,
2637 2856 2891 2924 quamvis
2929 2853 3154 2915 Paulus,
3190 2853 3282 2920 qui
3321 2853 3372 2904 iu
3406 2852 3621 2905 tertium
3658 2852 3853 2905 «mlum
3892 2867 4090 2905 asCen-

2503 2949 2601 3009 dit,
2634 2946 2885 3016 quamvis
2915 2944 3139 3012 angelus
3168 2955 3237 2996 Slt
3264 2945 3353 3012 qui
3378 2942 3545 2996 Deum
3568 2942 3734 2995 videt.
3762 2942 3916 3007 Quod
3940 2943 4088 2996 enim

2503 3056 2630 3094 vere
2659 3050 2764 3107 est,
2801 3052 2926 3091 vera
2959 3038 3063 3091 vita
3094 3047 3196 3101 est,
3233 3039 3333 3091 hoc
3368 3046 3546 3089 autem
3577 3037 3645 3089 ah
3673 3036 3864 3103 angelo
3893 3048 3987 3087 aut
4019 3039 4090 3087 ah

878 3130 1176 3198 Gregorius
1232 3129 1568 3193 Τιιοοιοὲυεο
1628 3126 1679 3179 in
1738 3126 1974 3179 secunda
2028 3124 2276 3178 oralione
2327 3124 2394 3177 de
2422 3152 2464 3209 ρ
2505 3132 2727 3185 homine
2761 3129 3019 3197 cognosci
3073 3143 3180 3181 non
3219 3136 3414 3197 potest.
3451 3127 3525 3179 Ex
3571 3126 3771 3195 quibus
3805 3126 3950 3178 clare
3987 3141 4088 3176 no-

810 3224 1109 3293 theologia:
1133 3222 1431 3276 Currebam
1457 3220 1700 3290 quidem,
1720 3220 1896 3287 inquit
1936 3228 2191 3287 tanquam
2221 3219 2390 3274 Deum

810 3319 1125 3385 cognitione
1176 3315 1903 3382 comprehcnsurus;atque
1957 3313 2029 3363 ita
2081 3312 2301 3364 ascenili
2337 3312 2389 3363 in

812 3419 1090 3471 montem,
1146 3418 1198 3460 et
1251 3407 1408 3460 divisi
1459 3406 1657 3458 nubem
1700 3404 1754 3457 in
1806 3419 1924 3457 eam
1980 3405 2280 3473 ingressus.
2330 3402 2396 3455 Et

810 3502 1007 3569 paucis
1039 3499 1341 3567 interjectis
1372 3514 1386 3550 :
1422 3496 1556 3551 Cum
1588 3496 1831 3565 paulum,
1856 3496 2052 3565 inquit,
2090 3496 2398 3565 prospexis-

810 3608 946 3653 sent,
980 3608 1091 3645 non
1123 3590 1229 3643 vidi
1268 3591 1496 3657 primam
1533 3600 1593 3642 et
1624 3597 1884 3642 aeternam
1938 3599 2189 3640 naturam
2219 3627 2232 3649 ,
2275 3602 2398 3655 qua:

810 3685 939 3747 sibi,
976 3684 1027 3735 id
1060 3691 1163 3745 est,
1198 3681 1450 3734 Trinitati
1486 3690 1610 3733 nota
1650 3692 1753 3742 est,
1787 3690 1840 3733 et
1870 3689 2074 3747 quanta
2111 3680 2252 3732 intra
2286 3682 2395 3749 pri-

812 3791 963 3828 tnum
1001 3775 1175 3827 velum
1223 3785 1431 3834 manet,
1468 3784 1522 3826 et
1554 3789 1580 3825 a
1609 3772 1941 3826 Cherubinis
1974 3772 2279 3839 contegitur
2310 3773 2352 3801 "
2382 3790 2395 3837 ;

813 3862 908 3914 scd
940 3861 1083 3912 illam
1108 3875 1228 3929 quae
1259 3870 1501 3913 extrema
1539 3870 1645 3922 est,
1672 3870 1724 3913 et
1751 3857 1816 3911 ad
1854 3874 1951 3913 nos
1988 3859 2253 3927 pervadit,
2280 3878 2401 3930 qua:

814 3963 900 4006 est
940 3955 1229 4021 (quantum
1256 3952 1523 4021 intelligo)
1551 3952 1854 4020 amplitudo
1889 3951 2000 4016 illa,
2035 3952 2117 4005 vel
2144 3962 2203 4006 ut
2230 3955 2399 4007 David

814 4046 894 4097 ait
933 4046 997 4107 ”,
1045 4044 1449 4111 ttiagriiliCentia
1473 4084 1487 4105 ,
1515 4058 1634 4112 qua:
1673 4045 1725 4096 in
1757 4043 2053 4104 creaturis,
2085 4056 2138 4097 et
2184 4044 2252 4098 iis
2280 4061 2403 4113 qua:

817 4138 887 4191 ah
922 4137 1039 4203 ipso
1069 4136 1259 4188 cﬂ'ecta
1296 4145 1424 4189 sunt
1452 4146 1501 4187 et
1537 4135 1934 4203 gubernantur,
1965 4136 2209 4188 cernitur
2242 4155 2253 4189 :
2291 4140 2402 4191 hare

816 4229 961 4279 cnim
1016 4240 1142 4280 sunt
1195 4228 1492 4295 posteriora
1530 4225 1622 4280 Dei
1655 4227 1718 4282 ιδ.
1766 4243 1883 4294 qua:
1931 4239 2055 4298 post
2102 4244 2227 4282 eum
2279 4240 2406 4283 sunt

813 4322 987 4386 ἰμδίιιδ
1040 4322 1277 4384 iudicia;
1317 4321 1461 4375 sicut
1497 4320 1630 4375 solis
1683 4322 1890 4373 umhrze
1946 4330 1996 4374 ct
2048 4322 2310 4391 imagines
2349 4324 2403 4375 in

815 4417 992 4483 aquis,
1039 4428 1159 4479 quae
1210 4413 1439 4465 infirmis
1487 4412 1661 4465 oculis
1702 4411 1870 4464 solem
1907 4423 2186 4479 utcunque
2222 4423 2397 4465 ostcnv

2497 3224 2697 3287 tescit,
2760 3221 3169 3274 valentissimos
3232 3218 3398 3272 etiam
3454 3218 3739 3286 theologos
3774 3232 3897 3271 non
3948 3217 4089 3270 ultra

2497 3323 2803 3368 creaturam
2840 3313 3091 3382 progredi
3124 3313 3176 3363 in
3210 3312 3273 3363 iis
3304 3312 3504 3379 quibus
3548 3309 3714 3362 Deum
3750 3310 3928 3362 \idcttl
3953 3326 3967 3374 ;
3996 3311 4090 3361 sc-d

2500 3410 2681 3474 potius
2717 3405 2893 3472 ipsam
2953 3411 3286 3465 creaturam,
3337 3413 3391 3455 et
3432 3419 3553 3471 quae
3608 3403 3663 3455 in
3714 3413 3909 3453 natura
3968 3404 4091 3467 ejus

2499 3498 2711 3562 insunt,
2738 3497 3114 3551 considerare.
3145 3495 3300 3561 Quod
3335 3497 3379 3549 si
3428 3497 3492 3549 ad
3545 3496 3687 3549 hunc
3718 3497 3939 3548 modum
3973 3532 3987 3555 ,
4040 3506 4095 3545 ct

2499 3591 2599 3643 hac
2639 3591 2722 3641 via
2762 3598 2816 3643 et
2852 3590 3065 3642 ratione
3123 3589 3189 3642 de
3238 3588 3347 3642 Deo
3401 3590 3723 3653 disserunt,
3778 3603 4094 3640 DCCt'SSul'm

2499 3682 2782 3752 sequitur,
2823 3682 3149 3750 theologiam
3199 3698 3319 3749 quae
3375 3684 3425 3733 in
3476 3684 3763 3751 negatione
3815 3691 4092 3733 versatum

2503 3773 2661 3841 longe
2692 3773 3124 3841 praestantiorem
3158 3786 3304 3832 esse,
3342 3782 3396 3824 et
3445 3772 3511 3824 ad
3564 3773 4087 3841 Contemplationem

2503 3866 2680 3933 magis
2711 3865 2957 3917 idoneam
2989 3881 3051 3918 ea
3091 3864 3359 3933 theologia
3392 3901 3407 3926 ,
3454 3862 3581 3934 qua:
3630 3866 3681 3919 in
3737 3867 4095 3919 allirmatioee

2504 3966 2773 4011 cernitur.
3186 3966 3192 3973 '

3120 4072 3349 4129 CAPUT
3387 4072 3478 4127 IX.

2510 4186 2660 4253 Quod
2689 4190 2741 4241 in
2779 4186 3053 4255 Theologiu
3104 4188 3517 4240 demonstrativa
3571 4188 3736 4255 magis
3782 4188 3995 4253 propria
4047 4196 4095 4237 rt

2578 4260 2841 4326 praecipua
2891 4270 2966 4309 est
3017 4258 3107 4308 illa
3142 4274 3258 4325 quo:
3299 4261 3349 4309 in
3398 4260 3759 4323 ltt’tlalwlttblts
3814 4271 4097 4320 vcrstttttt',’

2580 4330 2798 4397 etquod
2856 4330 2908 4378 in
2942 4327 3036 4379 hac
3079 4326 3359 4395 Theologiu
3410 4330 3779 4397 ιιίῇηηιιηυηυδ
3822 4344 3924 4379 non
3970 4338 4093 4379 sunt

2582 4400 2865 4451 contraria:
2912 4400 3295 4465 nrgationibus.

818 4506 995 4558 dunt:
1027 4506 1294 4573 siquidem
1336 4504 1677 4572 impoSsihile
1724 4514 1806 4555 est
1841 4504 2008 4556 solem
2065 4504 2266 4558 intueri
2299 4505 2399 4559 ad-
2437 4497 2477 4551 Β
2585 4510 2846 4563 Summus
2881 4511 3166 4579 theologus
3207 4512 3494 4579 Dionysius
3521 4552 3534 4574 ,
3588 4512 3764 4579 primo
3806 4510 3985 4581 capite
4023 4512 4096 4566 De

814 4612 1068 4656 versum,
1098 4598 1254 4663 cujus
1295 4596 1468 4649 radiis
1506 4598 1651 4647 acies
1700 4594 1982 4647 oculorunt
2034 4596 2288 4649 vincitur.
2325 4600 2402 4651 Ad

823 4690 968 4742 hunc
1013 4690 1177 4758 igitur
1224 4689 1447 4742 modum
1506 4688 1571 4740 de
1622 4686 1732 4739 Deo
1782 4687 2276 4755 philosophaberis,
2326 4694 2404 4745 sis

900 4848 939 4878 “
982 4842 1152 4901 Exod.
1187 4861 1397 4901 xxxvii.
1479 4846 1519 4877 ¹⁵
1544 4844 1686 4898 Psal.
1713 4861 1832 4907 vni,

1913 4844 1954 4875 ¹⁶
2011 4844 2411 4903 Exod.xxx1tt.
2492 4852 2530 4881 "
2563 4850 2738 4916 Exod,
2787 4869 2881 4908 vti.

2512 4604 2731 4672 mystica
2760 4602 3021 4671 theologia
3052 4619 3070 4656 :
3106 4601 3350 4671 Oportet,
3388 4606 3560 4673 inquit
3592 4605 3692 4673 (ὃ),
3726 4605 3777 4656 in
3806 4620 3866 4657 ca
3894 4621 4097 4674 ponere

2517 4701 2570 4743 et
2622 4689 2895 4747 allirmate
2946 4710 3139 4748 omnes
3174 4696 3421 4748 omnium
3466 4712 3651 4751 rerum
3706 4698 4099 4757 aﬂirmationcs

2960 4854 3002 4885 ¹⁸
3036 4853 3078 4906 ΙΙ
3126 4853 3255 4911 Cor.
3306 4872 3442 4911 xm.

2294 4983 2563 5049 Schoha.

891 5095 969 5163 (ι)
1004 5092 1252 5156 Quodest
1292 5092 1460 5159 ipsum
1494 5092 1588 5141 hoc
1619 5105 1707 5153 per
1736 5103 1805 5139 se.
1836 5083 2009 5163 _N_ulla
2030 5095 2276 5138 creatura
2311 5098 2396 5163 est

820 5157 917 5233 per
952 5157 1011 5218 se
1044 5164 1093 5215 id
1124 5164 1267 5228 qtmd
1298 5157 1401 5223 est,
1439 5164 1533 5214 sed
1584 5176 1673 5233 per
1710 5157 2206 5233 participationem,
2242 5158 2395 5212 solus

821 5225 963 5287 Dens
1000 5246 1082 5287 cst
1115 5225 1289 5301 ipsum
1340 5234 1459 5292 hoc,
1494 5225 1637 5299 qudd
1680 5225 1765 5281 cst
1796 5242 1889 5295 per
1920 5242 1998 5289 sc,
2023 5225 2095 5301 _id
2146 5236 2248 5288 cst,
2301 5244 2398 5301 sua

815 5305 1057 5358 essentia
1086 5346 1097 5366 ,
1130 5295 1182 5356 et
1214 5320 1371 5357 suum
1402 5295 1524 5356 esse
1547 5343 1561 5364 ,
1600 5310 1656 5353 et
1686 5316 1793 5352 non
1826 5295 2133 5351 secundum
2173 5300 2399 5363 partiet-

821 5380 1117 5444 pationem.
1699 5441 1706 5444 _
1914 5438 1923 5444 _
2098 5438 2109 5444 _
2292 5372 2297 5377 ’

895 5450 970 5513 t2)
1005 5445 1242 5498 Aridum.
1276 5444 1327 5497 Id
1364 5453 1466 5505 est,
1508 5441 1806 5495 secundum
1841 5438 2204 5513 substantiam
2234 5450 2397 5513 suam

822 5508 1038 5568 tantum
1069 5554 1082 5576 ,
1119 5530 1170 5568 et
1206 5533 1309 5567 non
1354 5514 1654 5567 secundum
1705 5528 1767 5564 ca
1805 5527 1927 5576 ιιιιδε
1976 5509 2182 5563 circum
2233 5508 2408 5574 ipsum

816 5598 971 5652 sunt,
1006 5588 1053 5638 id
1084 5598 1186 5651 est,
1220 5598 1524 5639 creaturas.

893 5752 969 5815 (ιι)
1001 5748 1202 5811 Qnast.
1240 5751 1302 5802 ad
1350 5754 1702 5809 Antiochum.

2582 5093 2657 5170 (ᾖ)
2682 5093 2897 5170 oportet
2922 5109 3112 5161 ponere
3142 5104 3191 5170 et
3217 5096 3515 5164 afﬁrmare.
3544 5099 3709 5153 Deum
3731 5104 3913 5157 omnia
3948 5120 4095 5170 esse,

2513 5173 2572 5215 ut
2608 5164 2773 5215 Deum
2816 5166 2994 5223 decet.
3034 5167 3231 5232 positio
3265 5181 3342 5220 cst
3373 5186 3387 5232 ;
3418 5182 3469 5220 et
3535 5172 3668 5223 nihil
3715 5189 3903 5225 eorum
3946 5164 4093 5236 esse,

2512 5246 2761 5311 utsupra
2790 5238 3149 5311 substantiam
3184 5249 3287 5311 est,
3321 5240 3537 5305 negatio
3568 5258 3580 5302 ;
3616 5255 3908 5307 utrumque
3967 5260 4096 5311 pros

2517 5306 2630 5370 prie
2670 5306 2941 5356 dicituriu
2984 5308 3073 5359 Dei
3114 5308 3492 5373 :illlpltllttlttte,
3530 5320 3587 5362 ut
3634 5311 3774 5366 Deus
3822 5306 3908 5366 est
3961 5306 4095 5377 vita,

2431 5398 2449 5414 ς
2519 5378 2772 5447 Deusest
2800 5377 3031 5437 bonitas,
3062 5388 3259 5443 posmo
3286 5389 3338 5429 et
3370 5381 3662 5433 allirmatio
3687 5392 3789 5447 est,
3820 5384 3960 5436 Deus
3985 5401 4097 5437 non

2516 5452 2599 5495 est
2628 5445 2756 5525 vita,
2803 5462 2904 5497 noti
2933 5460 3009 5498 est
3043 5449 3535 5525 bonitas,“negatio
3566 5467 3687 5505 vera
3724 5445 3825 5519 est,
3858 5456 3987 5524 quia
4018 5466 4099 5508 est

2522 5530 2686 5568 suum
2719 5515 2831 5569 Itatc
2856 5533 2975 5584 qua:
3008 5532 3109 5571 nos
3135 5515 3509 5587 intelligimus.
