4416 6448
335 399 438 456 773

1075 399 1305 454 ΠΕΟΛὲ
1352 400 1425 457 if.
1477 422 1537 433 ·--
1581 399 1677 457 DE
1720 397 2154 456 THEOLOGLK
2189 397 2848 457 ΒΕΜΟΝΒἸῚὶΜῚΥΆ..

3450 401 3554 459 ΤΗ

336 522 591 578 tanquam
633 509 683 561 in
729 510 968 561 omnium
1003 526 1203 571 causa;
1252 520 1305 561 et
1352 525 1539 562 omnes
1588 526 1680 565 eas
1730 512 1897 579 magis
1928 519 1970 570 Α
2006 525 2281 577 neganter,
2332 512 2624 563 auferendo
2676 512 3090 577 pliilosopliatur
3116 551 3129 571 ,
3168 513 3398 564 Ven-tium
3438 512 3565 562 facit

334 602 551 667 proprie
593 614 789 667 negare
822 611 1074 667 tanquam
1100 617 1221 667 qua:
1248 603 1315 652 sit
1349 617 1510 667 supra
1542 604 1761 663 omnia;
1800 617 1896 654 nec

335 690 758 742 existimandum
789 700 873 743 est
901 692 1205 743 c0ntrarias
1247 706 1367 743 csso
1400 692 1714 759 negationes
1747 690 1895 743 afﬁr-

338 780 703 843 mationibus;
752 781 878 845 quin
924 782 1101 847 potius
1150 783 1321 834 multo
1368 769 1515 848 prius
1561 796 1681 836 esse
1723 783 1894 850 ipsam

339 873 567 937 primam
601 885 825 923 causam
857 886 1017 938 supra
1051 872 1398 934 privationes,
1447 887 1567 924 eum
1618 872 1688 923 sit
1736 887 1894 938 supra

337 977 551 1011 omnem
584 971 633 1011 et
669 963 993 1013 ablatioueiu
1025 961 1102 1026 (Ι)
1139 974 1189 1014 et
1232 963 1574 1029 positionem.
1602 962 1675 1013 Ac
1708 977 1900 1015 rursus

339 1053 480 1102 idem
516 1056 688 1119 capite
722 1054 961 1105 secundo
999 1052 1233 1103 Cwlestis
1268 1054 1574 1105 hierarrhim
1603 1070 1618 1106 :
1646 1055 1898 1121 Aliquant-

336 1143 431 1201 do,
465 1143 660 1209 inquit,
701 1144 953 1196 laudatur
982 1144 1162 1194 divine
1199 1145 1249 1194 iu
1281 1144 1579 1211 Seripturis
1612 1146 1726 1199 suis
1770 1160 1898 1199 sau-

336 1238 440 1285 ctis
492 1234 844 1287 dissimilibus
914 1236 1374 1287 nominationibus
1423 1236 1524 1301 ('2),
1606 1251 1730 1287 cum
1773 1251 1897 1289 cum

337 1337 538 1376 vocant
570 1324 1037 1391 inaspeclaliileni,
1079 1337 1131 1377 et
1164 1326 1461 1379 infinitum.
1491 1336 1541 1375 et
1569 1340 1675 1376 non
1712 1336 1899 1390 poten-

340 1425 445 1464 tem
483 1414 909 1479 comprehendi,
965 1424 1016 1466 ct
1066 1414 1318 1464 similiter
1372 1415 1423 1463 in
1460 1414 1601 1483 aliis,
1636 1428 1755 1479 qua:
1792 1431 1897 1464 non

334 1504 462 1568 quid
503 1505 571 1554 sit
595 1544 608 1562 .
641 1506 731 1557 scd
778 1506 904 1570 quid
943 1521 1045 1556 non
1082 1506 1171 1566 sit,
1210 1505 1503 1557 declarant.
1540 1504 1649 1555 lloc
1681 1496 1857 1556 autem
1884 1544 1898 1567 ,

339 1606 390 1644 ιιι
429 1595 687 1658 arbitror,
726 1595 895 1663 magis
935 1598 1212 1663 proprium
1251 1603 1330 1647 est
1377 1595 1422 1646 ei
1478 1610 1489 1644 :
1540 1595 1807 1662 siquidem
1844 1608 1901 1649 ut

339 1687 526 1744 tacita.
558 1685 607 1736 id
638 1694 740 1745 est,
774 1688 892 1739 sine
926 1688 1147 1751 Srriplo,
1184 1687 1535 1739 sacerdotalis
1563 1688 1781 1740 traditio
1823 1687 1896 1755 (3)

334 1778 629 1842 exposuit,
665 1792 789 1830 rere
819 1778 1052 1829 dicimus
1090 1793 1194 1828 non
1248 1791 1369 1830 esse
1410 1777 1707 1830 Secundum
1742 1788 1897 1830 uatu-

335 1880 450 1918 ram
484 1866 631 1920 illius
667 1871 742 1921 rei
769 1884 833 1921 ex
868 1868 933 1921 iis
955 1884 1075 1935 qua:
1099 1878 1224 1922 sunt
1258 1884 1271 1921 :
1306 1879 1557 1921 cieturum
1588 1870 1898 1935 ignoramus

338 1956 467 2006 ἰηιιά
522 1958 574 2006 in
621 1972 686 2008 eo
735 1973 842 2009 non
895 1958 1211 2021 definitum,
1263 1959 1389 2027 quid
1433 1959 1502 2011 sit
1539 1959 1679 2027 quod
1734 1973 1897 2025 supra

336 2049 698 2101 substantiam
731 2060 834 2110 est.
878 2051 1130 2118 quodque
1178 2065 1275 2103 nec
1310 2050 1554 2118 intelligi,
1584 2065 1758 2117 neque
1792 2051 1899 2104 dici

337 2149 442 2205 put:
464 2150 532 2190 st.
570 2137 624 2191 Si
654 2140 815 2208 igitur
847 2140 1160 2207 negationes
1201 2141 1255 2193 in
1284 2139 1483 2193 divinis
1536 2156 1675 2193 vera:
1726 2150 1853 2194 sunt
1884 2180 1898 2207 ,

338 2230 725 2283 aliirmationes
760 2246 891 2282 vero
939 2246 1043 2283 non
1091 2243 1398 2298 congruunt
1428 2231 1504 2299 (Α)
1536 2248 1657 2284 cum
1689 2236 1901 2286 occulta

336 2319 623 2371 ditiititate
661 2334 847 2373 eorum
888 2334 1008 2386 qua:
1036 2320 1100 2371 de
1135 2318 1239 2372 Deo
1269 2319 1443 2371 «B‘eri‘i
1492 2334 1597 2371 non
1634 2331 1857 2388 possunt
1886 2360 1900 2383 ,

340 2424 687 2476 consequens
710 2421 813 2472 est,
850 2420 905 2462 ut
935 2411 1000 2464 iis
1028 2426 1147 2478 qua:
1182 2426 1289 2463 non
1342 2422 1467 2464 sunt
1516 2414 1861 2480 aspectabilia
1887 2456 1901 2478 ,

342 2503 516 2567 magis
546 2503 759 2569 propria
791 2490 861 2555 sit
899 2503 1201 2555 nominatio
1235 2504 1319 2554 illa
1351 2518 1471 2569 qua:
1504 2519 1597 2572 per
1627 2505 1905 2558 dissimili-

345 2594 565 2645 tudines
601 2592 886 2645 formatur.
927 2594 990 2646 Et
1015 2593 1311 2663 Gregorius
1334 2592 1661 2664 Tlicologus,
1694 2596 1747 2647 in
1783 2611 1905 2649 ora—
1939 2624 1947 2633 ι

344 2686 494 2738 tione
526 2685 760 2736 secunda
787 2686 852 2737 de
886 2685 1153 2752 theologia
1197 2701 1209 2736 :
1245 2684 1429 2747 lllulto,
1462 2685 1667 2754 inquit,
1695 2688 1907 2741 facilius

344 2786 401 2829 et
434 2776 652 2828 brevius
675 2785 757 2829 est
783 2775 1010 2828 dicendo
1027 2775 1168 2843 quod
1199 2785 1298 2837 est,
1326 2777 1599 2829 declarare
1628 2777 1772 2844 quod
1802 2794 1907 2830 non

345 2880 449 2930 est,
486 2884 647 2920 (inani
683 2870 927 2935 negando
955 2866 1032 2933 (5)
1063 2867 1203 2934 quod
1241 2884 1345 2919 non
1372 2876 1473 2929 cst,
1504 2868 1744 2921 indicare
1767 2870 1910 2937 quod

348 2970 452 3013 cst.
492 2960 555 3011 Et
596 2976 788 3013 rursus
819 2976 831 3011 :
868 2958 970 3011 Sed
1000 2968 1233 3026 oportet,
1261 2969 1542 3027 postquam
1574 2958 1780 3013 dictum
1813 2960 1915 3014 erit

351 3068 473 3118 quie
516 3066 623 3103 non
666 3062 783 3115 est,
832 3050 1043 3102 dicatur
1097 3049 1256 3103 etiam
1303 3050 1445 3118 quod
1495 3061 1571 3103 est
1607 3067 1618 3102 :
1649 3060 1811 3120 atque
1853 3068 1917 3106 eo

351 3145 548 3211 magis,
589 3145 730 3210 quod
769 3143 981 3197 facilius
1014 3154 1096 3197 est
1140 3158 1305 3195 unum
1353 3143 1554 3210 aliquid
1598 3145 1880 3211 complecti
1906 3181 1919 3203 ,
1948 3144 1992 3205 C

351 3252 518 3304 quam
541 3238 724 3287 omnia
779 3235 1056 3304 sigillatim
1096 3250 1324 3304 negare;
1359 3242 1496 3286 nteit
1529 3235 1807 3302 negatione
1824 3249 1915 3287 eo-

347 3346 472 3380 runt
522 3343 641 3395 qua:
694 3344 799 3381 non
836 3338 938 3389 est,
971 3336 1023 3379 et
1062 3328 1419 3380 afﬁrmatione
1466 3326 1585 3393 ejus
1624 3328 1765 3394 quod
1801 3337 1915 3391 est,

350 3423 485 3473 iilud
523 3420 871 3488 intelligentia
904 3421 1347 3477 complectamur.
1390 3419 1620 3475 Sanctus
1651 3420 1917 3474 Maximus

352 3515 407 3565 in
444 3513 763 3582 'l‘heofogicis
796 3529 811 3565 :
842 3513 942 3578 Qui
974 3513 1409 3581 puilosopbatur,
1442 3514 1618 3582 inquit
1646 3553 1660 3576 ,
1698 3516 1762 3566 de
1802 3513 1909 3566 lieo

348 3606 569 3679 iiii'lldo’
624 3605 856 3657 Verbum
918 3606 1047 3657 facit
1092 3620 1308 3658 carnem
1340 3643 1355 3668 ,
1410 3607 1536 3657 dum
1590 3621 1693 3657 non
1748 3616 1922 3672 potest

306 3691 316 3698 ’
352 3701 594 3762 ἓιιὶιηνῖυ,
632 3713 793 3761 quam
834 3712 898 3750 ex
954 3697 1020 3748 iis
1073 3710 1190 3763 qua:
1225 3696 1496 3748 cernimus
1530 3704 1585 3749 et
1614 3708 1920 3749 contreeta-

354 3805 503 3852 mus,
534 3790 699 3842 lteuin
742 3801 1069 3854 cognoscere
1094 3797 1351 3855 tanquam
1376 3802 1632 3848 causam;
1669 3787 1759 3855 qui
1797 3800 1922 3839 vero

1932 1824 1972 1877 Β

2002 604 2275 667 Spiritum,
2327 612 2507 668 utpote
2552 599 2694 669 quod
2744 614 2852 654 erat
2909 603 2959 653 in
3014 602 3296 668 principio.
3345 615 3393 655 et
3448 616 3566 654 erat

2001 694 2141 762 apud
2184 694 2349 745 Deum
2375 733 2387 751 .
2439 709 2560 745 cuni
2589 694 2679 760 qui
2710 706 2793 744 est
2830 708 2990 759 supra
3023 709 3187 758 quam
3232 694 3561 757 ἰιιροκιιὶιιις,

2002 799 2066 836 ενι
2102 785 2247 835 nuila
2284 785 2498 850 penitus
2535 798 2590 834 re
2616 799 2804 834 earum
2842 800 2960 847 qum
3006 786 3257 848 cognosci
3294 795 3516 851 possunt
3550 827 3562 844 ,

2003 884 2145 927 recte
2167 890 2523 937 cognoscens.
2567 873 2700 925 llinc
2736 877 2791 925 fit
2823 876 3186 938 peispicuum,
3214 877 3356 941 quod
3391 879 3563 940 magis

2001 968 2274 1030 proprium
2309 976 2391 1018 est
2433 965 2801 1029 pliiIOsopliari
2843 964 2907 1015 de
2947 965 3051 1015 Deo
3100 980 3193 1031 per
3227 968 3565 1029 negatimuw,

2000 1072 2160 1121 quam
2215 1070 2307 1122 per
2356 1054 2779 1113 aﬂirmaliones,
2831 1064 3100 1119 quatenus
3153 1056 3381 1105 alterum
3438 1056 3565 1107 facit

2011 1147 2245 1199 Verbum
2281 1146 2553 1212 spiritum.
2576 1145 2799 1196 alterum
2833 1142 3204 1197 facitVerbuui
3232 1161 3470 1197 carnem.
3493 1152 3564 1197 Ac

2005 1238 2272 1301 theologia
2305 1237 2522 1303 quidem
2562 1235 2834 1285 :iﬂit'tiians
2870 1248 2976 1283 \‘tui
3026 1235 3181 1285 liabet
3219 1250 3508 1299 t‘ompaian
3536 1239 3563 1287 ii

2002 1332 2052 1374 ct
2082 1326 2342 1389 figurandi
2375 1340 2435 1376 ac
2462 1325 2840 1387 roujcctancli;
2874 1335 2923 1375 rt
2958 1326 3056 1375 lioc
3091 1334 3296 1376 tantum
3336 1328 3526 1391 probat
3550 1369 3563 1387 ,

2004 1416 2207 1466 scilicet
2253 1415 2414 1465 Deum
2454 1430 2593 1472 esse,
2631 1431 2689 1465 ex
2732 1414 2794 1465 iis
2828 1431 2947 1479 qum
2989 1416 3054 1467 ab
3090 1415 3205 1480 ipso
3240 1417 3376 1467 facta
3410 1431 3565 1478 sunt;

2005 1504 2266 1569 theologia
2338 1520 2676 1570 \‘t‘i'ouegans
2706 1505 3037 1556 demonstrat
3064 1506 3226 1556 Deum
3256 1521 3375 1559 esse
3406 1524 3519 1574 sup:
3539 1524 3567 1561 a

2011 1596 2193 1647 omnia
2226 1619 2237 1655 -,
2276 1610 2337 1646 ac
2368 1597 2649 1645 ιιι-ιιειιιιιιι
2692 1596 2923 1645 maxime
2963 1595 3273 1659 assequitur
3304 1599 3395 1661 qui
3438 1598 3569 1649 ιιιο-ιι

2005 1703 2108 1740 ιιοιι
2141 1701 2258 1738 esse
2295 1685 2455 1737 Deum
2485 1684 2775 1751 quidquam
2807 1700 2990 1736 eorum
3020 1701 3136 1746 qure
3159 1695 3302 1743 sunt,
3333 1688 3422 1737 si-d
3452 1703 3570 1739 εδει)

2005 1789 2165 1841 Supra
2194 1776 2592 1835 substantiam,
2636 1785 2689 1825 ct
2742 1789 2909 1839 supra
2959 1777 3159 1827 omnia.
3215 1779 3477 1830 Pin-nterea
3517 1782 3566 1831 in

2006 1864 2115 1916 Deo
2140 1867 2448 1931 negationes
2479 1882 2583 1918 non
2618 1876 2742 1920 sunt
2770 1869 3055 1919 contrariie
3089 1868 3560 1927 aﬂiruiatiouibus:

2005 1973 2101 2012 nec
2131 1960 2273 2010 enim
2308 1960 2450 2026 quod
2483 1959 2765 2011 affirmatio
2794 1961 3098 2021 affirmavit,
3135 1962 3235 2013 boc
3265 1964 3435 2028 ipsum
3476 1981 3565 2015 lto-

2005 2052 2150 2116 gatio
2184 2050 2394 2117 negavit
2429 2067 2442 2102 :
2478 2052 2607 2117 quin
2646 2051 2751 2102 inio
2786 2052 2923 2103 sicut
2956 2052 3240 2104 afﬁrmatio
3274 2069 3378 2104 non
3414 2057 3563 2120 ponit

2004 2141 2132 2210 quid
2161 2142 2225 2193 sit
2253 2140 2413 2206 Deus,
2442 2141 2519 2194 sic
2548 2157 2721 2208 neque
2754 2146 2963 2209 negatio
2989 2143 3122 2194 tollit
3148 2145 3275 2210 quid
3304 2146 3365 2196 sit
3407 2146 3564 2201 Deus:

2004 2232 2148 2301 quod
2189 2233 2331 2284 enim
2387 2248 2493 2284 non
2543 2234 2727 2299 ponit.
2781 2234 3057 2299 quomodo
3111 2236 3299 2287 tollat?
3337 2236 3574 2304 Denique

2006 2337 2159 2390 aiqne
2188 2337 2294 2374 non
2325 2322 2632 2388 assequitur
2667 2322 3023 2375 substantiam
3062 2325 3150 2375 llei
3188 2335 3298 2377 ttiiii
3336 2328 3572 2379 aliirina-

2010 2414 2102 2474 tio.
2147 2424 2262 2466 tum
2300 2414 2554 2481 negatio:
2607 2415 2707 2465 hoc.
2740 2414 2915 2466 solum
2953 2413 3241 2477 differunt,
3280 2418 3422 2483 quod
3454 2433 3576 2484 pro-

2008 2506 2135 2573 pius
2170 2505 2378 2558 accedit
2424 2506 2488 2557 ad
2532 2499 2811 2556 veritatem
2849 2504 2941 2572 qui
2979 2504 3131 2567 dicit,
3180 2504 3319 2560 Deus
3352 2521 3456 2561 non
3492 2515 3575 2561 est

2012 2596 2113 2649 hoc
2143 2595 2284 2664 quod
2319 2609 2418 2648 nos
2442 2593 2839 2648 existimamus.

2630 2707 2861 2761 CAPUT
2901 2707 2967 2760 X.

2022 2822 2180 2885 Quod
2215 2820 2355 2872 Deus
2384 2832 2458 2872 est
2492 2837 2649 2881 supra
2675 2836 2876 2892 onmem
2903 2821 3309 2892 affirmatione":
3334 2831 3380 2873 et
3428 2839 3582 2892 nega-

2089 2894 2316 2948 tionem;
2376 2901 2422 2941 et
2460 2891 2598 2957 quod
2629 2890 2797 2941 Solum
2856 2891 3127 2940 nescmido
3164 2900 3211 2941 et
3246 2894 3451 2955 penitus
3479 2890 3581 2944 mn

2089 2961 2311 3012 videndo
2343 2960 2500 3011 sintut
2528 2975 2642 3011 eum
2679 2962 3060 3026 cognoscimus,
3093 2970 3138 3010 et
3167 2961 3227 3010 de
3259 2976 3316 3011 eo
3352 2964 3583 3027 philoso-

2092 3036 2244 3098 pham
2254 3046 2282 3081 tt
2293 3047 2333 3084 r.

2098 3142 2325 3212 Magnus
2357 3140 2646 3209 Dionysius
2684 3142 2864 3205 capite
2922 3141 3094 3203 primo
3130 3141 3367 3211 Mystica!
3421 3142 3587 3195 Theo-

2023 3235 2174 3304 logiw
2207 3249 2224 3287 :
2254 3233 2364 3286 Mea
2391 3234 2574 3299 igitur,
2608 3233 2804 3298 inquit,
2838 3235 3073 3300 precatio
3095 3234 3205 3286 luce
3237 3236 3323 3295 sit,
3358 3244 3409 3287 tu
3435 3250 3582 3299 vero,

2025 3329 2197 3383 amice
2263 3326 2568 3385 'l'nnotliee.
2621 3328 2890 3391 relinque,
2927 3325 3227 3377 voltcinenti
3292 3328 3472 3378 studio
3538 3339 3591 3380 et

2026 3421 2417 3476 exercitatione
2478 3418 2877 3481 contemplandi
2923 3433 3141 3481 arcana,
3198 3428 3310 3470 tum
3373 3434 3588 3475 sensus.

2029 3527 2137 3568 tum
2176 3513 2371 3566 mentis
2405 3509 2809 3575 intelligentias,
2851 3518 2903 3562 et
2955 3511 3133 3561 omnia
3178 3526 3296 3577 quze
3326 3511 3428 3562 sub
3468 3526 3591 3563 Sen-

2029 3622 2146 3660 sum
2177 3617 2229 3658 ct
2282 3603 2687 3671 intelligentiam
2741 3601 2963 3662 cadunt,
2998 3618 3060 3654 ac
3100 3606 3277 3653 omnia
3332 3618 3450 3667 qum
3482 3620 3587 3655 non

2031 3706 2157 3751 sunt
2188 3698 2284 3764 (l).
2320 3707 2371 3749 et
2404 3711 2522 3762 quae
2551 3704 2697 3755 sunt,
2726 3705 2778 3747 et
2800 3703 3070 3761 quantum
3103 3694 3305 3748 ritibus
3334 3698 3590 3761 consequi

2035 3789 2237 3857 poteris
2263 3787 2326 3840 ad
2347 3788 2792 3856 coniunctionem
2818 3801 2940 3839 eum
2967 3800 3029 3838 eo
3053 3800 3211 3853 supra
3231 3789 3595 3854 omneiii_suli-

1836 3903 2115 3964 SchoHa.

428 4014 506 4077 tl)
535 4010 707 4078 Supra
731 4026 935 4063 omnem
964 4010 1302 4064 oblationem.
1326 4012 1418 4065 Est
1452 4010 1645 4079 positio
1674 4011 1925 4077 simplex,

354 4086 577 4136 uilicus
610 4093 693 4135 est
730 4083 862 4140 vita,
896 4082 1134 4141 bonitas,
1186 4082 1342 4147 lapis,
1378 4092 1461 4135 est
1517 4082 1676 4134 etiam
1727 4082 1927 4147 positio

356 4153 725 4221 liypotlietica.
759 4166 882 4203 cum
930 4152 1280 4221 allii-inationi
1322 4153 1669 4219 adiungimus
1710 4166 1927 4217 compa-

352 4220 647 4280 rationem,
679 4221 927 4287 utilia-gis
958 4229 1038 4272 est
1061 4220 1197 4273 Deus
1216 4221 1345 4282 vita,
1374 4236 1534 4288 quani
1554 4221 1712 4288 lapis,
1733 4230 1786 4273 et
1813 4238 1926 4272 ιιιίι-

354 4311 441 4361 gis
477 4292 709 4346 bonitas.
741 4304 899 4361 quam
930 4289 1087 4356 ignis.
1126 4289 1393 4350 similiter,
1430 4289 1630 4341 ablatio
1671 4291 1923 4356 simplex,

357 4359 474 4414 sive
518 4363 750 4427 negatio,
788 4368 846 4411 ut
872 4359 1010 4411 Deus
1039 4372 1144 4410 non
1188 4369 1270 4412 est
1304 4361 1464 4426 lapis,
1501 4376 1606 4411 non
1640 4362 1921 4422 irascuur,

354 4432 635 4482 etsimilia
689 4430 1116 4496 liypotlieticain,
1181 4440 1233 4481 ut
1266 4434 1437 4497 magis
1490 4443 1595 4479 non
1647 4440 1728 4481 est
1784 4432 1922 4481 Deus

357 4500 566 4560 eb.ins,
617 4494 777 4565 quain
826 4515 929 4550 non
989 4508 1071 4550 est
1131 4494 1382 4551 sermone
1418 4498 1716 4564 explicatus
1758 4513 1919 4566 supra
1959 4494 2000 4547 D

338 4564 541 4621 'ntrnui
566 4586 654 4633 ine
673 4584 841 4636 genus
864 4567 1151 4635 positionis
1173 4578 1225 4636 et
1249 4569 1540 4620 ablationis
1563 4577 1645 4619 est
1679 4564 1842 4627 Deus,
1866 4571 1932 4621 de

359 4642 445 4690 liis
475 4639 694 4706 ltionys.
732 4653 853 4704 cap.
880 4652 935 4688 iii
959 4638 1187 4705 Mysfica:
1213 4635 1457 4704 Theolog.
1490 4639 1543 4689 In
1571 4637 1932 4705 positionibus

360 4708 747 4777 liypotlietiris,
778 4722 896 4774 quae
925 4710 1096 4775 inagis
1152 4707 1259 4777 Deo
1310 4708 1665 4777 c0nyeniunt.
1696 4708 1783 4758 illa
1815 4723 1934 4760 sor-

360 4776 569 4829 ιιιιιιιιιι⁸
603 4779 731 4829 illud
768 4778 957 4844 magis,
1006 4786 1064 4827 ut
1102 4776 1270 4841 magis
1298 4786 1378 4829 est
1422 4776 1562 4830 Deus
1600 4778 1731 4836 vita,
1768 4792 1931 4842 quani

360 4864 473 4910 aer,
501 4861 692 4899 contra
718 4862 844 4899 vero
868 4863 919 4899 ιιι
945 4847 1328 4907 ablationibus,
1350 4861 1470 4913 qin
1495 4847 1782 4899 remotiora
1804 4857 1934 4897 sunt

360 4935 389 4969 ει
418 4918 525 4968 Deo
561 4918 828 4983 iceipiunt
856 4919 1049 4979 magis,
1081 4925 1138 4967 ut
1159 4919 1333 4982 magis
1354 4930 1456 4967 nuit
1494 4919 1745 4968 irascitur
1772 4916 1932 4977 Deus,

360 5004 524 5049 quam
564 5003 671 5055 non
702 4988 1038 5053 intelligitur.
1072 4987 1283 5039 Rursus
1308 5000 1426 5053 cap.
1450 5002 1483 5038 ιι
1516 4986 1749 5055 Μῃδιίειιο
1778 4984 1939 5036 Theo-

363 5059 466 5124 log.
505 5074 517 5108 :
555 5054 884 5116 l’ositiones,
921 5056 1117 5123 inquit,
1171 5067 1299 5107 sunt
1333 5072 1671 5122 quierunque
1722 5060 1771 5105 in
1838 5057 1943 5107 Deo

360 5130 639 5185 tbenntur.
669 5135 725 5178 ut
751 5128 797 5177 ei
827 5126 1093 5188 convenit,
1119 5134 1175 5178 ut
1203 5140 1320 5183 cus,
1352 5130 1682 5187 rita,luincn
1714 5136 1760 5177 ct
1785 5126 1887 5175 alia
1928 5140 1940 5175 :

363 5200 667 5249 ablationes
694 5207 875 5248 autem
908 5210 1249 5261 quaicnnqnc
1298 5212 1324 5245 ει
1368 5196 1475 5248 Deo
1511 5202 1685 5248 aliena
1746 5210 1949 5261 negau-

364 5280 471 5328 tur,
513 5277 570 5318 nt
598 5281 703 5318 non
734 5275 819 5319 cst
844 5280 1039 5333 cotpus
1069 5264 1235 5324 Deus.
1270 5280 1374 5317 non
1405 5269 1607 5328 anima,
1639 5280 1735 5318 nec
1789 5269 1946 5332 quid-

364 5355 528 5400 quam
563 5353 750 5389 eorum
785 5352 906 5403 qua:
956 5352 1008 5387 in
1051 5336 1415 5403 cognitionem
1447 5338 1667 5389 cadunt.

438 5408 521 5476 (‘2)
556 5406 913 5459 Dissimilibus
950 5407 1423 5458 nominationibus.
1486 5408 1786 5458 Dissimiles
1843 5421 1945 5457 no-

368 5481 702 5530 minationes
728 5487 882 5529 vocat
941 5490 1062 5544 qua!
1089 5477 1277 5528 dicunt
1312 5481 1377 5529 de
1439 5492 1495 5529 re
1527 5493 1647 5545 qua:
1699 5487 1801 5538 est,
1838 5495 1944 5528 non

377 5551 506 5617 quid
539 5558 629 5608 sit,
668 5552 760 5601 sed
793 5548 921 5616 quid
956 5550 1190 5617 nonjit,
1228 5550 1370 5612 quod
1396 5559 1471 5599 est
1517 5549 1803 5601 dissimile.

451 5620 528 5687 (3)
576 5618 759 5670 Tacita
786 5615 1026 5671 traditio.
1064 5615 1309 5669 Traditio
1344 5622 1556 5672 occulta
1595 5618 1950 5672 sacerdotalis

459 5802 533 5859 in)
570 5790 623 5843 in
656 5792 902 5843 ce:.turia
929 5786 985 5850 2,
1021 5802 1137 5855 cap.
1179 5784 1265 5838 39.

2038 4021 2263 4065 iocatur
2288 4012 2510 4062 traditio
2537 4013 2910 4078 apostolorum
2940 3998 3067 4063 sine
3099 4011 3319 4076 sciipto.

2109 4083 2186 4147 (4)
2237 4083 2636 4148 Afﬁrmationrs
2668 4097 2787 4131 rero
2839 4097 2938 4133 non
2972 4090 3281 4145 congruunt.
3319 4077 3597 4147 Tanquam

2036 4151 2203 4209 falsie.
2233 4154 2359 4219 quia
2392 4166 2555 4217 supra
2586 4151 2682 4202 has
2708 4160 2806 4207 est.
2842 4161 2924 4201 est
2955 4151 3115 4211 hens,
3138 4159 3192 4201 ut
3224 4166 3327 4202 non
3353 4160 3439 4203 est
3470 4167 3599 4202 sur-

2036 4223 2257 4284 statztia,
2299 4222 2387 4274 sed
2426 4237 2583 4288 supra
2620 4219 3001 4282 substantiam;
3048 4234 3149 4269 non
3183 4230 3265 4271 est
3321 4220 3452 4289 vita.
3507 4227 3598 4273 sed

2035 4307 2195 4357 Supra
2232 4291 2414 4353 \iian:;
2447 4303 2498 4342 et
2540 4291 2654 4341 ideo
2677 4306 2783 4341 ιιιοιι
2818 4290 3029 4341 definiri
3066 4299 3261 4353 potest,
3312 4290 3436 4356 quia
3468 4290 3601 4340 deii-

2036 4363 2168 4413 intio
2200 4371 2410 4413 constat
2438 4377 2497 4411 ex
2532 4360 2906 4419 afﬁrmatione,
2943 4369 2993 4410 ct
3029 4360 3140 4421 ipse
3191 4371 3271 4411 est
3323 4367 3486 4425 su'pia
3521 4360 3603 4409 af-

2036 4432 2391 4491 fii'niatiuiies,
2423 4448 2541 4497 qua:
2581 4430 2627 4481 ei
2658 4446 2761 4481 non
2796 4438 3123 4493 congruunt.

2102 4502 2176 4569 (ii)
2223 4500 2395 4564 Quum
2429 4496 2683 4568 negando.
2725 4499 2878 4550 Verbi
2907 4498 3100 4563 gratia,
3124 4497 3166 4547 si
3188 4506 3459 4564 quaeratur
3487 4496 3597 4549 bis-

2037 4586 2275 4639 qumque
2295 4581 2425 4638 quot
2452 4572 2617 4621 sunt?
2647 4570 2951 4635 espeditius
2986 4576 3068 4619 est
3121 4574 3473 4639 resoniieere.
3513 4571 3605 4616 de-

2038 4632 2154 4693 cem
2189 4632 2528 4701 iiflirinando,
2583 4632 2744 4705 quam
2781 4642 2957 4690 dicere
2997 4655 3043 4688 ti:
3068 4638 3282 4701 gaude:
3319 4632 3431 4686 Non
3482 4652 3542 4686 su
3592 4647 3608 4687 t

2042 4710 2162 4772 tria,
2196 4726 2301 4762 non
2357 4720 2612 4777 quatuor,
2666 4722 2772 4761 non
2802 4710 3061 4776 quinque,
3123 4722 3231 4758 non
3297 4707 3505 4774 \iginti,
3558 4720 3610 4758 et

2039 4780 2315 4847 deinceps.
2968 4844 3047 4847 _7
3157 4844 3187 4847 ν
3306 4828 3316 4836 .

2112 4851 2187 4916 (6)
2222 4844 2294 4901 Ac
2322 4850 2493 4901 omnia
2524 4864 2639 4915 qu
2670 4865 2771 4899 non
2796 4856 2936 4898 sunt.
2967 4844 3121 4896 Prius
3141 4844 3380 4897 dixerat:
3408 4844 3467 4894 lit
3497 4858 3614 4893 oui-

2046 4921 2133 4971 nia
2165 4935 2283 4985 qua:
2320 4922 2421 4972 sub
2456 4936 2675 4971 sensum
2737 4927 2787 4969 t-t
2821 4920 2921 4970 sub
2952 4915 3357 4982 intelligentiam
3388 4917 3610 4975 cadunt;

2050 4984 2191 5040 idem
2224 5006 2370 5041 nunc
2395 4992 2457 5039 ἐκ
2483 4988 2826 5056 παραλλὴὶου
2872 4987 3129 5043 declarat.
3169 5000 3290 5038 cum
3350 4988 3417 5035 ait
3465 5002 3477 5036 :
3538 4984 3613 5033 Ac

2051 5062 2233 5110 omnia
2260 5074 2381 5125 qum
2417 5075 2522 5110 non
2552 5069 2703 5111 sunt;
2734 5058 2844 5109 hinc
2866 5058 3008 5108 enim
3038 5056 3362 5122 respondent
3400 5056 3615 5106 sensili—

2056 5132 2177 5188 bus.
2204 5143 2319 5195 ρυλε
2342 5136 2549 5181 veteres
2576 5128 2829 5181 dicebant
2860 5143 2962 5178 non
2993 5140 3133 5184 esse,
3170 5132 3223 5173 ut
3260 5139 3378 5191 qum
3401 5138 3615 5174 omnem

2058 5207 2412 5251 Ittulaltoltcm
2439 5210 2718 5264 caperent,
2742 5208 2792 5247 ut
2819 5212 2921 5247 ιιοιι
2949 5211 3160 5262 semper
3185 5198 3236 5244 iii
3262 5195 3377 5244 euil-
3402 5210 3450 5243 ιιι
3477 5203 3617 5264 statu

2058 5276 2260 5320 essent.
2351 5267 2416 5319 Et
2481 5262 2541 5319 eo
2607 5283 2721 5333 qua:
2775 5277 2917 5318 sunt.
2983 5264 3105 5317 llxc
3160 5265 3489 5330 respondent
3554 5262 3616 5309 ad

2064 5338 2149 5389 illa
2177 5338 2279 5391 sub
2338 5338 2745 5405 intelligentiam
2782 5336 3051 5387 cadentia.
3089 5333 3422 5385 lutcllectiiia
3478 5345 3619 5382 enim

2057 5409 2219 5459 iidem
2286 5419 2493 5461 veteres
2532 5423 2651 5460 esse
2700 5406 2977 5466 dicebant,
3030 5405 3227 5472 quippe
3261 5420 3377 5469 qua:
3408 5414 3626 5467 semper

2053 5488 2232 5530 essent
2254 5477 2579 5531 immortalia
2608 5479 2880 5529 voluntate
2907 5478 3161 5536 aucturis,
3186 5485 3235 5525 et
3265 5477 3627 5525 substantiam

2057 5565 2161 5600 non
2195 5558 2491 5600 mutarent.
2527 5550 2751 5615 Proprie
2787 5548 2948 5614 igitur
2978 5558 3103 5599 sunt
3142 5550 3233 5597 inti
3256 5545 3497 5600 iiL‘t'lliia,
3528 5547 3628 5593 lio-

2064 5635 2316 5687 nioiiynic
2349 5630 2532 5673 autem
2563 5620 2807 5671 sensilia.
