4416 6448
807 454 909 515 775

1958 440 2285 501 JOANNIS
2326 440 2503 498 CYPA
2524 436 2911 507 ιιιςςιοτςε

3914 428 4026 499 iis

805 560 1059 612 stantiam
1122 562 1173 605 ct
1239 549 1650 616 intelligentiam
1705 557 1805 611 est,
1863 546 2159 613 ignorando
2205 544 2362 597 adni-
2392 551 2434 603 Α
2465 544 2536 596 Ex
2558 545 2808 595 omnilms
2850 542 3590 610 igiturqumhacteno;dicta
3613 546 4031 607 stint,lirntissi-

806 657 918 696 tere
952 645 1027 709 (l)
1060 658 1071 692 :
1109 652 1197 693 tua
1234 641 1373 690 enim
1416 641 1603 695 lilicra,
1633 641 1806 687 soluta
1867 646 1915 688 et
1987 651 2119 702 pura
2168 650 2356 686 muca-

811 738 958 786 tione
988 747 1017 783 a
1075 744 1304 797 corpore
1333 738 1383 778 et
1413 728 1479 779 ab
1510 727 1762 778 omnibus
1817 728 1977 777 rebus
2015 725 2081 777 ad
2153 725 2361 776 radium

808 818 1389 889 siiprasnhstantialem
1448 817 1644 868 divina:
1684 815 2034 867 obscuritatis
2097 811 2363 867 detractis

806 914 1059 964 omnibus
1096 920 1148 961 et
1200 910 1267 960 ah
1314 908 1567 959 omnibus
1629 907 1911 971 expeditus
1942 904 2251 956 adduceris.
2290 905 2367 955 Ac

806 1019 996 1054 rursus
1021 1002 1157 1052 idem
1190 1002 1363 1066 capite
1396 998 1635 1050 secundo
1666 1016 1675 1046 :
1711 997 1763 1047 In
1821 997 1940 1057 hac,
1998 996 2187 1062 inquit,
2238 994 2369 1046 cali-

807 1093 950 1159 gine,
980 1106 1097 1156 qnze
1135 1092 1311 1141 lumen
1367 1088 1551 1147 vincit,
1592 1096 1647 1138 nt
1697 1102 1792 1137 nos
1825 1088 2018 1147 simus,
2065 1100 2366 1150 precamur,

806 1191 859 1234 et
919 1192 974 1231 ιιι
1041 1195 1145 1231 non
1217 1178 1444 1229 videndo
1498 1187 1551 1228 ι·ι
1616 1177 1938 1242 ignorando,
1991 1176 2269 1227 videamus
2318 1183 2370 1227 et

808 1288 1229 1344 cognoscamus,
1262 1280 1313 1322 et
1340 1286 1461 1321 enm
1490 1270 1579 1337 qui
1611 1279 1687 1321 est
1729 1284 1891 1335 supra
1924 1283 2088 1334 quam
2115 1269 2369 1319 substan-

810 1367 903 1427 tia,
934 1378 1095 1431 supra
1122 1360 1475 1414 substantiam
1502 1362 1805 1421 laudemus,
1833 1358 2085 1411 omnibus
2113 1358 2271 1410 rebus
2305 1358 2372 1409 ali

812 1472 877 1505 eo
921 1454 1213 1520 separatis.
1250 1463 1297 1502 et
1334 1453 1475 1501 illain
1513 1454 1797 1512 caliginem
1849 1449 2107 1510 divinam,
2159 1463 2275 1516 qua:
2306 1449 2373 1499 ali

816 1560 961 1594 omni
995 1544 1200 1593 lumine
1229 1541 1370 1607 quod
1407 1540 1457 1590 in
1500 1540 1659 1590 rebus
1709 1548 1807 1599 ist,
1861 1538 2150 1603 obtegitur,
2180 1551 2373 1588 cerna-

817 1648 957 1686 mus.
986 1632 1258 1684 Etiteruni
1300 1632 1435 1681 idem
1464 1630 1515 1680 in
1572 1629 1797 1693 epistola
1833 1630 2008 1694 prima
2055 1628 2119 1679 ad
2158 1628 2374 1692 Caium,

815 1726 1085 1785 Tetielira,
1122 1723 1319 1790 inquit,
1353 1722 1558 1773 lumine
1592 1719 1840 1771 aufertur
1870 1735 1898 1770 e
1928 1728 2221 1785 consiiectu
2254 1735 2375 1770 oni-

810 1815 984 1874 nitini,
1012 1823 1064 1864 et
1095 1813 1316 1879 c0pioso
1348 1810 1551 1861 lumine
1582 1810 1751 1875 magis
1802 1790 2035 1859 aufertur
2074 1806 2379 1872 ;cognitio-

813 1920 909 1958 nes
942 1904 1199 1957 auferunt
1254 1902 1643 1969 ignorantiam,
1699 1908 1753 1951 et
1810 1898 1995 1949 multa!
2038 1898 2376 1965 cognitiones

811 1999 982 2060 inagis
1025 1995 1199 2046 adhuc
1223 1993 1492 2044 aiilerunt.
1550 1990 1669 2041 lla'c
1708 1989 1980 2055 superlate
2033 1988 2131 2053 (‘2),
2169 1997 2221 2040 et
2268 2003 2374 2039 non

812 2089 1089 2158 privanter
1142 2085 1468 2151 intelligi-ns,
1520 2082 1814 2149 pronuntia
1886 2081 2185 2141 verissime,
2234 2079 2377 2147 quod

811 2180 900 2246 qui
936 2178 1132 2229 habent
1163 2177 1303 2242 quod
1347 2184 1426 2225 est
1454 2173 1632 2223 lumen
1665 2170 1764 2243 (3),
1799 2178 1850 2222 τι
1882 2172 2079 2222 habent
2106 2181 2379 2224 creatura-

813 2286 931 2324 rum
963 2268 1351 2336 cognitionem,
1388 2266 1515 2316 latet
1538 2278 1630 2314 eos
1664 2263 1930 2330 ignoratio
1956 2262 2048 2315 Dei
2082 2261 2181 2330 (4),
2214 2273 2264 2315 ct
2297 2272 2375 2315 te-

814 2362 981 2413 nebra
1023 2360 1140 2425 ejus
1204 2354 1575 2423 suuraposita.
1611 2362 1661 2404 et
1685 2352 1830 2404 onini
1854 2352 2055 2404 lumine
2088 2353 2376 2421 obtegitur,

813 2452 958 2503 omni
996 2448 1304 2516 cngnitione
1337 2444 1658 2499 subducitur
1686 2462 1697 2507 ;
1727 2445 1846 2495 etsi
1872 2443 1997 2511 quis
2028 2441 2193 2496 Deum
2226 2444 2376 2508 vidit,

812 2554 866 2599 et
899 2542 1153 2608 cognovit
1180 2539 1320 2608 quod
1362 2538 1515 2597 vidit,
1544 2552 1650 2588 non
1685 2536 1820 2589 vidit
1846 2534 2031 2602 Deum,
2053 2538 2145 2591 sed
2176 2539 2379 2607 aliquid

810 2645 1183 2688 creaturarum
1212 2633 1351 2697 ejus.
1387 2638 1439 2682 et
1467 2643 1650 2681 eorum
1680 2644 1798 2695 qure
1831 2630 2145 2694 cognitione
2200 2632 2379 2699 perci-

822 2724 1044 2783 piuntur
1077 2737 1090 2771 :
1124 2721 1238 2786 ipse
1266 2726 1441 2769 autem
1472 2728 1633 2781 supra
1676 2726 1907 2766 mentem
1933 2725 1985 2766 et
2018 2715 2379 2769 substantiam

815 2820 1135 2866 constanter
1157 2805 1509 2867 nianens,hoc
1526 2805 1639 2871 ipso
1661 2804 1802 2869 quod
1825 2817 1996 2871 neque
2012 2804 2379 2871 cognoscitur,

818 2916 910 2953 nec
938 2908 1042 2960 est,
1071 2906 1151 2949 est
1172 2908 1333 2961 supra
1373 2892 1753 2951 substantiam,
1786 2899 1839 2943 et
1866 2906 2023 2959 supra
2047 2901 2275 2944 mentem
2299 2907 2380 2945 co-

814 2991 1117 3061 gooscitur,
1135 2996 1189 3039 et
1208 2986 1295 3038 illa
1315 2983 1567 3036 inelioret
1587 2984 1837 3035 universa
1864 2983 2132 3051 ignoratio
2144 2983 2382 3051 cognitio

2465 650 2549 688 tne
2573 645 2805 696 constat,
2822 636 3135 700 theologiam
3154 638 3441 701 generatim
3460 635 3510 686 in
3542 648 3771 700 quatuor
3788 639 4031 703 p:irtilius

2470 728 2677 777 versari
2710 741 2724 777 :
2766 726 3123 794 symbolicain
3169 726 3388 793 quidem
3429 727 3481 778 in
3518 724 3732 777 duabus
3762 727 4029 792 partibus,

2471 814 2799 882 imaginibus
2832 815 3057 875 scilicet,
3112 824 3167 868 et
3208 816 3255 865 in
3294 814 3514 879 verbis;
3556 814 4033 867 demonstrativam

2470 919 2597 957 vero
2652 906 2705 957 in
2739 904 2924 956 alteris
2952 904 3183 967 duabus,
3210 904 3415 956 scilicet
3445 904 3496 956 in
3532 904 3822 967 aientibus,
3855 912 3907 955 et
3939 919 4034 955 ne-

2469 994 2723 1062 gantibus
2750 1012 2761 1047 :
2792 995 2934 1061 quod
2969 1002 3254 1046 autemest
3287 993 3423 1046 ultra
3451 1008 3609 1055 quam
3640 995 3770 1053 haec,
3798 994 3862 1051 ad
3890 994 4032 1058 igno-

2472 1087 2733 1136 rationem
2766 1085 2875 1147 Dei,
2900 1087 2987 1151 qui
3022 1100 3193 1152 nequc
3222 1084 3499 1152 cognosci,
3536 1100 3707 1151 neque
3734 1084 3900 1136 videri
3940 1099 4039 1150 po-

2472 1184 2571 1227 test
2589 1177 2839 1243 pertinet.
2865 1190 2983 1242 quae
3012 1174 3225 1241 quidem
3258 1190 3359 1224 non
3385 1184 3465 1226 est
3498 1174 3663 1240 posita
3685 1189 3807 1241 pars
3827 1175 4042 1226 theolo-

2472 1269 2591 1333 gize,
2607 1282 2723 1333 quae
2743 1268 2881 1318 enim
2912 1276 3031 1317 nata
3046 1276 3143 1321 est.
3165 1274 3219 1315 ut
3234 1279 3392 1331 supra
3412 1273 3640 1315 mentem
3661 1278 3709 1316 et
3730 1277 4037 1317 sermonem

2473 1366 2525 1409 et
2548 1359 2810 1407 rationem
2840 1358 3169 1423 perficiatur,
3204 1356 3293 1406 ιιιιί
3328 1368 3444 1406 eam
3476 1355 3822 1408 eolloeahunt
3849 1356 3936 1420 qui
3975 1369 4043 1406 ee

2489 1450 2590 1500 hac
2626 1462 2682 1498 re
2716 1448 3005 1513 qumruut?
3056 1448 3154 1497 nisi
3200 1448 3337 1497 lianc
3398 1455 3628 1513 patteni,
3672 1447 4039 1511 cognitioneitt

2490 1548 2651 1601 sopi-a
2719 1544 2957 1585 mentem
2998 1548 3193 1585 iocare
3224 1543 3466 1585 statuant
3504 1549 3690 1584 tittznes
3753 1533 3871 1585 illos
3905 1548 4042 1600 prse-

2478 1625 2655 1677 claros
2683 1633 2735 1677 et
2761 1625 2977 1679 divinos
3000 1626 3162 1687 viros,
3203 1629 3321 1692 qui,
3368 1637 3425 1678 ut
3453 1625 3581 1677 milii
3617 1628 3844 1688 videtur,
3882 1641 3947 1677 ex
3978 1640 4043 1675 eo

2482 1718 2629 1782 quod
2658 1715 2803 1768 illam
2826 1716 3033 1783 experti
3060 1725 3204 1779 sunt,
3231 1732 3425 1769 nonten
3451 1731 3498 1769 ei
3521 1716 3914 1778 indiderm.t,et
3934 1732 4041 1766 non

2482 1822 2548 1860 ex
2597 1807 3066 1860 demonstratione
3089 1808 3363 1875 quapiam.
3391 1807 3716 1875 Conjunctio
3749 1810 3891 1862 enim
3919 1823 4043 1860 cuni

2483 1897 2589 1950 Deo
2610 1913 2770 1964 supra
2806 1910 3061 1960 mentem,
3100 1899 3148 1949 id
3180 1910 3284 1962 est,
3320 1899 3526 1967 ingredi
3559 1914 3651 1965 per
3687 1898 4042 1967 ignorantiam

2480 1987 2775 2056 perfectam
2816 1989 2869 2040 in
2908 1989 3034 2040 illud
3071 1989 3359 2049 inﬁnitum,
3411 1999 3463 2041 et
3489 1990 3629 2057 quod
3659 1988 4043 2057 comprehendi

2482 2095 2589 2133 non
2645 2091 2836 2146 potest,
2860 2089 2911 2131 et
2952 2081 3002 2131 in
3042 2080 3263 2147 pelagus
3314 2081 3634 2149 immensum
3672 2090 3877 2132 natura:
3900 2079 4045 2147 ejus,

2478 2185 2532 2227 et
2565 2174 2653 2227 ubi
2685 2174 2862 2226 omnis
2894 2183 3089 2225 natura
3129 2173 3418 2241 defatigata
3457 2173 3601 2225 sistit
3630 2182 3783 2233 se,et
3814 2173 4046 2227 ulterius

2481 2263 2729 2334 progredi
2763 2278 2867 2316 non
2902 2262 3085 2323 audet,
3124 2263 3267 2329 quod
3298 2276 3326 2313 a
3375 2262 3559 2314 divino
3592 2262 3822 2330 quodam
3856 2262 4047 2325 odore,

2479 2366 2532 2410 et
2561 2357 2792 2424 quadam
2834 2370 2863 2407 a
2890 2368 3114 2422 corpore
3145 2366 3197 2407 et
3226 2367 3254 2405 a
3282 2353 3546 2407 creaturis
3600 2353 3920 2405 avocatione
3940 2392 3955 2414 ,
3990 2352 4045 2405 in

2481 2447 2810 2501 laudabilem
2870 2454 2923 2498 et
2951 2444 3168 2497 beatum
3207 2454 3429 2508 statum,
3462 2459 3567 2498 n0n
3599 2446 3772 2499 solum
3808 2445 4046 2498 admira-

2482 2538 2643 2591 bilius
2657 2553 2821 2605 quain
2842 2536 2946 2588 dici
2973 2536 3161 2603 possit,
3184 2536 3450 2604 sedquam
3481 2536 3730 2604 intelligi,
3751 2536 4047 2603 aliquando

2482 2629 2737 2691 restituit,
2771 2628 3108 2695 conjunctio,
3149 2628 3393 2693 inquam,
3428 2628 3540 2679 lucc
3572 2642 3693 2681 cmn
3731 2628 3839 2679 Deo
3876 2643 4045 2693 supra

2484 2729 2741 2778 mentem,
2772 2728 2820 2771 et
2882 2717 3152 2786 njusmodi
3180 2717 3361 2768 divina
3389 2718 3640 2778 exstasis,
3664 2716 3807 2768 nulla
3840 2717 4051 2784 species

2486 2810 2766 2876 theologia:
2820 2817 2949 2859 tunc
2979 2814 3257 2858 numerata
3289 2816 3391 2860 est.
3428 2806 3618 2858 Omnis
3642 2806 3785 2857 enim
3818 2806 4050 2859 scientia

2484 2904 2539 2951 et
2592 2896 2934 2957 informatio,
2962 2910 3151 2947 eorum
3185 2910 3345 2947 causa
3372 2910 3488 2960 qua:
3522 2896 3770 2948 sciuntur
3794 2906 3843 2947 et
3872 2892 4051 2946 infor-

2486 3002 2722 3049 mantur,
2766 2990 2820 3044 lit
2853 3006 2867 3053 ;
2908 2989 2994 3042 ubi
3024 2999 3201 3041 autem
3229 2988 3359 3041 nihil
3394 2989 3585 3042 horuni
3615 2999 3714 3052 est,
3738 3004 3855 3056 qua:
3886 2988 4052 3056 hujus

815 3094 892 3134 est
914 3083 1034 3147 ejus
1068 3077 1159 3145 qui
1180 3084 1263 3129 est
1283 3088 1444 3141 supra
1473 3073 1652 3125 omnia
1690 3087 1809 3140 qum
1835 3073 1886 3125 lli
1908 3073 2267 3140 cognitionem
2298 3087 2387 3125 ca-
2416 3087 2459 3146 ε
2493 3081 2736 3133 scicntia)
2767 3094 2856 3131 ars
2890 3080 3248 3131 esse-dicenda
3282 3078 3407 3131 est?
3438 3078 3504 3131 Ut,
3536 3078 3696 3145 igitur
3740 3079 3879 3132 hanc
3922 3094 4051 3145 par.

815 3172 968 3223 (litiit.
993 3168 1053 3220 Et
1076 3174 1294 3219 sanctus
1312 3163 1574 3214 Maximus
1598 3180 1610 3215 ;
1638 3159 1785 3213 Hanc
1799 3162 1991 3225 solam,
2010 3162 2203 3230 inquit,
2224 3162 2387 3216 habet

815 3260 960 3312 Deus
985 3272 1163 3310 veram
1188 3255 1568 3321 cognitionem,
1596 3267 1702 3305 non
1724 3252 1994 3319 c0gnosci.
2016 3251 2090 3303 E1
2112 3253 2192 3304 his
2219 3263 2383 3317 patet,

818 3350 993 3403 Deum
1050 3362 1166 3401 esse
1219 3358 1384 3412 supra
1434 3357 1648 3394 omnem
1686 3340 2100 3395 allirinationein
2138 3352 2190 3394 et
2221 3357 2383 3411 nega-

814 3444 1037 3504 tionem,
1077 3447 1130 3491 et
1160 3451 1258 3489 nos
1305 3436 1481 3489 solum
1532 3434 1834 3501 ignorando
1871 3433 2127 3500 perfecte,
2178 3444 2232 3487 et
2269 3452 2375 3487 non

813 3531 1065 3595 videndo,
1088 3540 1420 3595 cognoscere
1451 3532 1678 3587 eum,et
1733 3523 1802 3578 de
1861 3539 1926 3578 eo
1978 3525 2373 3593 philosophari.

2487 3181 2591 3223 tem
2638 3171 2881 3237 repetitis
2910 3171 3570 3237 capitibuscxpediamus,
3617 3171 4049 3222 demonstratum

2484 3271 2567 3315 est
2633 3262 2904 3330 duplicem
2959 3276 3086 3315 esse
3153 3261 3479 3327 theologiam
3542 3261 4048 3324 demonstrativam;

2486 3354 2683 3407 deinde
2714 3352 2859 3420 quod
2898 3366 2995 3406 nec
3030 3354 3143 3405 limc
3185 3351 3302 3404 sine
3331 3359 3458 3420 typo
3498 3360 3551 3403 et
3596 3352 3878 3419 aenigmate
3929 3367 4052 3405 Cer-

2495 3446 2678 3507 nitur;
2715 3445 2875 3495 tertio
2905 3425 3246 3498 inecessario
3293 3442 3609 3494 conclusum
3640 3451 3744 3503 est,
3788 3443 3840 3494 iit
3898 3443 4051 3494 omni

2488 3535 2761 3603 theologia
2797 3535 3004 3589 versari
3032 3534 3297 3588 rationem
3330 3535 3535 3595 speculi
3565 3542 3616 3587 et
3647 3538 3992 3602 tcti'gniatum
4035 3551 4049 3586 :

2308 3666 2587 3733 Scholia.

886 3800 962 3868 (Ι)
1002 3795 1306 3866 Ignoraiido
1338 3795 1595 3868 adnuere.
1641 3792 2131 3868 Nusquammagis,
2168 3794 2378 3868 aitsan-

815 3864 935 3926 ctus
967 3864 1254 3924 Manilius.
1279 3868 1517 3919 declarat
1544 3864 1827 3932 Dionysius
1853 3864 1979 3931 quid
2010 3867 2077 3917 sit
2109 3880 2202 3931 per
2228 3866 2380 3931 igno-

816 3950 1048 3993 rantiam
1095 3950 1430 4004 cognoscere
1484 3936 1670 3994 Deum,
1715 3948 1876 3999 quant
1915 3948 2032 3999 cap.
2073 3950 2107 3985 ιι
2144 3933 2382 4002 Mysti'ca:

819 4008 1134 4071 Tlteoloqia',
1197 4017 1247 4057 et
1290 4009 1339 4056 iii
1375 4006 1531 4071 epist.
1578 4004 1629 4063 5,
1691 4008 1753 4054 ad
1807 4004 2135 4055 Uorottieittu
2174 4022 2185 4054 :
2220 4005 2380 4065 Nota,

816 4081 1011 4146 inquit,
1046 4092 1165 4141 cap.
1192 4091 1225 4127 it
1262 4074 1495 4141 Mysti'rw
1532 4071 1844 4140 Theologia',
1898 4074 1999 4146 hoc
2023 4090 2144 4125 esse
2174 4074 2275 4125 sub
2301 4076 2385 4146 tli-

818 4142 1003 4199 vitialtt
1035 4151 1324 4211 caligine-tn
1363 4147 1592 4211 itigtedi,
1617 4160 1718 4193 ιιιιιι
1746 4142 1975 4194 \ttlendo
1997 4152 2049 4193 et
2087 4145 2384 4210 ignotando

816 4221 996 4268 videre
1067 4225 1121 4267 et
1178 4229 1507 4281 cognoscere
1547 4214 1690 4277 quod
1721 4222 1801 4263 est
1829 4227 1990 4279 supra
2021 4224 2297 4278 aspectum
2332 4223 2384 4265 et

821 4286 1217 4354 regnitioneni,
1278 4285 1477 4340 videre,
1514 4283 1758 4347 inquam,
1806 4291 1859 4332 et
1913 4283 2387 4354 i-ogiiosccre_hoc

819 4350 959 4423 ipso,
988 4356 1128 4421 quod
1170 4369 1275 4423 non
1313 4354 1555 4403 videmus
1587 4366 1762 4423 neque
1802 4352 2204 4423 c0gnoseimus.
2236 4350 2301 4401 Et
2333 4353 2386 4403 in

819 4421 979 4491 epist.
1007 4427 1037 4474 5
1076 4426 1139 4473 ad
1168 4422 1526 4482 Dor-otheuni,
1584 4421 1728 4471 illam
1774 4421 2182 4491 eahginetmin
2222 4436 2385 4488 quam

820 4490 1094 4563 ingressus
1128 4504 1211 4544 est
1240 4491 1451 4563 Moyses
1472 4507 1542 4563 in
1587 4500 1768 4542 monte
1806 4492 1856 4542 in
1886 4490 2068 4563 bxodo
2098 4490 2239 4557 (cap.
2268 4491 2384 4563 ῆι),

821 4559 1204 4629 itiiet'pi'ttatur
1267 4562 1554 4628 Ilionysius
1605 4563 1829 4628 mystice
1857 4574 1977 4611 esse
2026 4559 2383 4625 ignorantiam

823 4636 1003 4687 lslattt.
1041 4648 1144 4698 qua
1179 4632 1309 4682 dicit
1335 4630 1391 4682 Di
1414 4646 1503 4681 um
1535 4632 1809 4695 cognosci,
1844 4631 1913 4679 ita
1947 4638 2005 4679 ut
2041 4634 2091 4679 lll
2136 4630 2223 4681 illa
2254 4629 2383 4680 rali-

818 4720 940 4767 gine
962 4704 1136 4768 sitqui
1158 4702 1383 4752 halietur
1401 4701 1596 4767 dignus
1617 4712 1673 4750 ut
1690 4715 1812 4750 vere
1835 4717 1850 4746 ι
1867 4703 2004 4750 tdeat
2022 4708 2073 4748 et
2093 4709 2387 4763 rogiioseat

818 4774 1010 4833 Deum,
1035 4775 1135 4821 lioc
1160 4772 1274 4837 ipso
1295 4777 1433 4835 quod
1463 4787 1566 4819 non
1601 4770 1742 4820 \tdet
1762 4785 1935 4835 neque
1958 4773 2261 4833 erigimscit,
2289 4769 2389 4822 hoc

824 4858 998 4908 ipsum
1030 4856 1389 4906 cognoscens,
1410 4847 1551 4904 quod
1582 4850 1661 4891 est
1695 4854 1856 4903 supra
1887 4841 2078 4908 omnia
2101 4839 2386 4889 intellecti-

819 4907 907 4974 lia,
948 4922 999 4963 et
1029 4914 1271 4963 sensilia.
1310 4910 1495 4959 Divina
1526 4912 1703 4974 itaque
1740 4910 1939 4971 caligo.
1966 4912 2039 4958 ait
2068 4907 2381 4977 llioiiysius,

814 4993 895 5034 est
930 4982 1061 5032 illud
1103 4981 1283 5030 lumen
1320 4980 1683 5037 lll'JCCt'Salllll,
1716 4980 1765 5029 iii
1798 4995 1905 5044 quo
1935 4978 2182 5029 habitare
2243 4980 2384 5030 Deus

813 5051 1034 5115 u'ttitur,
1077 5050 1350 5101 lllHallllle
1413 5050 1627 5114 qunletti
1682 5059 1896 5115 propter
1962 5062 2382 5114 exsuperantem

811 5123 1116 5174 claritatem
1146 5130 1198 5171 et
1263 5124 1567 5171 inacessum
1608 5129 1825 5185 propter
1867 5116 2088 5168 nimiam
2144 5130 2197 5168 ct
2221 5132 2384 5184 Supra

815 5192 1562 5244 naturamttlmninationeni.
1618 5196 1669 5238 lii
1706 5192 1804 5239 hac
1850 5191 2079 5255 caligine
2136 5189 2384 5256 mystica,

820 5266 868 5312 td
897 5274 999 5322 est,
1039 5278 1089 5312 in
1126 5264 1224 5313 liae
1261 5260 1660 5313 tlluniinatione
1698 5260 2110 5327 interpretatur.
2142 5269 2199 5308 ut
2225 5265 2384 5323 paqu

822 5343 947 5382 ante
978 5334 1112 5394 dixi,
1146 5348 1267 5383 esse
1303 5347 1426 5383 eum
1470 5345 1561 5395 qui
1598 5345 1700 5379 non
1739 5332 1965 5379 \‘ltiL'llth
1998 5341 2047 5378 et
2087 5334 2384 5394 ignorando

820 5412 960 5452 \iitet
1026 5419 1147 5452 tere
1220 5413 1273 5453 et
1329 5400 1608 5468 cognoscit
1676 5397 1866 5449 Deum.
1937 5399 2014 5449 Ad
2076 5398 2382 5466 intelligeti-

817 5479 945 5523 dum
986 5473 1127 5539 quml
1165 5476 1370 5523 dictum
1407 5480 1510 5533 est,
1566 5472 1613 5522 id
1656 5481 1757 5528 est,
1794 5471 2067 5535 quomodo
2094 5471 2267 5535 caligo
2302 5476 2386 5518 est

817 5543 1145 5594 illuminatio
1183 5555 1231 5593 et
1271 5546 1576 5609 ignorantia
1633 5552 1874 5606 cognitio
1915 5554 1927 5588 :
1979 5542 2167 5601 buttte,
2212 5546 2383 5604 tttqtttt

816 5624 1039 5665 sanctus
1078 5615 1362 5673 Maximus,
1423 5610 1728 5677 exemplum
1781 5616 1846 5658 ali
1884 5613 2041 5660 oculo
2095 5624 2380 5674 corporis:

814 5690 956 5750 quod
1000 5700 1141 5734 etitiii
1175 5686 1333 5735 elliett
1362 5683 1605 5733 absentia
1641 5680 1882 5739 luminis,
1910 5684 2113 5731 scilicet
2150 5680 2384 5729 vacatio-

816 5770 934 5805 ιιι-ιιι
963 5770 1154 5808 sensus
1173 5764 1479 5815 oculorum,
1502 5755 1601 5803 hoc
1622 5753 1783 5803 ellicit
1805 5756 2079 5801 llllClltlt'l'C
2100 5752 2384 5803 ttxeaciem

815 5832 987 5877 Ut’tllUl
1007 5843 1092 5877 uiti
1126 5832 1244 5876 adu
1267 5841 1386 5878 t'sUs
1406 5826 1537 5876 solis
1568 5828 1748 5875 radios
1777 5838 1877 5874 mei
1897 5830 2025 5875 nitu.

2559 3800 2633 3870 (2)
2658 3799 2786 3853 11αέ
2801 3800 3123 3869 super-latae:
3147 3815 3247 3852 non
3265 3800 3550 3867 privanter.
3569 3797 3661 3857 Ne,
3684 3798 3877 3864 inquit,
3902 3800 4049 3861 qnml

2489 3871 2563 3923 ait
2597 3891 2607 3921 ι
2637 3872 2701 3922 Et
2726 3887 2829 3922 non
2855 3871 3153 3922 secundum
3181 3871 3558 3937 privationem,
3585 3870 3881 3921 St'ClllltllllIl
3915 3886 4048 3921 sen-

2491 3956 2610 3993 sum
2633 3956 2975 3992 communem
3000 3940 3399 4004 intelltgetidum
3431 3954 3550 3991 esse
3569 3940 3880 4004 suspiceris.
3907 3940 4050 4004 quod

2494 4015 2637 4064 sicut
2694 4010 2927 4061 tenebrae
2980 4011 3182 4060 lttniine
3214 4011 3515 4062 solvuntur.
3546 4017 3598 4059 et
3628 4008 3796 4059 multo
3844 4008 4053 4059 lumine

2496 4080 2727 4131 maxime
2756 4080 3059 4141 solvuntur,
3092 4086 3185 4129 aut
3230 4080 3369 4129 sicut
3414 4079 3739 4145 ignorantia,
3790 4093 3911 4146 qua:
3966 4088 4051 4127 ast.

2494 4155 2729 4201 tenebrae
2789 4154 3056 4214 quaedam,
3121 4148 3425 4213 cognitione.
3480 4150 3707 4205 tollitur,
3774 4159 3826 4197 et
3880 4147 4049 4198 multa

2488 4219 2795 4285 cognitione
2824 4218 3056 4269 maxime
3086 4218 3311 4277 tollitur,
3346 4216 3425 4268 sic
3459 4217 3758 4284 ignorantia
3826 4217 3893 4267 ile
3942 4216 4051 4265 lli-tt

2491 4290 2684 4355 similis
2714 4290 2783 4338 sit
2809 4289 3125 4355 ignorantiae
3147 4303 3239 4353 per
3284 4287 3570 4347 inscitiam,
3610 4288 3718 4337 imo
3744 4301 3851 4350 quo
3879 4290 4053 4349 magis

2493 4358 2616 4425 quis
2651 4354 2995 4408 illniniiiatur
3034 4357 3087 4409 in
3147 4358 3456 4421 cognitione
3500 4354 3612 4417 Dei,
3652 4367 3705 4425 et
3733 4371 3839 4420 quo
3879 4370 4054 4422 magis

2489 4422 2849 4494 cognitionem
2880 4426 3288 4492 colligiteoruin
3322 4439 3442 4490 quie
3470 4435 3614 4482 sunt,
3658 4422 3712 4475 id
3755 4434 3835 4475 est
3889 4426 4052 4475 intel-

2492 4497 2774 4556 lectiliuni,
2814 4507 2866 4547 et
2898 4496 3310 4563 intelligentiam
3356 4496 3693 4559 angelorum,
3744 4495 3962 4558 inquam
3998 4502 4054 4543 et

2494 4565 2824 4624 animarum,
2857 4580 2919 4618 eo
2953 4568 3123 4632 magis
3147 4564 3444 4615 ascendens
3478 4564 3544 4613 ad
3582 4562 3826 4613 altiorem
3860 4576 4057 4626 cognt-

2491 4636 2689 4687 tionem
2737 4647 3027 4703 cognoscet
3061 4641 3161 4685 hoc
3209 4633 3408 4698 ipsutn,
3460 4648 3565 4683 non
3636 4646 3793 4697 posse
3848 4636 4054 4685 scilicet

2488 4706 2898 4771 Comprehendi,
2929 4714 2982 4753 et
3015 4704 3275 4770 ignorari.
3306 4705 3483 4771 lumen
3525 4717 3644 4753 esse
3676 4712 3727 4752 et
3775 4712 4052 4759 cognitio-

2489 4768 2630 4826 nein'
2670 4790 2834 4840 supra
2867 4768 3053 4825 omnia
3081 4786 3314 4839 cognita.
3375 4768 3492 4821 Non
3540 4782 3703 4835 igitur
3751 4773 4052 4822 Secundum

2490 4846 2845 4911 privationem
2898 4846 3099 4895 dicitur
3156 4841 3396 4907 ignorati
3432 4842 3595 4902 Deus,
3628 4841 3720 4891 sed
3751 4850 4053 4892 secundum

2488 4915 2909 4980 snperiationem
2966 4912 3313 4979 cognitionis.

2563 4978 2639 5049 (ὃ)
2674 4982 2776 5045 Qui
2810 4982 2999 5033 habent
3029 4978 3165 5049 quod
3190 4990 3263 5031 est
3321 4978 3514 5030 lumen.
3545 4978 3750 5031 Ilabere
3789 4980 3934 5045 quod
3972 4991 4058 5033 est

2489 5052 2671 5104 lumen
2727 5057 2999 5119 Signtlicat
3051 5056 3249 5103 habere
3283 5063 3645 5117 cognitionem
3690 5061 3931 5102 vuutaus
3990 5066 4057 5102 ex

2488 5132 2775 5176 Creaturts.

2560 5196 2634 5261 (4)
2672 5192 2821 5243 Latet
2877 5206 2963 5242 eos
2991 5190 3277 5258 ignoratio.
3311 5188 3444 5251 Quia
3494 5204 3667 5255 neque
3714 5190 3895 5241 sciunt
3927 5190 4054 5251 hoc,

2488 5270 2633 5330 quod
2666 5278 2788 5314 eum
2828 5264 3097 5328 ignorent;
3156 5275 3233 5311 sic
3280 5262 3421 5310 enim
3450 5274 3571 5310 eum
3608 5274 3876 5330 ignorare,
3910 5264 4056 5325 quod

2488 5329 2725 5384 sciamus
2758 5349 2855 5383 nos
2880 5334 3150 5397 ignorare,
3173 5334 3443 5396 quoildaiii
3476 5332 3614 5381 scire
3644 5340 3748 5382 est.
3788 5329 3905 5381 Non
3951 5340 4059 5379 tta-

2490 5417 2595 5469 qne
2646 5418 2725 5454 SIC
2762 5404 3101 5471 ignoramus,
3153 5402 3305 5467 quasi
3335 5400 3471 5451 alius
3505 5399 3702 5465 aliquis
3738 5410 3911 5461 sciat;
3948 5415 4057 5451 non

2487 5474 2631 5524 enini
2666 5474 2774 5523 alio
2805 5473 3011 5524 sciente
3039 5488 3136 5521 nos
3162 5474 3497 5535 ignoramus,
3531 5479 3786 5537 tauquam
3816 5485 3906 5536 qui
3942 5487 4053 5520 ιιυιι

2488 5543 2843 5595 ditIICeritiitts
2866 5545 3011 5607 quod
3052 5551 3199 5591 esset
3224 5553 3471 5604 ignorare
3497 5542 3791 5605 privatiter,
3822 5557 3937 5591 sive
3965 5557 4058 5591 se-

2487 5622 2724 5665 cundum
2760 5616 3141 5679 privationem;
3179 5616 3271 5661 sed
3304 5625 3615 5676 ignoramus
3642 5618 3784 5675 quod
3818 5616 3884 5661 ab
3908 5610 4059 5661 omni

2489 5694 2737 5735 Cicatura
2785 5693 3088 5749 ignoratur,
3141 5692 3192 5733 et
3229 5696 3375 5731 omni
3408 5690 3669 5731 creatura:
3701 5696 3863 5748 supra
3893 5695 4059 5749 quam

2487 5754 2858 5821 ignotutnest,
2900 5754 3041 5821 quod
3070 5760 3153 5806 est
3202 5751 3450 5818 ignorare
3489 5753 3778 5819 superlate.
