4416 6448
393 418 501 479 ’ῖ85

398 546 463 583 ae
501 536 681 581 motus
714 527 852 578 idem
891 532 1011 577 sunt
1042 544 1054 578 :
1108 539 1168 578 ac
1205 522 1431 579 proinde
1484 537 1822 591 consequens
1854 532 1955 584 (εει,
1993 527 2028 579 Α

396 634 452 672 ιιι
486 619 745 671 habitudo
774 627 827 670 et
860 631 1036 668 motus
1074 614 1165 667 Dei
1217 616 1280 667 arl
1314 614 1620 666 eﬂieiendas
1650 623 1951 676 creaturas,

395 719 447 758 et
476 723 564 759 ars
593 717 645 757 et
676 706 941 773 sapientia
973 712 1024 756 et
1060 705 1293 770 potentia
1326 713 1376 755 et
1408 703 1688 770 generatio
1735 711 1953 753 creatu-

398 812 605 857 rarunr,
637 806 690 849 et
720 797 996 849 etnanatio
1023 802 1076 846 et
1104 794 1347 859 operatio
1383 793 1500 860 ejus
1529 790 1665 844 idem
1701 792 1830 844 sint.

1008 904 1236 960 CAPUT
1280 903 1343 956 V.

400 1018 554 1081 Quod
605 1034 924 1085 qumcnnque
982 1018 1167 1069 habent
1222 1015 1476 1067 rationem
1514 1013 1853 1076 operationis.
1908 1022 1954 1085 et

471 1082 641 1138 media
689 1103 799 1139 esse
852 1085 1178 1150 probamur,
1213 1093 1405 1135 natura
1439 1097 1531 1147 per
1580 1098 1635 1132 te
1671 1097 1771 1131 non
1818 1082 1957 1133 exsi-

468 1166 644 1216 stunt;
674 1168 722 1207 et
752 1164 870 1205 sunt
902 1154 1258 1213 solummodo,
1293 1160 1547 1219 quatenus
1590 1150 1742 1215 ﬁunt.

472 1247 696 1313 Magnus
723 1244 955 1297 Basilius
982 1245 1117 1297 libro
1140 1253 1355 1309 quarto,
1377 1241 1574 1293 Contra
1610 1238 1957 1291 Eunonrium:

400 1338 481 1397 Si,
520 1338 715 1404 inquit,
742 1350 880 1402 opus
902 1345 980 1387 est
1010 1334 1198 1396 Filius,
1230 1342 1285 1385 et
1315 1348 1420 1384 non
1451 1347 1693 1403 germen,
1741 1345 1839 1383 nec
1867 1329 1960 1399 qui

399 1438 657 1494 operatus
690 1438 792 1488 est,
826 1442 923 1478 nec
950 1427 1191 1493 operatio
1233 1434 1315 1477 est
1342 1425 1491 1492 ipse;
1524 1424 1666 1475 aliud
1701 1424 1844 1474 enim
1876 1432 1962 1475 est

399 1519 643 1585 operatio
694 1528 886 1585 praeter
927 1517 1064 1579 ista;
1119 1516 1316 1582 alioqui
1373 1529 1477 1567 non
1530 1514 1813 1567 exsi~teret
1868 1528 1963 1580 per

399 1626 488 1671 se;
532 1609 674 1660 nulla
717 1609 860 1660 enim
897 1609 1144 1675 operario
1190 1621 1283 1673 per
1311 1620 1370 1659 se
1416 1605 1653 1659 exsistit.
1708 1604 1804 1656 Sin
1837 1619 1965 1657 vero

398 1711 476 1752 est
526 1714 663 1765 opus
705 1701 899 1765 ipsttrn,
947 1699 1189 1764 sequitur
1235 1704 1291 1749 ut
1339 1697 1405 1749 sil
1453 1697 1642 1749 tertius
1675 1712 1735 1748 ex
1781 1695 1959 1753 l‘atre.

397 1805 452 1845 et
489 1808 594 1843 non
631 1791 746 1846 sine
790 1790 1130 1853 intermedio,
1168 1799 1249 1842 est
1280 1789 1422 1839 enim
1457 1788 1653 1854 primo,
1697 1790 1787 1855 qui
1837 1802 1964 1853 ope-

401 1894 553 1935 ratus
575 1892 673 1944 est,
703 1890 886 1949 postea
911 1881 1177 1948 Operatio.
1200 1890 1252 1932 et
1284 1880 1352 1930 ita
1384 1880 1544 1931 tertio
1573 1894 1709 1945 opus
1738 1878 1958 1930 factum.

401 1978 465 2029 lit
496 1978 675 2031 Basilii
710 1979 874 2029 frater
902 1976 1191 2044 Gregorius
1227 1973 1522 2045 Nyssenus,
1553 1974 1690 2028 libro
1726 1975 1966 2026 secundo

401 2072 840 2137 (Jarrfntatianum
892 2084 1126 2137 arguens
1190 2068 1553 2131 Eunomium,
1621 2068 1709 2135 qui
1770 2066 1962 2120 Filium

401 2158 581 2216 aiebat
608 2178 727 2216 esse
761 2162 995 2229 sigillum
1037 2160 1371 2229 operationis
1402 2159 1495 2212 Dei
1530 2160 1918 2227 omnipotentis
1949 2178 1962 2212 :

401 2256 665 2320 Tertium,
700 2255 891 2322 inquit,
925 2253 1053 2306 facit
1094 2262 1216 2319 post
1266 2251 1477 2305 Patrem
1532 2252 1618 2304 illa
1654 2252 1969 2319 Oper-aliene

405 2346 520 2400 ιιοιι
574 2363 667 2413 per
705 2362 762 2400 se
819 2347 1117 2400 exsistente
1172 2345 1540 2399 intermedia:
1592 2345 1703 2397 imo
1756 2346 1969 2397 videtur

406 2438 584 2492 facere
619 2453 742 2491 eum
796 2452 903 2489 non
949 2451 1089 2491 esse.
1138 2437 1203 2509 Et
1234 2437 1427 2490 iterum
1465 2438 1515 2490 in
1554 2440 1740 2491 eodem
1780 2437 1917 2489 libro
1952 2454 1964 2490 :

405 2530 509 2593 Qui
564 2528 744 2590 habet,
803 2528 999 2596 inquit,
1034 2542 1196 2581 aures
1238 2526 1513 2592 audiendi,
1577 2528 1971 2581 animadvertat

405 2634 459 2675 et
492 2620 798 2674 consideret
827 2619 969 2688 quod
1011 2627 1097 2672 est
1137 2618 1468 2687 operationis
1499 2619 1754 2687 sigillum.
1781 2619 1988 2673 Omnis

406 2716 550 2767 enim
579 2714 822 2782 operatio
854 2712 1093 2766 cernitur
1140 2711 1191 2764 in
1233 2711 1550 2767 elaborante
1580 2713 1807 2779 aliquid,
1854 2726 1974 2779 per-

411 2805 554 2859 fecto
584 2816 763 2860 autem
795 2804 940 2873 quod
993 2803 1396 2867 elaborabatur,
1439 2819 1546 2856 non
1599 2804 1812 2856 exsisrit
1855 2821 1867 2855 :
1919 2812 1974 2855 ut

406 2898 654 2965 operatio
720 2897 989 2959 cursoris,
1043 2910 1164 2965 qua:
1226 2906 1309 2951 est
1371 2905 1549 2948 motus
1597 2894 1687 2963 qui
1748 2894 1975 2961 pedibus

408 2990 715 3052 conficitur,
773 2990 1083 3056 quiescente
1128 2998 1297 3049 motu,
1335 3004 1440 3040 non
1487 2988 1721 3055 amplius
1764 2985 1977 3038 exsistit

410 3082 672 3150 operatio.
707 3080 968 3134 Similiter
1000 3078 1288 3133 dicendum
1322 3088 1404 3133 est
1432 3081 1483 3130 in
1531 3079 1679 3129 onrui
1714 3077 1976 3130 exercita-

1170 410 1404 469 DECAS
1446 410 1562 469 ΙΙΙ.
1602 434 1671 444 -
1713 410 1805 468 DE
1842 409 2140 469 DlVlNIS
2172 411 2825 470 EMANATIONIBUS.

3512 411 3618 469 786

2656 523 2886 577 CAPle
2944 522 3025 575 \'l.

2060 632 2207 696 Quod
2236 633 2370 685 sicut
2399 618 2632 699 operatio
2670 645 2745 688 est
2777 652 2953 686 eorum
2996 653 3111 698 qum
3150 637 3301 688 ﬁunt.
3331 645 3377 688 ct
3405 654 3622 687 curmtu—

2128 703 2201 751 lt'o
2232 718 2407 753 eorum
2443 720 2559 770 qua:
2597 716 2880 766 enutriunt,-
2917 706 2991 755 sic
3022 715 3068 755 et
3102 706 3343 755 voluntas
3378 718 3424 757 ct
3450 723 3578 771 expc
3602 736 3622 745 η-

2130 772 2245 820 tr'tr'o
2279 787 2461 823 eorum
2496 789 2611 839 qua‘
2641 774 2764 823 rr-llr
2797 784 2844 825 rt
2884 776 3054 839 expeti
3097 776 3372 838 co:rtr'n;n't.

2133 882 2356 950 Magnus
2385 885 2716 937 Athanasius
2745 886 2883 936 libro
2924 888 3084 937 tertio
3112 884 3309 937 Corrtra
3340 888 3372 937 ,ιι
3387 890 3569 939 rianox
3603 903 3622 939 :

2062 969 2235 1031 Sicut.
2272 972 2464 1040 inquit,
2492 977 2753 1026 voluntati
2789 977 3079 1043 opponitur
3113 977 3160 1027 id
3191 976 3331 1040 quod
3369 988 3447 1028 est
3486 993 3624 1042 pr'e-

2064 1071 2144 1114 ter
2177 1073 2435 1123 mentem,
2485 1067 2561 1117 sic
2614 1076 2831 1132 supr-rat
2888 1077 2940 1117 et
2993 1068 3249 1132 pra't'etlit
3294 1068 3625 1119 voluntatem

2064 1156 2209 1221 quod
2248 1156 2496 1207 naturale
2526 1167 2627 1207 est.
2660 1156 2884 1206 Domum
2923 1158 3084 1222 igitur
3116 1158 3385 1223 qni~piam
3420 1158 3627 1209 delibe-

2064 1246 2235 1298 rando
2293 1245 2563 1306 fabricat;
2623 1250 2789 1299 filium
2843 1263 2970 1298 Vero
3008 1250 3326 1299 naturaliter
3381 1260 3627 1314 generat,

2066 1347 2228 1401 atque
2262 1336 2391 1388 illtrd
2430 1339 2649 1403 quidem
2684 1340 2826 1404 quod
2865 1339 3137 1388 voluntate
3174 1340 3247 1399 fit,
3281 1340 3443 1404 ear-pit
3485 1354 3625 1400 esse,

2066 1435 2119 1476 et
2167 1436 2319 1477 extra
2360 1442 2483 1477 eum
2539 1428 2631 1493 qui
2677 1427 2823 1485 fecit,
2859 1437 2974 1487 est;
3028 1428 3168 1480 ﬁlius
3203 1442 3329 1479 vero
3382 1430 3632 1495 proprius

2070 1515 2210 1569 fetus
2240 1526 2323 1570 est
2358 1517 2677 1569 substantia:
2710 1519 2894 1582 patris.
2925 1527 2977 1568 et
3023 1533 3126 1569 non
3157 1527 3237 1569 est
3274 1526 3421 1569 extra
3462 1534 3581 1567 eum
3618 1536 3629 1577 ;

2068 1607 2417 1673 quamobrem
2455 1624 2558 1659 non
2594 1609 2855 1659 deliberat
2883 1610 2948 1660 de
2978 1624 3063 1671 eo,
3098 1625 3162 1659 ne
3198 1610 3441 1659 videatur
3471 1610 3632 1659 etiam

2068 1698 2135 1749 de
2168 1713 2225 1749 se
2258 1698 2375 1764 ipso
2406 1698 2734 1751 deliberare.
2774 1698 2991 1762 Quanto
3034 1700 3195 1765 igitur
3224 1699 3436 1749 excellit
3470 1700 3634 1755 filius.

2071 1797 2219 1839 tanto
2246 1789 2389 1855 quud
2418 1799 2610 1840 natura
2644 1790 2720 1851 fit,
2752 1792 2963 1840 euellit
2998 1790 3046 1839 id
3080 1791 3218 1854 quod
3255 1791 3635 1859 vtrltttt'att‘lil.

2072 1874 2282 1929 Rursus
2313 1878 2451 1930 idem
2503 1879 2552 1928 in
2593 1879 2959 1945 disputatione
2992 1876 3161 1929 Nicex
3189 1892 3375 1929 contra
3408 1881 3592 1928 Arium
3626 1898 3635 1927 ς

2070 1967 2134 2021 Et
2181 1970 2397 2036 quidem
2436 1969 2580 2037 quod
2619 1985 2723 2023 non
2777 1971 2886 2023 sint
2936 1970 3077 2022 idem
3129 1974 3379 2020 voluntas
3410 1979 3462 2019 et
3508 1972 3641 2019 sult-

2071 2060 2292 2121 stzintia,
2337 2059 2449 2111 lucc
2499 2069 2581 2112 est
2617 2070 2801 2113 nostra
2840 2061 2997 2121 ratio,
3050 2061 3250 2113 idcirco
3279 2061 3420 2112 enim
3472 2060 3639 2111 titinrn

2070 2149 2302 2203 dicimus
2353 2165 2473 2204 esse
2526 2149 2689 2203 letum
2730 2151 3069 2211 sulrstantim,
3141 2166 3238 2203 nos
3294 2166 3422 2202 vero
3474 2149 3640 2201 fetum

2070 2242 2386 2305 voluntatis,
2437 2251 2497 2293 ιιι
2530 2253 2711 2294 autem
2755 2253 2806 2293 tu
2846 2243 3122 2302 concedis,
3168 2258 3273 2293 non
3325 2250 3449 2293 sunt
3503 2240 3641 2290 idem

2070 2334 2326 2385 voluntas
2379 2342 2431 2385 et
2488 2333 2848 2396 substantia;
2913 2333 3216 2385 substantia
3280 2349 3408 2385 Vero
3465 2347 3643 2397 neque

2071 2427 2255 2492 carpit,
2281 2441 2455 2493 neque
2479 2425 2689 2477 desinet
2725 2444 2737 2487 ;
2769 2442 2876 2477 non
2921 2426 3082 2493 igitur
3117 2428 3294 2492 imago
3324 2427 3505 2489 cmpit,
3549 2441 3641 2475 ιιι·-

2072 2532 2180 2584 que
2214 2517 2445 2575 desinet,
2475 2519 2729 2570 voluntas
2761 2520 2884 2567 v'ero
2910 2528 2962 2570 et
2997 2519 3208 2585 incipit,
3247 2527 3299 2567 et
3332 2516 3551 2569 desinit.
3583 2517 3647 2566 lit.

2074 2606 2373 2676 Gregorius
2422 2610 2754 2677 'l'lreologus,
2792 2612 2843 2661 in
2907 2611 3044 2660 libro
3083 2610 3151 2660 De
3182 2620 3326 2661 statu
3376 2612 3649 2675 episeopo-

2076 2717 2190 2751 rnm
2226 2715 2241 2751 :
2282 2698 2411 2765 Far,
2461 2700 2656 2765 inquit,
2695 2701 2827 2755 velis
2879 2701 2991 2752 fieri
3027 2703 3216 2765 lilium,
3255 2711 3307 2753 et
3343 2700 3432 2752 ﬁat
3470 2702 3643 2752 filius:

2078 2789 2161 2841 fac
2192 2790 2439 2843 similiter
2472 2790 2607 2842 velis
2642 2792 2755 2842 fieri
2789 2791 3068 2859 quidpiam
3116 2793 3260 2843 aliud
3305 2808 3493 2844 eorum
3531 2808 3652 2858 qua:

2079 2875 2235 2938 fiunt,
2280 2886 2333 2931 et
2390 2880 2646 2945 procedat
2684 2882 2932 2933 voluntas
2990 2881 3042 2932 in
3092 2898 3265 2948 opus;
3312 2892 3364 2934 at
3419 2883 3462 2935 si
3520 2882 3653 2934 nihil

2081 2970 2274 3022 horum
2334 2974 2586 3038 sequitur
2642 2972 3021 3033 \'ttllll'.l3lt'llt,
3090 2973 3254 3025 lreunr
3312 2989 3436 3025 vero
3498 2975 3655 3035 velle,

2080 3060 2259 3112 facere
2305 3071 2385 3113 est
2413 3105 2427 3125 ,
2473 3062 2630 3113 aliter
2665 3063 2884 3128 quidem
2928 3064 3091 3114 horno
3130 3076 3303 3126 creat,
3338 3066 3496 3116 aiiter
3531 3082 3572 3114 vi
3598 3083 3659 3116 ro

410 3175 578 3237 mme,
613 3173 813 3241 parum.
856 3186 980 3224 cum
1028 3171 1203 3223 δηιάίο
1258 3171 1555 3223 laborantis
1592 3169 1643 3221 ίη
1695 3184 1750 3221 τε
1797 3168 1977 3233 aliqua
2004 3163 2048 3224 ρ
2082 3162 2296 3205 creator
2327 3154 2569 3205 onrnium
2615 3152 2780 3207 lteus.
2832 3154 2895 3207 Et
2932 3165 3158 3208 sanctus
3201 3155 3450 3209 Justinus
3485 3158 3658 3224 p‘iiln-

411 3269 659 3320 desinere
684 3266 1078 3334 operationem,
1113 3279 1221 3325 non
1253 3264 1517 3316 exsistere
1552 3271 1729 3313 autem
1766 3276 1857 3329 per
1897 3276 1976 3321 se,

414 3369 590 3423 neque
641 3371 763 3409 cum
818 3354 941 3423 quis
996 3362 1257 3421 operatur
1312 3351 1454 3419 qrrod
1496 3350 1599 3403 sibi
1640 3350 1978 3418 pr0posituut

414 3459 495 3498 est
523 3445 588 3497 ad
623 3446 974 3498 laborandum
1003 3444 1055 3496 in
1098 3458 1163 3496 eo
1211 3458 1223 3493 :
1262 3456 1438 3509 neque
1471 3455 1592 3492 eum
1623 3439 1978 3491 laborandum

416 3542 588 3603 ineo,
642 3553 816 3606 neque
862 3552 985 3590 cum
1043 3536 1288 3588 laborare
1339 3533 1559 3586 desinit.
1618 3531 1757 3596 Quid
1818 3532 1981 3600 igitur

415 3633 618 3700 cogitat
663 3631 1040 3699 operationem
1070 3643 1190 3682 esse
1226 3644 1315 3694 per
1350 3643 1429 3687 se,
1472 3642 1596 3694 qua:
1632 3640 1806 3691 neque
1850 3625 1981 3695 sub-

417 3724 613 3779 stantia
665 3734 769 3785 est,
804 3736 977 3790 neque
1015 3721 1317 3782 character,
1358 3720 1407 3772 id
1443 3727 1544 3782 est,
1590 3718 1851 3786 sigillum,
1885 3730 1983 3767 nee

420 3814 759 3885 trypostasis?
794 3812 937 3866 Dixit
980 3813 1144 3881 igitur
1187 3812 1418 3866 similem
1465 3807 1591 3864 esse
1648 3810 1823 3878 ipsum
1876 3824 1981 3861 non

416 3905 694 3961 exsistenti
728 3919 819 3972 per
852 3919 930 3967 se,
963 3902 1108 3972 quod
1142 3912 1321 3955 autem
1365 3901 1542 3953 simile
1570 3908 1652 3954 est
1684 3916 1790 3952 non
1836 3900 1984 3953 exsi-

418 3998 577 4051 stenti
598 4012 613 4059 ;
637 3994 944 4048 necessario
981 4006 1078 4045 nec
1107 3992 1280 4058 ipsum
1313 3999 1394 4043 est
1431 4007 1443 4041 :
1475 3991 1577 4041 hoc
1608 3998 1690 4042 est
1718 4003 1984 4041 u0vorum

419 4088 734 4156 dogmatum
771 4094 1099 4145 monstrum,
1140 4082 1361 4135 credere
1398 4081 1606 4134 scilicet
1655 4080 1707 4132 in
1740 4096 1862 4133 eum
1892 4083 1985 4150 qni

422 4192 530 4231 non
563 4184 669 4231 est.
705 4174 859 4241 Quod
892 4173 1036 4227 enim
1089 4172 1169 4241 (ut
1200 4172 1396 4225 iterum
1446 4171 1645 4239 dicam)
1701 4171 1877 4223 simile
1907 4182 1989 4224 est

423 4267 498 4321 rei
526 4282 646 4336 quae
693 4280 799 4317 non
831 4273 936 4329 est,
972 4278 1193 4331 prorsus
1234 4277 1331 4314 nec
1367 4263 1544 4330 ipsum
1595 4275 1696 4317 est.
1737 4262 1987 4332 Synolus

421 4364 601 4409 autem
634 4369 663 4405 a
698 4352 985 4407 Theodoro
1017 4352 1273 4419 episcopo
1300 4352 1565 4404 Carorum
1594 4362 1784 4403 contra
1820 4350 1989 4403 Marri-

421 4449 602 4499 charos
635 4444 837 4505 habita,
868 4459 988 4509 quae
1018 4441 1189 4494 fertur
1229 4442 1281 4493 in
1315 4441 1381 4494 iis
1424 4456 1544 4509 quae
1577 4453 1768 4495 contra
1800 4458 1988 4495 onrrres

370 4572 377 4583 ι
423 4542 657 4592 luereses
678 4536 879 4603 scripta
923 4541 1068 4591 sunt.
1102 4534 1176 4585 ait
1212 4530 1451 4585 :.Ornnis
1486 4535 1728 4599 opt-ratio
1755 4544 1832 4586 est
1865 4552 1987 4588 eum

424 4632 500 4690 tit,
535 4644 651 4696 qua:
679 4641 777 4678 nec
809 4636 937 4677 ante
967 4632 1171 4676 motum
1200 4624 1501 4691 operantis,
1532 4623 1581 4676 id
1613 4634 1716 4687 est,
1758 4627 1993 4680 actionis

421 4731 524 4783 est,
560 4732 735 4785 neque
764 4726 886 4784 post
916 4726 1121 4768 motum
1157 4714 1361 4768 durat:
1396 4730 1553 4783 Opus,
1589 4726 1795 4770 tantum
1848 4721 1992 4787 qnnd

423 4809 669 4863 εΠςςίιιιιι
696 4816 799 4869 est,
833 4820 973 4874 saepe
999 4805 1064 4857 ad
1095 4806 1414 4858 memoriam
1447 4806 1685 4861 actionis
1718 4811 1991 4877 relinquit.

426 4902 483 4955 Si
549 4901 712 4969 igitur
766 4898 985 4965 energia
1034 4906 1190 4950 actus
1231 4905 1334 4960 est,
1387 4898 1567 4952 omnis
1605 4909 1786 4953 autem
1841 4912 1996 4956 actus

423 4992 658 5060 alicujus
692 4989 1011 5043 substantia:
1050 4998 1206 5041 actus
1242 4998 1347 5050 est,
1397 4989 1564 5058 igitur
1610 4993 1817 5061 absque
1870 4996 2000 5047 sub-

425 5086 621 5139 stantia
655 5099 759 5135 Itou
797 5091 897 5133 est.
932 5081 1008 5133 Ex
1050 5080 1135 5133 his
1161 5083 1508 5149 perspicuum
1545 5092 1650 5149 est,
1686 5087 1828 5152 quod
1863 5104 1999 5154 ope-

427 5177 569 5231 ratio
609 5175 873 5226 rationetu
912 5170 1073 5224 medii
1110 5169 1352 5239 praefert,
1403 5182 1451 5225 et
1500 5175 1730 5238 obeam
1776 5192 1997 5231 causam

426 5282 534 5321 non
586 5264 801 5318 exsistit
846 5278 937 5329 per
969 5276 1049 5326 se,
1099 5262 1553 5330 solummodoque
1607 5273 1691 5317 est
1745 5280 1867 5318 eum
1922 5270 2000 5327 ιιι.

428 5374 536 5413 non
586 5367 711 5409 ante
758 5365 962 5408 motum
1013 5354 1312 5421 operantis,
1358 5354 1409 5406 id
1444 5362 1547 5424 est.
1600 5365 1726 5409 ante
1773 5368 1997 5410 actum:

430 5462 607 5516 neque
666 5454 785 5513 post
855 5450 1060 5495 motum
1112 5451 1417 5508 permanet.
1480 5442 1688 5499 Similis
1746 5458 1827 5499 est
1875 5466 2004 5517 ergo

428 5539 737 5609 operationi
802 5534 981 5591 omnis
1027 5534 1339 5599 emanatio,
1386 5545 1439 5589 et
1497 5538 1799 5606 generatio,
1860 5540 2007 5607 prin-

429 5633 633 5703 cipiutn
683 5638 737 5685 et
785 5640 973 5691 causa,
1019 5637 1077 5678 ut
1127 5640 1192 5679 ex
1247 5629 1624 5695 superioribus
1660 5632 2007 5686 demonstra-

431 5738 486 5781 ιιι
495 5739 540 5778 r.

2020 4488 2070 4546 D

2086 3245 2291 3309 sophus
2321 3251 2373 3295 et
2408 3255 2634 3311 martyr,
2680 3247 2731 3296 in
2781 3247 2917 3297 libro
2964 3246 3164 3299 Contra
3218 3249 3475 3315 gentiles:
3525 3250 3659 3299 (lum

2086 3334 2248 3396 Deus,
2284 3334 2478 3401 inquit,
2516 3337 2711 3388 habent
2743 3338 3107 3390 substantiam
3157 3340 3373 3406 quidem
3426 3352 3483 3391 ut
3518 3358 3663 3391 ωηι-

2084 3436 2209 3489 Stat,
2243 3427 2579 3479 voluntatem
2618 3443 2745 3479 vero
2799 3441 2855 3481 ut
2904 3440 3072 3491 creet,
3116 3434 3204 3497 qui
3249 3432 3571 3484 SllltSlﬂllliJ‘
3612 3443 3664 3482 tt.

2085 3515 2377 3570 voluntatis
2419 3518 2783 3571 differentiam
2819 3520 3028 3587 abiicit,
3074 3524 3448 3575 C\SiSlt‘ttli;ttll
3501 3526 3662 3574 siurnl

2084 3617 2135 3659 et
2167 3610 2500 3661 creationem
2567 3613 2765 3663 tollit:
2821 3614 3197 3673 exsistenttam
3258 3616 3478 3682 quidem
3547 3616 3663 3677 lfi-i,

2086 3699 2414 3751 creationem
2450 3715 2576 3753 vero
2607 3716 2795 3753 eorum
2852 3717 2968 3768 qure
3003 3719 3106 3755 nort
3161 3715 3309 3757 διιιι.
3371 3708 3432 3758 lit
3503 3712 3664 3772 paulo

2090 3800 2257 3859 post:
2297 3789 2612 3844 Substantia
2669 3794 2838 3857 enim,
2903 3795 3103 3861 inquit,
3152 3812 3259 3848 non
3327 3800 3519 3865 recipit
3557 3816 3663 3850 ltotl

2088 3896 2232 3943 esse,
2270 3883 2522 3935 voluntas
2558 3899 2686 3936 vero
2728 3886 2911 3952 recipit
2944 3903 3045 3937 non
3087 3902 3206 3939 esse
3238 3906 3249 3950 ;
3302 3891 3473 3941 voluit
3519 3893 3664 3953 t‘liiltl

2093 3972 2255 4035 Deus,
2303 3984 2357 4028 et
2410 3973 2583 4028 fartus
2623 3986 2705 4029 est
2740 3978 2843 4037 sol,
2898 3980 3070 4031 uoluit
3109 3990 3166 4033 ιιι
3206 3982 3356 4033 ﬁeret
3394 3986 3667 4035 secundus

2091 4065 2196 4127 snl,
2229 4075 2281 4117 et
2333 4080 2439 4118 non
2489 4077 2571 4119 est
2622 4070 2795 4120 lactus
2845 4086 2856 4120 :
2912 4086 3010 4123 nec
3062 4071 3204 4124 eninr
3243 4088 3379 4139 opus
3429 4085 3566 4126 erat.
3608 4076 3670 4127 lit

2090 4153 2328 4209 Joannes
2358 4154 2730 4211 Damasccuus
2768 4178 2777 4210 :
2824 4158 2994 4227 Opus,
3031 4163 3227 4230 inquit,
3275 4166 3468 4216 divina:
3517 4178 3674 4216 natu-

2095 4264 2166 4301 ra:
2220 4251 2549 4315 sempiterna
2604 4253 2883 4317 generatio
2924 4264 3043 4316 est;
3101 4272 3236 4321 opus
3295 4273 3420 4307 vero
3472 4260 3671 4309 divinae

2096 4339 2389 4391 voluntatis
2433 4343 2663 4394 creatio.
2723 4341 2795 4393 lix
2858 4344 2942 4395 bis
2978 4344 3170 4410 liquet,
3208 4348 3671 4413 qucnradtntnlurn

2098 4430 2347 4483 voluntas
2378 4431 2469 4483 Dei
2521 4433 2584 4483 ad
2623 4435 2920 4486 crcaulunt
2955 4445 3239 4487 creaturas
3290 4444 3565 4505 posterior
3594 4455 3677 4493 est

2097 4532 2150 4575 et
2178 4523 2394 4576 diversa
2428 4538 2457 4575 a
2493 4525 2802 4576 substantia
2850 4524 2964 4577 Dei.
3012 4524 3131 4590 Quo
3171 4528 3314 4579 enim
3371 4531 3677 4582 ιιιιιιίκιιειιυ

2098 4613 2341 4681 indigere
2373 4624 2554 4681 pelcst
2588 4616 2684 4681 (ait
2717 4632 2944 4682 magnus
2981 4616 3214 4671 Basilius
3250 4620 3314 4670 de
3363 4620 3677 4687 linigenitn)

2098 4705 2144 4758 is
2173 4705 2265 4774 qui
2301 4705 2463 4758 simul
2495 4715 2553 4757 ut
2586 4708 2779 4768 voluit,
2807 4720 3060 4760 creatura
3088 4712 3301 4763 exsistit
3332 4728 3495 4778 quam
3531 4731 3595 4762 vu
3626 4716 3682 4765 t?

2099 4793 2157 4848 Si
2213 4796 2376 4862 igitur
2420 4796 2585 4849 simul
2638 4812 2763 4849 eum
2803 4800 3082 4851 voluntate
3128 4811 3382 4855 creatura
3439 4807 3680 4865 C\ststil.

2101 4890 2242 4973 sicut
2270 4907 2374 4945 non
2405 4904 2485 4946 est
2511 4909 2574 4947 ex
2602 4896 2907 4947 kClCl'lliiillC
2935 4906 3213 4957 creatura,
3243 4898 3322 4949 sic.
3360 4915 3456 4951 nec
3486 4904 3681 4952 volun-

2103 4995 2184 5037 tas
2214 5003 2329 5039 eam
2361 4987 2604 5050 creandi,
2633 4999 2685 5041 et
2718 5005 2879 5055 opus,
2914 5006 3049 5056 opus
3082 4994 3227 5042 enim
3260 4991 3349 5043 Dei
3391 4995 3523 5047 velle
3552 5008 3625 5048 est
3665 5015 3678 5059 ;

2100 5087 2153 5130 et
2191 5079 2330 5131 sicut
2360 5093 2499 5146 OptIS
2536 5078 2829 5132 voluntatis
2886 5090 2971 5132 est
3009 5094 3284 5142 creatura,
3336 5094 3388 5135 et
3442 5088 3553 5137 trzee
3592 5103 3676 5137 vo—

2105 5171 2369 5222 luntatem
2407 5172 2679 5239 sequitur,
2701 5171 2778 5224 sic
2820 5172 2999 5225 divina
3035 5177 3317 5243 generatio
3348 5174 3485 5227 Filio
3519 5179 3684 5229 simul

2104 5265 2452 5324 terminatur,
2486 5272 2539 5314 et
2567 5264 2775 5317 idcirco
2808 5267 3089 5333 generatio
3116 5267 3326 5331 divina,
3357 5284 3477 5335 qua:
3513 5285 3540 5320 a
3575 5269 3689 5322 Deo

2106 5355 2266 5408 l’atre
2298 5355 2349 5407 in
2388 5352 2585 5407 Filium
2642 5357 2889 5421 procedit
2934 5368 2985 5409 et
3020 5368 3224 5421 manat,
3258 5359 3450 5411 eadem
3503 5372 3582 5412 est
3611 5374 3687 5410 .re

2107 5463 2230 5501 eum
2285 5462 2349 5500 eo
2409 5446 2528 5510 ipso
2585 5446 2778 5508 Patre,
2846 5465 2965 5516 qua:
3023 5451 3202 5502 verbis
3256 5451 3517 5518 explicari
3579 5457 3687 5503 tritu

2107 5549 2307 5609 potest.
2349 5538 2442 5592 Est
2472 5550 2651 5592 autem
2676 5540 2913 5593 Ner-bum
2956 5542 3045 5593 Dei
3078 5543 3411 5605 increatum,
3446 5545 3690 5594 irrcrr-ata

2108 5632 2273 5700 igitur
2301 5641 2385 5683 est
2420 5634 2701 5699 generatio
2754 5633 2875 5698 ejus
2922 5650 3086 5701 supra
3124 5644 3373 5687 naturain
3420 5651 3689 5700 ert-ataui,

2113 5735 2373 5791 tanquam
2405 5725 2669 5779 naturalis
2699 5728 2974 5779 emanatio
3008 5726 3186 5781 Patris
3217 5746 3229 5791 ;
3270 5729 3528 5782 voluntas
3562 5745 3693 5780 ιιι-τι)

2119 5827 2171 5871 et
2220 5825 2383 5871 nutus
2419 5814 2510 5872 Dei
2564 5819 2630 5871 ad
2683 5820 3066 5891 producendus
3113 5832 3419 5889 creaturas,
3472 5838 3592 5892 quae
3627 5840 3695 5879 cx
