4416 6448
694 434 698 438 ’
747 427 857 493 787

750 554 910 610 ηιαυο
962 556 1085 594 cum
1143 540 1581 593 emanationibus
1645 551 1696 593 et
1749 540 2161 607 operationibus
2219 538 2387 594 DeiA

753 632 1139 700 proﬁciscitur.
1189 631 1388 693 d-iﬂ‘ert,
1421 632 1561 683 sicut
1596 632 1736 683 ratio
1765 630 1961 695 poscit,
1990 645 2023 681 a
2053 630 2303 683 substan-

753 725 828 775 tia
885 721 998 783 Dei.
1040 723 1166 782 quia
1220 722 1308 774 illa
1360 721 1570 775 scilicet
1624 722 1869 772 voluntas
1919 718 2015 770 Dt-i
2048 719 2231 783 erepit,
2263 725 2314 768 et

752 823 836 866 est
873 823 1024 865 extra
1069 811 1354 865 facientem
1384 821 1437 863 et
1466 820 1763 869 creantcm,
1798 811 1910 862 btet:
1952 824 2097 866 vero.
2127 810 2176 858 id
2209 816 2311 865 est.

755 901 1059 954 substantia
1104 900 1195 953 Dei
1245 910 1446 953 aeterna
1487 912 1589 961 est,
1638 909 1692 951 et
1740 900 1882 951 intra
1919 914 1977 951 se
2009 900 2179 964 ipsam
2214 898 2315 951 lixe

755 1000 957 1050 manet,
1007 990 1093 1040 illa
1145 989 1330 1056 incipit
1374 997 1426 1040 et
1472 988 1691 1046 desinit,
1737 988 1848 1037 bmc
1888 986 2025 1038 initii
2082 995 2135 1037 et
2193 984 2316 1036 linis

752 1094 945 1148 expers
972 1089 1095 1141 est;
1138 1078 1223 1130 illa
1281 1078 1470 1144 retipit
1503 1092 1607 1129 non
1649 1091 1792 1135 esse.
1837 1090 1959 1128 cum
2019 1076 2158 1129 Deus
2211 1088 2315 1125 non

756 1168 871 1221 vult
899 1170 1040 1230 esse,
1079 1168 1193 1221 haec
1220 1182 1495 1233 nunquam
1532 1167 1720 1233 recipit
1747 1179 1852 1217 non
1878 1179 2018 1218 esse.

1354 1273 1578 1327 CAPUT
1624 1273 1726 1324 VII.

762 1366 918 1431 Quod
954 1366 1240 1418 secundum
1271 1372 1403 1417 hunc
1443 1365 1761 1416 voluntatem
1796 1372 1849 1415 et
1874 1361 2189 1414 desiderium
2229 1361 2318 1415 Dei

966 1437 1130 1502 ipsius
1164 1451 1289 1502 erga
1330 1447 1421 1485 nos
1452 1434 1801 1496 providentia:
1832 1435 2106 1484 dicuntur.

829 1527 1187 1589 Athanasius,
1241 1527 1293 1577 in
1350 1525 1507 1575 tertio
1538 1523 1735 1575 Contra
1786 1524 2013 1575 Ariauos
2055 1508 2316 1583 :Ovnnia,

755 1614 955 1685 inquit,
992 1616 1142 1669 dedit
1196 1614 1353 1667 Pater
1404 1613 1653 1675 Fi'io‘,.et
1700 1613 1881 1666 omnia
1937 1627 2128 1666 rursus
2162 1610 2320 1664 Pater

757 1709 920 1760 liabet
958 1708 1009 1759 in
1045 1707 1179 1760 Filio
1213 1723 1226 1758 :
1263 1704 1521 1757 divinitas
1556 1705 1699 1757 enim
1735 1700 1878 1765 Filii,
1912 1704 2169 1757 divinitas
2216 1702 2319 1755 Pa-

760 1799 861 1850 tris
892 1808 997 1859 est,
1027 1806 1189 1864 atque
1241 1796 1310 1847 ita
1349 1792 1508 1847 Pater
1539 1781 1930 1862 providentiam
1973 1792 2215 1846 omnium
2262 1792 2315 1844 irt

757 1884 898 1940 Filio
926 1887 1081 1953 gerit.
1118 1884 1181 1937 Et
1214 1885 1406 1937 iterum
1444 1883 1606 1944 idem,
1659 1884 1857 1937 (.ontra
1910 1882 2129 1952 gentiles
2160 1898 2179 1935 :
2217 1882 2319 1934 Per

759 1976 1216 2038 incarnationem,
1262 1974 1459 2041 inquit,
1495 1971 1655 2026 Verbi
1705 1972 2038 2041 providentia
2073 1971 2317 2025 omnium

757 2069 952 2134 patuit,
1005 2076 1057 2119 ct
1096 2067 1268 2134 ipsum
1302 2062 1535 2118 Verbum
1573 2062 1736 2129 hujus
1789 2061 2143 2131 providentia:
2191 2074 2316 2129 sup-

759 2158 1025 2226 peditator
1060 2166 1115 2208 et
1169 2164 1356 2207 auctor
1394 2162 1516 2217 est;
1557 2154 1671 2221 ipse
1715 2151 1859 2203 enim
1894 2148 2066 2203 lactus
2093 2156 2176 2202 est
2228 2149 2322 2199 bo—

760 2262 869 2308 mo,
906 2258 961 2299 ut
1011 2261 1109 2299 nos
1151 2244 1554 2302 deificari-mur.
1586 2257 1645 2295 se
1681 2242 1793 2310 ipse
1830 2255 1924 2309 per
1976 2254 2173 2308 corpus
2210 2251 2322 2289 ma-

760 2339 1015 2393 nifestum
1046 2335 1194 2398 fecit,
1222 2346 1280 2390 ut
1308 2351 1407 2389 nos
1438 2334 1613 2388 l’atris
1644 2333 2045 2398 inaspectabilis
2074 2330 2319 2383 notitiam

758 2447 1103 2501 caperemus.
1150 2430 1262 2483 lino
1295 2440 1348 2483 et
1387 2445 1615 2497 magnus
1650 2428 1878 2481 Basilius
1918 2428 1969 2480 in
2007 2423 2319 2485 Moralibut,

755 2535 951 2593 quarto
987 2534 1040 2579 et
1072 2524 1494 2592 quadragesimo
1526 2521 1775 2574 Psalmo:
1828 2519 2072 2581 Intende,
2123 2504 2346 2585 inquit,-

754 2614 1000 2685 prospere
1046 2618 1285 2683 procede,
1336 2624 1385 2666 et
1442 2629 1598 2681 regna
1628 2615 1696 2675 ’⁵,
1746 2613 1795 2665 id
1845 2623 1949 2671 est,
1985 2611 2075 2678 qui
2134 2625 2320 2664 curant

756 2710 1039 2764 bo:uinutn
1079 2725 1172 2775 per
1202 2723 1420 2761 carnem
1463 2707 1657 2759 habere
1687 2704 1921 2772 coepisti,
1948 2703 2031 2757 {ac
2055 2711 2108 2755 ut
2137 2717 2320 2755 curam

757 2804 897 2856 banc
937 2801 1211 2862 intendas,
1245 2801 1550 2861 cootiuues,
1605 2806 1658 2850 et
1714 2798 1861 2850 nullo
1902 2811 2141 2864 unquam
2191 2805 2241 2849 te
2268 2813 2327 2845 n-

757 2909 890 2962 pore
928 2894 1156 2947 relaxes.
1191 2891 1268 2945 'Et
1317 2889 1685 2944 Damascenus
1732 2888 2086 2956 Theologus:
2140 2885 2327 2938 Provi-

756 2984 961 3044 dentia,
1000 2983 1196 3051 inquit.
1247 2990 1331 3047 est
1367 2996 1497 3034 cura
1535 2980 1625 3033 Dei
1659 2981 1725 3033 de
1749 2979 2021 3032 omnibus.
2058 2977 2121 3029 Et
2147 2970 2326 3029 Theo-

757 3079 925 3130 dorus
956 3085 1318 3143 cognomento
1367 3074 1477 3124 τῶν
1524 3070 1836 3141 γραπτῶνε
1885 3071 2201 3137 Cujusnam,
2242 3070 2328 3122 in-

1926 428 2245 487 JO.\N.\'IS
2284 428 2836 486 CYPARISSlnT/E
3868 423 3969 486 788

2988 540 3094 591 CH
3124 536 3212 591 UT
3256 536 3388 589 Vill.

2419 652 2570 713 Quod
2635 653 2919 713 (interdum
2992 667 3166 701 omnes
3217 650 3408 700 divimr
3451 646 3807 698 emana'iones
3845 660 3969 706 pro-

2591 720 2830 771 videntia:
2865 722 3113 771 dicuntur
3148 729 3313 769 mente
3345 716 3788 777 contemplabtles.

2488 809 2712 877 Magnus
2748 809 3034 875 Dionysius
3084 810 3258 874 primo
3296 822 3415 873 cap.
3464 807 3536 857 De
3567 806 3758 856 divinis
3799 804 3968 852 nomi-

2419 900 2591 964 nibus,
2625 902 2742 954 ait:
2778 900 2892 952 Non
2927 900 3100 952 solum
3137 899 3280 950 enim
3327 907 3407 950 est
3452 911 3612 947 causa
3659 892 3969 947 continendi

2418 992 2622 1048 omnia,
2660 1000 2712 1042 et
2744 992 2862 1042 vita:
2906 1004 2967 1041 ac
2999 986 3343 1057 perfectionis
3375 1001 3537 1037 causa
3564 992 3666 1043 est,
3701 985 3771 1034 ita
3816 990 3871 1032 ut
3906 980 3971 1029 ab

2422 1084 2521 1136 bac
2562 1083 2696 1139 sola.
2754 1090 2841 1131 aut
2891 1080 2958 1130 ab
3007 1078 3112 1130 alia
3166 1076 3504 1145 providentia
3566 1070 3800 1129 linuitas.
3854 1085 3975 1132 qua:

2419 1182 2579 1219 omne
2634 1178 2828 1217 nomen
2879 1171 3134 1230 superat,
3188 1163 3515 1219 nominetur,
3573 1160 3665 1213 sed
3723 1158 3973 1208 universa

2420 1259 2741 1326 simpliciter
2784 1268 2829 1309 et
2879 1246 3349 1319 incircumscripte
3382 1252 3434 1303 in
3469 1266 3525 1303 se
3554 1248 3867 1315 anticipavit
3896 1249 3974 1309 (li

2421 1350 2673 1417 perlectis
2750 1346 3081 1398 bonitatibus
3157 1345 3325 1410 ipsius
3387 1341 3559 1393 unicae
3627 1350 3679 1392 et
3728 1341 3973 1389 omnium

2420 1439 2708 1491 eilectricis
2757 1435 3127 1505 providentim,
3161 1442 3215 1485 et
3266 1432 3333 1483 ab
3374 1431 3627 1482 omnibus
3660 1427 3821 1478 rebus
3853 1435 3978 1489 apte

2422 1531 2671 1583 laudatur
2732 1537 2785 1581 et
2840 1524 3174 1578 nominatur.
3233 1521 3393 1586 Atqui
3463 1533 3567 1570 non
3628 1520 3802 1568 solum
3862 1515 3979 1565 haec

2424 1621 2640 1673 nomina
2677 1617 2858 1669 divina
2915 1612 3151 1679 theologi
3208 1610 3503 1665 celebrant.
3539 1620 3658 1672 quae
3715 1619 3743 1656 a
3795 1602 3982 1669 prmi-

2423 1709 2619 1761 dentiis
2670 1704 3049 1772 generalibus,
3102 1710 3192 1755 aut
3241 1714 3270 1751 a
3323 1695 3671 1767 providentiis
3708 1694 3761 1745 in
3806 1701 3975 1760 parte,

2422 1810 2516 1852 aut
2558 1800 2625 1851 ab
2673 1798 2739 1851 iis
2779 1796 2977 1861 quibus
3021 1792 3359 1861 providetur,
3391 1798 3446 1841 et
3476 1785 3769 1852 aliquando
3797 1799 3824 1835 a
3855 1785 3978 1847 qui-

2420 1890 2647 1944 busdam
2706 1886 2903 1941 divinis
2937 1884 3067 1939 visis
3127 1883 3404 1934 dicuntur.
3466 1878 3610 1931 Idem
3663 1888 3873 1929 rurStIs.
3925 1874 3979 1923 iu

2425 1980 2660 2047 Epistula
2701 1979 2767 2030 ad
2808 1974 2983 2030 Titum
3024 1989 3043 2026 :
3091 1973 3145 2025 ln
3186 1968 3561 2040 providentiis.
3606 1965 3803 2029 inquit.
3862 1962 3977 2018 Dei.

2419 2086 2556 2141 quas
2607 2078 2783 2123 mente
2835 2063 3289 2133 contemplamur,
3332 2062 3413 2112 vel
3464 2056 3520 2110 iu
3552 2053 3711 2107 donis
3748 2053 3849 2111 (2),
3900 2050 3979 2102 vel

2420 2163 2720 2217 visionibus
2747 2161 2846 2227 (3),
2875 2158 2956 2211 vel
2987 2153 3415 2225 proprietatibus
3445 2147 3545 2215 (4),
3576 2144 3654 2199 vcl
3710 2144 3982 2196 facultati-

2421 2257 2522 2309 bus
2574 2253 2673 2319 (5),
2730 2253 2810 2305 vel
2861 2250 3112 2308 statibus,
3177 2244 3255 2297 vel
3306 2238 3679 2293 mansionibus
3740 2233 3838 2300 (ti),
3898 2232 3982 2284 vel

2420 2344 2879 2403 emanationibus,
2912 2339 2995 2392 vel
3024 2334 3463 2391 distinctionibus
3497 2328 3595 2393 (7),
3628 2324 3708 2375 vel
3749 2324 3982 2388 conjun-

2421 2438 2691 2491 ctionibus
2739 2435 2834 2502 (8).
2893 2433 2953 2485 Et
3006 2444 3195 2483 rursus
3246 2441 3367 2493 cap.
3420 2435 3614 2491 quarto
3664 2417 3737 2469 De
3794 2415 3989 2468 ccclein

2423 2528 2637 2581 hieran:
2661 2522 2885 2583 Cuncta,
2914 2519 3243 2586 inquit,qu't:
3264 2526 3406 2575 sunt,
3438 2514 3828 2583 providentiam
3860 2523 3984 2575 par-

2425 2619 2670 2686 ticipant,
2709 2628 2829 2682 quas
2858 2627 2921 2665 ex
2970 2609 3267 2668 divinitate,
3305 2621 3424 2674 qua;
3456 2597 3691 2657 'onmem
3735 2613 3985 2654 naturam

2426 2704 2719 2759 antecellit.
2749 2711 2803 2753 et
2851 2700 3092 2753 omnium
3125 2710 3301 2748 rerum
3329 2710 3489 2747 causa
3520 2703 3622 2754 est,
3647 2691 3836 2745 eﬂluit.
3866 2689 3988 2749 Quo

2428 2797 2479 2850 in
2514 2796 2635 2848 loco
2670 2799 2894 2846 sanctus
2950 2788 3216 2840 Maximus
3255 2802 3267 2838 :
3317 2785 3532 2842 Omnia,
3570 2782 3768 2849 inquit,
3819 2791 3985 2845 opera

2428 2883 2718 2939 Creationis
2770 2879 3080 2935 sttmmatim
3142 2878 3401 2936 declarat,
3462 2890 3585 2927 cum
3636 2873 3815 2925 dicit:
3859 2868 3993 2932 Qua!

2429 2985 2569 3038 sunt,
2606 2970 2785 3027 omnia
2834 2970 3041 3023 sviliret
3096 2966 3420 3019 intellectilia
3472 2975 3524 3016 et
3565 2962 3832 3021 sensilia;
3870 2962 3992 3009 tuti-

2431 3081 2585 3121 versa
2618 3064 2761 3118 enim
2797 3062 2924 3114 fecit
2960 3061 3120 3119 Deus,
3162 3073 3285 3109 eum
3321 3069 3421 3108 non
3450 3064 3654 3107 essent.
3692 3061 3743 3104 et
3769 3052 3839 3101 ob
3870 3065 3989 3100 eam

757 3168 897 3234 ἰυίῐι
936 3168 1008 3218 νεὶ
1050 3164 1388 3231 providentia
1425 3170 1549 3223 erit,
1589 3162 1633 3215 si
1687 3177 1791 3213 non
1844 3160 1916 3212 sit
1958 3160 2101 3226 quod
2140 3174 2323 3212 scrve-
2355 3158 2398 3216 C
2435 3171 2654 3211 causam
2684 3154 2885 3211 solum,
2914 3160 2971 3201 ut
2999 3148 3238 3200 bonitate
3266 3148 3435 3214 ipsius
3452 3144 3779 3198 fruerentur.
3805 3138 3995 3189 frumi-

760 3272 847 3313 tur
891 3258 1197 3312 incolume?
1246 3256 1587 3308 Providentia
1645 3256 1788 3305 enim
1839 3267 1903 3305 ex
1962 3252 2028 3305 iis
2075 3264 2157 3304 est
2210 3265 2329 3319 qua:

761 3360 887 3403 stitit
922 3359 1141 3417 pr0plcr
1174 3362 1417 3400 causam.
1471 3346 1649 3407 Quare
1679 3358 1743 3395 ex
1793 3343 1875 3395 bis
1920 3351 2089 3409 patet,
2132 3356 2325 3404 quem-

762 3440 1052 3491 adntodum
1086 3447 1305 3503 propter
1335 3449 1396 3487 ea
1429 3448 1546 3502 quae
1590 3447 1617 3484 a
1668 3446 1724 3483 se
1776 3429 1913 3483 facta
1962 3439 2109 3493 sunt,
2153 3430 2331 3497 provi-

760 3528 999 3580 dentiam
1052 3526 1211 3579 babct
1245 3525 1406 3585 Deus,
1443 3540 1550 3585 qua
1610 3523 1695 3577 illa
1731 3533 1984 3592 procurat
2029 3531 2084 3573 et
2132 3522 2329 3588 puber»

762 3629 885 3677 nat;
924 3629 977 3671 et
1034 3618 1149 3685 ipse
1192 3627 1273 3669 est
1329 3616 1422 3670 Dei
1473 3614 1727 3676 Verbum,
1763 3614 1922 3681 bujus
1979 3612 2327 3680 providi-mite

763 3711 1144 3779 suppeditatur
1179 3717 1229 3761 ct
1261 3718 1471 3760 auctor.
1501 3706 1654 3770 Quod
1705 3706 1751 3757 si
1795 3713 2013 3772 propter
2048 3706 2146 3755 ista
2188 3704 2326 3754 facta

766 3814 869 3864 est.
906 3801 1182 3872 qumuodo
1227 3815 1332 3853 non
1384 3800 1457 3852 sit
1504 3798 1720 3851 condita
1768 3806 1820 3851 ct
1873 3806 2056 3849 creata
2088 3807 2139 3849 et
2181 3798 2231 3847 iu
2266 3797 2329 3849 iis

764 3905 1071 3956 numerata,
1126 3908 1247 3960 qua:
1294 3899 1423 3944 sunt
1481 3900 1699 3958 propter
1738 3902 1981 3951 causam,
2032 3889 2331 3940 set'undtttn

764 4002 1013 4042 naturam
1070 3985 1448 4055 operationum
1509 3992 1564 4034 et
1617 3980 2049 4039 emanationum,
2101 3989 2153 4028 ct
2196 3978 2328 4029 alio-

765 4096 889 4133 rum
940 4095 1059 4147 qum
1122 4079 1185 4130 ad
1252 4075 1625 4130 habitudinem
1682 4073 1954 4142 pertinere
2015 4070 2329 4139 intelligun-

764 4184 850 4226 lut‘
880 4173 905 4223 ?

843 4511 886 4540 "
928 4508 1079 4563 Psal.
1108 4522 1250 4569 uir,
1287 4505 1336 4559 5.

2432 3258 2516 3299 tur
2552 3252 2731 3296 autem
2788 3237 3125 3307 providentia
3188 3235 3323 3299 ipsa.
3361 3242 3416 3284 ut
3448 3243 3678 3297 qua-que
3731 3241 3819 3278 res
3870 3237 3993 3291 apta

2427 3345 2507 3391 est
2537 3354 2548 3397 ;
2582 3330 2916 3401 providentia
2967 3326 3108 3379 enim
3169 3324 3261 3376 Dei
3295 3320 3618 3389 principium
3655 3326 3738 3369 est
3788 3325 3996 3367 natura:

2428 3426 2694 3494 Cujusque
2730 3422 2830 3485 rei,
2872 3429 3033 3489 atque
3079 3413 3205 3468 hinc
3235 3422 3381 3481 patet
3413 3409 3728 3477 Dionysium
3774 3419 3993 3455 omnem

2429 3493 2829 3567 emanatiuuem
2894 3505 2983 3558 Dei
3051 3500 3440 3569 providentiam
3508 3496 3834 3563 appr-Hasse.
3896 3493 3999 3543 ltoc

2435 3600 2577 3651 enim
2606 3607 2684 3650 est
2718 3595 2845 3647 illud
2900 3593 3039 3659 apud
3074 3589 3391 3655 Dionysium
3435 3602 3447 3637 :
3482 3586 3561 3637 Ab
3601 3584 3699 3635 hac
3747 3582 3885 3641 sola,
3917 3580 3997 3630 vel

2437 3690 2502 3741 ab
2534 3688 2635 3739 alia
2669 3683 3044 3752 providentia;
3091 3690 3146 3732 et
3180 3677 3307 3731 illud
3348 3696 3359 3728 :
3410 3677 3446 3727 Α
3483 3673 3823 3741 generalibus
3852 3685 4002 3737 pro-

2438 3775 2715 3836 videntiis,
2750 3772 2829 3824 vel
2881 3768 3231 3835 providentiis
3277 3766 3329 3817 in
3365 3776 3532 3831 parte,
3570 3763 3648 3832 vel
3682 3762 3749 3813 ab
3784 3762 3849 3813 iis
3879 3758 4002 3825 qui-

2439 3868 2537 3920 bus
2575 3865 2929 3934 protidetur;
2985 3870 3039 3914 et
3088 3859 3218 3911 illttd
3270 3872 3461 3909 rursus
3494 3873 3507 3906 :
3544 3854 3596 3905 In
3636 3852 4000 3922 proviulentiis

2441 3959 2556 4014 D.-i.
2590 3970 2727 4023 quas
2770 3960 2949 4007 mente
2986 3950 3456 4014 contemplamur;
3516 3946 3672 4013 plane
3713 3952 4003 3996 contentus

2441 4051 2543 4106 fuit
2578 4049 2863 4115 Dionysius
2908 4058 3002 4112 pro
3047 4039 3485 4093 cmanatiouibus
3517 4035 3884 4103 providentias
3916 4032 4002 4083 di-

2441 4154 2600 4201 cere;
2662 4136 2763 4189 nisi
2799 4136 2920 4203 quis
2971 4130 3106 4185 forte
3145 4130 3311 4190 dicat,
3369 4126 3508 4177 idem
3562 4139 3681 4177 esse
3716 4122 4005 4189 providen-

2443 4233 2600 4292 tiam,
2631 4236 2681 4291 ει
2710 4223 3140 4281 emanatiunem,
3162 4230 3416 4272 emanare
3444 4215 3586 4268 enim
3613 4222 3829 4281 propter
3857 4211 4003 4263 aliud

2433 4320 2584 4391 quid,
2621 4317 2753 4387 quid
2786 4313 2933 4369 aliud
2963 4322 3047 4367 est
3078 4326 3239 4381 quam
3285 4305 3573 4377 providere
3615 4306 3754 4365 suis,
3783 4315 4003 4371 propter

2226 4607 2499 4672 Schoba.

834 4753 909 4815 (l)
950 4750 1003 4803 ld
1028 4755 1142 4807 est,
1183 4748 1257 4797 ila
1296 4746 1351 4797 in
1381 4758 1434 4796 se
1461 4741 1637 4794 omnia
1674 4736 2001 4802 anticipatiit,
2041 4742 2094 4787 et
2144 4733 2326 4785 omnia
2362 4734 2405 4788 D
2437 4747 2564 4782 στον

1891 4736 2001 4797 wit,
2041 4733 2326 4815 et_omnia
2362 4734 2405 4788 D
2437 4747 2564 4782 στον
2609 4726 2798 4791 αὐτοῦ,
2837 4736 3075 4815 ,ιιξηουξη
3131 4720 3635 4815 ἀίοιξιέοῇενξξιξξζῇ

759 4812 866 4882 est.
897 4812 962 4874 'ut
994 4832 1117 4873 cum
1155 4817 1234 4868 eis
1270 4831 1375 4867 non
1408 4816 1476 4866 sit
1508 4816 1944 4882 coagmentatus,
1994 4812 2168 4882 neque
2202 4817 2327 4882 cor-

764 4874 926 4953 inrce
960 4890 1171 4942 unitus.
1206 4887 1307 4938 hoc
1343 4893 1424 4936 est
1456 4880 1777 4947 simpliciter
1826 4885 1879 4928 et
1910 4874 2327 4953 incircumscri-

762 4946 850 5025 iitc
876 4944 1074 5013 omnia
1110 4971 1230 5008 che
1254 4956 1304 5006 in
1333 4970 1399 5025 eo
1447 4961 1499 5005 et
1530 4944 1849 5025 ipsumesse
1888 4944 2095 5025 omnia.
2125 4944 2329 4996 Contra

762 5014 941 5086 aii-bat
978 5027 1309 5082 Manicltmus
1352 5024 1514 5075 Deum
1548 5014 1801 5070 omnibus
1832 5014 2155 5080 corporibus
2204 5030 2329 5086 aov-

764 5084 1147 5165 ινυσῖασμένον.
1178 5096 1227 5146 id
1260 5106 1364 5151 est.
1388 5102 1444 5145 nt
1469 5091 1544 5144 ita
1578 5098 1875 5145 vertamus.
1895 5084 2332 5137 consubstantia-

768 5189 879 5223 Illln
919 5167 1281 5235 providentia.

836 5227 930 5305 (“2).
959 5239 1140 5291 Douis.
1187 5233 1253 5289 Ut
1295 5236 1346 5285 itt
1397 5231 1487 5284 illo
1528 5227 1752 5291 :Aperis
1814 5234 1869 5275 tu
1920 5240 2134 5275 manum
2183 5230 2331 5274 tuam

764 5305 1295 5381 tl’sal-ssliuiﬁl-
1338 5314 1441 5381 '1'.“-
1646 5369 1655 5379 .
1912 5365 1923 5375 .
1979 5355 2278 5381 ...ηηωτ

838 5363 914 5450 (5)
984 5363 1303 5431 Visiouibus.
1361 5372 1428 5427 Ut
1471 5387 1589 5450 cum
1626 5369 1697 5450 .in
1747 5365 1945 5444 Veteri.
1979 5363 2331 5450 Testamento

764 5432 1059 5522 :ppa’rcbat
1095 5450 1245 5522 Ui-us
1280 5446 1456 5522 ξιιμ-ἰν
1493 5439 1729 5522 hominis
1760 5446 1862 5522 λοι
1904 5435 2046 5522 sicult
2090 5432 2331 5498 Spiritus

762 5503 988 5576 Binetus
1021 5517 1275 5587 apparuit
1304 5503 1358 5568 in
1396 5511 1575 5582 specie
1600 5509 1884 5570 columbae,
1926 5515 1983 5558 et
2013 5503 2322 5572 linguarum

679 5643 685 5647 .
761 5606 1066 5657 tguearttm.

830 5643 1393 5727 ivilil’roprietotibus.
1434 5650 1503 5707 Ut
1542 5665 1609 5727 tn_
1648 5649 1911 5727 propheta
1958 5648 2144 5727 Aruns,
2196 5643 2323 5727 ada-

763 5714 901 5793 nzas,
951 5714 1187 5799 proiidit
1244 5727 1401 5787 Deus,
1456 5734 1513 5776 ttt
1549 5714 1922 5799 siuiilitudinne
1979 5723 2032 5767 et
2066 5714 2326 5799 ‘ci'teu‘tplu

758 5783 1069 5860 etiamalitis
1116 5783 1432 5856 ostenderet
1471 5794 1628 5847 nobis
1668 5792 1726 5843 τὸ
1755 5787 1962 5850 ἀπαθὲς
1993 5785 2085 5838 καὶ
2112 5783 2324 5836 sagi-.1.

3694 4712 3830 4767 Deus
3874 4714 4010 4777 iqnis

2437 4816 2744 4852 cmuumens
2775 4784 2849 4850 est
2879 4796 3057 4865 (Deut.
3095 4810 3167 4857 tv,
3218 4792 3329 4859 24),
3381 4784 3615 4865 providit
3648 4794 3705 4837 ut
3734 4786 3811 4837 sic
3843 4784 4009 4853 signi-

2437 4870 2626 4923 licaret
2658 4870 2761 4920 vim
2795 4857 3146 4921 consumendi
3179 4857 3375 4931 pravos
3396 4857 3638 4931 (habitus.

2508 4940 2588 5002 (5)
2616 4936 3007 4991 Facultatibus.
3036 4935 3099 4989 Ut
3126 4924 3288 4989 oculi.
3315 4930 3406 4996 qui
3431 4928 3740 5002 facultatem
3767 4924 4009 5002 videndi,

2441 4995 2708 5077 et'p'edes
2741 5005 3055 5061 ambulandi
3087 4995 3416 5072 signiﬁcant,
3463 4997 3673 5063 species
3716 4995 4011 5063 providen-

2441 5093 2527 5131 tur.
2556 5089 2699 5130 sunt.

2512 5150 2586 5215 (6)
2613 5146 2850 5201 Statibus
2869 5146 2944 5197 vel
2974 5142 3353 5215 mansionibus.
3382 5139 3449 5215 Ut
3478 5153 3600 5190 eum
3628 5136 3847 5215 dicitur,
3876 5134 4012 5199 lapis

2440 5206 2601 5271 lurida
2614 5218 2800 5279 menti,
2825 5214 3093 5283 signiﬁcat
3118 5213 3508 5281 providentiam
3541 5217 3718 5260 status
3746 5206 4012 5257 immuta-

2437 5288 2581 5341 bilis.
2729 5338 2770 5344 ,,
3768 5283 3777 5287 “

2512 5358 2587 5423 (7)
2614 5342 3059 5423 Ematmtionibus
3093 5349 3171 5404 vel
3187 5347 3630 5423 distinctionibus.
3668 5344 3737 5423 U_t
3766 5358 3891 5397 cum
3927 5342 4015 5395 di-

2435 5416 2595 5492 citur,
2630 5428 2725 5479 llos
2758 5426 2869 5488 agri
2906 5435 2958 5477 et
2990 5422 3161 5475 lilium
3194 5418 3520 5474 convallium
3543 5456 3557 5481 ,
3606 5416 3839 5467 varietas
3882 5428 4009 5481 pro'

2434 5498 2683 5552 videmiae
2709 5495 3065 5555 signiﬁcatur.

2507 5571 2584 5636 t8)
2629 5552 3125 5633 Conjunctionibus.
3172 5559 3258 5636 Ut_
3293 5572 3414 5636 cum
3468 5564 3692 5610 vocatur
3744 5552 4016 5636 lapisan-

2432 5624 2665 5707 gularis,
2694 5624 3031 5707 signiﬁcatur
3074 5630 3415 5703 providentia
3454 5624 3809 5683 convertendi
3835 5624 3902 5675 ad
3934 5636 4016 5686 se,

2432 5704 2486 5764 ct
2524 5724 2709 5764 secum
2737 5704 3052 5776 Copulaudi.
