4416 6448
410 424 517 485 789

1216 432 1450 492 DECAS
1496 434 1597 493 ΙΙΙ.
1645 464 1707 471 -
1754 438 1846 495 DE
1887 438 2178 498 DIVINIS
2210 442 2847 503 EMANATIUNIBUQ.

3530 448 3631 502 790

411 552 549 603 quos
595 552 623 589 a
660 537 926 605 principio
958 545 1356 598 cmanationem
1394 548 1538 606 fecit.
1573 559 1622 602 cl
1656 548 1831 602 adhuc
1866 565 1961 601 en-
1992 552 2035 606 Δ
2067 566 2128 603 ac
2166 555 2439 607 beneﬁciis
2482 574 2595 620 eius
2630 572 2752 622 erga
2803 574 2895 606 nos
2938 572 3149 607 immuta
3203 574 3368 621 ipsius
3412 569 3625 616 enim...

412 641 529 677 rum
553 641 737 678 curant
771 630 927 694 gerit,
953 633 1095 696 quod
1128 636 1297 699 magis
1328 638 1504 689 adhuc
1533 654 1594 690 ex
1632 654 1696 690 co
1729 648 1962 701 constat,

410 714 555 779 quod
593 717 930 781 previdentia
961 720 1049 771 Dei
1077 723 1401 789 principium
1425 736 1505 779 est
1528 737 1732 780 naturae
1758 743 1963 791 rerum,

406 817 567 854 omne
602 815 780 856 autem
836 808 1157 875 principium
1195 813 1499 876 aliquorum
1540 816 1592 867 in
1630 816 1695 869 iis
1729 832 1848 884 qur
1898 819 1965 869 ab

408 890 525 953 ipso
556 892 821 960 principio
848 897 1138 955 exsistunt,
1168 902 1546 966 concluditur;
1602 906 1769 971 liquet
1803 908 1965 975 igitur

406 996 528 1031 esse
560 984 953 1047 providentiam
983 1003 1147 1038 unum
1182 1005 1244 1041 ex
1296 992 1362 1045 iis
1392 1009 1513 1059 quae
1562 1010 1590 1047 a
1644 996 1750 1048 Deo
1778 999 1965 1050 volun-

408 1080 517 1123 tate
548 1087 642 1124 sua
682 1072 816 1126 facta
853 1086 998 1129 sunt.
1041 1077 1333 1134 Enumerat
1365 1092 1542 1136 autem
1596 1085 1878 1154 Dionysius
1914 1090 1964 1142 itt

407 1164 759 1225 providentiis
788 1165 925 1218 dona
983 1178 1033 1220 et
1063 1171 1299 1231 visiones
1352 1181 1404 1225 et
1446 1176 1576 1237 alia,
1635 1187 1792 1230 utens
1833 1194 1963 1232 voce

405 1251 822 1318 disjnnctionis,
896 1259 974 1310 vel
1042 1260 1106 1311 ad
1172 1263 1605 1328 declarantium,
1674 1280 1780 1319 non
1845 1282 1966 1321 esse

1006 1507 1232 1562 CAPUT
1266 1510 1355 1563 IX.

407 1588 561 1665 Quod
593 1595 876 1646 sectandum
911 1599 1052 1664 ipsa:
1102 1600 1197 1653 Dei
1244 1604 1601 1665 providentia:
1657 1620 1703 1661 et
1750 1626 1968 1664 enimm-

477 1664 638 1741 tiones
676 1671 829 1731 atque
853 1670 1174 1747 operatione:
1203 1664 1334 1747 fiunt
1361 1684 1550 1728 nostra:
1578 1677 1769 1732 divina:
1797 1684 1966 1747 porti-

476 1731 781 1793 cipationet.
812 1744 859 1785 et
884 1737 1066 1788 divina
1098 1731 1327 1791 noniiua.

479 1812 698 1877 Magnus
741 1820 1049 1890 Dionysius,
1083 1826 1259 1892 capite
1309 1828 1487 1895 primo
1536 1830 1607 1885 De
1640 1835 1831 1887 divinis
1872 1852 1967 1888 no-

408 1905 657 1969 minibus,
691 1908 835 1974 ll.cc,
891 1912 1088 1978 inquit,
1120 1930 1181 1969 ex
1217 1917 1513 1986 Scripturis
1550 1921 1970 1978 divinis-didici-

408 2008 531 2049 mus
556 2015 570 2059 ;
600 2009 650 2049 et
700 2015 913 2055 onmem
968 2003 1079 2058 fere
1122 2022 1333 2062 sacram
1365 2009 1704 2077 scripturam
1740 2017 1973 2078 reperies

407 2088 473 2138 ad
526 2088 908 2146 declarandum
966 2097 1120 2153 nobis
1173 2100 1338 2153 Deum
1395 2112 1447 2154 et
1509 2104 1574 2157 ad
1640 2105 1971 2160 laudandum

408 2191 570 2239 eum,
622 2180 801 2233 divina
861 2187 1078 2240 nomina
1136 2187 1373 2244 formare
1424 2196 1720 2248 secundum
1778 2197 1975 2249 divinas

413 2268 694 2323 bonitatis’
756 2276 1147 2331 etnanationes.
1222 2280 1284 2332 Et
1336 2281 1530 2336 iterum
1618 2285 1670 2337 in
1736 2288 1974 2339 secundo

409 2375 442 2414 c
480 2364 584 2430 pite
647 2382 660 2419 :
728 2365 985 2421 Absulute
1041 2370 1116 2437 (l)
1200 2373 1723 2429 cotnmnnicationcs
1815 2378 1971 2441 vitae,

412 2454 709 2520 sapientim,
775 2466 829 2509 et
904 2458 1006 2513 alia
1064 2459 1204 2513 dona
1265 2462 1459 2516 divina:
1523 2465 1781 2519 bonitatis
1859 2483 1976 2520 om-

414 2544 561 2597 nittm
622 2562 802 2600 rerum
859 2548 1166 2613 et'l‘ectricis,
1226 2553 1278 2605 in
1339 2554 1540 2621 quibus
1580 2554 1741 2609 donis
1777 2557 1978 2611 divinte

413 2650 691 2703 personae;
745 2655 865 2706 ane
916 2641 1033 2694 sine
1099 2653 1302 2695 natura:
1377 2661 1488 2699 sua:
1555 2648 1975 2715 participatione

415 2727 820 2793 participantur.
856 2745 883 2782 a
943 2733 1444 2799 participationibus
1498 2747 1551 2789 et
1604 2740 1975 2806 participanti-

416 2820 516 2871 bus
570 2820 878 2875 laudantur.
911 2828 1028 2887 Qun
1076 2828 1127 2879 iit
1177 2828 1293 2882 loco
1324 2828 1379 2881 S.
1420 2829 1726 2887 Maximus:
1771 2833 1976 2886 Secun-

415 2912 543 2962 dum
596 2914 975 2979 sulistant-‘atn,
1010 2917 1203 2986 inquEI,
1245 2920 1499 2973 divinitas
1545 2937 1717 2986 neque
1757 2924 1975 2990 νοτίω-

420 3010 595 3068 νειιιηι,
654 3018 751 3055 nec
809 3004 1123 3072 intelligitur
1176 3026 1189 3060 :
1236 3011 1641 3078 participabilis-
1690 3028 1814 3066 vero
1868 3025 1974 3077 est,

417 3104 683 3159 quatenus
713 3094 778 3146 ab
807 3111 867 3150 ea
886 3098 1154 3151 exsistunt
1181 3101 1385 3161 omnia,
1412 3112 1464 3155 et
1487 3102 1555 3155 ab
1586 3117 1649 3156 ea
1688 3106 1971 3158 continen-

2067 658 2127 695 ca
2166 658 2288 693 vero
2328 645 2437 710 ipsa
2473 660 2590 709 qua:
2628 648 2675 696 in
2721 645 2826 695 Deo
2884 658 3028 701 sunt.
3074 650 3374 711 cuiusmmli
3410 660 3628 699 ρινιιιιιιιι

2067 732 2173 783 sint
2201 734 2406 783 ratione
2434 735 2514 783 Siti
2556 735 2803 798 principii
2836 747 2883 786 et
2929 736 3285 793 fundamenti,
3322 749 3368 787 ct
3418 755 3482 799 qi:
3510 762 3531 789 ,ι

2067 833 2131 869 eo
2178 826 2325 878 sunt,
2404 834 2568 887 supra
2622 838 2837 875 omnem
2896 836 3167 884 mentem,
3226 830 3491 878 notionem
3570 848 3611 879 ιιι

2067 909 2428 974 Cognitionem
2485 913 2788 963 naturalem
2869 915 3165 978 putandum
3232 930 3350 965 csse
3405 934 3417 967 :
3466 928 3627 979 atque

2067 998 2227 1047 etiam
2263 997 2337 1063 (id
2382 1001 2521 1064 quod
2570 1001 2716 1067 prius
2760 1001 3251 1066 demonstrabatur)
3282 1020 3343 1054 ex
3389 1010 3631 1069 magnei-

2069 1086 2241 1137 centia
2268 1097 2319 1138 et
2350 1102 2529 1139 rerum
2562 1091 2750 1140 ordine
2785 1090 2948 1142 Deum
2997 1093 3273 1156 cognosci,
3317 1110 3420 1144 non
3456 1108 3634 1147 autem

2069 1189 2131 1227 ex
2170 1177 2468 1229 substantia
2517 1194 2634 1231 sua.
2667 1179 2921 1243 Quamvis
2972 1183 3113 1235 enim
3156 1186 3525 1237 tlcilicationt‘s
3564 1190 3631 1237 ah

2069 1280 2134 1317 eo
2161 1266 2223 1316 ad
2260 1280 2357 1316 nos
2390 1267 2655 1333 proﬁcisci
2685 1270 2993 1332 audiamus,
3039 1285 3125 1325 aut
3172 1274 3455 1327 facultates
3485 1278 3603 1327 deili
3626 1308 3638 1317 -

2068 1367 2161 1403 cas
2216 1354 2293 1403 Vt'l
2355 1354 2690 1412 substantize.
2732 1358 2807 1409 vel
2871 1362 3008 1420 vita,
3044 1362 3125 1413 vel
3177 1365 3452 1431 sapientize
3510 1367 3639 1415 etle-

2070 1442 2283 1503 ctriccs,
2321 1444 2453 1495 nihil
2481 1444 2622 1496 aliud
2672 1445 3045 1515 intelligimus,
3080 1467 3239 1519 quam
3299 1454 3367 1506 ab
3423 1455 3537 1520 ipso
3572 1456 3637 1506 ail

2072 1545 2169 1583 nos
2204 1531 2607 1598 proficiscentes
2643 1536 3005 1603 habitudines,
3028 1540 3314 1603 motiones,
3341 1546 3642 1595 emanatin-

2072 1636 2166 1673 nes
2207 1630 2258 1673 et
2285 1624 2650 1689 operationes,
2673 1628 2817 1706 nulla
2847 1639 3023 1681 autem
3049 1646 3111 1682 ex
3145 1630 3261 1684 istis
3287 1635 3640 1696 motionibus,

2071 1710 2115 1762 si
2157 1709 2237 1764 sic
2288 1726 2380 1764 eas
2429 1727 2721 1772 vocemus;
2774 1717 3180 1771 similitudinem
3213 1732 3304 1773 aut
3336 1727 3642 1789 prepot-tio-

2073 1815 2192 1850 nem
2254 1800 2413 1853 habet
2469 1816 2591 1853 cum
2647 1804 2734 1854 illa
2788 1804 3029 1856 omnium
3096 1822 3270 1858 rerum
3336 1826 3539 1871 causa,
3590 1822 3644 1862 et

2074 1904 2288 1941 omnem
2359 1901 2605 1943 naturam
2684 1903 3008 1959 superante;
3094 1896 3206 1950 hsce
3266 1898 3406 1950 enim
3457 1886 3665 1954 omnia

2076 1987 2291 2045 propter
2342 1994 2562 2030 causam
2623 1990 2763 2032 mota
2815 1992 2974 2046 sunt,
3043 1999 3201 2037 omne
3262 1997 3443 2040 autem
3500 1993 3642 2056 quod

2076 2075 2295 2135 propter
2350 2082 2569 2122 causam
2614 2080 2719 2131 cst,
2773 2082 2820 2124 et
2877 2085 3146 2139 movetur,
3200 2076 3398 2130 factum
3448 2090 3548 2143 est,
3582 2098 3645 2134 ac

2078 2155 2409 2224 principium
2451 2165 2503 2209 et
2538 2158 2696 2211 tinem
2731 2160 2911 2212 habet.

2701 2291 2929 2346 CAPUT
2965 2294 3030 2348 Χ.

2078 2399 2229 2465 Quod
2278 2400 2411 2456 Deus
2465 2416 2541 2459 est
2585 2422 2740 2467 imus,
2767 2417 2814 2459 et
2848 2408 3205 2470 impartibilis,
3250 2424 3297 2464 et
3335 2431 3431 2465 non
3469 2420 3647 2468 mul-‘t-

2144 2472 2430 2538 plicabilis,
2464 2483 2511 2526 et
2543 2477 2825 2535 immobili;
2857 2493 2873 2529 .'
2900 2479 2949 2528 in
2999 2479 3075 2529 Itis
3148 2493 3318 2533 autem
3357 2493 3648 2540 emnimtio-

2148 2542 2325 2623 nibus.
2356 2544 2559 2623 uidetur
2617 2550 2830 2610 moveri,
2864 2558 2911 2598 et
2939 2550 3153 2615 partiri,
3178 2568 3237 2602 ac
3279 2555 3645 2623 multiplicari,

2147 2618 2194 2661 et
2219 2611 2402 2663 dividi.

2148 2721 2373 2790 Magnus
2416 2725 2739 2797 Dionysius,
2800 2735 2974 2797 capite
3030 2738 3269 2791 secundo
3317 2738 3389 2793 De
3454 2742 3651 2794 ditinis

2078 2813 2377 2867 nominibus
2416 2834 2433 2870 :
2482 2817 2619 2881 Quia
2673 2823 2810 2876 Deus
2863 2842 3024 2893 supra
3060 2831 3416 2883 sitbstantiam
3446 2844 3550 2898 est,
3598 2846 3653 2887 tt

2078 2906 2333 2958 umnihus
2363 2922 2480 2973 qu.e
2504 2925 2566 2962 su
2595 2920 2650 2972 .t,
2686 2913 2778 2966 dat
2811 2932 2950 2981 esse,
2990 2930 3043 2972 et
3088 2935 3278 2976 omnes
3317 2925 3655 2979 substantias

2080 2995 2351 3061 producit,
2388 2999 2732 3067 multiplicari
2785 3004 2989 3059 dicitur
3041 3011 3172 3063 illud
3226 3029 3391 3067 unum
3445 3032 3651 3078 ens,eo

2079 3087 2223 3153 quod
2275 3104 2339 3142 ex
2406 3092 2768 3157 productione
2825 3099 2942 3166 ejus
2992 3103 3155 3156 multa
3192 3107 3483 3170 exsistunt,
3532 3126 3654 3163 cum

418 3194 506 3233 tur
552 3192 604 3235 et
651 3197 1044 3239 conservantur
1082 3198 1138 3240 ut
1170 3190 1297 3243 sint.
1330 3190 1406 3244 Ac
1450 3207 1640 3247 rursus
1688 3192 1977 3263 Dionysius
2005 3191 2046 3247 C
2080 3177 2162 3229 all‘

1915 3211 1977 3248 us
2005 3191 2046 3247 ς,
2080 3177 2281 3244 alioqui
2321 3180 2679 3235 nihilominus
2715 3200 2929 3243 maneat
2956 3201 3010 3244 ct
3042 3210 3208 3247 unum
3244 3196 3294 3249 in
3328 3198 3653 3267 multiplica-

418 3270 471 3320 iu
508 3270 707 3323 eodem
743 3288 860 3335 cap.
893 3273 1145 3340 :Ontuia,
1178 3278 1374 3347 inquit,
1404 3281 1609 3342 divina,
1641 3283 1803 3336 etiam
1836 3302 1981 3351 qua:-

416 3379 633 3431 c-unque
700 3365 857 3417 nobis
924 3367 1195 3422 declarata
1255 3380 1416 3434 sunt,
1484 3372 1984 3442 participatiunibus

417 3457 591 3507 solum
656 3470 1082 3524 regnoscuutur,
1140 3462 1251 3528 ipsa
1308 3474 1489 3516 autem
1567 3466 1750 3519 divina
1802 3468 1983 3535 qual‘a

421 3546 635 3598 tandem
694 3548 801 3600 sint
850 3563 912 3600 cx
950 3551 1164 3617 proprio
1213 3553 1477 3618 principio
1514 3564 1566 3607 et
1620 3555 1980 3619 inuitatione;

422 3652 595 3704 neque
630 3649 827 3700 mente,
865 3654 1039 3707 neque
1063 3642 1387 3707 cogitatione
1420 3643 1524 3695 ulla
1552 3654 1648 3697 aut
1675 3648 1984 3713 cognitione

420 3730 635 3794 assequi
695 3731 832 3788 licet,
886 3741 940 3781 ut
990 3733 1033 3783 si
1084 3732 1317 3784 abditam
1354 3734 1495 3786 illam
1536 3737 1827 3788 essentiam
1874 3738 1986 3801 Dei,

420 3836 452 3884 q
482 3838 540 3870 ne
580 3835 738 3886 supra
781 3836 992 3872 omnem
1024 3832 1268 3874 naturam
1299 3833 1401 3885 est,
1438 3824 1626 3889 Deum,
1670 3836 1763 3879 aut
1802 3828 1988 3891 vitam,

422 3920 515 3961 ant
558 3911 938 3973 substantiam,
986 3924 1078 3965 aut
1128 3914 1328 3977 lumen,
1370 3924 1463 3968 aut
1514 3919 1778 3972 rationem
1825 3935 1987 3973 voce-

426 4020 564 4066 mus,
623 4006 753 4055 nihil
811 4005 956 4057 aliud
1015 4006 1390 4073 intelligimus,
1436 4024 1597 4077 quam
1636 4013 1989 4080 multiplicem

424 4096 729 4148 t:n-nlta‘em
756 4098 822 4148 ab
857 4111 919 4148 eo
957 4098 1273 4165 productam
1315 4112 1367 4153 et
1398 4103 1877 4163 communicatam,
1910 4104 1989 4156 vel

423 4187 487 4237 a.l
539 4185 933 4249 deiﬁcandum,
981 4189 1063 4240 vel
1105 4188 1168 4241 ad
1220 4190 1543 4257 capiendum
1603 4192 1987 4255 substantiam,

424 4277 505 4328 vel
538 4279 601 4329 ad
649 4280 809 4330 vitam
862 4280 1241 4345 prmtandam,
1270 4282 1349 4334 vel
1400 4283 1462 4334 ad
1513 4284 1831 4347 sapientiam
1879 4285 1989 4337 lar-

424 4370 672 4436 giendum
732 4388 747 4424 :
804 4373 867 4423 ad
912 4372 1087 4438 ipsum
1152 4388 1279 4425 vero
1347 4374 1507 4426 Demn
1578 4376 1984 4445 intelligendum

427 4474 660 4515 mentem
701 4462 1031 4517 intendimus
1074 4466 1221 4518 unde
1263 4480 1324 4517 ac
1371 4468 1543 4519 solute
1579 4467 1647 4520 ab
1689 4469 1835 4534 omni
1866 4484 1990 4536 ope-

390 4576 397 4587 ·
427 4555 655 4615 ratione,
696 4556 893 4607 nullam
924 4566 1205 4608 cernentes
1234 4556 1645 4614 deilicationem.
1676 4569 1764 4611 aut
1810 4561 1993 4622 vitam,

423 4656 516 4697 aut
544 4648 923 4707 substantiam,
952 4650 1324 4715 quaeperl'ecte
1358 4650 1551 4701 similis
1582 4649 1652 4702 sit
1692 4650 1764 4701 illi
1799 4666 1997 4733 causa}.

424 4752 544 4803 qine
585 4737 733 4789 omni
780 4752 972 4804 genere
1017 4738 1349 4790 excellentiae
1392 4748 1446 4789 et
1486 4742 1810 4805 praestantiae
1845 4752 1999 4795 extza

423 4830 606 4880 ntiinia
656 4830 827 4894 posita
893 4839 995 4883 est.
1051 4830 1222 4891 Quem
1287 4830 1464 4881 locum
1534 4832 1797 4881 adnotans
1856 4832 1996 4884 idem

424 4920 693 4973 Maximus
731 4938 744 4971 ι
782 4920 1004 4982 Nomen,
1043 4923 1237 4986 inquit,
1267 4922 1355 4973 Dei
1416 4938 1520 4974 non
1563 4923 1831 4989 significat
1868 4925 1994 4978 Stib-

356 5044 359 5046 »
423 5013 703 5069 stantiam,
736 5025 910 5076 neque
954 5011 1081 5079 quid
1123 5021 1209 5064 est
1238 5010 1397 5071 Deus,
1430 5012 1521 5064 sed
1566 5013 1978 5067 beneﬁcentiam

424 5102 712 5170 quamdam
742 5116 867 5167 erga
893 5116 993 5153 nos
1032 5119 1044 5151 :
1074 5111 1127 5154 et
1154 5100 1295 5170 quod
1326 5116 1389 5154 ex
1424 5102 1933 5169 participationibus
1956 5120 1983 5157 a

430 5194 538 5243 lico
586 5190 743 5244 nobis
800 5190 1017 5243 donatis
1059 5192 1279 5243 nomina
1331 5192 1420 5244 Dei
1484 5192 1813 5253 formamus,
1860 5196 1986 5262 quid

340 5262 352 5272 ’
427 5288 608 5331 autem
653 5288 735 5330 est
777 5276 939 5338 Deus,
968 5278 1217 5331 omnibus
1249 5288 1333 5330 est
1374 5278 1738 5344 incogitabile.
1770 5279 1842 5331 Ex
1869 5282 1993 5347 qui-

429 5372 527 5423 l-Us
560 5367 898 5422 manifestum
943 5368 1019 5426 lit.
1057 5384 1121 5422 cx
1153 5368 1592 5423 emanalionibus
1620 5368 1731 5435 Dei,
1757 5372 1994 5426 etdonis

2087 3270 2255 3331 ti0ne,
2281 3281 2332 3326 et
2360 3274 2569 3329 unitum
2607 3277 2656 3329 in
2688 3283 3054 3355 cmanatione.
3093 3288 3171 3340 Ac
3200 3304 3388 3343 rursus
3431 3292 3571 3342 idem
3602 3294 3655 3344 iu

2087 3360 2291 3413 eisdem
2343 3381 2356 3416 :
2414 3364 2659 3419 Divinam
2710 3371 3118 3436 discretionem,
3160 3379 3353 3445 inquit,
3392 3382 3658 3439 dicunus.

2090 3453 2230 3505 sicut
2266 3454 2467 3507 dictum
2524 3466 2624 3520 cst,
2656 3470 3027 3519 ctnanationcs
3065 3467 3177 3529 Dei,
3205 3470 3498 3522 honitatem
3541 3475 3660 3536 ejus

2092 3542 2341 3597 decentes
2374 3564 2386 3605 ;
2422 3546 2652 3613 largiens
2686 3552 2826 3601 enim
2862 3558 3115 3607 omnibus
3159 3574 3299 3617 esse,
3343 3572 3393 3611 ιιι
3433 3562 3573 3611 fundi
3600 3584 3661 3611 ιεη

2092 3632 2375 3687 afﬂuenter
2410 3639 2650 3691 omnium
2688 3642 2952 3695 bonorum
2989 3648 3429 3699 participatione:
3482 3653 3661 3703 tllSlt--

2093 3725 2274 3779 buitur
2304 3731 2469 3791 unite,
2499 3742 2551 3784 ct
2582 3735 2970 3802 multiplicatur
2999 3740 3373 3809 singulariter.
3404 3746 3665 3796 ttllit‘tlut'-

2093 3834 2200 3887 que
2236 3821 2511 3889 multiplex
2558 3839 2665 3877 non
2720 3830 2976 3884 recedens
3012 3834 3078 3883 ab
3115 3849 3240 3886 uno.
3277 3837 3447 3898 Quetn
3487 3838 3663 3888 locum

2094 3912 2358 3966 adnotans
2380 3912 2437 3965 S.
2462 3913 2726 3970 Maximus
2753 3936 2765 3970 :
2791 3918 3018 3982 Dicitur,
3048 3924 3244 3990 inquit,
3279 3942 3447 3978 unum
3484 3929 3666 3979 multi-

2094 4004 2213 4070 ple:
2260 4002 2394 4064 ﬁeri,
2426 4006 2554 4072 quia
2587 4024 2648 4061 cx
2684 4008 2822 4075 ipso,
2861 4026 2924 4065 ac
2960 4027 3052 4079 per
3078 4014 3281 4083 ipsum,
3313 4028 3363 4068 et
3404 4019 3454 4069 lll
3488 4018 3665 4086 ipsum

2094 4104 2287 4147 cuncta
2337 4097 2552 4149 condita
2604 4113 2763 4162 sunt;
2815 4111 2867 4153 ct
2917 4102 3031 4171 ipse
3071 4116 3151 4159 est
3196 4116 3362 4174 caput
3421 4111 3668 4161 omnium

2093 4200 2212 4251 qua
2244 4195 2461 4249 sunt,et
2494 4188 2603 4256 ipse
2633 4205 2821 4245 Omnes
2848 4197 3175 4249 substantias
3206 4199 3495 4264 produxit:
3529 4217 3673 4252 reeie

2098 4275 2262 4345 igitur
2296 4289 2514 4347 propter
2543 4298 2602 4334 ea
2641 4298 2759 4348 qum
2797 4284 2861 4336 ab
2893 4286 3009 4351 ipso
3066 4286 3252 4339 υσυαλ
3308 4309 3457 4349 sum,
3495 4298 3673 4343 IttUlli-

2097 4368 2283 4435 plicari
2309 4370 2531 4423 dicitur.
2556 4371 2631 4425 Ac
2659 4389 2845 4427 rursus
2869 4376 3005 4428 idem
3034 4374 3344 4445 Dionysius,
3376 4396 3491 4445 Cap.
3531 4397 3671 4432 nono

2100 4459 2175 4511 De
2202 4461 2389 4512 divinis
2418 4466 2644 4526 nomiit.,
2700 4464 2861 4528 Quid,
2899 4466 3091 4533 inquit,
3132 4485 3251 4520 cum
3288 4485 3482 4523 rmStts
3522 4474 3675 4523 then-

2110 4550 2213 4619 logi
2245 4552 2435 4605 dicunt
2467 4554 2517 4604 in
2554 4566 2747 4607 cuncta
2778 4569 3048 4619 tnearc,et
3081 4562 3281 4611 moveri
3318 4564 3673 4622 immobilem,

2112 4659 2288 4697 nonne
2337 4646 2437 4698 hoc
2474 4657 2530 4698 ut
2568 4646 2729 4699 Deum
2761 4651 2935 4708 decet,
2984 4652 3386 4721 intelligendum
3426 4656 3550 4705 est?
3585 4655 3679 4708 l';e

2106 4736 2250 4787 cnim
2314 4738 2611 4804 putandum
2647 4748 2735 4812 est
2758 4742 2963 4812 moveri
2994 4740 3179 4805 Deum,
3212 4760 3315 4796 non
3347 4748 3501 4812 quasi
3532 4746 3675 4799 lera-

2108 4834 2215 4891 tnr,
2239 4837 2331 4881 aut
2358 4839 2617 4890 mutetur,
2642 4808 2988 4885 aui'v‘arietur
3006 4836 3188 4904 aliquo
3209 4836 3388 4898 modo,
3412 4848 3675 4893 autmqu

2105 4917 2207 4971 Ieci
2241 4920 2356 4973 sive
2390 4932 2555 4986 recto,
2587 4923 2703 4975 sive
2736 4924 2994 4985 rotundo,
3026 4927 3136 4979 sive
3159 4945 3221 4981 cx
3260 4938 3485 4999 utroque
3512 4948 3632 4985 com
3661 4964 3678 4973 -

2093 5012 2290 5079 posito,
2312 5027 2485 5079 neque
2511 5022 2656 5066 motu
2689 5016 3075 5083 intelligentize,
3099 5034 3274 5085 neque
3298 5024 3554 5084 naturali,
3582 5041 3691 5077 nee

2094 5103 2336 5167 animali,
2358 5104 2451 5157 scd
2482 5115 2750 5172 quatenus
2779 5109 2963 5161 omnia
3000 5110 3139 5163 lleus
3169 5114 3418 5177 producit
3447 5125 3502 5166 tit
3541 5116 3685 5169 sintr

2096 5204 2149 5245 et
2177 5195 2357 5248 omnia
2394 5198 2657 5257 continet.
2683 5208 2735 5250 et
2755 5199 3010 5253 omnibus
3044 5202 3190 5254 vatie
3223 5206 3487 5269 providet.
3516 5205 3669 5259 llunc

2101 5284 2281 5337 locum
2316 5286 2623 5340 cdisserens
2655 5286 2714 5342 S.
2756 5288 3021 5344 Maximus
3065 5308 3078 5344 :
3115 5290 3276 5355 Deus,
3311 5295 3523 5361 inquit,
3570 5312 3683 5349 non

2104 5387 2357 5429 movetur
2395 5377 2577 5447 aliquo
2606 5394 2671 5433 ex
2710 5381 2827 5435 istis
2866 5397 3062 5450 genere
3099 5394 3301 5447 motus,
3331 5388 3461 5455 quin
3498 5388 3679 5456 potius

1898 5537 2175 5599 Schoha.

500 5662 574 5725 (Ι)
631 5660 894 5712 .tbso/nre.
945 5657 1016 5711 Ex
1072 5669 1220 5726 parte
1275 5659 1547 5727 principii,
1581 5659 1696 5713 sive
1742 5662 2000 5716 essentia:

429 5735 643 5785 ditium.
669 5730 790 5793 quia
823 5730 1055 5782 essentia
1083 5730 1260 5781 divina
1289 5732 1587 5785 secundum
1619 5746 1677 5784 se
1708 5746 1811 5781 non
1847 5747 1996 5784 coni-

436 5806 743 5855 manicatur
785 5816 909 5854 cum
956 5801 1243 5861 creaturis.
1289 5802 1383 5856 scd
1441 5810 1681 5856 rcntanct
1725 5801 1901 5856 soluta
1933 5803 1999 5856 ab

2108 5666 2252 5718 omni
2322 5667 2641 5722 habitudine
2700 5670 3173 5738 participationis,
3243 5673 3691 5727 communicatur

2106 5746 2287 5793 tamen
2316 5739 2613 5795 secundum
2641 5740 3078 5798 similitudinem.
