4416 6448
1419 546 1644 598 (ἋΡῘῘΤ
1688 545 1746 598 ν.

864 642 1137 705 Quomodo
1171 638 1305 691 Deus
1337 641 1431 705 [int
1466 658 1493 689 τι
1527 640 1669 689 nobis
1706 638 1987 687 multorum
2022 641 2312 692 nominum.

879 731 1177 797 Gregorius
1201 728 1475 798 Nysscnus
1496 729 1779 793 disputans
1814 740 2001 780 contra
2029 727 2371 784 Ennominm:

810 821 940 889 Ego,
980 820 1176 887 inqttit,
1204 821 1344 887 quod
1371 834 1433 869 ex
1465 818 1745 884 Scriptura
1779 828 1963 869 sancta
1995 818 2181 880 didici,
2212 820 2377 872 ﬁden-

808 921 890 961 ter
939 910 1252 984 pronuntio,
1297 924 1419 960 eu-n
1470 910 1561 975 qui
1608 916 1686 959 est
1725 911 1904 971 supraf
1936 921 2098 959 omne
2154 924 2373 973 nomen,

809 1000 927 1051 ﬁeri
965 1000 1119 1051 nobis
1150 1000 1443 1051 multorum
1482 998 1787 1057 nominum.
1819 1012 1943 1049 cum
1974 1013 2071 1065 pro
2119 1000 2377 1054 varietate

810 1087 1193 1140 beneﬁciorum
1233 1087 1377 1137 varie
1408 1086 1740 1148 nominatur;
1771 1086 1948 1137 lumen
1981 1089 2124 1139 enim
2154 1088 2223 1139 dit
2245 1089 2374 1150 itur,

808 1193 932 1230 cum
966 1178 1251 1243 caliginem
1300 1176 1617 1243 ignorantiae
1645 1175 1892 1240 depellit;
1924 1176 2054 1238 vita,
2103 1192 2227 1229 cum
2280 1179 2379 1228 im-

810 1268 1197 1319 mortalitatem
1236 1266 1499 1332 largitur;
1537 1266 1640 1327 via,
1669 1280 1790 1328 cum
1826 1265 1892 1317 ab
1921 1280 2110 1318 errore
2144 1266 2207 1317 ad
2240 1266 2377 1317 veri-

810 1366 971 1408 tatem
1020 1355 1280 1408 deducit:
1332 1356 1412 1407 sic
1467 1357 1629 1407 turris
1685 1356 2040 1419 fortitudinis,
2093 1365 2143 1408 et
2187 1355 2380 1407 civitas

812 1443 1041 1511 munita,
1072 1453 1123 1493 et
1153 1443 1293 1501 finis,
1321 1450 1375 1494 et
1424 1452 1570 1508 petra
1597 1481 1611 1501 ,
1646 1452 1699 1494 et
1730 1443 1874 1503 vitis,
1920 1452 1973 1495 et
2015 1442 2281 1502 medii-us,
2324 1454 2379 1495 et

813 1533 1141 1583 resurrectio
1163 1570 1178 1594 ,
1208 1541 1262 1584 et
1296 1532 1549 1584 omnibus
1584 1532 1894 1595 hujusmodi
1924 1532 2238 1585 nominibus
2279 1546 2379 1598 ap-

812 1623 1063 1689 pellatur.
1095 1624 1305 1676 Rursus
1331 1624 1471 1675 idem
1505 1639 1517 1672 :
1550 1622 1689 1677 Deus
1716 1622 1931 1689 quidem
1971 1633 2051 1676 est
2076 1624 2375 1677 secundum

813 1724 871 1758 se
907 1708 957 1759 id
1001 1710 1143 1769 quod
1192 1708 1410 1761 demum
1445 1724 1580 1792 esse.
1608 1711 1851 1763 creditur
1887 1726 1899 1761 :
1936 1712 2249 1765 nomina-tur
2286 1728 2377 1764 δοι-

811 1808 917 1849 tem
963 1800 1031 1851 ab
1076 1800 1142 1851 iis
1176 1800 1267 1867 qtti
1308 1816 1429 1852 eum
1465 1801 1762 1867 appellant,
1798 1792 1919 1853 nonT
1957 1802 2187 1869 idipsum
2232 1803 2375 1869 quod

809 1899 891 1941 cst
936 1891 1064 1956 (non
1096 1889 1239 1942 enim
1290 1889 1545 1956 explicari
1584 1898 1760 1958 potest
1802 1898 1993 1942 natura
2031 1891 2195 1958 ejus),
2240 1908 2371 1959 qum

811 1980 990 2047 potius
1033 1996 1096 2033 ex
1156 1982 1221 2033 iis
1261 1997 1382 2049 quae
1436 1988 1501 2034 ad
1554 1983 1717 2033 vitam
1762 1992 2003 2035 nostram
2056 1983 2375 2050 pertinentia

808 2074 1021 2139 operari
1074 2074 1335 2136 creditur,
1390 2074 1767 2143 homonymias
1817 2073 1996 2137 habet,
2036 2074 2087 2127 id
2128 2083 2235 2135 est,
2286 2090 2380 2125 no-

809 2166 952 2217 mina
1001 2180 1121 2232 qua:
1165 2166 1441 2233 :rquivoea
1477 2173 1690 2217 vocant.
1728 2163 1791 2216 Et
1822 2163 2059 2215 Basilius
2096 2160 2326 2229 Mignus
2355 2202 2370 2224 ,

804 2255 1086 2319 Naturam,
1118 2257 1311 2323 inquit,
1337 2255 1571 2308 divinam
1604 2264 1871 2323 quatenus
1899 2268 2001 2312 est.
2031 2254 2163 2307 nihil
2187 2269 2379 2307 eorum

805 2364 927 2417 qna-
956 2351 1356 2415 excogitantur,
1388 2348 1651 2401 declarat.
1692 2345 1768 2399 Ex
1820 2346 1902 2399 his
1952 2347 2115 2415 igitur
2162 2347 2331 2414 liquet
2359 2384 2375 2407 ,

811 2440 925 2492 ﬁeri
982 2442 1140 2494 ttohis
1203 2441 1366 2492 Deum
1424 2441 1717 2491 multorum
1762 2438 2066 2497 nominum,
2117 2437 2387 2505 quoniam

807 2532 993 2585 multis
1028 2532 1303 2584 beneﬁciis
1334 2530 1452 2597 ejus
1477 2531 1542 2583 ad
1573 2529 1985 2583 custodiendam
2025 2528 2190 2579 vitam
2237 2528 2376 2578 imli-
2405 2518 2413 2526 ’

807 2642 1017 2695 genius,
1059 2640 1263 2692 nosque
1289 2639 1478 2676 smnus
1501 2622 1592 2691 qui
1622 2621 2032 2675 dilllcultatibus
2062 2621 2377 2689 circumpli-

804 2733 1034 2778 camur,
1082 2726 1134 2769 et
1174 2721 1225 2770 in
1275 2718 1355 2769 eis
1412 2716 1574 2767 Deum
1617 2714 1942 2780 excogitatis
1972 2722 2025 2766 et
2060 2713 2370 2765 adiuvent-is

803 2810 1119 2864 nominibus
1162 2809 1538 2877 imploramus.
1572 2811 1761 2871 Quare
1803 2806 1904 2858 hoc
1939 2808 2100 2857 etiam
2149 2804 2380 2857 ellicitur

803 2897 1147 2949 manilestnm
1176 2935 1190 2957 ,
1235 2899 1375 2965 quod
1411 2897 1535 2948 Ιίειιι
1566 2896 1705 2947 Dens
1736 2912 1797 2946 ex
1827 2882 2066 2947 infinitis.
2088 2896 2362 2960 operatio.

804 2992 965 3043 nibus
1010 2990 1195 3041 multis
1251 2988 1563 3040 nominibus
1612 2986 1918 3051 alliriatur,
1972 3000 2137 3054 quant
2193 2996 2371 3038 tamen

802 3095 1050 3133 naturam
1098 3082 1290 3133 habeat
1318 3118 1334 3142 ,
1368 3079 1614 3132 funditus
1651 3079 2007 3145 intelligentia
2049 3088 2240 3131 nostra
2269 3095 2373 3131 non

1955 437 2039 496 I0
2064 436 2277 495 LNNiS
2314 438 2874 497 (IYPHHSAIOTE

2411 555 2448 607 Α
2484 552 2792 612 misercndi,
2824 562 2871 601 et
2914 549 3298 601 misericordie
3330 562 3547 599 nomen.
3575 546 3635 599 Et
3670 549 3860 599 iterum
3896 549 4038 601 idem

3932 434 4037 495 795

2480 639 2531 689 itt
2564 642 2825 698 secundo,
2862 637 2925 689 Ut
2959 639 3101 689 enim
3129 677 3143 696 ,
3199 637 3408 704 inquit,
3446 652 3551 687 non
3601 646 3744 687 esset
3801 637 4042 689 medicus

2478 727 2579 779 nisi
2613 737 2829 793 prOpter
2861 736 3111 794 εῖδει-οισι,
3155 728 3233 778 sic
3264 741 3457 778 rursus
3481 741 3654 792 neque
3685 728 3995 779 miseriCors
4026 765 4041 786 .

2479 832 2652 882 neque
2682 818 2985 875 miserator,
3020 831 3116 869 nec
3145 816 3264 869 aliis
3306 815 3575 881 ejusmodi
3612 816 3924 867 nominilms
3947 833 4042 883 ap-

2478 907 2789 975 pellaretur,
2839 907 2941 958 nisi
2992 916 3210 974 propter
3259 922 3382 959 eum
3438 908 3527 974 qtti
3586 907 3959 959 misericordia
3990 916 4044 960 ct

2480 999 2825 1049 miseratione
2859 997 3063 1062 indiget
3095 1015 3106 1048 :
3144 998 3222 1049 sic.
3257 998 3419 1049 etiam
3463 1012 3561 1049 nec
3590 998 3931 1061 omnipotens
3959 1014 4043 1048 cs-

2479 1094 2583 1147 set,
2643 1086 2743 1139 nisi
2780 1087 2959 1139 omnis
2987 1095 3235 1139 creatura
3277 1096 3331 1136 ιιι
3358 1086 3425 1137 ab
3455 1100 3519 1134 eo
3564 1098 3838 1137 teneretur
3867 1098 3921 1138 ct
3952 1103 4048 1136 ι·ιιο

2478 1177 2792 1237 stodiretur,
2830 1193 2967 1246 opus
2999 1178 3243 1229 haberet.
3272 1176 3334 1229 Et
3364 1178 3559 1229 iterum
3596 1176 3645 1227 itt
3681 1177 3855 1241 primo
3884 1176 4044 1228 libro:

2479 1265 2619 1326 Alia.
2665 1267 2843 1333 inquit
2874 1305 2889 1327 ,
2937 1268 3154 1319 nomina
3197 1268 3500 1335 signiﬁcant
3536 1267 3664 1318 utile
3696 1266 3759 1317 ad
3794 1266 3997 1333 aliquid
4030 1305 4043 1326 ,

2481 1362 2541 1405 ttt
2585 1352 2819 1419 adjutor,
2876 1362 3171 1419 protector,
3223 1354 3534 1413 auxiliator,
3582 1359 3635 1404 et
3682 1362 3877 1403 czetera
3924 1368 4045 1418 quze

2479 1440 2719 1509 ejusdem
2769 1444 3184 1511 signiﬁcationis
3217 1446 3601 1510 reperiuntur:
3640 1444 3691 1495 in
3746 1445 3947 1511 quibus
4001 1445 4045 1495 si

2479 1548 2603 1585 eum
2643 1532 2743 1600 qui
2794 1534 2999 1585 auxilio
3028 1532 3269 1600 indiget,
3301 1533 3481 1593 tollas,
3520 1533 3603 1584 vis
3649 1548 3770 1599 qua:
3820 1533 3872 1583 in
3930 1534 4049 1599 ipsa

2482 1625 2699 1675 nomine
2729 1624 2991 1683 cernitur,
3024 1637 3192 1675 vacua
3244 1620 3449 1677 luerit..
3483 1620 3636 1674 Unde
3690 1622 4041 1675 manifestum

2479 1712 2728 1775 cllieitnr,
2774 1712 3081 1779 posteriora
3126 1725 3251 1765 esse
3304 1712 3526 1764 nomina
3582 1712 3701 1779 ipsa
3749 1712 4052 1763 aeternitate

2485 1804 2597 1865 Dei,
2629 1811 2685 1856 et
2718 1812 2839 1871 post
2870 1802 3142 1854 hominem
3180 1810 3232 1855 et
3274 1811 3507 1854 mentem
3544 1802 3784 1856 hominis
3832 1801 4048 1853 inventa

2480 1909 2621 1956 esse,
2678 1893 3030 1960 accidereque
3065 1893 3377 1960 aliquando.
3416 1902 3474 1944 ut
3504 1892 3575 1944 sit
3601 1891 3716 1959 ipsa
3749 1893 4052 1946 nominatio

2480 2000 2812 2054 supervacua
2846 1987 2887 2037 si
2926 1984 3061 2037 forte
3090 1998 3190 2050 ope
3226 1982 3556 2051 indigentem
3599 1981 3777 2034 tollas.
3812 1983 4050 2046 Denique

2482 2091 2575 2137 per
2601 2075 2780 2127 omnia
2811 2076 3241 2154 demonstratum
3272 2083 3372 2134 est,
3407 2072 3861 2139 quemadmodum
3896 2088 4049 2125 nn-ns

2480 2166 2621 2217 sicut
2667 2165 2895 2217 aliarum
2942 2180 3123 2217 rerum
3183 2163 3403 2218 nomina
3452 2163 3749 2224 adinvenit,
3780 2164 3856 2216 sic
3884 2162 4048 2215 etiam

2480 2254 2699 2307 nomina
2742 2254 2857 2317 Dei,
2891 2270 3167 2325 aggressa.
3201 2264 3255 2308 et
3291 2254 3454 2306 veluti
3510 2254 3792 2306 materiam
3848 2256 4048 2317 uacta',

2435 2392 2441 2397 .
2480 2346 2566 2398 illa
2608 2346 2721 2416 ipsa
2768 2346 2958 2401 ell’ecta
3009 2357 3063 2401 et
3116 2347 3492 2411 admirabilia,
3524 2361 3644 2413 qua:
3694 2347 3745 2398 in
3794 2347 4049 2398 universo

2478 2438 2908 2507 contemplatur,
2954 2440 3067 2493 hac
3114 2439 3261 2493 enim
3296 2438 3611 2505 insequens,
3642 2446 3695 2490 et
3724 2438 3789 2491 de
3819 2435 3929 2490 Deo
3960 2439 4051 2489 in-

2479 2534 2727 2605 quirens,
2756 2534 2979 2586 nomina
3018 2535 3295 2603 imposuit.
3329 2532 3617 2586 Declarant
3650 2533 3750 2584 hoe
3776 2532 3827 2585 in
3862 2534 4050 2600 primis

2478 2626 2569 2695 qui
2599 2627 2713 2679 haec
2748 2625 2982 2693 primum
3040 2625 3403 2681 invenerunt.
3446 2623 3556 2676 sive
3604 2624 4047 2691 antiquissimum

2478 2719 2763 2787 quennlam
2801 2716 3094 2777 Tlteuthin,
3140 2717 3254 2769 sive
3299 2715 3465 2772 alium
3518 2715 3826 2783 quempiam
3879 2717 4051 2770 fuisse

2478 2814 2682 2865 dicunt.
2708 2810 2947 2865 Gentiles
2978 2809 3239 2861 hactenus
3264 2807 3502 2868 fuerunt,
3535 2818 3588 2861 et
3618 2810 3670 2859 in
3704 2807 4052 2876 dogmatibus

2479 2902 2759 2970 gentilium
2797 2902 2887 2953 al:i
2919 2911 2969 2953 et
3005 2900 3242 2960 educati,
3270 2900 3361 2967 qui
3400 2908 3755 2966 praeterquam
3790 2900 3841 2951 in
3865 2900 4051 2951 divino

2478 3003 2530 3045 et
2560 3008 2724 3060 supra
2759 3002 3003 3045 naturam
3033 2992 3289 3061 mySterio
3314 3003 3511 3043 nostrze
3545 2991 3920 3054 humanitatis,
3944 2992 4050 3043 alia

2483 3084 2569 3136 Dei
2621 3085 2836 3137 nomina
2875 3085 3216 3145 invenerunt,
3253 3093 3305 3136 et
3335 3083 3732 3144 nominarunt,
3775 3084 3915 3137 sicut
3952 3099 4053 3135 nos

802 3174 1131 3239 a~sequiti.r.
1170 3172 1308 3226 Cum
1338 3172 1479 3223 enim
1511 3170 1702 3235 duple
1743 3168 1807 3221 sit
1836 3169 2087 3237 quzrstio,
2113 3169 2254 3236 quod
2290 3179 2367 3223 est
2400 3175 2439 3231 C
2477 3177 2655 3229 hodie.
2716 3176 2818 3227 Sed
2874 3175 2995 3243 quia
3054 3190 3215 3227 omne
3268 3191 3462 3228 nomen
3516 3185 3571 3229 et
3620 3177 3769 3229 notio
3836 3186 4055 3245 propter

806 3265 968 3321 Dens.
1003 3276 1053 3315 cl
1090 3264 1217 3330 ιιιιιιΙ
1252 3272 1369 3324 est;
1403 3262 1531 3313 illud
1563 3261 1805 3327 quidem,
1849 3260 1897 3311 id
1940 3272 2044 3320 PSI,
2076 3276 2224 3321 esse,
2258 3274 2375 3311 0m-

806 3360 933 3409 irino
967 3359 1110 3408 inter
1141 3369 1328 3407 omnes
1365 3354 1618 3407 eonve'nit
1654 3368 1667 3404 :
1708 3351 1835 3418 quid
1882 3367 2006 3401 vero
2039 3352 2105 3402 sit
2136 3389 2151 3412 ,
2186 3358 2239 3402 et
2272 3365 2374 3417 qua

804 3462 1012 3505 natura,
1062 3461 1167 3497 non
1223 3444 1397 3497 solum
1450 3444 1625 3506 nobis,
1681 3442 1773 3494 sed
1820 3440 2024 3507 augcl‘s
2077 3440 2238 3491 etiam
2293 3448 2374 3493 est

811 3538 1066 3605 ignotum.

1067 3612 1078 3622 ’
1401 3618 1626 3675 CAPUT
1685 3619 1773 3672 Π.

1064 3718 1141 3769 Αιι
1178 3717 1279 3768 sint
1310 3730 1373 3767 ex
1408 3715 1704 3767 wtcrnitate
1739 3712 1951 3764 nomina
1986 3711 2099 3765 Dei.

873 3810 1107 3862 Basilius
1135 3812 1184 3861 in
1210 3824 1374 3861 secun
1402 3812 1449 3856 lo
1481 3808 1618 3859 libro
1640 3807 1836 3858 Contra
1860 3805 2175 3857 Eunomium
2207 3822 2224 3859 :
2255 3805 2372 3861 Non

798 3904 943 3955 cnim
972 3942 985 3962 ,
1016 3901 1229 3968 inquit,
1271 3911 1460 3952 natura
1499 3914 1675 3949 terum
1719 3898 1934 3950 nomina
1966 3899 2231 3961 sequitur,
2267 3901 2375 3954 imo

800 4004 921 4065 post
952 4009 1036 4046 res
1074 3993 1217 4060 ipsas
1256 3993 1470 4044 ἰυγειιιι
1504 4001 1629 4042 sunt
1659 3991 1919 4069 nomina:
1947 3992 2147 4044 etenim
2182 3992 2225 4045 si
2262 3993 2363 4047 hoc

796 4095 943 4140 esset
970 4100 1294 4141 verummun
1325 4098 1446 4136 esse
1464 4083 1688 4136 nomina
1711 4084 1868 4137 rebus
1896 4084 2213 4151 posteriora,
2238 4099 2374 4153 Opus

795 4186 941 4228 esset
981 4184 1032 4225 ιιι
1068 4189 1299 4242 quorum
1338 4185 1465 4225 sunt
1490 4174 1689 4225 etedem
1726 4174 2151 4249 nominationes,
2186 4191 2291 4229 una
2320 4186 2374 4230 et

796 4266 984 4319 eadem
1018 4265 1315 4318 substantia
1346 4274 1487 4317 esset
1516 4281 1529 4316 :
1562 4278 1626 4317 ex
1665 4278 1771 4333 quo
1807 4264 1989 4331 ﬁeret,
2022 4276 2079 4321 ut
2108 4269 2233 4336 quia
2268 4269 2361 4336 qni

797 4374 921 4414 ςιιιιι
957 4360 1156 4410 vi:tute
1195 4356 1433 4426 ρμιΐτιειί.
1480 4358 1626 4425 digni
1671 4359 1891 4414 nomine
1928 4360 2019 4413 Det
2073 4362 2368 4427 habentur,

796 4462 847 4501 et
874 4452 943 4503 dii
972 4452 1331 4518 appellantur,
1358 4462 1541 4502 essont
1576 4451 1824 4504 homines
1856 4452 2155 4513 homonoii,
2186 4453 2236 4505 id
2266 4464 2367 4516 est,

792 4543 1035 4608 ejusdem
1068 4542 1386 4596 substantiae
1413 4557 1518 4610 qua
1554 4542 1727 4605 Deus;
1763 4558 1948 4594 verum
1987 4536 2138 4598 ’sieut
2186 4546 2371 4599 dicere

794 4636 895 4687 hoc
947 4633 1230 4686 manifesta
1280 4632 1488 4685 insania
1523 4642 1623 4692 est,
1675 4634 1754 4687 sic
1804 4634 1936 4687 illud
1985 4635 2167 4689 dicere
2215 4653 2371 4706 aeque

792 4726 1061 4777 dementia
1094 4738 1194 4780 est.
1230 4725 1341 4780 lmo
1373 4737 1423 4776 et
1446 4727 1745 4786 Gregorius
1774 4726 2051 4794 Nyssenus
2075 4729 2218 4783 libro
2250 4747 2366 4794 λιιι,

790 4820 1072 4887 disputans
1124 4827 1312 4871 contra
1372 4817 1741 4871 I'Iunomium:
1788 4818 2109 4883 Miserator,
2152 4822 2326 4889 inquit
2354 4864 2367 4884 ,

790 4925 837 4964 et
874 4913 1165 4964 misericors
1201 4911 1474 4975 Dominus,
1516 4898 1746 4979 patiens,
1782 4922 1828 4965 et
1858 4914 2036 4965 multa:
2068 4915 2368 4966 misericor-

792 5004 894 5056 dia:
935 5003 999 5064 ’°,
1037 5004 1164 5071 quid
1201 5005 1312 5055 hac
1346 5002 1495 5055 aiunt
1530 5003 1877 5069 signiﬁcare?
1909 5002 2251 5067 na'turmune,
2305 5021 2374 5059 an

790 5096 1207 5161 operationem?
1242 5110 1403 5147 nemo
1443 5110 1572 5147 ~ane
1613 5096 1758 5148 aliud
1805 5096 2082 5149 declarare
2136 5098 2373 5159 dixerit,

792 5196 1151 5253 prattvrquam
1180 5188 1578 5255 operationem.
1612 5187 1845 5251 Quando
1884 5188 2051 5255 igitur
2082 5188 2374 5242 miseratus

790 5295 871 5333 est
900 5278 1181 5335 Dominus.
1220 5292 1271 5329 ιιι
1313 5296 1374 5331 vx
1412 5283 1734 5346 operatione
1765 5282 2135 5334 miserationis
2169 5296 2373 5334 nomen

788 5370 1049 5423 doceret?
1092 5371 1336 5437 nunquil
1394 5381 1519 5423 ante
1576 5371 1741 5423 vitam
1797 5370 2132 5423 humanam?
2180 5372 2374 5438 ecquis

790 5471 916 5514 tunc
949 5462 1316 5514 inist-eicordia
1348 5463 1621 5529 indigebat
1643 5466 1746 5517 ?At
1783 5479 1909 5517 vero
1936 5472 2054 5529 post
2088 5474 2366 5531 praelatum

794 5572 1015 5619 p-orsns
1069 5556 1445 5607 nzisericm'dia
1498 5573 1633 5624 opus
1687 5557 1809 5614 fuit,
1862 5565 2146 5623 peccatum
2185 5566 2367 5607 autent

792 5652 911 5712 ι-υέι
948 5646 1221 5697 hominem
1258 5648 1499 5708 exstitit;
1551 5658 1669 5711 post
1713 5648 1985 5702 hominem
2032 5646 2196 5715 igitur
2226 5644 2367 5699 actio

867 5828 913 5859 ⁸⁰
942 5829 1081 5885 ιλδωι.
1108 5846 1291 5895 ειιμγ,
1318 5832 1373 5884 3.

2482 3283 2639 3319 usum
2676 3267 2893 3330 quidem
2934 3283 2958 3316 a
2998 3268 3264 3335 principio
3299 3268 3604 3320 introducta
3651 3278 3811 3333 sunt,
3858 3268 3921 3319 ad
3955 3269 4057 3320 ali-

2479 3358 2608 3426 quid
2638 3374 2763 3411 vero
2797 3361 3129 3423 referuntur,
3169 3360 3312 3411 unde
3345 3369 3558 3424 sumpta
3593 3360 3701 3412 sint
3734 3360 3914 3411 divina
3953 3376 4055 3411 no-

2480 3451 2645 3510 tnina,
2688 3461 2738 3501 et
2773 3449 2901 3517 quid
2936 3451 3057 3519 ipsa
3087 3466 3179 3517 per
3220 3465 3277 3503 se
3309 3450 3638 3516 signiﬁcent,
3684 3451 3887 3504 dictum
3924 3461 4051 3513 est;

2479 3544 2543 3595 ad
2579 3543 2706 3610 quid
2737 3553 2914 3596 autem
2950 3544 3023 3594 rei
3063 3542 3319 3610 subjecta:
3353 3541 3677 3605 referantur,
3701 3553 3752 3596 et
3781 3544 3907 3611 quid
3937 3545 4057 3598 istis

2480 3635 2792 3689 nomin:bus
2824 3636 2903 3689 sic
2941 3635 3298 3705 signiﬁcetur,
3340 3651 3403 3688 ex
3453 3634 3535 3688 his
3566 3650 3687 3703 qua:
3724 3646 4050 3703 sequuntur,

2479 3724 2700 3793 patebit.

3074 3815 3300 3872 CAPUT
3343 3817 3451 3871 ιἰι.

2482 3930 2633 3995 Quod
2666 3932 2797 3983 sicut
2837 3931 3015 3983 divina
3052 3948 3267 3984 nomina
3317 3948 3381 3983 ex
3424 3931 3618 3996 effectis
3650 3942 3861 3998 sumpta
3904 3930 4059 3998 ili/fe-

2551 4002 2771 4054 rentium
2821 4002 3183 4066 operatimmm
3219 4010 3609 4063 repra'seutant.
3654 4002 3726 4053 sic
3772 3996 3844 4051 ‘ml
3895 3996 4057 4053 Deum

2550 4071 2718 4123 relata
2751 4071 2986 4124 diversas
3048 4088 3126 4123 res
3172 4084 3546 4138 repro'seulare
3582 4088 3681 4122 ιιυιι
3712 4083 3943 4138 possunt.

2552 4186 2781 4239 Basilius
2808 4184 3051 4253 Magnus,
3081 4186 3132 4237 in
3162 4185 3383 4252 epistola
3416 4186 3479 4236 ad
3511 4186 3851 4237 Eustathium
3883 4200 3895 4237 :
3925 4185 4056 4239 Oot-

2478 4289 2594 4335 nes,
2631 4274 2825 4339 inquit,
2856 4274 3101 4328 notiones
3161 4284 3211 4326 et
3246 4275 3465 4327 nomina
3492 4290 3613 4341 qum
3647 4273 3811 4326 Deum
3838 4276 4054 4336 decent,

2478 4367 2703 4435 :rqnalis
2748 4367 2885 4419 inter
2925 4381 2982 4420 se
3021 4366 3244 4418 honoris
3282 4376 3442 4425 sunt,
3479 4376 3746 4431 quatenus
3778 4367 4057 4431 signiﬁca-

2481 4458 2625 4510 tione
2677 4457 2752 4509 rei
2807 4456 3066 4523 Subjeetze
3118 4456 3247 4507 nihil
3304 4454 3597 4518 dim-runt;
3646 4471 3751 4507 non
3796 4457 3938 4508 enim
3987 4459 4056 4509 ad

2477 4547 2636 4600 aliam
2675 4562 2787 4599 rem
2822 4546 3124 4614 subjectam
3154 4556 3385 4598 mentem
3410 4546 3561 4599 ducit
3590 4547 4054 4612 appellatinltoni,

2477 4649 2529 4691 et
2574 4639 2654 4705 ,‘ad
2710 4639 2871 4691 aliam
2908 4639 3199 4706 appellatio
3248 4639 3529 4703 sapientis,
3573 4649 3626 4688 et
3678 4640 3952 4704 potentis,
4005 4651 4057 4690 et

2470 4728 2599 4795 justi
2661 4730 2840 4797 :quin
2890 4730 3068 4795 potius
3133 4742 3473 4794 qumcunque
3534 4727 3750 4777 nomina
3813 4728 4054 4790 dixeris,

2476 4833 2642 4870 unum
2674 4828 2755 4869 est
2782 4817 2926 4881 quod
2957 4816 3315 4885 signiﬁcatur,
3340 4825 3393 4866 et
3426 4815 3469 4867 si
3502 4814 3667 4868 Deum
3702 4816 3875 4879 dicas,
3902 4833 4055 4868 emn-

2474 4909 2595 4961 dem
2631 4908 2950 4969 ostendi~ti,
3003 4922 3163 4974 quem
3217 4922 3308 4973 per
3360 4906 3564 4973 reliqua
3606 4908 3825 4957 nomina
3880 4918 4059 4959 incute

2475 5000 2789 5065 concepisti.
2819 4997 2892 5050 Ex
2945 4998 3030 5050 his
3073 4998 3236 5062 igitur
3268 4995 3614 5047 manifestum
3674 4995 3752 5058 lit,
3785 4997 3928 5063 quod
3968 5013 4058 5046 va-

2474 5092 2594 5140 dem
2630 5090 2808 5140 divina
2844 5088 3086 5147 nomina,
3119 5096 3169 5139 et
3199 5087 3400 5139 eaedem
3456 5088 3704 5139 notiones
3758 5100 3957 5139 nostras
3991 5089 4058 5140 de

2476 5182 2582 5235 Deo
2614 5182 2890 5243 dicuntur,
2924 5180 3237 5248 nullamque
3265 5178 3564 5231 dilTerentia
3588 5197 3634 5229 ιιι
3688 5182 3761 5231 rei
3795 5182 4057 5247 subjecta:

2477 5276 2540 5325 ad
2582 5274 2750 5326 Deum
2788 5274 2957 5325 relata
2997 5280 3409 5339 repraesentant,
3443 5280 3495 5323 et
3524 5272 3667 5337 quod
3698 5272 3913 5323 nomina
3961 5272 4055 5325 Dei

2479 5366 2741 5433 triplicem
2782 5366 2979 5417 habent
3009 5377 3253 5425 causam,
3287 5362 3607 5414 ellirieutem
3644 5362 3861 5430 quidem
3900 5379 4057 5415 men-

2480 5469 2584 5510 tem
2621 5458 2789 5525 ipsam
2827 5458 3150 5517 humanam;
3189 5455 3514 5518 materiam,
3565 5455 3649 5506 illa
3702 5454 3843 5506 unde
3895 5456 3999 5507 coll
4030 5486 4055 5495 -

2477 5560 2697 5615 guntur,
2734 5548 2784 5602 id
2818 5557 2919 5614 est,
2952 5546 3181 5613 educta;
3211 5547 3390 5611 tinent,
3440 5546 3627 5606 Deum,
3662 5546 3726 5598 ad
3770 5562 3930 5618 oin-tn
3966 5564 4056 5601 re—

2478 5641 2588 5693 iertt
2599 5652 2742 5693 tttttL.
3354 5648 3364 5657 ”
