4416 6448
916 515 1138 571 CAPUT
1178 521 1306 572 VIII.

340 622 535 675 Sinon
587 638 799 689 possunt
844 630 1023 680 dit'ina
1070 633 1275 681 nomina
1311 633 1537 682 diuersus-
1586 648 1663 681 res
1711 635 1761 683 in
1796 632 1897 683 Ι)ιό

411 707 803 767 νγρςηέεηιαη,
835 700 1144 759 relinquitur
1167 711 1219 749 ut
1237 704 1398 750 solam
1416 703 1766 751 substantiam
1788 702 1899 767 ejus

410 762 695 821 declarent,
732 780 830 816 non
860 769 982 830 quid
1017 780 1113 827 est,
1140 770 1224 819 sed
1257 772 1393 835 quod
1420 782 1515 821 est.

411 872 633 941 Magnus
664 874 994 931 Athanasius
1028 880 1227 934 docens
1258 882 1333 949 (α)
1378 891 1520 935 recte
1548 883 1749 936 dictum
1783 898 1901 938 esse

341 974 370 1013 a
420 960 668 1017 Patribus
736 968 947 1020 concilii
999 968 1199 1021 Nicani
1232 973 1548 1024 vocabulum
1596 974 1851 1025 Itomousii
1882 989 1899 1024 :

339 1054 476 1105 Cum
516 1056 712 1119 inquit,
746 1056 1035 1113 audimus:
1074 1058 1182 1128 Ego
1209 1079 1360 1125 sum,
1397 1066 1486 1130 qui
1512 1080 1623 1115 sum
1653 1106 1666 1126 ,
1701 1075 1753 1116 et
1788 1081 1801 1115 :
1841 1061 1903 1115 In

338 1144 597 1209 principio
641 1148 829 1197 creavit
866 1147 1003 1200 Deus
1035 1151 1217 1202 calum
1245 1162 1295 1203 et
1331 1162 1547 1214 terram,
1581 1164 1633 1207 et
1683 1170 1693 1204 :
1739 1156 1901 1219 Audi,

342 1231 534 1297 Israel,
568 1234 819 1288 Dominus
843 1238 977 1290 Deus
1006 1250 1124 1291 tuus
1159 1240 1294 1293 Deus
1321 1260 1458 1295 unus
1502 1253 1604 1304 est,
1637 1255 1690 1296 et
1728 1263 1738 1295 ε
1778 1243 1905 1297 "are

338 1326 469 1377 dicit
496 1326 744 1379 Dominus
769 1330 1092 1394 omnipotens
1113 1330 1177 1393 “,
1205 1331 1337 1383 nihil
1365 1333 1508 1385 aliud
1535 1348 1693 1398 quam
1734 1334 1903 1400 ipsam

339 1416 638 1480 simplicem
696 1429 748 1469 et
801 1418 1038 1477 beatam.
1088 1432 1140 1472 et
1191 1436 1310 1488 quzn
1363 1422 1746 1487 comprehendi
1798 1438 1905 1474 non

342 1511 541 1567 potest.
580 1506 939 1557 substantiam
974 1508 1092 1573 ejus
1115 1509 1205 1575 qui
1240 1522 1321 1561 est
1345 1508 1713 1577 intelligimus.
1749 1510 1910 1564 Tant—

339 1595 442 1645 ριδί
477 1595 645 1658 enim,
676 1596 803 1663 quid
839 1606 941 1659 est,
974 1600 1429 1664 comprehendere
1458 1614 1562 1652 non
1600 1617 1908 1668 possumus,

340 1692 523 1736 tamen
564 1701 685 1737 cum
724 1688 995 1750 audimus,
1042 1688 1213 1753 Pater,
1242 1700 1314 1749 et,
1346 1689 1722 1758 Omnipotens,
1782 1684 1911 1748 nihil

342 1773 489 1825 aliud
525 1788 879 1843 praaterquam
927 1777 1093 1841 ipsam
1128 1780 1482 1831 substantiam
1518 1780 1636 1847 ejus
1672 1781 1763 1845 qui
1806 1792 1909 1841 est,

342 1865 715 1931 intelligimus.
749 1866 813 1917 Et
843 1881 1033 1918 rursus
1074 1867 1212 1920 idem
1262 1868 1312 1918 in
1342 1869 1672 1937 Apologetico
1710 1887 1803 1937 pro
1830 1886 1915 1939 sy-

344 1956 483 2005 nodo
512 1954 727 2007 Nirwua
768 1972 786 2008 :
820 1958 876 2009 Si
916 1956 1055 2007 Deus
1092 1967 1197 2017 est,
1232 1958 1425 2026 inquit,
1461 1961 1604 2012 aliud
1643 1962 1867 2029 simplex
1898 1998 1913 2022 ,

344 2055 402 2094 ιιι
436 2045 653 2111 quidem
687 2053 789 2105 est,
817 2059 939 2097 cum
980 2044 1216 2100 dii-imus
1248 2047 1438 2111 Deunt,
1476 2060 1530 2101 et
1571 2052 1915 2103 nominamus

348 2135 588 2196 Patrem,
626 2136 757 2187 nilul
800 2147 1056 2203 tanquam
1090 2138 1231 2190 circa
1263 2156 1410 2200 eum,
1445 2143 1535 2193 sed
1580 2143 1749 2208 ipsam
1781 2145 1911 2195 sub-

347 2229 604 2281 stantiam
638 2228 755 2295 ejus
798 2229 1167 2297 intelligimus.
1226 2232 1287 2285 Et
1339 2231 1629 2301 Gregorius
1684 2234 1917 2289 Theolo-

348 2335 450 2390 gus
473 2320 542 2385 Ib)
570 2336 581 2370 :
622 2321 681 2371 '0
713 2319 807 2384 ὢν,
836 2321 885 2373 id
905 2331 1007 2380 est.
1048 2322 1269 2389 quiest,
1297 2334 1350 2375 et
1392 2323 1555 2387 Deus,
1582 2327 1752 2395 magis
1781 2342 1917 2394 quo-

347 2414 644 2470 dammodo
672 2421 798 2469 sunt
824 2415 1039 2468 nomina
1067 2415 1378 2469 substantia:
1411 2433 1423 2467 :
1457 2428 1507 2470 et
1534 2431 1597 2471 ex
1632 2418 1716 2472 his
1748 2419 1916 2486 magis

348 2510 379 2558 ὁ
406 2507 501 2559 ὧν.
541 2507 601 2559 Ει
632 2522 822 2560 rursus
855 2506 994 2559 idem
1026 2523 1039 2558 :
1078 2505 1265 2560 Nonne
1306 2507 1560 2575 Spiritus,
1615 2520 1665 2562 et
1690 2508 1851 2578 Ignis,
1883 2526 1915 2565 0

350 2599 546 2658 amice,
578 2608 631 2651 et
659 2597 956 2666 Sapientia,
976 2607 1028 2651 et
1058 2597 1297 2661 Justitia,
1327 2609 1379 2652 et
1406 2600 1639 2659 Mens.et
1657 2600 1913 2665 Verbum,

350 2697 407 2741 et
432 2690 549 2741 alia:
579 2687 843 2756 ejusmodi
882 2691 1279 2745 nominationes
1317 2701 1522 2744 naturm
1548 2692 1709 2745 sunt?
1732 2693 1792 2746 Et
1821 2692 1916 2745 ite-

352 2798 474 2836 rum
512 2784 651 2834 idem
704 2792 891 2836 contra
947 2780 1233 2851 Evagrium
1267 2800 1281 2837 :
1313 2783 1416 2836 Sed
1472 2784 1790 2847 nominatio,
1838 2785 1918 2838 in-

350 2875 490 2945 quit,
528 2875 672 2926 utilis
708 2882 810 2935 est,
849 2888 967 2942 quae
1010 2889 1109 2927 nos
1148 2884 1367 2943 propter
1419 2875 1794 2928 necessitatem
1848 2874 1913 2925 ad

352 2968 629 3021 notionem
679 2980 867 3018 eorum
904 2980 1023 3031 quae
1067 2964 1168 3016 sub
1214 2966 1623 3034 intelligentiam
1673 2966 1871 3017 cadunt
1898 3005 1913 3027 ,

352 3060 523 3112 ducit.
574 3057 803 3122 Quidam
856 3072 984 3109 vero
1032 3056 1159 3109 dum
1210 3072 1394 3110 crasse
1430 3057 1720 3125 opinantur
1753 3056 1916 3110 simul

1088 410 1320 469 DECAS
1366 414 1459 469 ιγ.
1502 438 1561 443 --
1605 413 1696 468 DE
1746 414 2150 475 INFUIHIAT.
2202 420 2444 477 UIVINI
2480 422 2833 480 Νιιδιέῗέιὸ.

3462 425 3585 485 798'

1938 530 1974 577 Α
2012 536 2263 605 naturam
2294 530 2551 583 indicant.
2594 534 2654 584 l~lt
2689 535 3050 584 Damascvnus
3080 532 3388 601 'l’heologus
3421 552 3431 584 :
3481 536 3571 585 lii-

2006 619 2220 678 \inilas,
2254 622 2444 686 inquit.
2482 625 2729 675 natarum
2758 624 3019 679 declarat.
3052 622 3207 674 Pater
3239 634 3417 674 autem
3450 624 3570 689 per-

2002 724 2211 761 simam.
2244 708 2314 760 Ex
2350 713 2548 777 quibus
2578 713 2781 777 pati-lit,
2814 714 2953 777 quod
2987 729 3109 763 cum
3142 713 3369 778 theologi
3400 713 3571 776 respi—

2002 801 2153 848 ciunt
2193 801 2331 850 umle
2372 802 2584 853 nomina
2620 801 2710 853 Dei
2746 804 2901 853 nobis
2926 804 3151 853 collecta
3191 813 3355 862 sunt,
3394 803 3461 851 ab
3504 802 3571 852 iis

2003 888 2228 947 scilicet,
2272 904 2389 955 qua:
2446 892 2497 941 in
2553 894 2808 943 universo
2842 895 2973 944 mira
3009 892 3385 958 speculantur,
3418 901 3469 942 et
3505 890 3573 941 ab

2004 976 2207 1030 cﬂ'ectis
2236 978 2367 1042 ipsis
2388 1017 2402 1038 ,
2441 985 2809 1045 operationem
2843 991 2894 1033 et
2919 981 3256 1032 ell'uctionem
3288 980 3381 1031 Ι)ρὶ
3418 982 3571 1030 aiunt

2006 1076 2422 1132 reprzesentare,
2454 1076 2508 1119 et
2546 1082 2651 1119 non
2687 1070 2815 1134 quid
2852 1078 2954 1129 est,
2997 1079 3050 1119 et
3098 1070 3270 1135 ipsam
3319 1070 3574 1117 substan-

2007 1155 2173 1219 tiam;
2219 1166 2341 1223 post
2377 1158 2647 1209 hominem
2680 1160 2823 1211 enim
2872 1160 3083 1210 inventa
3132 1169 3257 1210 sunt
3307 1160 3571 1215 nomina;

2010 1245 2116 1297 imo
2157 1262 2305 1299 mens
2351 1248 2585 1299 humana
2637 1249 2701 1300 ad
2746 1263 2900 1301 usum
2954 1264 3109 1300 suum
3152 1250 3277 1299 -h:ec
3330 1248 3574 1307 invenit;

2011 1353 2132 1389 cum
2169 1349 2347 1390 autem
2384 1353 2578 1391 rursus
2611 1338 2798 1390 volunt
2841 1353 2933 1405 per
2966 1341 3078 1390 lucc
3119 1339 3337 1389 nomina
3383 1337 3580 1389 ell'orrc

2014 1439 2124 1474 rem
2158 1426 2537 1490 signiﬁcatam.
2562 1436 2615 1476 et
2640 1425 2704 1476 ad
2729 1426 2931 1492 aliquid
2968 1424 3276 1485 rel'erimur,
3300 1424 3463 1477 Deum
3488 1438 3583 1489 per

2015 1508 2126 1558 ha-c
2156 1508 2371 1559 nomina
2402 1510 2745 1571 invocantes,
2780 1525 2885 1562 non
2912 1510 3172 1562 dividitur
3202 1527 3289 1563 res
3314 1511 3579 1581 subjecta,

2014 1607 2071 1648 ut
2111 1598 2421 1650 dividuntur
2454 1600 2700 1653 notiones
2733 1602 2950 1667 (expers
2997 1602 3141 1653 enim
3190 1602 3381 1668 partis.
3415 1611 3466 1653 et
3500 1618 3581 1653 ιιι-

2014 1684 2229 1738 dividua
2246 1699 2326 1739 est
2353 1689 2653 1743 substantia
2689 1690 2802 1756 Dei)
2830 1706 2845 1753 ;
2882 1690 3082 1743 idcirco
3102 1690 3367 1743 allirmant
3400 1708 3457 1744 se
3488 1708 3587 1743 no-

2018 1775 2255 1829 minibus
2284 1776 2403 1830 istis
2449 1778 2587 1831 hanc
2620 1779 2793 1847 ipsam
2830 1781 3190 1832 substantiam
3232 1780 3322 1833 Dei
3370 1780 3583 1846 sig-titi-

2017 1883 2159 1931 care,
2194 1885 2299 1923 non
2344 1872 2471 1938 quid
2522 1883 2625 1931 est.
2657 1874 2747 1925 sed
2784 1872 2928 1940 quod
2959 1884 3040 1927 est
3071 1873 3246 1927 solum
3287 1882 3584 1940 reprmsctt-

2017 1970 2228 2022 tantes,
2259 1960 2400 2013 sicut
2429 1961 2480 2013 in
2516 1962 2636 2016 aliis
2673 1964 2987 2017 nominibus
3019 1964 3238 2018 evenire
3271 1964 3583 2017 consuevit.

2015 2052 2329 2105 Cum.euim
2362 2051 2499 2106 forte
2528 2055 2840 2122 quaerimus,
2872 2055 3013 2108 unde
3056 2071 3250 2109 nomen
3288 2055 3578 2123 ἀνθρώπου

2017 2143 2317 2197 derivatum
2356 2144 2444 2205 sit.
2480 2154 2533 2199 et
2562 2146 2691 2213 quid
2730 2162 2823 2213 per
2852 2163 2909 2201 se
2937 2147 3226 2213 sign-ilicet,
3254 2147 3589 2199 aﬂirmamus

2017 2248 2401 2304 reprzesetitare
2428 2239 2531 2290 vim
2557 2237 2647 2290 τοῦ
2672 2237 2783 2290 ἂνω
2814 2238 3023 2307 ἀθρεῖν,
3067 2240 3115 2291 id
3146 2250 3249 2300 est,
3276 2239 3587 2292 facultatem

2018 2326 2069 2379 in
2107 2327 2336 2381 sublime
2370 2328 2692 2395 aspiciendi,
2726 2329 2838 2381 sive
2867 2330 3122 2398 ἀναθρεῖν
3168 2330 3204 2382 ἃ.
3244 2331 3489 2390 δπωπεν,
3539 2327 3590 2380 id

2016 2422 2119 2478 est,
2153 2415 2461 2469 facultatem
2497 2416 2828 2485 recogitandi
2856 2432 2975 2486 qua:
3003 2417 3234 2485 aspexit.
3272 2420 3490 2470 nomine
3520 2431 3584 2469 ex

2017 2506 2249 2573 quadam
2290 2508 2612 2575 etymologia
2653 2516 2705 2560 et
2744 2508 2957 2562 actione
3011 2510 3158 2561 circa
3206 2524 3315 2559 rem
3369 2508 3435 2560 ab
3494 2509 3597 2559 liti-

1955 2648 1961 2655 ,
2018 2611 2177 2650 ntaua
2225 2606 2403 2650 mente
2452 2599 2779 2665 excogitato.
2811 2600 2946 2653 Cum
2980 2613 3159 2653 autem
3196 2600 3273 2653 sie
3323 2616 3434 2653 rem
3489 2604 3592 2654 ali-

2018 2703 2177 2754 quam
2231 2689 2564 2742 nominatam
2629 2693 3040 2758 signilicaverit,
3094 2694 3157 2743 ad
3212 2693 3583 2746 deﬁnitionem

2018 2780 2159 2846 ejus.
2193 2776 2407 2848 et'qttid
2447 2792 2552 2845 est,
2586 2784 2929 2836 revertimur.
2962 2785 3119 2836 Aliud
3151 2784 3316 2854 igitur
3352 2794 3435 2839 est
3466 2787 3599 2854 quid

2019 2873 2117 2921 h-ic
2151 2886 2342 2923 nomen
2382 2872 2652 2936 declaret,
2690 2883 2741 2926 et
2772 2876 2917 2928 aliud
2953 2891 3145 2929 rursus
3177 2878 3241 2929 ad
3270 2877 3400 2942 quid
3435 2878 3601 2944 perti-

2018 2971 2140 3015 neat
2172 2977 2259 3015 res
2290 2977 2316 3014 a
2353 2962 2507 3017 nobis
2542 2965 2619 3017 sic
2652 2964 2926 3018 nominata
2962 2983 2973 3016 :
3017 2984 3079 3020 ac
3114 2968 3334 3021 nomina
3363 2968 3581 3036 quidem

2019 3068 2084 3105 cs
2121 3063 2394 3106 convento
2440 3054 2516 3123 (Ξ)
2569 3058 2785 3108 iuventa
2833 3068 2959 3111 sunt
2994 3057 3380 3111 aliut-tionibus
3410 3059 3605 3111 attinuit:

353 3168 478 3207 cum
514 3150 826 3204 nominibus
862 3150 1220 3203 substantiam
1263 3149 1430 3203 dividi
1459 3189 1473 3211 ,
1515 3151 1806 3218 opinantur
1852 3152 1934 3203 in-
1961 3164 2003 3221 (ς
2034 3144 2300 3205 ducibus;
2340 3162 2424 3199 res
2462 3161 2587 3199 vero
2638 3147 2770 3201 loris
2803 3158 3075 3217 quatenus
3109 3165 3450 3218 unaquaeque
3503 3161 3586 3203 cst

355 3245 669 3312 ti-lligentiis
705 3244 844 3307 suis,
873 3257 1011 3310 quas
1042 3242 1373 3309 concipiunt,
1409 3258 1530 3311 qua:
1562 3252 1685 3294 sunt
1715 3244 1929 3307 penitus
1955 3269 1968 3283 ο

355 3334 572 3401 indigna
601 3335 823 3407 divinis.
861 3331 1297 3385 Consentaneum
1347 3346 1474 3385 vero
1524 3332 1680 3384 nobis
1714 3343 1833 3393 est,
1872 3342 1929 3384 ut

355 3427 448 3492 qui
500 3426 745 3478 veritatis
796 3424 1026 3477 studiosi
1076 3439 1285 3482 sumus,
1336 3428 1574 3475 sciamus
1604 3424 1843 3476 divinam
1875 3433 1924 3475 t-t

360 3517 657 3583 simplicem
711 3514 801 3567 Di-i
853 3515 1217 3567 substantiam
1256 3530 1374 3566 esse
1420 3515 1798 3579 impartihilettt
1826 3556 1837 3573 ,
1874 3528 1925 3567 et

356 3608 519 3658 unius
552 3605 754 3657 lorntm.
792 3604 919 3657 I'em
954 3603 1253 3673 Gregorius
1284 3604 1557 3672 Nysscnus
1584 3622 1596 3657 2
1626 3604 1703 3661 Si.
1733 3605 1928 3671 ittquil,

360 3713 555 3750 nomen
591 3696 631 3749 D
670 3698 682 3749 i
716 3696 790 3765 (I)
826 3711 1111 3764 personam
1166 3698 1427 3757 declarat,
1458 3712 1578 3748 com
1614 3708 1718 3749 tres
1750 3712 1931 3764 perso-

360 3807 458 3845 nas
501 3792 755 3851 dicimus,
794 3802 902 3843 tres
938 3790 1071 3843 deos
1107 3790 1423 3842 necvssario
1454 3790 1687 3843 dicimus
1729 3807 1742 3840 :
1789 3800 1842 3842 at
1890 3792 1931 3843 si

362 3897 556 3936 nomen
593 3882 685 3933 Dei
718 3880 1084 3933 substantiam
1119 3880 1391 3947 signiticat
1418 3918 1431 3941 ,
1458 3896 1578 3933 cum
1612 3881 1936 3934 voulitemur

360 3990 519 4026 uuam
560 3973 919 4027 substantiam
954 3983 1154 4026 sancta:
1185 3971 1492 4035 Trinitatis,
1544 3988 1711 4025 unum
1762 3971 1928 4026 Deum

359 4073 725 4117 cunsenlance
752 4074 1005 4131 putamus
1039 4079 1051 4112 ε
1095 4062 1363 4130 siquidem
1396 4076 1589 4114 nomen
1628 4062 1738 4125 [)ci,
1775 4064 1936 4116 unius

358 4155 680 4207 substantia:
721 4168 915 4206 nomen
947 4161 1049 4205 cst.
1085 4153 1161 4204 Ac
1192 4165 1419 4218 magnus
1452 4134 1613 4203 etiam
1656 4151 1889 4204 Basilius
1921 4170 1934 4203 :

359 4248 414 4297 Si
448 4262 593 4309 vero,
629 4245 824 4311 inquit,
859 4246 1217 4297 substantiam
1256 4242 1343 4294 Dei
1383 4242 1562 4295 lumen
1597 4258 1719 4297 esse
1746 4245 1936 4296 statui-

364 4354 507 4400 mus,
547 4346 639 4390 attt
670 4338 857 4399 vitam,
904 4344 997 4387 aut
1028 4337 1227 4387 bonum
1262 4344 1457 4399 totum,
1491 4336 1541 4387 id
1577 4346 1679 4399 cst,
1709 4353 1829 4388 cum
1868 4336 1938 4388 sit

363 4431 489 4490 vita,
523 4440 695 4481 totum
730 4430 909 4481 lumen
943 4436 1045 4489 est,
1074 4438 1123 4479 et
1161 4436 1329 4479 totum
1366 4429 1590 4489 bonum,
1624 4432 1729 4480 vita
1755 4439 1935 4481 autem

350 4536 706 4590 consequens
758 4520 919 4573 habet
968 4519 1269 4587 ingenitum

361 4626 559 4679 expers
587 4607 1027 4675 compositionis,
1074 4609 1165 4673 qui
1202 4619 1285 4659 cst
1337 4610 1636 4660 secundum
1687 4611 1942 4663 substan-

365 4706 495 4757 tiam
544 4700 817 4769 simplex?
867 4700 1010 4753 ldem
1064 4700 1231 4751 etiam
1268 4714 1279 4749 :
1316 4696 1544 4753 Nomina
1597 4702 1773 4768 n'agui
1814 4703 1939 4761 Dei,

436 4846 477 4877 ⁸¹
510 4842 677 4897 Exod.
707 4858 788 4905 tn;
823 4839 960 4896 Gen.
996 4855 1043 4904 ις
1098 4838 1250 4893 Deut.
1277 4854 1351 4891 Vl.

1652 4960 1898 5019 Scholia
1934 4961 1994 5019 S.

440 5068 517 5134 (I)
550 5064 673 5120 Ilzec
715 5081 814 5120 vox
839 5108 852 5129 ,
891 5067 1050 5130 Deus,
1086 5069 1226 5123 sicut
1259 5070 1500 5122 continet
1534 5083 1815 5137 personas,
1854 5068 1933 5120 sic

366 5140 532 5192 ctiam
588 5138 853 5200 sigtttllt'at
902 5151 955 5192 et
997 5141 1237 5191 declarat
1289 5155 1567 5205 personas,
1619 5149 1670 5190 et
1716 5142 1782 5191 tle
1841 5140 1944 5190 illis

370 5208 699 5276 prmdicatur
729 5223 739 5255 :
774 5209 865 5259 sed
916 5211 1042 5276 quia
1100 5228 1204 5262 non
1258 5214 1433 5261 solunt
1476 5212 1715 5261 declarat
1749 5225 1940 5278 persit-

370 5294 520 5338 ltant,
574 5278 666 5329 sed
717 5278 877 5329 etiam
924 5296 1083 5331 unam
1134 5288 1381 5332 naturain
1432 5294 1777 5331 communem
1838 5296 1940 5331 non

374 5347 702 5415 cogitatione
738 5350 870 5408 sola,
915 5354 1005 5400 sed
1042 5366 1116 5410 re,
1150 5351 1350 5401 idcirco
1381 5353 1470 5417 qui
1516 5350 1644 5401 dicit
1678 5362 1787 5401 tres
1822 5366 1942 5415 pcr-

372 5433 560 5480 sonas,
582 5432 686 5470 non
709 5419 981 5471 lIIC-ldICIl
1016 5430 1122 5471 tres
1153 5422 1463 5481 deos(stcut
1498 5421 1587 5486 qui
1619 5430 1727 5471 tres
1764 5422 1939 5471 homi-

376 5488 496 5553 nes)
523 5489 618 5542 sed
652 5504 818 5540 unum
848 5507 858 5539 :
892 5490 1061 5542 deitas
1101 5506 1223 5542 vero
1256 5493 1354 5541 i-tsi
1386 5493 1623 5543 continet
1654 5506 1935 5556 personas,

372 5570 428 5611 et
472 5559 538 5612 de
585 5560 689 5613 illis
719 5560 1044 5627 prmdiratur
1089 5563 1388 5613 secundum
1437 5578 1573 5618 rem,
1608 5570 1785 5613 tamen
1814 5578 1937 5628 quia

449 5702 525 5765 (η)
550 5700 610 5752 In
643 5700 801 5769 epist.
834 5703 895 5751 de
923 5704 1139 5769 synudis
1170 5704 1392 5753 Arimini
1424 5713 1476 5755 ct
1503 5702 1780 5756 Seleucia.

447 5774 525 5837 (tt)
559 5772 611 5822 Ill
643 5774 879 5825 sueuuda
917 5774 1157 5827 oratione
1196 5778 1257 5826 de
1285 5773 1600 5841 Theologta.
1677 5829 1684 5835 _

2033 3237 2381 3294 exstiterunt.
2430 3238 2820 3295 Consentanee
2870 3242 3037 3307 igitur
3090 3244 3140 3295 in
3193 3243 3341 3295 omni
3391 3242 3609 3295 nomine

2031 3331 2355 3398 quarrimus.
2392 3332 2515 3398 quis
2547 3333 2755 3396 primus
2788 3334 3029 3398 invenit,
3064 3344 3117 3387 et
3148 3335 3288 3387 unde
3330 3328 3610 3387 mens-ho-

2036 3422 2201 3478 minis
2231 3424 2359 3475 illud
2388 3427 2595 3491 accepit
2638 3442 2649 3477 :
2686 3434 2737 3477 et
2770 3426 2833 3478 ad
2872 3442 3036 3493 quam
3091 3444 3199 3481 rem
3251 3443 3439 3479 catum
3490 3442 3610 3495 qua:

2034 3522 2183 3567 extra
2220 3527 2365 3578 sunt,
2398 3531 2489 3583 per
2520 3517 2737 3569 nomina
2767 3520 3107 3572 adducimur.

2629 3650 2853 3707 CAPUT
2887 3652 2975 3706 IX.

2041 3766 2193 3828 Quod
2223 3767 2437 3817 nomina
2477 3766 2652 3818 dicina
2718 3769 2785 3817 ad
2854 3784 2959 3819 rem
3005 3768 3197 3833 ipsam,
3260 3768 3352 3820 Dei
3413 3768 3614 3821 scilii‘et

2109 3835 2465 3906 substantiam
2503 3837 2690 3896 relata,
2726 3841 2933 3903 proprie
2975 3840 3143 3903 ipsum
3174 3839 3499 3906 signiﬁcant.
3560 3848 3611 3890 et

2110 3922 2207 3956 non
2239 3922 2323 3964 rer
2362 3904 2664 3957 abusionem
2699 3922 2715 3957 :
2777 3917 2822 3956 et
2858 3909 3011 3973 quod
3068 3925 3157 3973 per
3213 3904 3617 3973 unumquodque

2108 3976 2292 4025 horum
2326 3976 2589 4046 nominum
2624 3974 2966 4046 Trinitatem,
2993 3995 3107 4045 qua:
3131 3994 3290 4045 supra
3314 3996 3469 4046 quam
3497 3978 3620 4029 sub-

2114 4046 2310 4096 stantia
2358 4054 2455 4106 εει,
2523 4045 2879 4098 declaramus.

2112 4154 2345 4208 Sanctus
2375 4154 2609 4225 Cyrillus
2651 4156 2703 4209 in
2746 4156 3027 4212 Tliesauris
3082 4159 3151 4227 (ε)
3207 4160 3327 4213 ait:
3385 4158 3621 4228 Oporte-

2042 4247 2131 4300 bat
2158 4256 2357 4309 tacere,
2393 4256 2446 4299 et
2478 4248 2701 4300 nihilad
2764 4250 2989 4301 istorum
3057 4250 3127 4303 ita
3189 4251 3392 4303 fatuam
3452 4266 3619 4318 argu-

2043 4338 2430 4392 mentationem
2468 4339 2813 4406 reSpoudere.
2856 4341 2917 4393 Et
2952 4341 3113 4408 paulo
3162 4353 3281 4409 post
3319 4361 3330 4395 :
3367 4343 3546 4407 Quare
3574 4343 3620 4396 si

2043 4430 2165 4498 quis
2194 4430 2466 4483 hominem
2511 4432 2832 4491 nominavit,
2856 4432 2981 4498 quia
3028 4434 3188 4484 homo
3219 4448 3325 4485 non
3378 4445 3458 4488 est
3520 4438 3622 4487 hoc

1325 4537 1337 4572 :
1386 4520 1658 4587 quomodo
1688 4532 1817 4573 'non
1860 4530 1942 4575 est
1974 4496 2017 4549 ι)
2044 4520 2265 4574 omnino
2300 4534 2519 4581 nomen,
2556 4519 2699 4587 quod
2762 4523 3034 4574 hominem
3086 4524 3375 4587 signiﬁcat,
3436 4535 3491 4577 ut
3536 4525 3623 4577 isti

2049 4623 2522 4683 argumentantur,
2552 4610 2813 4683 intelligat
2857 4616 3019 4682 igitur
3050 4614 3194 4667 aliud
3234 4617 3387 4684 quid,
3423 4630 3473 4668 et
3517 4634 3625 4669 nou

2058 4709 2158 4761 hoc
2193 4709 2429 4775 Pettitus,
2465 4706 2607 4775 quod
2647 4723 2843 4761 nomen
2894 4707 3162 4777 signiﬁcat
3191 4725 3205 4761 :
3237 4720 3291 4762 at
3322 4710 3365 4763 si
3417 4710 3519 4764 hoc
3544 4711 3626 4761 iu-

2029 4961 2308 5021 Thomte.

2049 5068 2347 5120 secundum
2404 5067 2618 5119 modmn
2662 5082 3004 5120 communem
3048 5068 3410 5133 signiﬁcandi.
3472 5081 3630 5121 natu-

2052 5153 2165 5190 ram
2198 5138 2315 5189 sine
2344 5138 2767 5205 proprietatibus
2798 5138 3152 5207 hypostatieis
3186 5140 3481 5206 signiﬁcat,
3521 5155 3627 5192 non

2050 5208 2372 5275 przedicatur
2414 5223 2629 5273 proprie
2679 5208 2745 5259 de
2795 5211 3062 5275 personis.
3099 5207 3256 5261 Pater
3292 5210 3435 5260 enim
3489 5210 3629 5261 divi-

2050 5280 2220 5330 nitate
2274 5288 2326 5329 et
2360 5278 2683 5346 patet-nitate
2716 5288 2974 5346 tanquam
3008 5278 3177 5330 forma
3213 5292 3266 5331 et
3303 5282 3631 5345 proprietate

2049 5348 2422 5418 lt’pustatiray
2449 5345 2606 5399 I’att-r
2640 5359 2719 5399 ρει
2749 5365 2763 5410 ;
2797 5360 2847 5400 ct
2883 5349 3131 5400 similiter
3169 5350 3220 5400 iu
3258 5350 3500 5418 reliquis.

2121 5420 2195 5485 (2)
2232 5416 2342 5471 lloc
2376 5417 2528 5479 dicit,
2562 5420 2685 5485 quia
2724 5420 2945 5471 numina
2979 5435 3041 5472 ex
3077 5416 3390 5473 constituto
3416 5420 3629 5487 signiﬁ-

2043 5499 2169 5540 cant
2200 5505 2212 5539 :
2247 5499 2298 5539 et
2342 5504 2402 5539 ea
2437 5504 2555 5552 qua:
2593 5497 2717 5539 sunt
2752 5489 2803 5541 ιιι
2836 5505 2987 5555 voce,
3028 5491 3182 5559 signa
3218 5501 3347 5545 sunt
3379 5490 3629 5544 alicuiu-

2047 5576 2171 5611 num
2205 5575 2322 5625 qua:
2356 5561 2407 5610 in
2445 5561 2625 5611 anima
2669 5571 2818 5613 sunt.

2129 5704 2200 5751 lci
2230 5702 2350 5758 Lib.
2380 5719 2473 5759 vn.
2508 5718 2624 5771 cap.
2658 5702 2713 5756 ‘3.
