4416 6448
809 433 925 495 ‘863

1960 430 2287 489 JOANNIS
2315 421 2875 484 crmmssmm
2925 503 2928 506 Ι

3959 421 4064 483 804

831 561 879 599 ct
913 545 1413 609 iminutabilem,‘ut
1449 547 1702 609 salutem,
1733 557 1794 600 ut
1824 547 2115 615 justitiam,
2169 556 2226 599 ut
2276 561 2400 599 san-
2429 545 2475 603 Λ
2503 549 2678 592 torum
2717 539 2999 592 nominum
3037 535 3265 589 emcitur
3300 536 3475 599 nobis,
3509 542 3562 588 et
3595 550 3715 587 eum
3739 549 3842 586 non
3880 547 4064 601 paucis

823 638 1234 700 ctilicationetn,
1280 648 1340 690 Il.
1384 638 1836 704 redemptionem,
1866 663 1886 673 -
1916 647 1974 690 ιιι
2025 636 2392 704 magnitudine

825 726 1010 778 onmia
1041 735 1389 792 superantem
1415 743 1429 786 ;
1459 735 1511 778 et
1538 737 1596 776 ut
1627 727 1677 775 in
1711 741 1841 776 aura
1863 724 2042 776 tenui.
2063 724 2222 790 Atqui
2255 733 2306 775 ct
2337 723 2389 773 in

823 814 1096 866 mvntibus
1130 829 1252 865 eum
1285 830 1403 867 esse
1434 817 1640 871 dicunt,
1669 830 1723 866 et
1762 816 1812 864 in
1844 816 2042 867 animis
2071 832 2087 880 ;
2115 826 2167 866 et
2192 829 2382 880 corpo—

822 902 994 965 ribus,
1023 913 1076 955 et
1106 905 1157 955 in
1196 906 1355 964 coelo,
1394 915 1446 956 et
1479 905 1530 956 in
1558 915 1724 965 terra,
1753 913 1806 956 ct
1849 907 2009 970 simul
2077 908 2134 958 in
2192 905 2380 957 eodem

818 994 1096 1054 eumdem,
1137 995 1188 1044 in
1221 995 1440 1052 mundo,
1474 995 1616 1046 circa
1658 997 1945 1056 mundum,
2002 1011 2162 1061 supra
2228 1011 2386 1047 mun—

806 1082 958 1142 dum,
1009 1097 1176 1146 supra
1240 1083 1462 1144 ctelum,
1519 1097 1683 1148 supra
1750 1084 2133 1145 substantialis,
2187 1084 2381 1143 solem,

806 1171 1040 1243 stellam,
1081 1173 1280 1239 ignem,
1316 1187 1540 1239 aqUam,
1572 1173 1853 1239 spiritum,
1889 1187 2096 1235 rorem,
2154 1174 2378 1234 nubem,

804 1273 901 1324 per
930 1274 987 1311 se
1032 1261 1284 1326 lapidem,
1313 1272 1544 1327 petram,
1579 1261 1762 1314 omnia
1794 1278 1913 1327 qua:
1949 1275 2098 1324 sunt,
2131 1253 2185 1314 ei
2246 1264 2379 1316 nihil

802 1362 990 1398 eorum
1024 1364 1142 1414 qua:
1175 1357 1324 1401 sunt.
1357 1347 1448 1401 Sic
1481 1350 1643 1416 igitur
1665 1350 1718 1401 ei
1742 1350 1834 1417 qui
1891 1349 2134 1400 omnium
2189 1365 2376 1401 rerum

800 1451 966 1488 causa
987 1447 1087 1500 est,
1117 1446 1170 1488 et
1201 1453 1366 1505 supra
1390 1440 1596 1498 omnia.
1623 1440 1878 1505 congruit
1904 1453 2093 1492 carere
2119 1440 2374 1503 nomine;

796 1539 847 1577 et
879 1538 1186 1593 congruunt
1219 1544 1406 1581 rursus
1433 1530 1612 1582 omnia
1642 1544 1824 1581 rerum
1855 1531 2098 1582 omnium
2130 1533 2372 1594 nomina,

797 1627 854 1668 ut
887 1619 959 1669 sit
1019 1617 1256 1684 perfecte
1326 1634 1552 1685 regnum
1603 1620 1985 1673 universitatis
2055 1636 2256 1690 reruin,
2320 1632 2369 1674 et

793 1706 935 1758 circa
965 1708 1138 1773 ipsum
1173 1708 1284 1760 sint
1314 1709 1518 1767 omnia,
1554 1724 1614 1760 ex
1652 1709 1766 1775 ipso
1799 1719 2057 1778 tanquam
2086 1726 2150 1763 ex
2183 1726 2370 1775 causa,

793 1796 1086 1863 principio,
1124 1806 1176 1847 et
1204 1797 1308 1848 line
1350 1808 1542 1849 cuncta
1587 1799 1878 1864 pendeant,
1910 1783 1965 1852 et
1993 1799 2107 1865 ipse
2167 1800 2259 1866 sit,
2313 1812 2370 1853 ut

2494 629 2809 681 nominibus
2841 629 3157 679 invocamus
3189 642 3206 688 ,°
3239 625 3433 677 deinde
3458 625 3674 689 cognito
3719 639 3910 677 rursus
3965 637 4067 674 no-

2491 729 2607 772 stro
2651 733 2752 769 usu
2784 716 3064 780 multiplici
3108 724 3162 766 et
3223 716 3377 765 vario
3423 713 3732 766 nominandi
3786 711 3972 772 Deum,
4010 720 4063 763 et

2491 821 2747 862 concessa
2777 804 3124 856 multitudine
3163 804 3467 863 nominum,
3497 802 3563 854 ad
3622 812 3836 854 sextum
3894 810 4060 866 caput

2489 896 2830 954 deducimur,
2871 907 3063 945 rursus
3119 891 3453 950 dubitantes,
3509 903 3574 941 an
3634 904 3699 941 ex
3759 889 4058 941 :eternitate

2485 986 2709 1039 nomina
2740 986 2849 1038 Deo
2877 984 3191 1035 tribuantur
3221 998 3236 1045 ;
3274 992 3565 1049 postquam
3596 996 3725 1032 vero
3743 980 4057 1033 audivimus

2485 1089 2604 1144 post
2639 1091 2724 1128 res
2751 1075 2896 1142 ipsas
2931 1074 3146 1126 inventa
3183 1087 3306 1126 esse
3339 1074 3587 1132 nomina,
3615 1082 3668 1124 et
3701 1081 3822 1139 post
3877 1071 4058 1123 homi-

2483 1182 2603 1221 nem
2639 1167 2889 1233 imposita
2921 1164 3114 1225 fuisse,
3149 1165 3214 1216 ad
3245 1164 3724 1232 contemplandum
3757 1179 3877 1230 qua:
3917 1173 4049 1215 sunt

2483 1262 2702 1328 septimi
2736 1259 2953 1327 capitis,
3000 1259 3387 1320 occurrimus;
3447 1257 3590 1324 quod
3656 1257 3869 1309 scilicet
3911 1256 4055 1310 sicut

2483 1352 2745 1401 varietate
2789 1347 3068 1400 nominum
3101 1347 3411 1398 varietatem
3443 1345 3818 1411 Operationum
3852 1359 4053 1411 reprte-

2476 1448 2763 1493 sentamus
2804 1454 2818 1488 :
2867 1436 2945 1488 sic
2980 1435 3293 1486 nominibus
3323 1434 3489 1485 variis
3535 1436 3599 1486 ad
3642 1434 3807 1486 Deum
3865 1435 4051 1485 relatis

2477 1547 2579 1582 non
2616 1545 2907 1597 possumus
2938 1529 3253 1581 varietatem
3286 1543 3468 1579 rermn
3542 1527 3911 1594 subjectar-um
3967 1527 4051 1575 iu-

2474 1623 2747 1689 telligere;
2783 1631 3005 1673 Osteuso
3035 1628 3215 1671 autem
3274 1620 3441 1669 multa
3474 1618 3579 1670 dici
3638 1619 3705 1670 de
3765 1632 3872 1668 uno
3919 1618 4050 1668 sul:-

2466 1711 2641 1780 jecto,
2672 1710 2981 1762 necessario
3025 1709 3356 1773 sequebatur
3411 1717 3662 1782 octavum
3717 1715 3899 1772 caput,
3933 1721 4045 1758 non

2473 1815 2594 1853 esse
2630 1799 2840 1852 scilicet
2874 1799 3020 1850 aliud
3055 1797 3362 1863 subjectum
3397 1795 3450 1846 in
3505 1795 3632 1855 Dco,
3661 1797 3764 1847 nisi
3802 1795 4041 1846 divinam

791 1888 865 1937 ait
899 1886 1181 1946 Scriptura
1213 1887 1276 1946 ³⁸,
1308 1889 1487 1939 omnia
1524 1889 1574 1938 in
1609 1891 1880 1941 omnibus.
1919 1889 1994 1942 Ex
2051 1890 2136 1942 his
2198 1865 2364 1958 igitur
2395 1865 2443 1925 Β
2469 1901 2522 1944 et
2559 1892 2768 1943 beatam
2793 1890 3157 1942 substantiam
3183 1888 3303 1953 ejus
3330 1928 3345 1949 ,
3378 1902 3540 1952 quam
3576 1900 3720 1937 nono
3744 1885 3863 1938 loco
3921 1901 4048 1951 pm-

789 1976 1136 2027 Inanirestnm
1161 1976 1238 2038 lit,
1271 1993 1390 2030 che
1428 1979 1602 2042 ipsum
1637 1994 1799 2029 unum
1840 1977 2004 2030 Deum
2030 1988 2141 2031 tuin
2165 1981 2368 2033 nullius

787 2067 1046 2127 nominis,
1104 2077 1216 2119 tum
1269 2069 1598 2130 multorum;
1660 2069 1864 2121 nullius
1897 2069 2144 2136 quidem,
2191 2071 2364 2134 quoad

783 2156 911 2221 quid
945 2168 1051 2216 est,
1090 2157 1389 2209 multorum
1419 2169 1852 2226 vero,quatcnus
1885 2160 2040 2211 exiis
2067 2176 2186 2227 qua:
2213 2161 2360 2222 fecit,

784 2247 1043 2312 probatur
1083 2261 1241 2306 esse;
1271 2262 1376 2298 non
1411 2249 1687 2314 discrepat
1723 2249 1867 2314 quod
1897 2263 1960 2299 ex
2002 2248 2358 2304 demonstra-

780 2347 793 2386 ι
825 2352 848 2388 s
881 2339 1129 2404 sequitur
1180 2356 1194 2390 :
1228 2355 1416 2391 verum
1443 2340 1587 2392 enim
1617 2350 1702 2393 est
1731 2341 1876 2407 quod
1931 2341 2162 2395 humana
2211 2359 2362 2396 mens

779 2428 1001 2478 nomina
1034 2429 1123 2480 llei
1185 2434 1491 2492 adiuvi-nit,
1543 2442 1696 2484 ulens
1745 2435 1860 2484 vice
1911 2435 2149 2485 materia:
2199 2435 2360 2488 rebus

777 2518 1102 2587 niiris,quas
1135 2522 1188 2573 in
1219 2522 1474 2574 universo
1499 2523 1806 2589 speculatur
1835 2533 1889 2575 et
1907 2526 2305 2591 contemplatur
2339 2546 2352 2590 ;

774 2619 828 2659 ct
858 2609 1063 2662 idcirco
1095 2613 1159 2663 ad
1197 2626 1361 2663 unam
1401 2627 1513 2664 rem
1547 2612 1870 2680 subjectum,
1922 2616 1987 2665 ad
2032 2613 2208 2681 ipsum
2252 2619 2356 2669 sei-

773 2699 901 2752 licct
929 2702 1095 2752 Deum
1125 2718 1182 2755 se
1209 2702 1322 2769 ipsa
1354 2702 1653 2766 deducens,
1685 2705 1748 2755 ad
1775 2704 2217 2757 informationem
2238 2706 2354 2773 ejus

772 2793 849 2842 rei
888 2808 1050 2858 quam
1089 2794 1308 2859 qumrit,
1349 2805 1662 2846 revocatur.
1689 2793 1756 2848 Ut
1790 2795 2080 2862 igiturlizec
2111 2812 2352 2848 soluma-

772 2893 867 2934 ιςιιι
905 2891 1234 2948 repetamus,
1277 2893 1330 2935 et
1400 2885 1704 2936 secundum
1734 2886 2130 2952 expositionem
2185 2899 2350 2938 mate-

769 2976 968 3026 riarum
1003 2983 1384 3036 retractemus,
1447 2977 1680 3041 primum
1745 2977 2178 3030 demonstratum
2241 2986 2346 3039 est,

765 3064 1223 3130 quemadmodum
1256 3081 1412 3118 mens
1448 3067 1684 3120 hominis
1713 3067 1932 3120 nomina
1978 3067 2070 3120 Dei
2123 3068 2346 3136 excogi-

2473 1984 2587 2050 prie
2643 1981 2913 2034 nominari
2969 1980 3297 2040 didicimus,
3349 1993 3455 2030 non
3513 1975 3643 2045 quid
3674 1985 3776 2035 cst,
3829 1977 4045 2029 curiose

2468 2073 2830 2140 inquirentes,
2865 2071 2956 2123 sed
3019 2071 3164 2138 quod
3196 2078 3278 2121 est
3337 2077 3540 2120 tantum
3578 2085 3591 2129 ;
3623 2067 3687 2119 ad
3757 2067 4042 2134 imponen-

2465 2164 2592 2216 dum
2629 2164 2784 2214 linem
2814 2161 3000 2213 dei-adi
3041 2159 3369 2223 sequebatur
3417 2158 3682 2210 decimum
3737 2166 3918 2224 caput,
3983 2157 4038 2208 in

2465 2268 2574 2317 quo
2614 2250 2926 2303 conclusum
2964 2257 3047 2300 est
3091 2264 3152 2298 ex
3214 2247 3624 2309 demonstratis,
3674 2247 3922 2301 eumdem
3987 2254 4041 2297 rt
4071 2251 4085 2257 ’

2467 2358 2632 2394 unmn
2677 2339 2841 2394 Deum
2885 2355 3071 2393 carere
3121 2339 3300 2390 nobis.
3328 2338 3566 2399 nomine,
3603 2347 3658 2390 et
3697 2330 3818 2390 esse
3880 2337 4038 2390 nobis

2467 2430 2766 2481 multorum
2802 2428 3080 2480 nominum
3115 2443 3128 2479 :
3169 2427 3292 2478 illud
3315 2428 3558 2493 quidem,
3591 2426 3642 2479 id
3689 2436 3796 2489 est,
3848 2442 4037 2480 carere

2465 2535 2693 2588 prorsus
2722 2519 2963 2578 nomine,
2994 2528 3262 2585 quatenus
3294 2517 3421 2584 quid
3459 2527 3560 2578 est,
3589 2518 3689 2569 hoc
3723 2532 3869 2579 vero,
3902 2533 4036 2584 qna-

2463 2622 2622 2662 tenus
2647 2610 2820 2662 solmn
2849 2618 2965 2671 est;
2993 2609 3073 2659 sit:
3101 2609 3246 2659 enim
3276 2607 3500 2659 inﬁnitis
3526 2608 3837 2662 nominibus
3869 2623 3932 2662 ex
3968 2609 4035 2661 iis

2455 2716 2576 2768 qua:
2603 2702 2879 2769 produxit,
2934 2700 3259 2768 appellatur.
3289 2698 3430 2750 Nihil
3468 2699 3646 2766 itaque
3684 2715 3871 2752 eorum
3910 2716 4034 2767 qua:

2455 2796 2594 2844 sche
2624 2792 2710 2844 hic
2734 2806 2872 2857 Opus
2897 2802 3036 2852 erat,
3072 2789 3306 2857 theologi
3364 2790 3702 2858 reliquerunt
3731 2809 3744 2842 ;
3779 2802 4031 2858 recteque

2453 2879 2710 2946 inscripta
2736 2887 2817 2932 est
2841 2879 3019 2940 decas,
3049 2876 3120 2929 De
3146 2877 3530 2930 informatione
3560 2878 3725 2931 divini
3757 2881 4028 2942 nominis;

2452 2987 2559 3023 non
2585 2972 2726 3023 enim
2760 2973 3127 3037 proprietates
3167 2968 3476 3020 divinorum
3541 2971 3823 3024 nominum
3888 2986 4028 3023 enu-

2457 3066 2751 3113 nterantes.
2777 3055 3140 3107 matetiariam
3170 3054 3565 3122 expOsitioncm
3600 3070 3784 3108 earum
3823 3071 3849 3107 a
3879 3059 4032 3113 theo-

766 3155 900 3207 lavit
927 3169 945 3204 :
972 3163 1025 3238 et
1055 3154 1125 3205 ob
1159 3155 1294 3206 hanc
1329 3170 1552 3208 causam
1610 3157 1722 3209 tunc
1771 3159 1838 3210 de
1891 3159 2206 3211 ιιοιηίηὶῑηιε
2251 3159 2339 3211 θεῖ
2374 3188 2416 3244 c
2475 3149 2618 3218 logis
2645 3148 2900 3207 traditam
2955 3145 3344 3200 ordiuahamus
3376 3165 3390 3210 ;
3422 3149 3665 3202 dicemus
3698 3151 3840 3202 enim
3871 3150 4030 3203 dein-

763 3229 1018 3296 tractatio
1043 3244 1207 3310 νοητή
1245 3255 1496 3306 vocatur,
1545 3245 1596 3298 id
1649 3256 1750 3308 est,
1806 3247 1872 3299 ad
1931 3249 2343 3316 intelligentiam

763 3333 1085 3402 pertinens;
1137 3336 1397 3396 secundo,
1429 3336 1862 3390 demonstratum
1914 3347 1997 3390 est
2053 3337 2217 3391 Deum
2275 3342 2342 3394 ab

757 3421 967 3473 cili-etis
1004 3421 1253 3474 laudari:
1287 3423 1470 3486 tertio,
1509 3439 1628 3491 qua:
1663 3436 1789 3478 sunt
1852 3425 2063 3490 eﬂ‘ecm,
2123 3436 2176 3480 et
2224 3445 2343 3496 qua:

758 3523 788 3562 ε
811 3525 949 3560 )ι·ιιιη
989 3519 1256 3562 materia:
1289 3522 1479 3577 postea
1513 3516 1879 3580 qumrebatur,
1908 3515 2182 3585 quomodo
2199 3519 2339 3575 Deus

759 3602 827 3651 ab
856 3599 969 3652 cllet
993 3601 1060 3654 tis
1102 3606 1440 3664 nominatur,
1474 3615 1529 3657 et
1561 3621 1666 3657 non
1693 3609 1848 3660 abiis
1899 3625 2017 3675 quae
2057 3622 2188 3662 sunt
2240 3626 2337 3664 na-

754 3700 889 3742 tura:
943 3691 1099 3756 ejus:
1134 3694 1230 3744 hac
1271 3703 1450 3747 autem
1501 3696 1842 3752 dubitatione
1908 3702 2103 3764 soluta,
2143 3703 2334 3770 quinto

752 3782 926 3846 capite
958 3783 1187 3848 ipiaestio
1215 3798 1278 3836 ac
1325 3785 1596 3838 dubitatio
1638 3797 1776 3848 erat,
1803 3806 1969 3856 quare
1993 3790 2135 3844 Deus
2197 3794 2334 3844 mul-

824 3945 866 3973 "‘
906 3944 1073 4000 lCor.
1102 3959 1223 4004 xm.
1260 3945 1351 4000 '28.

2448 3251 2574 3306 ceps
2606 3237 2672 3289 de
2693 3237 2772 3288 eis
2809 3235 3043 3287 breviter
3064 3243 3118 3286 et
3140 3245 3423 3286 contracte
3482 3237 3661 3303 quoad
3721 3238 3833 3291 ﬁeri
3868 3249 4025 3306 pote-

2447 3333 2539 3385 rit.
2571 3329 2713 3395 Quot
2741 3339 2922 3381 autem
2947 3328 3122 3381 modis
3168 3327 3414 3380 divinum
3464 3343 3665 3380 nomen
3731 3331 4018 3400 tractatur,

2446 3422 2700 3491 superius
2727 3421 3089 3497 ostendimus,
3119 3417 3402 3486 tripliciter
3453 3433 3548 3471 eos
3586 3422 3791 3486 partiti,
3850 3420 4020 3473 inl'or-

2447 3515 2742 3568 tnationem
2777 3515 3080 3574 nominum,
3111 3520 3165 3563 et
3197 3510 3340 3563 unde
3370 3520 3582 3577 siunpta
3636 3520 3784 3574 suul,
3845 3521 3900 3565 et
3948 3513 4014 3564 ad

2444 3606 2574 3674 qttid
2596 3606 2695 3658 ista
2727 3605 2944 3656 nemina
2972 3618 3071 3655 uos
3118 3603 3389 3653 adducant
3439 3611 3493 3654 et
3547 3603 3867 3669 perﬁciant;
3908 3618 4015 3654 ete-

2444 3707 2557 3750 tera
2587 3696 2687 3748 alia
2735 3695 3137 3748 accommodate
3173 3693 3238 3745 ad
3304 3693 3403 3746 ista
3451 3708 3572 3761 quae
3611 3693 4011 3762 qum-eburnus;

2447 3789 2780 3842 inciderunt.

2264 4042 2538 4105 Schoba.

750 4191 978 4254 stiliam,
1012 4202 1065 4243 ut
1098 4190 1592 4259 sancti/irationem,
1617 4200 1670 4241 ut
1709 4191 2182 4259 redemptionem!
2204 4192 2327 4246 Cor.

745 4276 777 4311 ι.
822 4259 886 4310 Ct
914 4253 1866 4328 magnitudineomnia-superantem.
1890 4253 2044 4314 't’sal.
2083 4276 2224 4313 χειν.
2258 4261 2326 4313 Et

743 4343 797 4379 ut
833 4332 884 4380 in
914 4348 1047 4382 aura
1074 4336 1239 4383 tcuut.
1268 4330 1332 4382 Ill
1381 4331 1508 4398 licg.
1541 4344 1652 4381 xix.
1696 4333 1854 4394 Atqui
1884 4341 1933 4382 et
1976 4333 2027 4382 in
2064 4335 2324 4385 mentibus

743 4416 857 4467 eum
886 4418 995 4452 esse
1045 4403 1251 4452 dicunt.
1285 4400 1487 4467 l‘lpiics.
1526 4413 1606 4451 tn.
1646 4402 1848 4451 fientes
1878 4401 2022 4452 enim
2073 4413 2226 4453 vocat
2251 4403 2322 4454 ibi

742 4466 942 4521 l'aulus
974 4473 1158 4522 corda.
1200 4469 1260 4522 Et
1303 4466 1354 4520 in
1390 4470 1602 4519 animis.
1627 4467 1753 4534 Sap.
1783 4483 1874 4521 vn.
1905 4470 1966 4519 Et
1990 4469 2044 4527 in
2086 4471 2316 4534 animas,

741 4538 937 4604 inquit,
971 4550 1190 4591 sanctas
1220 4555 1276 4591 se
1309 4539 1587 4590 transfert.
1618 4538 1681 4591 Et
1705 4540 1756 4588 in
1787 4539 2113 4606 corporibus.
2149 4540 2318 4593 IL'or.

739 4598 899 4667 \-t,'et
961 4612 974 4659 Ι
1033 4609 1281 4662 Tlicssal.
1319 4623 1392 4660 v:
1434 4606 1501 4659 Ut
1565 4608 1774 4673 integer
1824 4598 2049 4672 spiritus
2107 4621 2311 4672 veSIer,
2354 4598 2395 4651 D

736 4689 790 4726 et
824 4679 1028 4739 anima,
1067 4690 1119 4729 et
1147 4694 1348 4745 corpus
1379 4677 1497 4729 sine
1528 4679 1749 4746 querela
1778 4689 2052 4740 servetur;
2085 4680 2184 4730 hoc
2215 4693 2311 4730 au-

737 4755 840 4795 t--m
877 4749 927 4797 lit
951 4748 1224 4800 habitante
1253 4749 1359 4798 Deo
1389 4751 1439 4796 in
1480 4760 1682 4801 mente.
1713 4757 1764 4796 et
1794 4748 1844 4797 in
1881 4761 2088 4811 anima,
2117 4759 2171 4800 et
2191 4762 2315 4799 cur-

733 4831 898 4881 purr;
935 4828 1169 4875 tuentem
1211 4825 1425 4868 voc:i\‘tt
1467 4815 1556 4867 hic
1611 4815 1806 4867 l’a'uIUs
1836 4817 2088 4882 spiritum
2119 4833 2135 4879 ;
2189 4829 2242 4883 et
2270 4815 2313 4869 Il

731 4894 855 4935 Lor.
903 4902 988 4937 vt:
1019 4887 1082 4937 Et
1119 4888 1428 4939 inliabtlabo
1473 4886 1523 4937 in
1547 4883 1670 4949 illis,
1708 4886 1918 4936 scilicet
1948 4887 1998 4936 in
2023 4886 2314 4947 mentibus,

729 4967 780 5026 et
813 4957 1031 5016 ειιιιιιιίμ,
1072 4957 1499 5026 eteoiporibus.
1561 4953 1625 5026 Et
1676 4955 1732 5006 tu
1781 4955 1928 5015 cazlo,
1959 4957 2092 5026 etin
2138 4966 2304 5007 terra.

733 5025 880 5074 llicr.
920 5039 1069 5076 unt.
1112 5025 1176 5074 hi
1207 5023 1385 5076 suitur
1409 5026 1462 5076 in
1503 5025 1680 5076 eodem
1713 5027 1973 5078 rumdcm.
2005 5023 2113 5078 Hoc
2144 5041 2311 5092 expo—

735 5094 810 5143 nit
844 5095 983 5145 idom
1023 5094 1317 5162 Dionysius
1352 5111 1474 5162 cap.
1499 5110 1549 5146 ix
1592 5098 1659 5146 de
1691 5109 1908 5162 magno,
1963 5107 2014 5145 et
2047 5109 2232 5162 parvo,
2259 5105 2313 5147 et

728 5170 944 5216 rodunt.
1011 5174 1113 5216 etc.
1155 5153 1219 5215 Iit
1268 5153 1476 5215 mund'o.
1527 5162 1686 5217 Junii.
1745 5153 1809 5214 LV
1840 5153 1996 5216 Circa
2031 5153 2308 5217 mundum.

729 5230 874 5282 lict-li
908 5248 1061 5286 unt.
1091 5234 1261 5300 Super
1293 5238 1567 5286 mundum.
1606 5231 1707 5284 lsa.
1737 5233 2100 5300 LX\'I\Sttpra
2129 5239 2315 5288 cwlum

725 5316 770 5350 ι’(
808 5319 967 5368 supra
993 5305 1374 5355 substantiam.
1419 5304 1506 5355 νδ.
1542 5315 1673 5356 uti.
1714 5304 1826 5368 Sup
1866 5320 1888 5354 r
1922 5311 2092 5357 ranos
2140 5305 2312 5372 gloria

728 5389 869 5437 rjlln.
910 5375 1111 5426 501cm.
1171 5375 1402 5426 Matatli.
1462 5389 1536 5426 tv.
1572 5374 1816 5427 Stellam.
1878 5375 2048 5441 Apoc.
2103 5382 2316 5427 ultimo.

2439 4193 2646 4263 Ignem.
2682 4195 2832 4246 Dent.
2864 4210 2933 4246 tv.
2963 4194 3187 4260 Aquam.
3223 4191 3383 4245 Joan.
3419 4208 3515 4247 vn.
3537 4192 3816 4260 Spiritum.
3847 4192 4005 4249 Joan.

2438 4281 2508 4316 tv,
2538 4263 2745 4317 Rorem.
2775 4269 2930 4316 Osce.
2967 4279 3072 4315 HV.
3107 4263 3332 4316 A'ubem.
3383 4264 3540 4317 Osee.
3564 4281 3632 4316 vi.
3665 4264 3766 4315 Per
3789 4280 3842 4316 se
3871 4265 4010 4330 lapi-

2433 4335 2550 4386 dem
2585 4333 2882 4385 αὑτὸλιθον.
2912 4331 3001 4384 Ps.
3039 4347 3206 4384 Lxu’.
3241 4332 3374 4385 Esse
3405 4337 3548 4385 enim
3592 4333 4006 4387 [undanti-ututi;

2433 4406 2663 4472 propria:
2691 4404 2930 4461 virtutis,
2961 4413 3012 4453 et
3038 4417 3133 4470 per
3160 4409 3238 4465 se,
3264 4403 3482 4455 Cbrlsto
3511 4407 3762 4472 convenit
3784 4413 4008 4469 propter

2432 4471 2797 4530 divinitatem.
2833 4487 2952 4539 quae
2995 4486 3098 4522 una
3135 4480 3190 4522 ct
3236 4473 3537 4523 endem-est
3581 4471 3632 4522 io
3667 4473 3845 4522 tribus
3876 4487 4004 4537 per-

2430 4546 2605 4604 sonis,
2635 4558 2754 4611 qna:
2785 4542 2909 4593 fecit
2936 4545 2986 4591 iu
3019 4541 3133 4605 ipso
3163 4539 3407 4602 Christo,
3437 4556 3649 4592 summo
3687 4539 3862 4611 lapide
3894 4553 4006 4594 ‘an-

2463 4616 2623 4676 ulari,
2655 4609 2907 4678 antraque
2943 4624 3112 4678 unum
3143 4611 3228 4660 cui
3257 4619 3510 4678 convenit
3551 4624 3670 4664 csse
3697 4609 3999 4665 αὑτόλιθον,

2451 4684 2658 4733 ἐιναιιις
2725 4677 2884 4733 lCdr.
2922 4695 2973 4730 χ.
3015 4677 3111 4729 Est
3141 4678 3303 4745 igitur
3336 4677 3398 4733 Β.
3449 4678 3638 4730 l’etlus
3675 4688 3756 4743 (ut
3798 4680 4000 4745 ubique

2427 4753 2698 4804 haereticis
2727 4748 2897 4802 nostri
2925 4746 3185 4814 temporis
3212 4749 3602 4810 occurramus)
3634 4759 3781 4813 petra
3815 4750 4002 4801 hct-tc-

2424 4836 2450 4871 s
2473 4837 2542 4879 te,
2584 4828 2640 4870 ut
2687 4817 3039 4886 Evangelium
3079 4824 3350 4878 testatur;
3385 4831 3491 4868 non
3525 4825 3703 4886 tanien
3736 4829 3816 4869 est
3844 4820 4000 4872 αὑτό-

2425 4887 2590 4951 λιθυς,
2620 4904 2717 4941 nec
2741 4885 3071 4954 αὑτὸπέτρςι,
3099 4887 3148 4936 id
3184 4893 3289 4949 est,
3315 4902 3411 4952 per
3435 4905 3493 4937 se
3521 4885 3679 4952 lapis,
3709 4888 3788 4938 vel
3811 4903 3907 4954 per
3940 4907 4001 4942 se

2425 4969 2618 5023 petra;
2657 4973 2827 5026 neque
2856 4957 2899 5011 si
2934 4970 3171 5020 unquam
3211 4955 3262 5026 in
3313 4956 3602 5026 _Scriptura
3640 4968 3890 5026 voratur,
3939 4969 4000 5010 ut

2419 5030 2673 5080 Christus
2712 5023 2854 5079 Uous
2909 5033 3114 5086 noster,
3150 5024 3242 5090 qui
3279 5024 3357 5075 sit:
3388 5039 3470 5076 est
3497 5023 3894 5091 αὑτοοιμόλιος,
3940 5033 3991 5078 td

2413 5106 2518 5161 est,
2556 5114 2647 5164 per
2683 5115 2740 5152 se
2770 5101 3200 5156 iuudaincutmn,
3244 5103 3436 5158 ιιι-αξιοι·
3479 5097 3623 5161 quod
3669 5111 3758 5161 per
3793 5112 3851 5147 se
3881 5103 4002 5148 Inn-

2413 5171 2728 5220 danientum
2792 5167 2937 5220 aliud
2994 5178 3155 5214 nemo
3199 5174 3372 5229 potest
3411 5178 3632 5230 ponere,
3676 5165 3814 5215 sicut
3850 5167 3995 5232 Apo-

2416 5241 2590 5291 stolus
2612 5242 2720 5292 ait:
2757 5242 2824 5293 de
2861 5242 2963 5290 hoc
2986 5235 3127 5284 enim
3150 5247 3244 5301 per
3280 5249 3338 5287 se
3370 5235 3785 5288 fundamentum
3822 5236 3999 5302 loqui-

2419 5317 2527 5362 tur.
