4416 6448
363 436 472 497 809

1031 426 1264 487 DECAS
1302 426 1367 482 ν.
1412 449 1478 460 -
1519 421 1615 479 DE
1652 412 2316 480 PROPRIETATIBUS
2374 409 2610 468 DIVIN.
2653 407 2918 468 NOMIN.

3488 401 3591 464 810

377 543 871 614 qutdemdicimus,
899 541 1042 608 quod
1077 535 1499 606 pulchritudinis
1528 534 1930 602 particepsest;
1964 530 2004 582 Α
2038 540 2131 579 nes
2162 535 2214 578 et
2242 525 2540 577 accidentia
2581 526 2630 576 in
2663 526 2824 577 rebus
2892 529 3200 614 censentur,
3225 519 3368 589 quod
3487 520 3597 571 Deo

379 628 843 702 pulchritudinem
871 645 998 684 vero
1025 629 1504 698 participationem
1523 638 1699 678 causa:
1752 619 1933 672 omnia

381 727 605 794 pulchra
638 721 942 777 eﬂiciciitis.
973 720 1094 785 Quo
1117 721 1329 786 inloco
1378 719 1453 769 ait
1493 726 1711 768 sanctus
1767 711 1936 763 Maxi~

382 827 532 866 inus:
559 812 793 864 Pulcher
813 811 1006 864 dicitur
1033 809 1175 862 Deus
1202 811 1252 861 in
1271 807 1494 860 Cantico
1510 805 1844 858 canticorum
1867 800 1937 863 ",

380 916 432 958 et
465 901 967 968 David:Speciosus
1019 902 1190 969 [arma
1245 913 1354 968 pra'
1399 896 1524 964 ﬁliis
1591 891 1936 946 hominum".

385 994 589 1047 Dicitur
621 1001 800 1046 autem
825 986 1111 1060 pul'clirum
1145 1002 1198 1043 et
1232 987 1603 1057 pulchritudo,
1640 987 1764 1052 quia
1825 982 1939 1033 dis-

385 1083 647 1149 tinguitur
679 1082 730 1133 iii
765 1081 926 1134 rebus
978 1081 1031 1131 in
1092 1077 1462 1145 participantia
1518 1082 1570 1126 et
1603 1073 1940 1141 participata,

385 1173 438 1224 in
468 1171 576 1225 Deo
604 1181 787 1224 autem
823 1185 928 1223 non
963 1170 1038 1222 sic
1077 1187 1089 1221 :
1124 1168 1282 1230 καλὸς
1323 1181 1576 1232 namque,
1601 1165 1650 1217 id
1681 1173 1785 1225 est,
1830 1160 1943 1229 pul-

385 1261 517 1313 cher
550 1260 771 1322 dicitur,
803 1267 855 1312 et
886 1259 1012 1327 quia
1071 1259 1260 1311 tribuit
1282 1257 1534 1309 omnibus
1581 1252 1940 1321 pulchritudi-

387 1365 532 1411 nem,
566 1358 618 1402 et
641 1363 767 1417 quia
790 1351 972 1401 omnia
1006 1349 1070 1401 ad
1090 1363 1150 1402 se
1177 1347 1350 1410 καλεί,
1383 1347 1433 1398 id
1465 1358 1567 1417 est,
1597 1353 1751 1398 vocat
1781 1363 1793 1407 ;
1830 1357 1948 1417 νακτ-

390 1456 484 1494 sus
515 1441 676 1493 καλὸν
703 1443 777 1501 ὡς
810 1441 896 1491 ἀεὶ
961 1439 1040 1502 ὃν,
1076 1441 1124 1492 id
1154 1449 1256 1498 est,
1324 1437 1609 1505 pulchrum
1671 1446 1944 1502 tamquam
1978 1446 1984 1452 '

390 1546 601 1600 semper
629 1532 923 1592 exsistcns,
954 1531 1246 1582 secundum
1297 1529 1468 1583 Graeci
1541 1527 1776 1580 nominis
1835 1519 1949 1594 et'y-

394 1623 704 1689 mologiam,
751 1629 934 1689 utpote
963 1634 1238 1683 nunquam
1257 1619 1600 1679 decrescens,
1636 1631 1733 1669 nec
1785 1630 1950 1682 auge-

392 1726 572 1764 scens.
620 1711 819 1764 ibidem
853 1713 1013 1763 etiam
1055 1709 1340 1778 Dionysius
1372 1727 1382 1759 :
1416 1706 1777 1771 Quamobrem
1810 1705 1949 1756 idem

390 1813 474 1856 est
505 1802 790 1869 pulchrum
822 1810 985 1869 atque
1015 1802 1235 1862 bonum,
1262 1799 1520 1866 quoniam
1548 1800 1726 1849 omnia
1757 1810 1950 1848 secun-

391 1895 518 1946 dum
571 1906 787 1944 omnem
838 1906 1056 1944 (ausam
1108 1890 1388 1956 pulchrum
1435 1898 1486 1941 et
1530 1888 1728 1940 bonum
1786 1900 1950 1953 appe-
1986 1861 2024 1913 Β

395 1993 516 2035 tunt
534 1982 610 2052 (5)
637 1999 648 2033 :
669 1991 723 2034 et
747 1981 879 2034 nihil
901 1991 983 2033 est
1008 1982 1057 2032 in
1081 1995 1255 2032 rerum
1279 1992 1487 2041 natura,
1509 1981 1638 2048 quin
1662 1978 1974 2056 pulchrum;

392 2086 443 2128 et
475 2076 675 2127 bonum
712 2073 1000 2141 participet
1047 2089 1058 2123 :
1120 2072 1329 2123 audebo
1389 2072 1550 2123 etiam
1597 2071 1696 2122 hoc
1752 2069 1951 2128 dicere,

393 2165 535 2232 quod
565 2179 678 2216 non
711 2171 814 2226 est,
843 2163 1128 2232 pulchrum
1154 2163 1415 2214 ethonuni
1451 2161 1796 2229 participare,
1827 2168 1954 2212 tunc

395 2256 537 2309 enim
563 2262 646 2308 est
679 2256 876 2320 ipsum.
905 2255 1198 2322 pulchrum
1224 2264 1274 2306 et
1347 2254 1572 2316 bonum,
1631 2253 1850 2320 quando
1901 2251 1953 2302 in

400 2349 506 2402 Deo
524 2347 770 2400 laudatur
790 2362 950 2413 supra
977 2347 1332 2399 substantiam
1351 2345 1644 2398 aiilerendo
1662 2345 1840 2397 omnia
1860 2344 1954 2410 (ιι).

397 2440 550 2505 Quod
617 2447 796 2490 autem
856 2439 994 2491 idem
1059 2448 1141 2490 est
1193 2439 1474 2502 pulchrusn
1535 2450 1696 2506 atque
1755 2438 1952 2492 bonum

401 2532 453 2581 in
485 2529 614 2592 Deo,
637 2531 728 2598 qui
762 2541 844 2583 est
875 2545 1036 2596 supra
1095 2531 1456 2581 substantiam
1485 2548 1496 2592 ;
1529 2538 1579 2581 et
1641 2529 1782 2597 quod
1846 2531 1958 2582 hch

401 2635 522 2688 qua:
557 2620 916 2673 subStantiaui
940 2620 1052 2681 Dei,
1082 2634 1202 2687 quae
1237 2631 1314 2670 est
1377 2622 1528 2688 origo
1579 2620 1958 2682 deilicationis,
1991 2650 1998 2658 -

402 2710 698 2773 declarant,
736 2709 801 2761 ad
830 2711 1004 2776 ipsum
1045 2725 1136 2774 per
1167 2710 1353 2760 divina
1385 2710 1600 2759 nomina
1653 2709 1865 2772 pulchri
1912 2718 1963 2759 ct

405 2801 814 2868 bonipertineut
845 2818 856 2851 :
886 2801 1108 2866 etquod
1168 2799 1232 2851 ad
1260 2815 1320 2850 ea
1355 2815 1475 2866 qum.
1533 2800 1581 2849 in
1642 2799 1748 2852 Deo
1814 2808 1961 2862 sunt,

406 2908 513 2943 non
551 2892 961 2958 distinguuntur
991 2892 1043 2942 in
1079 2891 1525 2956 pai'ticipationcs
1556 2900 1605 2943 et
1671 2891 1965 2958 participa-

407 2995 479 3046 ω,
512 2985 683 3052 liquet
713 3000 780 3037 ex
803 2997 1072 3036 consensu
1097 2983 1498 3052 theologorum.
1523 2981 1577 3034 In
1624 2985 1823 3050 quibus
1869 2998 1964 3035 au-

412 3090 516 3130 tem
551 3077 901 3142 distinguitur
934 3074 1167 3135 bonitas,
1197 3086 1248 3127 et
1277 3090 1368 3143 per
1397 3076 1562 3142 ipsam
1586 3077 1893 3142 pulchrum,
1915 3087 1968 3129 et

2044 629 2150 665 non
2191 615 2263 667 ita
2293 625 2401 676 est,
2436 617 2526 682 qui
2566 615 2743 666 oinnia
2817 613 3108 667 antecellit.
3153 610 3364 664 Rursus
3411 609 3594 663 idem:

2044 704 2320 759 Desiderio
2369 706 2694 772 intel!igeiidi
2738 714 2790 758 et
2840 705 3050 758 dicmuli
3111 701 3314 771 aliquid
3360 699 3429 753 de
3487 694 3600 755 Deo

2043 813 2235 849 nomen
2270 797 2397 850 boni
2456 798 2710 865 'l‘heologi
2767 795 2874 850 Deo
2937 797 3320 854 attribuerunt.
3383 793 3602 862 proprie

2042 888 2183 942 enim
2209 889 2350 942 Deus
2377 899 2457 942 est
2475 905 2632 956 supra
2650 904 2811 957 quam
2833 889 3028 946 bonus.
3047 898 3099 940 et
3125 902 3452 955 supraquain
3478 887 3608 943 sub-

2044 984 2265 1041 stantia,
2297 980 2507 1032 bonitas
2537 991 2713 1033 autem
2745 997 2938 1032 nomen
2964 989 3040 1032 est
3072 980 3453 1031 venerationis.
3481 978 3606 1028 Item

2049 1072 2188 1125 idem
2224 1074 2545 1126 incumbens
2568 1077 2617 1124 in
2651 1089 2712 1126 ea
2743 1090 2862 1140 quin
2887 1085 3012 1124 sunt
3051 1073 3100 1124 in
3125 1081 3321 1140 quarto
3342 1073 3514 1136 capite
3546 1070 3613 1122 de

2046 1161 2250 1214 eisdem
2331 1157 2537 1216 divinis
2610 1163 2968 1215 nominibus:
3014 1161 3244 1222 Bonum,
3305 1161 3503 1227 inquit,
3556 1169 3611 1212 et

2049 1255 2360 1322 pulchrum,
2388 1255 2528 1322 quod
2569 1255 2619 1306 in
2679 1255 2933 1306 omnibus
2995 1254 3158 1317 inest,
3197 1269 3302 1306 non
3335 1264 3416 1306 est
3479 1253 3610 1303 illul

2052 1344 2285 1413 primum
2320 1345 2607 1412 pulchrum
2643 1355 2696 1396 et
2723 1344 2922 1397 bonum
2955 1345 3222 1405 omnium,
3271 1342 3426 1409 eiijus
3490 1357 3586 1410 pai-

2053 1436 2363 1503 ticipatione
2402 1439 2583 1493 omnia
2607 1447 2733 1491 sunt
2767 1437 2984 1504 pulchra
3015 1447 3068 1489 et
3104 1437 3264 1498 bona,
3295 1436 3436 1504 quod
3467 1436 3609 1485 enim

2052 1535 2134 1576 est
2168 1541 2219 1576 in
2257 1526 2420 1578 rebus
2445 1527 2735 1594 pulchrum
2768 1533 2819 1578 et
2855 1527 3076 1585 bonum,
3111 1541 3213 1575 non
3249 1533 3333 1578 est
3360 1525 3616 1576 substan-

2055 1615 2148 1677 tia,
2183 1630 2355 1684 iieque
2376 1632 2546 1682 genus
2580 1617 2914 1676 subst'iiitize,
2983 1618 3075 1669 sed
3133 1617 3410 1677 (ιωΜιιιε,
3470 1611 3614 1682 quod

2057 1707 2217 1758 lialxt
2248 1706 2662 1759 similitudinem
2705 1706 3492 1775 aliquantulumcunjunctaiii.
3539 1702 3616 1756 Ex

2056 1797 2482 1866 quihuspateﬁt,
2543 1800 3002 1864 quemadmodum
3058 1800 3274 1850 bonitas
3322 1811 3376 1851 et
3437 1801 3614 1864 ipsum

2060 1889 2344 1955 pulchrum
2375 1889 2426 1939 in
2468 1888 2575 1939 Deo
2618 1891 2940 1956 copulantur
2973 1908 2984 1953 ;
3017 1898 3068 1941 et
3101 1889 3239 1941 idem
3279 1900 3360 1942 est
3415 1890 3616 1946 bonum

2061 1985 2221 2044 atque
2249 1976 2558 2043 pulchrum,
2595 1990 2744 2031 extra
2787 1977 2952 2030 Dcum
2982 1993 3128 2040 vero,
3163 1987 3214 2031 et
3247 1980 3297 2030 in
3351 1980 3623 2034 creaturis

2062 2067 2180 2135 ejus
2211 2067 2442 2121 discreta
2478 2076 2625 2133 sunt,
2654 2069 3067 2138 passioncsque,
3105 2079 3156 2122 et
3190 2071 3487 2123 accidentia
3516 2088 3615 2123 uu-

2065 2169 2365 2210 merantur.
2413 2157 2587 2210 Etiam
2655 2160 3040 2225 proprietatem
3108 2161 3302 2214 horum
3363 2162 3625 2230 intellige-

2067 2263 2209 2310 mus,
2246 2251 2290 2302 si
2333 2265 2453 2316 qua:
2484 2250 2616 2301 dicit
2667 2266 2920 2304 summus
2983 2251 3264 2320 theologus
3333 2252 3625 2323 Dionysius

2067 2341 2443 2393 advertimus:
2517 2340 2647 2393 Boni
2710 2343 2876 2404 enim,
2941 2343 3135 2410 inquit,
3203 2361 3424 2410 nomen,
3484 2348 3630 2412 quod

2070 2433 2346 2484 titiivcrsas
2376 2434 2750 2487 enianaliones
2783 2437 3026 2489 auctoris
3071 2437 3316 2490 omnium
3366 2439 3628 2502 declarat,

2071 2523 2122 2574 ii:
2157 2538 2216 2575 ea
2251 2538 2369 2591 quae
2409 2534 2555 2585 sunt,
2581 2531 2632 2575 et
2673 2517 2802 2592 qua!
2821 2541 2926 2577 non
2952 2536 3097 2589 sunt,
3137 2531 3373 2583 tenditur
3407 2540 3459 2584 et
3507 2547 3632 2598 por-

2073 2615 2299 2680 rigitur;
2332 2624 2385 2666 et
2416 2629 2577 2680 supra
2599 2615 2782 2667 omnia
2813 2631 2931 2682 qrue
2960 2627 3108 2682 sunt,
3136 2632 3188 2670 et
3209 2636 3331 2688 qua:
3351 2637 3453 2674 non
3483 2633 3606 2676 sunt

2073 2713 2154 2755 est
2191 2721 2203 2756 :
2238 2706 2282 2757 si
2314 2716 2490 2756 autem
2529 2705 2730 2757 bonum
2760 2705 2998 2775 idipstim
3056 2723 3179 2761 cum
3239 2711 3463 2778 pulchro
3523 2725 3627 2774 est,

2074 2812 2417 2848 communem
2446 2800 2668 2850 omnino
2696 2812 2820 2850 cuni
2854 2814 2919 2852 eo
2954 2802 3338 2868 proprietatem
3379 2805 3590 2858 habebit
3617 2823 3632 2868 ;

2085 2890 2295 2954 eritque
2338 2892 2638 2957 proprietas
2673 2892 2886 2960 pulchri
2944 2894 3087 2945 tendi
3130 2895 3264 2946 inea
3321 2912 3442 2964 quas
3486 2909 3637 2962 sunt,

2074 2990 2126 3030 et
2153 2994 2273 3046 qua:
2299 2997 2401 3032 non
2433 2993 2577 3041 sunt,
2615 2992 2834 3051 propter
2871 2985 3154 3051 pulchrum
3190 2989 3334 3040 eni'u
3360 2999 3412 3040 et
3435 2990 3632 3042 bonum

2077 3081 2270 3124 cuncta
2307 3073 2569 3139 producta
2601 3085 2752 3136 sunt,
2797 3075 2905 3127 imo
2938 3086 3158 3144 propter
3184 3079 3294 3130 liter.
3323 3080 3459 3147 ipsa,
3522 3081 3639 3148 pul-

415 3169 558 3238 quod
594 3171 646 3221 in
678 3178 930 3221 creatura
963 3166 1392 3234 distinguuntur,
1442 3179 1495 3220 et
1556 3183 1674 3235 quin
1730 3169 1965 3235 ipsorum
2002 3199 2046 3261 ϐ
2082 3165 2271 3214 chrum
2305 3165 2424 3217 dico
2463 3174 2515 3218 et
2545 3165 2772 3228 bonum,
2807 3169 2935 3220 item
2967 3183 3028 3220 ea
3065 3185 3183 3237 qua:
3220 3188 3325 3223 non
3357 3181 3508 3234 sunt,
3538 3191 3643 3226 non

417 3261 695 3313 nominum
731 3259 1055 3325 proprietas,
1084 3273 1149 3310 ex
1195 3259 1276 3311 his
1339 3257 1685 3311 manifestum
1735 3260 1824 3311 sit.
1875 3256 1974 3325 Sy-

415 3351 590 3404 nodus
620 3363 807 3404 contra
840 3349 1164 3403 Manichaios
1185 3350 1531 3417 aliepiscopo
1587 3349 1765 3402 Caron
1818 3350 1973 3402 liahi-

415 3440 995 3510 ta_quaiiuPanari'i's
1063 3441 1252 3500 fertur,
1308 3442 1419 3493 ait:
1484 3440 1689 3495 Bonum
1755 3444 1806 3494 iii
1871 3441 1976 3492 Deo

416 3535 718 3586 substantia
771 3542 873 3593 est,
929 3532 982 3583 iii
1040 3535 1307 3585 creaturis
1360 3543 1539 3584 autem
1586 3533 1860 3585 accidens.
1915 3532 1978 3583 Et

419 3624 558 3674 idem
589 3611 789 3674 ibidem
825 3633 841 3673 :
869 3620 1090 3674 Bonitas
1117 3623 1287 3684 enim,
1325 3637 1445 3688 quae
1474 3623 1525 3675 in
1563 3623 1815 3675 universo
1863 3638 1979 3675 cer-

421 3714 588 3773 nitur,
624 3713 654 3763 ii
682 3713 983 3764 tensionein
1012 3722 1066 3763 et
1109 3713 1485 3766 remissionem
1523 3722 1578 3764 ut
1604 3714 1857 3766 accidens
1889 3729 1975 3768 re-

419 3803 569 3868 cipit.
608 3800 669 3853 Et
696 3800 987 3867 Dionysius
1018 3802 1192 3869 capite
1226 3803 1435 3854 decimo
1465 3805 1620 3855 tertio
1665 3804 1735 3855 De
1790 3805 1979 3856 divinis

423 3892 741 3954 nominibus,
796 3889 906 3943 Nec
972 3895 1167 3958 ipsum,
1225 3893 1422 3960 inquit,
1483 3908 1678 3945 nomen
1729 3895 1984 3947 bonitatis

425 3981 694 4034 dixinitati
757 3989 1013 4047 tanquam
1075 3991 1258 4048 aptum
1337 3985 1836 4047 accon'imodamus,
1890 3986 1980 4039 sed

427 4073 698 4126 desiderio
724 4073 924 4139 aliquid
971 4073 1303 4141 intelligendi
1330 4084 1383 4125 et
1417 4075 1632 4126 dicendi
1665 4076 1730 4127 de
1790 4088 1983 4130 natura

431 4165 517 4215 illa
549 4178 744 4215 arcana
773 4175 826 4214 et
858 4162 1135 4222 ineffabili,
1185 4167 1328 4232 quod
1384 4175 1466 4217 est
1510 4167 1749 4217 omnium
1817 4172 1986 4222 nomi-

429 4270 555 4305 num
594 4255 826 4305 maxime
877 4255 1204 4316 venerabile,
1259 4257 1359 4323 ipsi
1408 4257 1644 4323 primuiii
1706 4274 1990 4312 censi-cra-

433 4361 554 4397 nius
586 4344 684 4396 Ubi
715 4358 946 4398 sanctus
980 4345 1245 4398 Maximus
1281 4365 1291 4397 :
1327 4347 1405 4400 0b
1439 4350 1576 4400 hanc.
1601 4366 1844 4414 causam,
1903 4354 1988 4404 iii-

431 4436 566 4501 qiiit.
602 4452 793 4487 nomen
833 4437 956 4488 boni
995 4447 1085 4488 aut
1120 4439 1328 4502 pulchri
1369 4454 1471 4490 nou
1509 4445 1725 4507 proprie
1775 4458 1986 4496 accom-

2081 3263 2208 3304 sunt
2239 3257 2519 3321 producta,
2559 3259 2814 3324 quoniam
2842 3275 2983 3314 unus
3012 3263 3088 3314 sol
3119 3272 3336 3330 propter
3365 3265 3564 3318 bonum
3591 3276 3646 3317 et

2081 3347 2369 3410 pulchrum
2405 3349 2578 3402 Iactus
2612 3359 2714 3411 est,
2744 3361 2794 3401 et
2825 3351 2960 3403 alter
3001 3353 3080 3405 sol
3112 3355 3202 3420 qui
3236 3370 3339 3406 non
3389 3368 3490 3418 est,
3527 3372 3650 3423 pro-

2084 3444 2198 3500 pter
2233 3439 2428 3488 bonum
2463 3439 2587 3488 item
2622 3452 2670 3490 ei
2701 3439 2986 3500 pulchrum
3011 3457 3117 3493 non
3155 3453 3238 3495 est
3275 3443 3505 3497 .l'actus:
3545 3448 3648 3497 ita-

2085 3547 2188 3594 que
2216 3534 2321 3580 duo
2357 3548 2459 3580 non
2488 3540 2613 3581 sunt
2647 3531 2774 3583 lacti
2801 3541 3015 3598 propter
3036 3534 3284 3588 eamdem
3351 3536 3648 3589 bonitatem

2089 3634 2136 3674 et
2167 3622 2643 3686 pulchritudini-iii.
2679 3616 2733 3678 Si
2760 3625 2901 3674 enim
2937 3640 3104 3676 unum
3155 3629 3323 3678 solent
3362 3631 3411 3680 in
3459 3632 3653 3684 ardore

2090 3713 2231 3764 ferre
2262 3728 2365 3764 non
2402 3727 2708 3778 possumus.
2746 3718 2787 3764 si
2822 3719 2929 3770 duo
2957 3725 3154 3773 essent
3198 3720 3320 3784 quis
3368 3737 3471 3773 non
3506 3737 3654 3776 coni-

2091 3801 2285 3854 bustus
2333 3804 2694 3854 remaneret?
2751 3803 2977 3871 Propter
3028 3807 3322 3860 bonitatem
3390 3811 3552 3876 igitur
3602 3826 3656 3867 et

2092 3894 2554 3959 pulchritudinem
2586 3897 2750 3947 etiam
2780 3897 2923 3962 quod
2983 3912 3086 3949 iio;i
3111 3909 3212 3959 est,
3255 3915 3360 3953 non
3399 3918 3482 3955 est
3538 3905 3668 3958 fac--

2095 3994 2226 4036 tum.
2255 3984 2426 4037 Simul
2445 3987 2873 4038 demonstratum
2898 3997 2998 4049 est,
3018 3993 3198 4042 omnia
3223 3994 3442 4045 nomina
3468 3998 3519 4048 in
3549 3997 3658 4051 Deo

2098 4090 2202 4126 non
2239 4076 2402 4128 dividi
2443 4077 2494 4127 in
2545 4078 2995 4144 participationes
3025 4091 3077 4133 et
3109 4083 3424 4152 partieipata
3459 4104 3470 4139 :
3502 4100 3658 4140 extra

2101 4169 2266 4220 Deum
2308 4177 2508 4230 autem,
2546 4183 2668 4220 cum
2708 4171 2884 4235 agitur
2918 4173 2982 4224 de
3015 4175 3480 4238 emanationibus,
3527 4189 3658 4232 tunc

2098 4260 2638 4326 ctparticipationes,
2672 4272 2722 4312 et
2782 4262 3083 4328 passiones,
3127 4275 3182 4316 et
3233 4269 3532 4322 accidentia
3576 4286 3661 4323 re-

2100 4361 2358 4419 putantur
2389 4369 2400 4402 :
2429 4353 2569 4404 sicut
2601 4362 2778 4405 motus
2809 4354 2859 4404 in
2924 4356 3235 4418 mobilibus,
3295 4368 3346 4410 et
3401 4363 3664 4431 Operatio-

2101 4461 2195 4498 nes
2263 4444 2315 4495 in
2375 4443 2621 4506 eﬂ‘ectis;
2679 4460 2778 4497 nec
2836 4461 2952 4512 quae
3005 4448 3127 4498 talia
3167 4460 3309 4510 sunt,
3347 4452 3666 4507 substantiae

405 4528 685 4612 ‘niodatur
712 4528 838 4588 lico,
879 4529 1004 4595 quia
1043 4529 1152 4580 haec
1197 4529 1246 4580 in
1280 4530 1441 4583 rebus
1466 4533 1812 4597 reperiuntur
1847 4553 1860 4587 :
1914 4539 1991 4590 sic
2030 4544 2068 4596 ι)
2101 4538 2382 4599 dicuntur,
2415 4538 2542 4605 quia
2579 4547 2636 4588 ut
2667 4549 2824 4590 antea
2851 4541 3308 4594 ‘dcnionstratum
3361 4555 3465 4608 est,
3537 4559 3668 4602 tunc

429 4620 590 4671 etiam
627 4634 878 4684 superius
909 4620 1117 4671 dictum
1144 4621 1401 4686 reperies.
1433 4623 1558 4688 quia
1619 4624 1731 4676 huc
1788 4628 1991 4692 paSsio-

506 4806 546 4835 ³⁷
578 4806 733 4859 Cant.
771 4821 809 4869 t,
847 4805 931 4867 l5,
1011 4804 1053 4835 ³⁸
1084 4765 1226 4859 Psal.
1256 4821 1395 4871 xLiv,
1430 4808 1478 4859 5.

2102 4639 2249 4691 sunt,
2283 4623 2402 4682 cuin
2437 4628 2587 4681 limit.

1921 4925 2188 4986 Scholia.

512 5035 588 5100 (5)
628 5030 821 5086 Omiia
883 5039 1166 5081 secundum
1229 5043 1437 5100 omnem
1490 5045 1699 5082 causam
1734 5030 2008 5098 pulchrum

434 5116 482 5158 et
523 5098 714 5156 bonum
743 5112 1011 5167 appetunt.
1051 5101 1188 5163 Quia
1249 5098 1390 5151 Deus
1415 5111 1495 5151 cst
1536 5115 1695 5152 c:-:.sa
1770 5117 1850 5151 ειη·
1881 5103 2008 5152 ιἰιιί

436 5174 704 5233 effectrix,
743 5173 833 5234 qui
866 5185 987 5222 cuni
1027 5170 1283 5220 omnibus
1313 5170 1606 5220 bonitatem
1654 5179 1706 5220 et
1761 5171 1970 5234 pulchri

439 5245 854 5296 tudinemsiiain
892 5248 1257 5290 communicat
1309 5249 1361 5291 ct
1401 5241 1524 5303 quia
1572 5241 1693 5291 linis
1742 5242 2007 5297 omnium.

439 5314 621 5365 omnia
657 5311 797 5363 enim
862 5309 1002 5362 facta
1055 5318 1202 5367 sunt,
1240 5318 1297 5358 ut
1351 5308 1589 5359 divinam
1629 5309 1920 5362 bonitatem
1959 5321 2011 5360 et

444 5381 926 5450 piilcliritiidiiir-in,
969 5389 1028 5430 ut
1058 5377 1310 5450 quidque
1335 5379 1863 5450 potest,imitcntur.
1897 5379 2009 5450 Est

447 5445 704 5519 praeterea
744 5463 904 5502 causa
933 5450 1256 5514 exemplaris
1282 5445 1446 5519 Deus,
1468 5449 1591 5512 quia
1617 5463 1798 5500 omnia
1825 5449 2005 5515 prius-

441 5517 602 5588 quam
650 5520 861 5581 ﬁerent,
895 5529 945 5570 et
972 5521 1112 5569 inter
1142 5532 1208 5588 ise
1241 5517 1726 5588 distiilguei'eiitur,
1786 5519 1837 5569 iii
1887 5520 2002 5586 ipso

442 5599 618 5649 arant,
644 5599 701 5641 et
731 5589 1027 5642 secundum
1052 5587 1290 5640 rationes
1330 5596 1383 5639 et
1412 5587 1739 5654 exemplaria
1763 5603 2004 5641 omnium

442 5674 565 5725 qua:
631 5660 686 5712 iu
750 5674 808 5712 se
875 5658 1130 5720 habebat,
1204 5671 1384 5709 omnia
1458 5660 1598 5709 laeta
1663 5668 1714 5709 et
1770 5660 2006 5712 discreta

446 5736 598 5783 siitit.
950 5751 954 5756 λ
1112 5740 1115 5744 ’

519 5798 593 5867 (4)
636 5796 866 5863 Quando
920 5797 972 5848 in
1002 5793 1112 5848 Deo
1165 5795 1418 5847 laudatur
1460 5812 1618 5866 supra
1663 5800 2010 5853 substantiam

764 5892 1029 5952 ΡΑτιιοι..
1080 5891 1194 5950 Gn.
1241 5891 1410 5955 CLII.

2111 5034 2396 5112 auferendo
2437 5039 2636 5112 omnia.
2690 5035 2916 5112 Exponit
2971 5043 3188 5109 quando
3241 5046 3385 5112 quod
3427 5061 3529 5100 non
3565 5057 3670 5111 est,

2114 5107 2406 5178 participat
2435 5107 2718 5178 pulchrum
2752 5109 2869 5178 et_b
2913 5107 3062 5174 num,
3111 5107 3313 5178 litando
3339 5118 3548 5170 scilicet
3575 5107 3674 5173 ali;

2112 5175 2233 5257 quis
2254 5173 2382 5257 dicit
2405 5175 2549 5255 .‘lloe
2571 5190 2674 5226 non
2703 5186 2783 5228 est
2812 5176 2976 5257 Deus,
2996 5173 3091 5257 nec
3111 5173 3202 5257 illo
3229 5186 3263 5244 Ι,
3287 5187 3376 5237 sed
3402 5201 3483 5239 est
3512 5204 3678 5257 supra

2115 5252 2226 5319 lites
2257 5262 2268 5298 ;
2299 5247 2396 5297 hoc
2427 5247 2588 5319 igitur
2624 5259 2728 5319 non
2758 5262 2897 5306 esse,
2933 5252 3133 5302 ablatio
3162 5253 3378 5317 inqtiaiii
3410 5247 3678 5319 oiiinidiu,

2115 5316 2472 5392 sive_iicgari_o
2501 5316 2782 5381 participat
2809 5320 3090 5392 pulchrum
3125 5334 3176 5373 et
3228 5316 3454 5380 honuni.
3487 5316 3673 5392 quate;

2115 5399 2210 5434 nos
2239 5383 2379 5435 Deus
2409 5387 2606 5437 dicitur
2647 5401 2749 5437 non
2786 5402 2925 5440 esse.
2988 5391 3170 5442 l’otest
3219 5396 3379 5444 t'liultl
3414 5383 3518 5447 ἀοι-εἷ
3597 5400 3684 5452 hic

2115 5469 2217 5503 non
2274 5468 2390 5504 esse
2427 5457 2739 5532 materi:i_u_t
2769 5459 2872 5532 dici
2916 5461 3052 5511 solet
3100 5479 3124 5511 a
3159 5464 3438 5530 Dionysio,
3492 5478 3683 5532 quale-

2116 5540 2216 5574 ous
2247 5539 2444 5586 expers
2469 5534 2551 5576 est
2579 5525 2814 5591 puleliize
2841 5529 3044 5588 l'oruim,
3075 5541 3252 5595 potest
3285 5522 3538 5588 item—dici
3577 5553 3684 5589 non

2111 5608 2231 5646 esse
2264 5595 2485 5656 malum,
2517 5607 2576 5645 ut
2620 5597 2784 5648 etiam
2814 5598 2949 5649 alias
2981 5600 3204 5662 dicitur,
3255 5613 3304 5653 et
3357 5606 3457 5657 hoc
3519 5606 3683 5658 etiam

2114 5667 2400 5742 participat
2460 5668 2682 5742 honuni,
2734 5669 2859 5742 quia
2919 5669 2973 5720 lit
3009 5683 3228 5742 propter
3276 5674 3504 5739 aliquid,
3540 5678 3687 5742 quod

2116 5733 2400 5798 pulchrum
2442 5744 2492 5786 et
2521 5736 2721 5791 bonum
2755 5736 2984 5791 videtur.
3010 5733 3123 5792 Ἐί
3150 5742 3204 5793 5.
3254 5733 3512 5808 Max'iiiio,
3543 5733 3597 5800 ἐι
3616 5762 3686 5799 ex

2109 5805 2457 5858 l’aclivuiero.

2131 5808 2457 5857 ’aclivuiero.

3299 5904 3374 5963 26
