4416 6448
400 375 504 437 813

1107 373 1338 434 DECAS
1382 377 1420 434 V
1458 398 1522 409 --
1564 375 1659 433 DE
1688 374 2346 437 PROPRIEl‘ATlBUS
2389 377 2622 436 DIVIN.
2667 376 2939 437 NOMIN.

3531 376 3639 444 διι

401 496 547 536 nunc
579 495 707 543 vero
749 481 1034 536 amabilem
1088 493 1141 534 et
1178 482 1478 536 dilectum?
1514 483 1658 536 illius
1711 485 1952 550 quidem,
1987 503 2026 555 Α
2079 481 2344 547 principio
2372 482 2760 550 carenszquod
2794 482 3009 547 quidem
3035 479 3361 536 desiderium
3386 494 3630 538 nostrum

407 572 455 620 id
486 579 592 631 est,
651 564 852 623 amoris
905 584 970 624 ae
1001 570 1310 624 dilectionis
1341 581 1553 633 auctor,
1595 581 1649 626 et
1707 583 1963 638 tanquam

404 659 700 724 productor
747 667 801 711 et
861 668 1148 728 generator
1197 670 1298 729 est;
1353 661 1454 714 lioc
1513 674 1716 724 autem,
1786 664 1836 714 id
1887 671 1971 716 est

406 750 656 804 amabilis
681 759 735 803 et
765 750 996 803 dilectus
1022 751 1136 818 ipse
1170 761 1272 814 est,
1329 751 1418 804 illo
1448 754 1689 819 quidem,
1756 755 1805 804 id
1866 760 1970 816 est,

407 852 592 891 amore
624 848 674 890 ct
703 839 997 891 dilectione
1028 852 1311 900 movetur;
1368 840 1469 893 lioc
1518 851 1720 904 autem,
1767 843 1816 894 id
1866 852 1967 905 est,

416 935 474 977 ut
507 928 760 979 amabilis
790 938 841 978 et
871 927 1103 980 dilectus
1134 939 1332 991 movet,
1367 931 1489 996 quia
1512 945 1570 984 se
1600 932 1714 998 ipse
1730 933 1968 996 adducit,

409 1028 463 1068 et
492 1016 593 1069 sibi
617 1017 838 1069 adducit
864 1026 920 1069 et
943 1025 1149 1070 movet:
1179 1018 1278 1070 liac
1295 1031 1472 1071 autem
1492 1020 1697 1074 ratione
1715 1021 1969 1072 dilectum

405 1115 460 1156 et
508 1105 791 1157 amabilem
843 1120 963 1157 eum
1020 1114 1229 1170 vocant,
1279 1115 1528 1171 tanquam
1578 1106 1858 1172 pulcliruiu
1916 1117 1970 1156 et

412 1195 614 1248 bonum
648 1211 661 1245 :
697 1210 934 1247 amorem
970 1209 1096 1247 vero
1171 1210 1361 1248 rursus
1400 1208 1452 1246 et
1483 1196 1822 1249 dilectionem
1851 1206 1970 1247 tan-

417 1300 578 1351 quam
605 1295 911 1338 moventem
946 1285 1043 1352 (l),
1070 1301 1192 1338 eum
1222 1287 1430 1340 scilicet
1479 1288 1544 1339 ad
1600 1296 1974 1354 creaturashet

410 1377 476 1428 ad
504 1391 564 1427 se
593 1387 883 1428 creaturas
915 1376 1291 1441 adducentem,
1343 1379 1435 1444 qui
1477 1381 1625 1432 solus
1668 1377 1751 1432 est
1797 1363 1970 1446 ipsum
2007 1408 2012 1413 -

409 1474 632 1532 propter
665 1480 726 1519 se
758 1467 1042 1533 pulchrum
1072 1474 1125 1517 et
1147 1467 1348 1518 bonum
1376 1477 1429 1519 et
1460 1478 1713 1537 tauquam
1739 1470 1966 1525 indicem

410 1555 494 1606 sui
527 1556 695 1623 ipsius
747 1570 842 1622 per
897 1559 1158 1618 seipsum,
1192 1569 1247 1608 et
1296 1568 1352 1608 ut
1398 1559 1594 1610 bonum
1631 1574 1968 1629 progressum

411 1644 696 1713 superlata:
762 1646 1002 1710 uniouis,
1043 1657 1096 1699 et
1143 1649 1463 1700 amatoriam
1518 1651 1807 1703 motionem
1867 1654 1967 1720 (2),

373 1731 734 1801 simplicem,
796 1750 891 1802 per
949 1750 1008 1788 se
1048 1736 1322 1798 mobilem,
1374 1753 1468 1803 per
1517 1753 1574 1790 se
1630 1753 1966 1806 Operantem,

2086 576 2136 622 in
2174 573 2338 623 Deum
2370 571 2904 625 declarat.-Adverte
2931 584 3135 632 autem.
3176 575 3630 639 quemadmodum

2075 661 2338 712 circulum
2375 663 2504 714 dicit
2541 666 2592 714 iii
2631 662 2795 726 bono,
2850 665 3228 731 progrediente
3280 665 3374 718 illo
3411 665 3628 733 quidem

2075 767 2128 803 in
2154 765 2215 804 ea
2243 767 2360 818 qua:
2384 751 2908 817 subintelligentiam
2943 760 2995 805 et
3039 755 3140 806 sub
3161 769 3379 808 sensum
3406 757 3633 818 cadunt,

2073 851 2126 894 et
2175 857 2361 895 rursus
2394 844 2457 895 ad
2490 843 2730 909 seipsum
2790 845 2877 896 illa
2935 854 3306 910 convertente,
3361 855 3416 899 et
3460 863 3633 915 neque

2073 941 2342 994 cessante,
2378 949 2552 1002 neque
2579 934 2814 988 lluiente.
2846 935 2922 989 Ac
2949 950 3137 990 rursus
3171 937 3312 989 idem
3345 939 3633 1009 Dionysius

2083 1023 2135 1076 in
2162 1025 2350 1076 eodem
2373 1025 2572 1091 capite.
2611 1023 2673 1074 Et
2705 1026 2825 1087 hoc,
2870 1025 3064 1091 inquit.
3102 1041 3225 1078 vere
3254 1027 3519 1081 audemus
3551 1031 3632 1080 di-

2075 1127 2221 1172 cere.
2260 1115 2402 1178 quod
2443 1114 2556 1180 ipse
2594 1115 2684 1181 qui
2733 1125 2814 1166 est
2871 1115 3115 1168 omnium
3166 1131 3352 1180 causa,
3416 1128 3636 1186 pr0pter

2080 1206 2458 1258 excellentiam
2502 1208 2754 1260 bonitatis
2779 1209 2957 1257 omnia
2991 1216 3153 1269 amat,
3189 1208 3370 1260 omnia
3403 1210 3633 1276 perlicit,

2090 1297 2271 1346 omnia
2305 1297 2566 1358 continet,
2599 1298 2780 1348 omnia
2813 1299 3079 1349 convertit
3105 1300 3169 1350 ad
3201 1313 3290 1363 se;
3322 1309 3478 1356 etest
3499 1303 3638 1354 divr-

2076 1401 2180 1438 uus
2231 1400 2378 1438 amor
2411 1387 2586 1439 bonus
2621 1387 2744 1437 boni
2784 1394 3001 1453 propter
3053 1389 3274 1451 bonum,
3319 1389 3430 1456 ipse
3489 1394 3631 1443 enim

2073 1489 2224 1528 amor
2246 1476 2491 1538 divinus,
2541 1475 2630 1540 qui
2664 1476 2954 1527 bonitatem
2987 1477 3039 1528 iii
3073 1477 3138 1528 iis
3169 1492 3288 1545 quae
3315 1487 3459 1540 sunt,
3501 1495 3633 1548 ope-

2075 1574 2242 1624 ratur,
2287 1564 2414 1630 quia
2467 1562 2615 1629 prins
2641 1563 2843 1614 exstitit
2884 1565 2934 1614 iri
2989 1564 3132 1618 bono
3189 1567 3480 1634 superlate,
3527 1583 3633 1621 non

2076 1656 2201 1707 sivit
2224 1655 2396 1721 ipsum
2419 1653 2470 1704 in
2491 1667 2548 1709 se
2579 1653 2696 1705 sine
2721 1652 2828 1705 fetu
2864 1667 3105 1714 manere.
3131 1656 3222 1708 sed
3261 1657 3438 1723 potius
3468 1659 3636 1710 movit

2076 1760 2198 1796 cum
2235 1745 2299 1796 ad
2329 1746 2660 1810 operandum
2686 1743 2982 1796 secundum
3008 1747 3384 1799 excellentiam
3418 1749 3633 1802 virtutis

408 1827 559 1895 prius
581 1828 934 1886 exsisteutem
968 1827 1019 1879 in
1041 1826 1184 1880 bono
1207 1836 1336 1880 etex
1376 1828 1514 1881 bono
1543 1830 1595 1880 in
1619 1845 1678 1880 ea
1706 1845 1824 1897 qua:
1845 1841 1970 1884 sunt
2005 1864 2041 1915 η
2071 1849 2182 1886 sua:
2212 1836 2456 1886 omnium
2509 1850 2690 1887 rerum
2745 1835 3058 1891 eﬂeetricis.
3098 1837 3217 1902 Quo
3270 1839 3324 1890 in
3359 1839 3476 1891 loco
3503 1853 3634 1892 san—

411 1915 826 1976 reduudantem,
860 1927 923 1966 ac
945 1927 1131 1966 rursus
1168 1914 1233 1966 ad
1280 1913 1480 1966 bonum
1508 1925 1886 1976 revertentem,
1913 1916 1970 1972 iii

406 2020 514 2074 quo
545 2005 955 2071 perpetuitatem
989 2019 1168 2067 suam,
1197 2015 1250 2058 et
1274 2018 1456 2057 carere
1502 2020 1559 2058 se
1586 2005 1796 2071 origine
1830 1990 1990 2058 divi-i

409 2109 515 2148 nus
561 2110 720 2148 amor
773 2096 1097 2149 excellenter
1150 2096 1503 2158 demonstrat,
1559 2098 1697 2150 sicut
1750 2097 1967 2166 quidam

410 2193 652 2237 aeternus
678 2185 940 2246 circulus.
973 2197 1189 2252 propter
1222 2187 1422 2239 bonum
1452 2190 1804 2240 conversione
1830 2190 1969 2241 iner-

407 2283 565 2330 rante
596 2276 1116 2337 circumambulans,
1141 2286 1193 2329 et
1216 2273 1267 2328 iii
1293 2275 1480 2329 eodem
1506 2279 1800 2332 secundum
1827 2282 1965 2333 idem

403 2381 452 2422 et
496 2369 875 2436 progrediens,
910 2376 964 2420 et
997 2382 1246 2430 manens,
1275 2378 1328 2421 et
1366 2382 1662 2424 revertens.
1710 2371 1965 2434 Quaedam

404 2473 472 2511 ex
510 2461 592 2510 liis
631 2459 900 2510 adtiotans
931 2467 1156 2511 sanctus
1219 2457 1484 2513 Maximus
1550 2478 1561 2513 :
1631 2460 1967 2525 Dilectiouis,

408 2548 604 2617 inquit,
623 2557 678 2600 et
714 2549 916 2601 amoris
946 2548 1121 2614 ipsum
1160 2548 1367 2602 scilicet
1405 2551 1569 2602 Deum
1605 2560 1762 2603 vocat
1801 2553 2001 2618 eniis-_

409 2653 613 2701 sorem,
639 2647 694 2691 et
730 2650 1009 2705 parentem
1040 2655 1052 2689 :
1090 2639 1202 2706 ipse
1243 2639 1384 2691 enim
1422 2641 1554 2702 lia-c,
1585 2657 1704 2709 quae
1753 2643 1805 2694 in
1855 2645 1970 2710 ipso

406 2741 580 2793 erant,
610 2729 862 2797 produxit
888 2729 940 2782 in
986 2744 1048 2782 ea
1077 2745 1196 2798 quze
1255 2728 1388 2782 foris
1420 2745 1568 2793 sunt,
1603 2733 1653 2784 id
1685 2743 1788 2794 est,
1825 2735 1968 2788 circa

407 2829 708 2870 creaturas.
759 2818 890 2870 Item
949 2817 1089 2870 idem
1140 2816 1336 2870 ibidem
1383 2819 1741 2874 :Anialorius
1791 2832 1970 2877 motus

409 2905 560 2970 prius
590 2904 857 2957 exsistens
901 2905 955 2956 in
992 2903 1156 2965 bono,
1207 2904 1457 2971 simplex,
1515 2921 1609 2972 per
1639 2921 1696 2958 se
1732 2910 1969 2972 mobilis,

411 3009 506 3059 per
553 3009 611 3048 se
660 3008 915 3062 operans,
979 3005 1164 3062 postea
1221 2993 1568 3062 providentiis
1624 3001 1863 3054 externis
1916 3003 1966 3054 in

411 3097 697 3140 creaturas
731 3086 1080 3154 progrediens
1114 3100 1308 3140 rursus
1355 3088 1541 3141 eodem
1572 3091 1729 3153 redit,
1779 3093 1880 3146 line.
1915 3107 1967 3148 et

2071 1936 2190 1977 etus
2226 1924 2488 1978 Maximus
2520 1927 2746 1980 miriﬁce
2775 1928 2942 1991 dicit,
2996 1931 3137 1996 quod
3204 1929 3380 1983 bonus
3441 1944 3635 1996 amor,

2077 2017 2166 2084 qui
2204 2027 2325 2068 ante
2356 2020 2536 2070 omnia
2577 2019 2629 2070 in
2664 2018 2806 2072 bono
2824 2020 3053 2079 exstitit.
3083 2035 3188 2073 non
3225 2023 3486 2076 remansit
3515 2016 3633 2076 sine

2074 2109 2105 2158 li
2128 2117 2204 2172 tu,
2241 2108 2331 2162 sed
2367 2110 2547 2177 potius
2580 2111 2778 2163 bonum
2805 2125 3044 2164 amorem
3081 2113 3236 2166 nobis
3287 2114 3510 2181 peperit,
3539 2128 3635 2180 per

2071 2216 2230 2267 quem
2258 2202 2544 2265 pulchrum
2575 2212 2626 2253 et
2654 2204 2852 2256 bonum
2880 2205 3205 2272 expetimus.
3235 2203 3475 2258 Observa
3509 2206 3634 2259 hinc

2070 2291 2311 2342 divinum
2348 2296 2574 2354 motum,
2603 2306 2758 2346 amor
2787 2292 2929 2346 enim
2974 2293 3236 2347 bonorum
3265 2293 3485 2348 cﬂ’ector
3517 2311 3632 2347 ino-

2073 2380 2148 2430 vit
2180 2377 2346 2430 Deum
2384 2379 2448 2431 ad
2488 2380 2877 2445 providendum
2915 2382 3092 2443 nobis,
3122 2389 3175 2433 et
3200 2393 3251 2434 ut
3289 2397 3386 2434 nos
3425 2381 3630 2434 consti-

2074 2480 2270 2532 tueret,
2306 2479 2361 2521 ut
2387 2484 2509 2522 cum
2547 2478 2873 2530 moveretur,
2907 2472 3246 2538 produceret.
3289 2482 3341 2523 et
3390 2487 3495 2523 non
3548 2487 3633 2521 re.-

2071 2569 2310 2613 nianeret
2333 2575 2523 2628 expers
2552 2561 2710 2612 fetus.
2741 2562 2874 2614 Hinc
2899 2561 3079 2614 evadit
3097 2562 3461 2622 manifestum,
3488 2566 3633 2629 quod

2075 2667 2264 2705 nomen
2295 2655 2501 2706 amoris
2556 2653 2800 2705 divinum
2845 2663 2899 2706 et
2959 2655 3260 2706 venerabile
3299 2670 3328 2707 a
3373 2655 3635 2724 principio

2074 2744 2306 2810 tlieoIOgi
2344 2745 2711 2808 celebrarunt;
2761 2757 2812 2799 et
2843 2747 2986 2815 quod
3018 2746 3157 2798 idem
3207 2755 3308 2807 est,
3356 2746 3634 2799 eamdem-

2072 2850 2179 2900 que
2208 2837 2312 2887 vim
2344 2836 2506 2888 liabet
2529 2852 2722 2889 nomen
2755 2837 2957 2890 amoris
2991 2846 3044 2890 et
3065 2838 3390 2898 dilectionis,
3416 2839 3633 2906 etquod

2077 2925 2347 2975 esteiiam
2407 2925 2700 2977 esetatieus
2728 2939 2882 2978 amor
2911 2926 3147 2989 divinus,
3200 2928 3289 2993 qui
3343 2941 3451 2978 non
3505 2929 3638 2982 sinit

2069 3024 2312 3066 amantes
2343 3029 2464 3066 esse.
2495 3029 2646 3077 suos,
2676 3017 2765 3068 sed
2786 3031 2975 3069 eorum
3001 3032 3138 3085 quos
3169 3027 3372 3079 aznant;
3407 3027 3460 3070 et
3486 3019 3632 3083 quod

2074 3104 2422 3169 providentiae
2463 3121 2644 3158 rerum
2683 3117 2836 3161 extra
2880 3107 3044 3160 Deum
3079 3119 3224 3171 sunt,
3251 3120 3303 3162 et
3335 3110 3632 3164 secundum

1906 3238 2172 3303 SchoHa.

414 3354 828 3428 Deusdcliaritas
851 3361 954 3416 est,
978 3360 1196 3428 propter
1229 3363 1506 3428 creaturas
1535 3373 1668 3425 quas
1695 3363 1964 3428 produxit,

405 3436 488 3478 est
522 3424 722 3489 alioqui
758 3424 913 3483 licus,
961 3438 1026 3473 ne
1058 3423 1181 3488 quis
1229 3423 1327 3475 hoc
1364 3426 1471 3476 tolli
1510 3423 1655 3492 putet
1678 3423 1901 3484 {absolii
1921 3423 1966 3486 te

408 3497 520 3560 ipsa
549 3507 637 3560 per
663 3506 720 3545 se
744 3491 977 3545 cbaritas
1004 3492 1295 3559 superlata,
1337 3509 1443 3546 non
1491 3491 1694 3561 ereaia,
1728 3503 1818 3552 sed
1848 3519 1964 3552 on:-

406 3565 552 3616 ttium
584 3562 835 3613 creatrix.

481 3630 558 3697 (5)
619 3628 895 3693 Tanquam
914 3638 1224 3697 moventem.
1266 3626 1580 3686 Observavit
1611 3636 1695 3688 hic
1722 3637 1776 3689 S.
1823 3635 1966 3691 Tlio-

411 3695 527 3751 mas
550 3697 833 3774 tripliecur
850 3695 970 3748 eﬂet
990 3706 1101 3748 ttiiii
1122 3701 1496 3774 _amo_ris,-sive
1523 3707 1820 3770 elisi-italis,
1859 3713 1967 3774 pri-

413 3783 534 3820 mus
556 3778 658 3830 eSI,
693 3765 836 3833 quod
865 3779 1038 3829 amor,
1089 3767 1202 3817 sive
1226 3769 1464 3823 cliaritas
1497 3785 1672 3825 movet
1695 3765 1964 3828 amaniein

416 3839 482 3888 ad
519 3847 908 3901 Operationem,
941 3837 1082 3886 unde
1121 3834 1200 3901 (ut
1229 3838 1329 3889 hoc
1369 3838 1541 3891 obiter
1563 3843 1877 3896 observetur
1915 3848 1963 3895 iii

417 3906 724 3976 haereticos,
758 3904 851 3970 qui
886 3903 1157 3955 hominem
1182 3917 1274 3976 per
1298 3907 1465 3959 solam
1503 3909 1656 3961 [idem
1685 3912 1963 3976 justiﬁeari

412 3974 658 4046 tradunt)
694 3976 836 4025 sicut
880 3985 1022 4046 aqua
1068 3975 1432 4046 operationem
1459 3978 1526 4028 ab
1573 3974 1711 4046 igne,
1766 3985 1966 4035 scilicet

407 4043 835 4117 calefactionmir
854 4045 1064 4117 recipit,
1086 4054 1139 4091 et
1166 4044 1341 4094 calelit
1359 4116 1362 4117 ν
1379 4043 1639 4113 (operatio
1672 4043 1811 4101 enim
1830 4051 1966 4117 ignis

407 4126 602 4177 aquam
642 4112 864 4175 movet),
894 4111 1133 4184 sic-lides
1165 4111 1535 4184 operationem
1567 4118 1753 4184 recipit
1775 4134 1802 4169 a
1833 4111 1963 4172 Elia-

408 4192 587 4243 niaie,
647 4194 751 4244 qua
788 4177 1098 4244 operatione
1139 4181 1303 4231 veluti
1340 4183 1643 4236 vrviﬁeatur
1680 4177 1744 4237 ’τι
1794 4191 1968 4241 calelit

411 4258 462 4299 et
489 4249 606 4299 sine
629 4261 692 4299 ea
721 4248 897 4314 friget,
931 4255 1076 4321 et__ut
1110 4249 1183 4298 ait
1316 4246 1548 4305 Jacobns
1574 4258 1710 4321 (cap.
1735 4259 1796 4320 tt)
1822 4273 1966 4309 moi—

407 4326 643 4393 tuanest,
694 4331 759 4368 ex
810 4329 919 4393 quo
960 4316 1058 4393 -lil,
1106 4325 1172 4393 Διιι
1217 4319 1526 4393 huiusmodi
1569 4316 1697 4393 lides
1722 4316 1808 4387 sit,
1847 4343 1966 4393 qua:

410 4401 459 4435 in
500 4384 720 4461 Christo
742 4387 904 4460 valet,
927 4385 1068 4436 sicut
1092 4386 1460 4461 Apostolusad
1488 4388 1703 4461 Galatas
1739 4384 1878 4460 (mp:
1913 4400 1962 4461 ν)

408 4454 644 4519 Scripsit,
693 4467 832 4519 (tuae,
898 4458 1138 4519 inquam,
1206 4471 1296 4518 per
1348 4455 1666 4510 cliaritatem
1719 4454 1966 4516 movetur

368 4522 616 4597 ‘seilicet
670 4536 796 4589 erga
853 4520 1055 4597 Deum;
1088 4525 1357 4577 secundus
1410 4528 1552 4577 enim
1591 4527 1810 4582 enectus
1856 4543 1959 4597 est,

401 4593 543 4658 quod
570 4600 745 4641 movet
784 4593 1147 4657 operationem
1210 4607 1331 4658 erga
1373 4607 1632 4660 amatum,
1690 4601 1829 4652 unde
1886 4593 1963 4654 sic

404 4660 816 4727 intelligendum
839 4667 922 4710 est
943 4662 1085 4726 quod
1113 4659 1252 4711 idem
1285 4661 1576 4726 Apostolus
1622 4659 1754 4717 dixit
1784 4684 1794 4717 :

403 4743 498 4796 per
531 4729 924 4794 Operationem,
961 4728 1181 4801 seilicet
1226 4730 1523 4792 cliaritatis,
1577 4728 1869 4801 Operatur;
1904 4742 1953 4791 id

402 4808 509 4861 est,
537 4805 805 4857 movetur,
829 4798 1042 4863 passive
1069 4801 1212 4848 enim
1273 4798 1644 4866 accipiendum
1678 4816 1760 4855 est
1799 4798 1952 4859 voca-

404 4867 586 4940 bulum
617 4867 1010 4940 svspyoupiévq,
1043 4870 1250 4940 utalias
1283 4882 1312 4919 a
1345 4873 1497 4940 nobis
1522 4874 1805 4937 probatum
1835 4890 1950 4940 est;

399 4937 590 4986 tertius
613 4935 855 4995 ell'ectus,
923 4935 1066 4999 quod
1109 4951 1259 5013 amor
1288 4935 1535 5013 seipsuni
1557 4946 1791 5013 ostendit
1823 4935 1948 5013 erga

397 5020 546 5064 eum,
574 5019 696 5072 erga
739 5019 899 5080 quem
926 5007 1202 5083 est,__u_ude
1235 5006 1422 5060 beatus
1442 5008 1674 5083 lacubus
1695 5017 1831 5080 (cap.
1868 5006 1948 5083 ti),

399 5083 588 5146 contra
630 5089 753 5126 eum
778 5075 870 5140 qui
896 5076 971 5146 ide
996 5144 1003 5146 _
1027 5076 1127 5146 lide
1162 5075 1278 5126 sine
1311 5081 1563 5142 Operibus
1612 5075 1873 5146 gloriatur
1910 5075 1944 5134 ’ἑ

398 5143 630 5220 Ostende
662 5145 954 5220 ιιιηιιιιιιιῇι,
978 5144 1134 5194 Iidem
1160 5151 1304 5195 tuam
1331 5149 1448 5198 sine
1467 5143 1740 5220 Opei'ibus,
1764 5163 1817 5203 et
1846 5169 1944 5220 ego

396 5213 679 5264 ostendam
717 5212 810 5264 tibi
876 5213 1031 5264 Iidem
1083 5227 1275 5283 nieaui_
1307 5230 1371 5266 ex
1424 5212 1698 5283 operibus.
1728 5212 1944 5276 illeinde

391 5283 695 5333 obseivavit
737 5291 898 5358 etiam
937 5286 1083 5358 idem
1135 5279 1190 5358 S_.
1237 5279 1475 5358 Thomas
1527 5291 1761 5355 quinque
1823 5309 1938 5358 pm.

390 5361 648 5423 prtetates
674 5355 878 5404 amoris
903 5355 1015 5404 sive
1041 5354 1322 5406 etiaritatis
1362 5371 1414 5405 ιιι
1467 5359 1549 5408 liis
1574 5354 1700 5423 quae
1751 5354 1833 5413 liic
1880 5377 1942 5414 ett

395 5421 649 5488 Dionysio
668 5424 1004 5484 recitantur;
1039 5426 1207 5488 prima
1243 5433 1352 5488 est,
1376 5421 1624 5492 prOgiedii
1648 5432 1711 5479 ad
1749 5433 1945 5483 uuien-

388 5492 515 5541 dum
545 5508 668 5565 enin
693 5506 784 5559 qui
809 5493 1001 5559 diligit,
1043 5507 1165 5543 cum
1185 5508 1249 5544 eo
1273 5510 1432 5561 quem
1458 5499 1648 5564 diligit;
1669 5510 1716 5550 et
1742 5512 1944 5565 quanto

386 5563 733 5612 excellentior
756 5573 840 5632 est
863 5577 1036 5624 amor,
1062 5572 1207 5615 tanto
1236 5563 1585 5618 excellentius
1619 5581 1733 5620 uiiit
1753 5563 1773 5632 ζ
1799 5575 1940 5624 unde

385 5646 513 5695 quia
540 5647 692 5682 amur
718 5637 772 5682 in
803 5630 968 5695 Deum
1006 5641 1088 5688 est
1123 5634 1415 5696 excellens,
1443 5630 1768 5690 exeo-[lentor
1808 5655 1933 5693 Cltttt

387 5701 496 5752 Deo
523 5701 821 5769 conjuiigit;
865 5711 917 5755 et
947 5716 1074 5770 erga
1105 5704 1274 5772 magis
1308 5718 1596 5775 con,uiicta
1629 5725 1798 5776 maior
1819 5722 1930 5774 est;

1997 3375 2037 3428 C
2075 3378 2310 3425 secunda
2334 3379 2630 3442 proprietas
2653 3378 2930 3430 cliaritatis
2951 3387 3052 3438 est,
3077 3377 3218 3445 quod
3241 3377 3366 3429 facit
3388 3387 3444 3447 ut
3468 3376 3513 3430 is
3535 3380 3630 3447 qui

2071 3456 2308 3517 aniorein
2343 3463 2459 3517 sive
2483 3447 2796 3500 cliaritatcni
2825 3447 3000 3505 liabet,
3034 3447 3096 3497 ad
3131 3462 3254 3498 eum
3284 3446 3632 3517 tendal,crga

2073 3527 2228 3576 quem
2266 3513 2423 3565 liabet
2454 3517 2789 3585 t-liaritateiii,
2823 3527 3007 3568 contra
3033 3525 3192 3583 atque
3223 3517 3348 3568 facit
3371 3513 3627 3585 cognitio,

2072 3596 2188 3645 qua!
2211 3599 2317 3632 retn
2345 3584 2612 3650 cognitam
2654 3588 2814 3636 traliit
2871 3585 2934 3635 ad
2985 3584 3632 3650 (Ὃκιιιιεςριιῑειιις7811101·

2073 3664 2197 3722 vero
2226 3653 2386 3702 traliit
2410 3665 2675 3705 amantem
2703 3656 2765 3705 ad
2785 3670 2904 3704 eum
2931 3670 3086 3718 quem
3117 3664 3287 3718 autat;
3327 3656 3480 3707 tertia
3509 3671 3633 3722 pro-

2072 3720 2268 3791 prietas
2301 3731 2402 3784 est,
2436 3738 2554 3775 esse
2589 3723 2882 3789 simplicem
2916 3733 3116 3774 motuin
3168 3723 3470 3786 charitatis,
3501 3720 3629 3791 quia

2070 3797 2148 3838 cst
2188 3790 2591 3853 priniusniotus
2619 3793 2886 3859 appetitus
2931 3811 2941 3844 :
2976 3802 3024 3843 et
3048 3793 3278 3858 primum
3302 3793 3350 3843 in
3377 3790 3629 3860 unoquo-

2071 3872 2172 3928 que
2193 3873 2389 3923 genere
2417 3870 2625 3925 oportet
2654 3872 2705 3912 ut
2741 3862 2810 3913 sit
2836 3863 3084 3928 simplex,
3108 3863 3230 3928 quia
3255 3877 3314 3912 ex
3335 3877 3398 3914 eo
3427 3874 3623 3916 cetera

2073 3925 2122 3976 in
2153 3942 2216 3974 eo
2247 3942 2439 3991 genere
2466 3940 2762 3996 composita
2792 3925 3090 3994 exsistunt;
3117 3925 3305 3995 quarta
3328 3929 3644 3998 proprietas

2071 4006 2171 4057 est,
2217 4013 2332 4069 esse
2367 4011 2456 4062 per
2481 4012 2537 4050 se
2574 3999 2846 4057 mobilem,
2877 4001 3000 4065 quia
3055 4017 3104 4050 in
3146 4015 3473 4067 unoquoque
3530 4017 3624 4069 ge-

2073 4064 2472 4136 tierepi‘iusest
2505 4069 2646 4135 quod
2672 4080 2748 4119 est
2780 4084 2870 4134 per
2900 4064 2976 4128 Se,
3031 4084 3190 4135 quam
3219 4064 3359 4136 quod
3389 4064 3472 4121 est
3529 4064 3624 4135 per

2071 4132 2237 4206 aliud,
2289 4135 2426 4186 unde
2487 4132 2538 4185 iii
2590 4132 2789 4202 genere
2840 4150 3017 4190 motus
3051 4132 3355 4204 appetentis
3407 4132 3626 4206 oportet

2074 4211 2127 4250 ut
2163 4203 2370 4273 primus
2398 4216 2600 4264 motus,
2626 4206 2715 4270 qui
2745 4217 2827 4257 est
2852 4222 3028 4266 amor,
3049 4203 3242 4273 sit'per
3271 4222 3329 4258 se
3383 4203 3620 4270 mobilis,

2073 4275 2214 4319 unde
2253 4270 2411 4322 timor
2450 4277 2576 4338 quia
2607 4286 2686 4325 est
2719 4276 2864 4340 sicut
2892 4285 3072 4326 motus
3108 4270 3373 4328 violentus
3417 4278 3625 4329 extriti-

2068 4352 2230 4407 srcus
2280 4343 2564 4398 accedens.
2597 4358 2700 4393 non
2730 4355 2809 4394 ist
2844 4345 2896 4395 in
2927 4346 3214 4407 cliaritate,
3245 4346 3387 4397 sicut
3419 4347 3493 4397 ait
3533 4348 3597 4397 be

2067 4416 2187 4458 atus
2209 4406 2446 4480 Joannes
2471 4412 2518 4477 (Ι
2543 4410 2704 4462 Joaii.
2741 4414 2834 4478 iv),
2883 4414 2974 4464 sed
3007 4406 3243 4480 perlecta
3277 4416 3513 4467 eliaritas
3546 4414 3624 4467 fo-

2070 4490 2155 4526 ras
2175 4479 2392 4542 expellit
2421 4480 2690 4536 timorem.
2711 4481 2834 4547 quia
2861 4479 3099 4534 cliaritas
3133 4493 3310 4535 motus
3338 4497 3413 4535 est
3451 4481 3621 4536 abin-

2067 4551 2219 4620 tinio.
2246 4557 2300 4594 ut
2328 4547 2400 4598 ait
2430 4559 2645 4620 sanctus
2668 4548 2921 4612 Tlionias,
2945 4553 3271 4617 procedens;
3295 4562 3622 4620 quintapro-

2068 4614 2264 4689 prietas
2293 4619 2620 4684 est,opeiaii
2653 4634 2744 4689 per
2769 4635 2852 4689 se,
2886 4614 3030 4685 quod
3065 4614 3339 4689 piopriuiii
3375 4633 3457 4675 est
3487 4614 3621 4673 elia-

1828 4669 1956 4758 Quill:
1991 4700 2031 4754 ι)
2066 4669 2261 4758 i'italis,
2301 4699 2349 4735 in
2376 4669 2483 4752 qui)
2498 4701 2562 4734 an
2584 4669 2677 4752 spe
2699 4669 3030 4754 ζιίιιλέιῗιῖιιιιῖ
3053 4669 3617 4758 Junii.ipiiipierspein

2059 4752 2284 4827 alteiius
2313 4768 2586 4820 operatur,
2625 4768 2846 4827 propter
2879 4752 3024 4811 aliud
3059 4752 3335 4827 operatur,
3383 4765 3477 4827 qui
3500 4752 3620 4813 ian.

2056 4827 2160 4870 tem
2214 4825 2409 4898 (inquit
2439 4835 2661 4877 sanctus
2695 4826 2954 4898 Tliomasi
3005 4845 3065 4880 ex
3099 4825 3290 4881 amore
3338 4825 3616 4898 operatur,

2055 4901 2148 4952 per
2186 4908 2244 4965 se
2279 4896 2458 4957 ipsum
2493 4905 2748 4960 Operalur
2776 4897 2902 4947 illtid
2942 4908 3194 4964 tanquam
3233 4899 3334 4951 sibi
3367 4896 3466 4952 lioc
3502 4904 3617 4965 pla--

2051 4969 2183 5035 ceat.
2217 4961 2435 5015 l’iaasuit
2459 4979 2596 5015 sene
2631 4981 2751 5031 qua:
2775 4965 2967 5018 elliciat
3001 4961 3257 5027 cliaritas,
3282 4979 3334 5019 et
3369 4961 3616 5035 (ιιιωὲιιιι

2052 5029 2172 5092 ejus
2231 5036 2443 5098 propria
2504 5035 2566 5084 ad
2624 5029 3058 5097 cognosuenduin
3115 5029 3493 5091 eaeellentiam
3558 5049 3612 5090 et

2054 5107 2418 5175 pt'atiitautiaiii
2453 5103 2569 5167 ejus
2603 5119 2763 5168 supra
2799 5107 2953 5175 Iidem
2991 5108 3186 5168 solani,
3238 5125 3399 5175 quatit
3441 5115 3612 5161 lizeie-

2049 5169 2134 5216 tici
2172 5185 2301 5222 rane
2327 5172 2554 5238 ijlalll,
2576 5190 2678 5224 non
2713 5174 3072 5243 iti'tclligeiitcs
3098 5169 3612 5243 qu:edieunt,ania-

2049 5245 2258 5289 ttii'iatn.

2122 5311 2195 5370 (ὕ)
2257 5308 2562 5362 Notionem.
2613 5313 2893 5375 Quatenus
2957 5332 3112 5366 ainot'
3171 5328 3224 5368 et
3254 5319 3492 5371 Charitas
3543 5336 3608 5372 ex

2052 5376 2308 5452 ips0_l)eo
2336 5395 2553 5432 manant
2586 5397 2649 5433 ait
2683 5397 2982 5446 creaturas,
3025 5403 3135 5452 ipse
3160 5404 3363 5438 amoris
3396 5399 3446 5442 et
3473 5389 3608 5448 rita,-

2052 5447 2225 5501 ritatis
2257 5461 2440 5526 auctor
2474 5454 2674 5526 moveri
2719 5455 2937 5526 dicitur,
2994 5447 3263 5521 quatenus
3324 5473 3451 5510 vero
3494 5447 3608 5526 ipse

2052 5528 2133 5568 est
2167 5522 2435 5581 amabilis,
2467 5533 2517 5574 et
2552 5524 2871 5591 diligendus,
2907 5536 3086 5578 movet
3118 5538 3171 5579 et
3201 5530 3306 5581 ciet
3339 5534 3402 5579 ad
3449 5522 3609 5580 auio-

2049 5602 2158 5667 reiii
2195 5593 2394 5652 omnia,
2458 5599 2654 5660 quibus
2695 5609 2769 5647 Vis
2798 5597 3013 5648 amandi
3055 5602 3445 5651 convenienter
3475 5597 3607 5667 ipsis

2046 5674 2204 5712 lllSllil
2227 5671 2326 5712 ρει.
