4416 6448
423 385 530 447 81τ

1094 388 1327 448 ΠΕΕᾹΞ
1369 392 1428 451 V.
1460 415 1523 424 ·-
1563 392 1654 450 DE
1690 392 2345 455 PiiOPRIiiTATiDUS
2374 399 2602 459 Dii'iN.
2639 400 2904 458 NOIilN'.

3544 402 3646 464 8'18

427 508 524 559 po-r
569 506 627 544 se
652 492 1108 567 participatiuncs
1141 499 1374 562 primum
1407 500 1728 566 participare
1755 517 1889 565 esse,
1939 513 1989 558 et
2019 509 2063 564 Α
2095 507 2164 558 tia
2198 522 2301 559 nou
2332 523 2492 575 posse
2520 524 2534 560 :
2566 511 2658 575 qui
2691 511 3157 575 prmdcstiuatiouc
3191 511 3513 576 Cttgttiliti..ii
3537 530 3648 566 sum.

425 582 503 632 sic
544 580 776 645 primum
812 594 932 636 esse
969 582 1110 649 quod
1143 593 1264 636 sunt
1295 621 1309 642 ,
1342 585 1541 638 deinde
1578 589 1756 654 huius,
1787 599 1881 642 aut
1920 593 1982 644 il-

426 670 532 719 I.us
568 669 830 736 principia
863 684 1019 722 esse:
1049 678 1102 722 et
1132 674 1504 739 participando
1535 691 1674 738 esse,
1701 681 1983 742 exsistere,

422 768 476 809 ct
510 758 844 825 participari.
868 757 922 811 Si
949 757 1060 811 inec
1089 769 1294 825 autem,
1324 778 1443 830 qua:
1470 766 1696 820 aliorum
1725 770 1986 834 principia

423 861 799 912 nume-rantur,
834 867 930 920 per
961 854 1427 922 participationem
1464 872 1583 911 esse
1611 872 1740 913 sunt
1766 899 1779 918 ,
1818 864 1988 915 multo

426 941 596 1009 magis
619 956 737 1009 qua:
780 942 896 1009 ipsa
941 942 1026 994 illa
1063 945 1327 1013 principia
1361 948 1712 1016 participant.
1747 935 1986 1006 Primum

425 1029 590 1091 igitur
619 1030 820 1082 donum
872 1045 965 1098 per
1019 1047 1078 1085 se
1127 1048 1268 1096 esse,
1297 1049 1418 1088 cum
1449 1053 1542 1103 per
1580 1055 1637 1091 re
1679 1042 1764 1093 illa
1800 1057 1991 1110 supra-

423 1133 584 1184 quam
634 1118 846 1174 bonitas
893 1120 1185 1188 producat,
1231 1126 1426 1179 merito
1465 1127 1533 1181 ab
1582 1131 1892 1198 antiquiore
1936 1141 1990 1186 et

424 1209 596 1277 prima
628 1210 870 1264 omnium
907 1212 1381 1282 participationum
1418 1218 1690 1275 laudatur.
1731 1221 1794 1274 Et
1831 1225 1991 1289 paulo

427 1307 545 1359 post
578 1315 593 1351 :
637 1298 693 1352 Si
737 1311 920 1354 autem
956 1302 1067 1355 vult
1092 1301 1347 1358 Clemens
1384 1307 1746 1376 philosophus
1777 1313 1842 1364 ad
1873 1315 1992 1369 ali-

428 1389 555 1455 quid
586 1388 691 1443 dici
723 1393 1056 1461 exemplaria
1088 1407 1208 1460 qua!
1239 1405 1366 1448 sunt
1415 1396 1468 1449 in
1513 1398 1674 1454 relms
1716 1400 2012 1479 principe?

429 1479 588 1552 liora,
614 1482 960 1550 progreditur
978 1482 1192 1552 quidem
1225 1500 1348 1538 eum
1378 1489 1456 1542 sic
1487 1489 1745 1558 loquitur,
1767 1509 1872 1546 non
1899 1511 1990 1563 per

429 1569 645 1638 propria
676 1581 730 1622 et
761 1571 998 1639 perfecta
1030 1581 1084 1626 et
1120 1574 1386 1640 simplicia
1419 1581 1637 1633 nomina
1670 1583 1746 1651 (l)
1779 1599 1792 1632 τ
1825 1585 1917 1637 sed
1945 1587 1989 1640 si

427 1658 789 1713 concedamus
850 1670 994 1717 recte
1053 1663 1156 1717 ltoc
1207 1664 1357 1730 dici.
1411 1678 1625 1736 oportet
1678 1673 1991 1727 meminisse

432 1745 744 1815 Scriptum,
775 1764 894 1816 qua
926 1751 999 1804 ait
1035 1769 1048 1804 :
1091 1752 1206 1805 Non
1235 1755 1436 1806 ostendi
1468 1756 1562 1811 illa
1596 1758 1689 1811 tibi
1708 1758 1878 1829 (2),ut
1903 1779 1990 1814 eas

430 1849 544 1904 post
584 1840 675 1892 illa
705 1840 788 1906 ";
845 1841 937 1895 sed
980 1850 1039 1894 ut
1084 1857 1179 1910 per
1215 1847 1618 1914 proportionem
1664 1853 1992 1920 c0guitionis

431 1929 623 1982 borum
659 1931 725 1984 ad
755 1934 1186 1999 cognoscendam
1232 1937 1478 1991 omnium
1524 1953 1772 2002 causam,
1813 1945 1993 2011 quoad

433 2037 742 2088 possumus,
771 2024 1126 2107 adducantur.
1156 2025 1279 2080 "ac
1304 2028 1574 2085 adnotauit
1606 2031 1666 2087 S.
1706 2032 1993 2100 Maximus,

432 2113 547 2168 iloc
581 2129 797 2175 nomen,
827 2116 1023 2184 inquit,
1055 2118 1312 2187 imposuit
1338 2120 1439 2174 sibi
1465 2121 1625 2185 Deus,
1660 2137 1782 2178 cum
1809 2126 1942 2180 dixit
1977 2147 1991 2181 :

432 2201 546 2272 Ego
575 2224 712 2259 sunt.
743 2209 832 2276 qui
866 2225 980 2261 sum
1023 2210 1113 2273 δί’,
1139 2225 1168 2263 a
1202 2225 1308 2279 quo
1349 2224 1714 2270 consentanee
1741 2217 1992 2272 laudatur

431 2299 556 2349 aute
595 2298 696 2350 alia
726 2315 845 2366 qure
878 2301 943 2353 de
973 2300 1090 2367 ipso
1120 2302 1398 2367 dicuntur,
1426 2307 1606 2373 qualia
1640 2319 1762 2362 sunt
1793 2325 1989 2364 nomen

430 2390 574 2450 vitae,
602 2389 898 2459 sapientiae,
915 2401 976 2467 et
1004 2394 1110 2448 alia
1140 2395 1429 2461 ejusmodi,
1453 2397 1583 2452 illud
1615 2411 1819 2465 autem,
1840 2403 1992 2472 prius

431 2493 574 2543 esse,
604 2490 656 2533 et
696 2497 856 2549 supra
892 2499 1015 2538 esse
1045 2484 1342 2540 declaravit
1392 2502 1512 2542 esse.
1545 2488 1709 2543 Deum
1738 2534 1750 2552 ,
1803 2505 1992 2544 carere

433 2569 697 2640 principio
719 2610 735 2637 ,
769 2583 821 2625 et
846 2574 1008 2629 Deum
1036 2577 1250 2644 penitus
1273 2580 1660 2646 comprehendi
1694 2579 2007 2648 illiciiigPII-‘

505 2710 549 2742 ⁵³
577 2710 745 2766 Exod.
771 2726 895 2775 xxv,
920 2713 1011 2768 ω.
1085 2714 1153 2745 ⁸³⁸
1172 2714 1340 2769 Exod.
1375 2730 1455 2780 tu,
1492 2715 1576 2768 il.

2094 596 2386 651 ineﬂaliilis
2425 600 2604 651 omnia
2640 600 2783 652 iu'se
2820 601 2932 666 ipse
2963 601 3277 665 complexus
3308 610 3418 659 cst,
3455 612 3500 652 ct
3532 617 3651 652 (mt-

2091 686 2176 735 ttia
2209 685 2262 736 iit
2295 700 2353 738 se
2382 701 2443 739 ex
2478 695 2587 738 toto
2616 701 2734 740 esse
2768 697 3024 754 tanquam
3057 689 3108 738 itt
3140 690 3426 753 exemplar?
3455 698 3504 741 et
3533 691 3650 740 idca

2093 773 2252 832 fecit,
2292 772 2393 825 ltoc
2438 774 2580 826 enim
2615 774 2796 826 statim
2834 775 3004 841 prima
3050 779 3268 828 notione
3311 793 3463 829 mens
3499 778 3651 838 cogi-

2093 871 2190 922 tat,
2231 876 2352 915 esse
2397 862 2616 928 inquam
2646 901 2660 923 .
2715 872 2899 930 postea
2953 864 3074 925 hoc,
3113 875 3202 914 attt
3257 865 3369 925 illo,
3404 874 3496 916 aut
3546 865 3654 917 alio

2094 969 2123 1001 u
2148 952 2255 1005 odo
2281 967 2399 1006 esse
2428 954 2851 1021 contemplatur.
2884 953 3012 1007 Esse
3047 956 3206 1022 igitur
3237 956 3576 1022 simpliciter,
3603 969 3656 1007 ct

2093 1057 2195 1093 nou
2225 1041 2405 1108 aliquo
2436 1043 2597 1094 modo
2623 1057 2760 1105 esse,
2795 1042 3087 1097 declaravit.
3115 1058 3232 1095 cum
3266 1045 3423 1108 dixit,
3466 1062 3560 1111 per
3596 1062 3651 1096 se

2092 1147 2232 1194 esse,
2266 1133 2406 1185 sicut
2450 1133 2703 1200 deinceps
2739 1132 2877 1186 dixit
2929 1149 3022 1201 per
3061 1148 3117 1187 se
3153 1135 3340 1197 vitam,
3377 1151 3470 1202 per
3496 1152 3553 1189 se
3587 1139 3658 1190 si-

2095 1224 2453 1276 militudiuem
2480 1264 2491 1283 ,
2539 1235 2588 1277 et
2643 1224 2743 1275 alia
2775 1225 3063 1290 ejusmodi,
3099 1239 3221 1278 esse
3250 1227 3392 1278 enim
3429 1240 3658 1293 prorsus

2098 1313 2259 1367 vitam
2292 1314 2388 1381 (3),
2423 1326 2474 1366 et
2519 1312 2843 1381 simpliciter
2877 1319 3054 1366 vivere
3082 1330 3186 1367 non
3221 1315 3488 1384 significat
3519 1319 3659 1368 hanc.

2097 1404 2254 1457 talem
2291 1405 2495 1466 vitam;
2549 1414 2601 1456 et
2655 1404 2903 1457 similiter
2938 1405 2989 1455 iu
3041 1405 3204 1457 aliis:
3245 1405 3384 1459 sicut
3432 1408 3656 1465 exempli

2097 1497 2264 1562 gratia
2308 1494 2384 1563 (4)
2419 1495 2471 1547 in
2507 1497 2882 1564 qualitatibus,
2924 1496 3073 1562 prius
3126 1511 3219 1562 per
3269 1512 3326 1549 se
3375 1497 3662 1562 qualitati-5

2099 1585 2303 1646 insunt,
2332 1596 2518 1653 postea
2553 1585 2860 1638 accidentes
2893 1592 3187 1651 operantur
3209 1622 3226 1646 ,
3276 1584 3341 1637 ad
3376 1585 3517 1636 hunc
3550 1603 3666 1637 tuo-

2095 1673 2222 1726 dum
2254 1675 2605 1743 proportione
2631 1674 2684 1728 in
2718 1675 2785 1728 iis
2815 1689 2935 1742 quae
2960 1674 3219 1736 diximus,
3254 1675 3660 1742 intelligendum

2096 1774 2197 1818 est.
2223 1765 2355 1818 Item
2388 1765 2517 1818 dicit
2541 1765 2593 1816 in
2626 1764 2804 1832 primo
2831 1778 2956 1832 cap.
2989 1763 3130 1815 idem
3158 1763 3424 1816 Maximus
3456 1780 3468 1816 :
3498 1763 3662 1816 Crea-

2095 1857 2296 1908 tiun’etu
2339 1857 2480 1919 vita,
2513 1863 2566 1908 et
2605 1854 2934 1931 creationem
2969 1855 3322 1915 substantiae,
3363 1855 3411 1906 id
3441 1866 3544 1912 est.
3580 1844 3665 1906 res

2099 1948 2240 2014 ipsas
2272 1946 2398 2000 fecit
2424 1945 2566 2000 Deus
2597 1945 2880 1999 exsistere.
2912 1943 3154 1997 Primum
3197 1945 3357 2014 igitur
3389 1947 3664 1998 notionem

2095 2040 2170 2091 rei
2214 2039 2382 2107 ipsius
2417 2037 2583 2091 menti
2637 2036 3002 2089 informamus
3033 2053 3046 2099 ;
3079 2045 3265 2103 postea
3299 2037 3659 2089 universalcm

2093 2130 2211 2194 ejus
2229 2129 2304 2180 rei
2325 2129 2622 2190 notionem,
2665 2135 2723 2178 ut
2755 2127 3028 2178 notionem
3055 2125 3178 2177 vita:
3226 2125 3305 2175 vel
3347 2126 3667 2177 SUilSianliJ‘.

2099 2215 2351 2269 universe
2374 2214 2794 2275 consideratam,
2815 2212 3004 2264 deinde
3038 2213 3087 2266 id
3118 2223 3287 2278 parte,
3306 2214 3356 2265 id
3377 2223 3477 2270 est.
3505 2216 3672 2266 notios

2103 2320 2221 2359 nem
2247 2305 2545 2359 secundum
2574 2287 2816 2373 singulas
2838 2305 3046 2372 species
3074 2305 3400 2370 accepimus,
3427 2315 3483 2356 ut
3513 2305 3668 2370 vitm;

2100 2398 2181 2450 vel
2211 2396 2528 2451 substantiae
2556 2395 2813 2463 angelicae
2840 2435 2854 2458 ,
2883 2394 2964 2446 vel
3017 2393 3287 2455 humanae,
3320 2404 3408 2446 attt
3437 2397 3672 2462 reliquo-

2101 2503 2218 2540 rum
2246 2487 2298 2539 in
2325 2487 2576 2540 universa
2608 2485 2815 2553 specie;
2834 2483 3100 2538 Pratterea
3128 2485 3268 2536 idem
3297 2500 3357 2538 ca
3377 2500 3428 2551 p.
3454 2487 3670 2552 quinto,

2100 2578 2541 2648 participationes
2571 2577 2721 2640 dicit,
2746 2592 2879 2644 quas
2907 2592 2968 2631 ea
3002 2590 3122 2644 qute
3148 2586 3296 2643 sunt,
3327 2578 3669 2646 participant,

1924 2809 2191 2872 Schoba.

510 2915 587 2981 (1)
633 2913 752 2968 Non
790 2929 871 2982 per
910 2917 1124 2982 propria
1156 2924 1204 2966 et
1233 2916 1463 2982 perfecta
1510 2921 1560 2965 et
1603 2912 1868 2980 simplicia
1898 2929 1994 2966 tto-

440 2987 601 3036 mina.
635 2985 688 3034 id
719 2995 822 3040 est.
852 2999 947 3050 per
977 2999 1037 3036 se
1075 2999 1217 3043 esse.
1249 2993 1300 3036 et
1330 2999 1422 3047 per
1456 2998 1513 3036 se
1545 2985 1685 3042 vita;
1719 2990 1774 3033 et
1804 2997 1898 3050 per
1938 2998 1995 3035 se

443 3054 726 3118 Sttpivnlia.
765 3064 818 3107 rt
855 3053 1053 3108 similia
1088 3069 1208 3116 mne
1238 3061 1365 3107 sunt
1408 3051 1670 3118 principia
1719 3059 1768 3102 et
1817 3067 1995 3103 causm

441 3138 628 3177 eorum
680 3137 799 3188 quae
849 3132 996 3180 sunt.
1052 3140 1172 3189 qua!
1204 3122 1412 3181 vivunt,
1464 3129 1518 3173 et
1574 3135 1693 3188 qttze
1733 3120 1994 3188 Sapientia

442 3193 664 3260 praedita
698 3202 842 3256 sunt,
870 3207 974 3243 non
1000 3201 1226 3255 possunt
1255 3190 1359 3246 dici
1393 3191 1608 3258 proprie
1633 3189 1994 3255 exemplaria;

443 3259 568 3327 quia
624 3276 876 3326 quorum.
915 3261 1016 3313 ista
1073 3271 1198 3313 sunt
1255 3260 1551 3326 principia,
1604 3273 1710 3310 non
1759 3259 1896 3310 iiunt
1944 3269 2000 3311 ιιι

445 3333 726 3384 imitentur
758 3331 847 3383 illa
871 3329 986 3395 ipsa
1019 3331 1303 3398 principia,
1331 3328 1424 3383 sed
1453 3329 1584 3382 fiunt
1618 3327 1998 3398 utimpleatur

446 3402 498 3452 in
558 3401 637 3452 eis
689 3401 833 3465 quod
889 3400 1066 3452 divina
1134 3396 1409 3466 Sapientia
1460 3396 1753 3455 ordinavit.
1793 3397 1845 3450 id
1893 3405 1998 3458 est,

445 3470 584 3534 quod
615 3479 730 3522 erit
770 3473 822 3521 iu
875 3469 993 3521 idea
1025 3479 1079 3522 et
1115 3469 1409 3535 exemplari
1459 3467 1665 3526 divino,
1719 3480 1826 3518 non
1874 3475 2000 3518 sunt

445 3537 878 3603 ctiam'perfecta
915 3539 1265 3600 exemplaria,
1308 3552 1431 3589 cum
1487 3536 1763 3600 ipsa-aliis
1811 3551 2001 3588 exem-

449 3610 688 3671 plaribus
720 3608 1016 3675 indigeant,
1063 3622 1174 3659 non
1200 3615 1324 3660 sunt
1358 3606 1655 3674 simplicia,
1687 3605 1813 3673 quia
1839 3603 2000 3658 simul

447 3688 572 3730 sunt
623 3678 900 3740 exemplar
944 3680 1007 3729 ad
1058 3675 1289 3728 tormata
1345 3677 1487 3743 (quae
1514 3676 1674 3743 vulgo
1736 3684 2002 3727 vocantur

446 3739 862 3810 exi-molataiet
899 3745 1254 3809 exemplaria,
1282 3759 1346 3798 ex
1381 3739 1572 3796 sancto
1593 3739 1823 3797 Ttioma.

519 3815 594 3883 (3)
639 3814 761 3868 Non
814 3816 1016 3868 ostendi
1069 3816 1168 3869 illa
1229 3818 1345 3868 tibi.
1401 3813 1600 3867 Locum
1667 3811 1849 3883 Exod.
1899 3827 2004 3883 xxv

448 3879 586 3966 citat
614 3887 911 3966 Dionysius
950 3885 1009 3936 οὐ
1058 3886 1200 3939 κατὰ
1229 3886 1313 3966 τὸ·
1340 3883 1696 3966 ῥητὸν,ια.λλὰ
1726 3882 1864 3966 tanta
1906 3879 2004 3949 τὴν

449 3957 708 4018 διάνοιαν,
749 3951 801 4009 id
835 3962 938 4019 est,
971 3969 1078 4008 non
1113 3951 1410 4009 secundum
1446 3953 1628 4015 verba,
1667 3951 1762 4008 sed
1811 3967 2004 4006 secun-

451 4029 576 4080 dum
629 4039 876 4084 sensum,
930 4025 1010 4078 sic
1067 4023 1348 4089 apostolici
1408 4023 1656 4092 discipuli
1719 4037 1746 4074 a
1805 4022 2005 4076 sanctis

450 4095 710 4159 apostolis
761 4094 1069 4149 didicerunt
1098 4095 1267 4148 citare
1309 4093 1601 4160 aliquando
1642 4093 2001 4160 Scripturam,

452 4169 592 4219 sicut
638 4165 742 4232 ipsi
802 4164 973 4217 sancti
1027 4165 1258 4232 apostoli
1317 4163 1589 4232 interdum
1630 4163 1869 4221 faciunt,
1930 4162 2006 4214 sic

449 4236 592 4290 enim
654 4231 729 4286 ait
782 4231 1120 4300 Scriptura:
1173 4233 1405 4300 Inspice,
1450 4241 1507 4286 et
1562 4231 1646 4285 fac
1706 4232 2002 4285 secundum

452 4303 745 4366 exemplar,
797 4302 944 4371 quod
1005 4303 1103 4371 tibi
1161 4311 1521 4356 monstratum
1578 4303 1773 4371 estiin
1825 4310 2008 4353 monte

453 4374 652 4440 (Exod.
689 4370 826 4433 xxv,
847 4372 964 4436 «10).
1012 4370 1148 4426 Cum
1179 4373 1277 4431 ait,
1311 4371 1538 4438 inspice,
1580 4379 1633 4424 et
1682 4370 1764 4423 fac
1809 4385 2008 4440 secun-

2105 2915 2391 2984 principia.
2421 2924 2475 2964 ut
2507 2927 2682 2984 causae
2707 2914 2772 2966 ad
2799 2911 3015 2968 effecta.
3043 2923 3093 2964 et
3128 2912 3313 2984 ell‘ecta
3353 2916 3418 2967 ad
3450 2929 3666 2977 causas,

2104 2981 2148 3038 si
2187 2985 2264 3038 sic
2291 2981 2501 3038 accepit
2530 2981 2799 3043 Clemens,
2829 2991 2888 3034 ιιι
2924 2984 3080 3043 plane
3121 2982 3395 3046 accepisse
3423 2987 3666 3038 videtur.

2102 3065 2246 3106 recte
2276 3054 2516 3119 acet-pit;
2551 3061 2603 3105 et
2644 3053 2723 3105 sic
2752 3052 2914 3104 etiam
2948 3051 3051 3103 ista
3087 3051 3516 3115 principialiora,
3549 3070 3670 3120 quzc.

2102 3122 2432 3185 exemplaria
2463 3129 2638 3180 vocat,
2671 3130 2850 3173 creata
2888 3131 3033 3178 sunt,
3060 3122 3202 3173 sicut
3235 3120 3326 3173 illa
3361 3124 3669 3186 spiritualia

2101 3191 2427 3256 exemplaria
2479 3199 2694 3242 ostensa
2730 3188 2913 3258 Moysi?
2949 3189 3003 3241 itt
3041 3199 3244 3251 monte,
3297 3205 3406 3242 non
3452 3193 3672 3258 quidem

2102 3270 2360 3326 tauquam
2397 3260 2725 3325 exemplaria
2763 3258 2850 3326 illa
2888 3257 3244 3326 divina,vqua2
3281 3270 3409 3312 sunt
3438 3257 3674 3315 increata

2100 3341 2153 3383 et
2183 3325 2408 3391 :rterua,
2457 3328 2747 3382 invisibilia
2784 3325 2896 3389 Dei,
2951 3337 3002 3380 et
3040 3325 3341 3385 adoranda.
3392 3345 3515 3394 quae
3549 3341 3676 3384 sunt

2102 3399 2218 3464 ipse
2246 3398 2386 3452 Deus
2424 3397 2886 3464 simplicissimus,
2917 3397 3010 3449 se.|
3039 3405 3310 3464 tanquam
3339 3401 3672 3462 exemplaria

2102 3463 2285 3521 creata
2339 3477 2394 3521 et
2447 3463 2732 3536 informata
2793 3465 2961 3518 menti
3007 3463 3205 3536 Moysis
3267 3467 3552 3528 divinitus,
3618 3479 3677 3522 nt

2102 3538 2400 3590 secundum
2447 3550 2508 3589 ea
2545 3534 2767 3599 laceret,
2825 3549 2946 3602 qu-e
2999 3534 3182 3589 facere
3222 3536 3362 3590 Deus
3398 3539 3443 3590 ei
3485 3541 3677 3604 ιιι-ειπξί-

2103 3607 2305 3674 piebat,
2346 3621 2467 3672 quae
2501 3613 2655 3658 erant
2699 3606 2882 3657 omnia
2929 3605 3193 3673 imagines
3226 3608 3464 3659 tenuiter
3491 3619 3544 3660 et
3580 3611 3676 3660 ob-

2105 3690 2263 3729 scure
2296 3675 2634 3729 adumbrata:
2683 3674 2899 3726 illorum
2930 3675 3350 3740 exemplarium.
3389 3677 3488 3728 Alii
3533 3679 3678 3729 ltuuc

2104 3745 2282 3798 locum
2324 3760 2351 3796 a
2384 3742 2643 3808 Dionysio
2670 3745 2894 3796 citatum
2937 3758 3001 3795 cx
3039 3741 3200 3796 Deut.
3254 3758 3373 3808 cap.
3419 3761 3490 3806 tv,
3521 3762 3676 3798 sum-

2106 3826 2255 3882 ptum
2310 3828 2429 3867 esse
2485 3812 2924 3882 adnotaverunt;
2990 3813 3081 3864 sed
3121 3812 3262 3865 nulla
3298 3816 3507 3867 ratione
3539 3833 3682 3882 qua~

2106 3881 2248 3938 drat.
2278 3884 2386 3952 Ego
2414 3882 2702 3950 Georgium
2737 3881 3132 3952 Pacltytnerum
3164 3893 3386 3936 secutus
3413 3881 3564 3946 sum,
3584 3887 3676 3952 qui

2106 3955 2172 4006 ad
2204 3951 2353 4007 illum
2383 3952 2562 4006 locum
2603 3952 2776 4006 Exodi
2825 3966 2928 4002 xxv
2953 3951 3158 4014 retulit,
3192 3966 3349 4018 quem
3402 3955 3510 4006 dixi
3546 3951 3679 4007 cita-

2107 4035 2220 4078 tum
2250 4025 2372 4077 esse
2404 4035 2434 4076 a
2468 4019 2723 4090 Dionysio
2759 4021 3058 4090 secundum
3097 4035 3343 4090 sensum,
3382 4023 3523 4076 sicut
3570 4025 3674 4076 ali-

2107 4093 2325 4160 quando
2354 4091 2531 4146 solent
2576 4089 2912 4160 apostoli,iet
2958 4091 3132 4142 sancti
3168 4089 3376 4160 Patres,
3424 4093 3677 4146 similiter

2107 4159 2294 4216 citavit
2346 4163 2507 4214 etiam
2570 4159 2766 4212 ibidem
2825 4159 3116 4227 Dionysius
3178 4159 3355 4212 locum
3411 4163 3572 4226 epist.
3609 4163 3675 4215 ad

2113 4231 2267 4284 Rom.
2307 4246 2426 4296 cap.
2461 4243 2477 4282 ι
2516 4247 2531 4301 ε
2569 4228 2867 4301 Invisibilia
2903 4228 3073 4301 ipsius
3117 4243 3142 4280 a
3195 4239 3444 4282 creatura
3491 4234 3676 4284 mundi

2095 4316 2208 4367 per
2249 4316 2310 4354 ea
2340 4317 2459 4368 quae
2510 4297 2654 4352 facta
2711 4297 2858 4362 sunt,
2912 4297 3184 4350 intellecta
3218 4302 3674 4366 conspiciuntur;

2113 4371 2319 4435 citavit,
2355 4373 2596 4438 inqdam,
2643 4369 2792 4438 hunc
2838 4369 3013 4420 locum
3069 4368 3368 4420 secundum
3428 4385 3673 4430 sensum,

451 4435 579 4499 dum
632 4435 927 4516 exemplar
966 4435 1512 4516 (sive_exernplaria,_
1537 4455 1664 4516 Anon
1720 4441 1866 4493 enim
1908 4437 2006 4516 fuit
2041 4441 2083 4496 D
2115 4443 2203 4516 qui
2232 4450 2339 4516 est,
2370 4435 2442 4492 ut‘
2467 4440 2543 4491 ait
2575 4435 3009 4516 Dionys_it_ts,.per
3044 4439 3447 4516 proportionem
3492 4443 3679 4506 cogni-

381 4523 391 4539 ‘
455 4529 621 4565 unum
678 4509 990 4577 exemplar,
1041 4509 1138 4565 sed
1190 4509 1396 4576 multa)
1455 4511 1549 4564 tibi
1609 4520 1887 4563 ostensum
1952 4509 2004 4560 in

457 4591 674 4642 mome,
725 4582 858 4635 satis
903 4581 1049 4634 clare
1095 4580 1247 4640 dicit,
1293 4581 1506 4634 ostendi
1555 4579 1854 4644 exemplar,
1889 4578 2007 4633 sive

455 4651 784 4718 exemplaria
817 4665 924 4703 non
958 4647 1023 4703 ad
1056 4650 1340 4703 colendum
1387 4649 1477 4703 illa
1525 4647 1652 4716 (hoc
1681 4651 2004 4718 enituerat,

454 4723 534 4776 ire
563 4716 681 4786 post
720 4735 803 4782 ca,
837 4721 1017 4774 colere
1049 4720 1157 4784 illa,
1178 4730 1230 4772 et
1262 4720 1461 4772 habere
1492 4733 1557 4772 ea
1586 4733 1683 4786 pro
1729 4716 1881 4786 diis),
1915 4718 2008 4770 sed

455 4793 665 4856 ottcugt
700 4789 1028 4856 exemplaria
1064 4788 1128 4842 ad
1179 4786 1488 4841 iaciendum
1545 4787 1841 4842 secundum
1900 4788 2008 4848 illa,

457 4876 579 4928 ipim
615 4833 1015 4913 iaciendarsuut
1049 4860 1101 4911 itt
1135 4859 1488 4928 tabernaculo
1513 4866 1566 4911 et
1599 4859 1743 4911 vasis
1774 4856 1936 4928 cjus._
1958 4833 2012 4909 ei

458 4925 512 4983 iu
539 4929 909 4982 sacerdotibus
939 4939 1210 4982 eteorum
1241 4925 1546 4991 sacriﬁciis,
1578 4937 1631 4981 et
1661 4929 1712 4980 in
1745 4927 1889 4991 aliis,
1929 4926 2012 4979 lex

455 5001 601 5054 enim
635 4998 882 5052 umbram
911 4998 1139 5052 habebat
1163 4995 1468 5051 futurorum
1495 4998 1788 5058 bonorum,
1809 4997 2015 5050 scilicet

460 5067 848 5134 spiritualium,
884 5082 1010 5136 quae
1052 5065 1267 5135 quidem
1304 5076 1525 5121 ostensa
1575 5075 1705 5120 sunt
1755 5065 1923 5135 Moysi
1959 5066 2013 5119 iu

459 5140 674 5205 spiritu,
709 5151 940 5204 quorum
976 5136 1364 5203 exemplarium
1401 5137 1664 5206 imagines
1705 5146 1860 5206 erant
1903 5150 2018 5188 om-

462 5203 548 5260 ni.-
593 5203 715 5276 qua:
751 5207 807 5262 in
838 5207 954 5275 lege
983 5206 1202 5272 ﬁebant,
1244 5209 1388 5276 sicut
1432 5203 2015 5276 ait'iidemADionysius

462 5278 515 5330 iu
554 5272 796 5331 extrema
828 5272 1021 5346 pagina
1052 5290 1170 5346 cap.
1200 5279 1232 5330 ι
1285 5273 1484 5330 Eccles.
1517 5275 1660 5329 Hier.
1694 5272 1838 5346 Quia
1854 5272 2018 5346 igitur

461 5348 712 5401 Clemens
763 5344 984 5401 videbat
1036 5344 1358 5410 τᾶνοητὰ,
1427 5347 1475 5398 id
1533 5355 1652 5408 est,
1709 5344 2018 5412 spiritualia

461 5426 680 5471 ostensa
717 5413 885 5485 Moysi
917 5415 1097 5469 vocari
1136 5416 1187 5469 in
1231 5413 1510 5478 Scriptura
1553 5413 1724 5469 Exodi
1759 5414 1988 5483 παραδεί

463 5501 670 5553 vitam,
704 5501 826 5555 qua:
864 5495 991 5540 sunt
1036 5485 1101 5538 ad
1153 5486 1380 5554 aliquid,
1429 5488 1557 5554 quia
1595 5485 1905 5539 referuntur
1952 5485 2019 5536 ad

462 5556 728 5624 imagines
761 5557 1059 5624 (exemplar
1088 5556 1234 5608 enim
1275 5557 1475 5609 dicitur
1502 5557 1773 5625 imaginis,
1800 5563 1854 5607 et
1879 5555 2018 5608 ima-

463 5626 915 5692 guexentplaris),
938 5627 1187 5683 similiter
1207 5626 1457 5680 Clemens
1482 5640 1603 5693 qua:
1627 5634 1753 5679 sunt
1780 5626 1831 5677 itt
1863 5627 2021 5678 rebus

466 5696 892 5764 priueipialiora,
930 5697 1259 5764 exemplaria
1290 5696 1395 5747 dici
1442 5696 1634 5761 voluit,
1664 5712 1783 5762 qua:
1827 5695 1890 5748 ad
1924 5697 2020 5748 ali-

466 5712 892 5764 prtucmtauora,
930 5712 1259 5820 excuquarta
1290 5712 1395 5747 utet
1442 5712 1634 5761 voluti,
1664 5712 1783 5762 qua:
1827 5712 1890 5748 att
1924 5712 2020 5748 att-

463 5768 590 5831 quid
658 5767 990 5827 referuntur.
1043 5783 1070 5819 ιι
1167 5767 1255 5819 illa
1308 5767 1534 5833 scilicet,
1591 5780 1823 5835 quorum
1897 5780 2024 5820 sunt

2112 4506 2276 4562 tionis
2313 4517 2689 4563 creaturarum
2721 4506 2919 4560 adduci
2966 4519 3084 4570 nos,
3127 4507 3307 4572 quoad
3364 4518 3678 4574 possumus,

2111 4580 2177 4632 ad
2233 4575 2668 4647 cognoscendum
2717 4589 2942 4647 causam
2972 4575 3265 4647 omnium.
3320 4575 3504 4644 Itaque
3555 4592 3679 4632 cum

2111 4650 2244 4701 dixit
2275 4644 2625 4715 {invisibilia
2647 4647 2820 4713 ipsius
2855 4645 2936 4715 (ut
2970 4645 3072 4715 hoc
3103 4644 3280 4698 obiter
3308 4647 3678 4711 observetur),

2114 4718 2328 4770 videtur
2389 4712 2548 4785 plane
2617 4712 2816 4770 Paulus
2866 4712 3227 4768 intellexisse
3296 4716 3385 4769 illa
3456 4717 3509 4769 in
3576 4718 3684 4770 Deo

2114 4787 2443 4852 exemplaria
2492 4795 2715 4846 aeterna,
2744 4800 2865 4853 qure
2895 4785 3030 4836 ide-.e
3063 4795 3345 4847 vocantur,
3380 4789 3682 4840 secundum

2115 4873 2253 4925 quas
2283 4858 2465 4909 omnia
2513 4856 2954 4925 perressentiam
2997 4868 3152 4906 suam
3226 4855 3687 4924 situplicissimam

2116 4924 2418 4994 cognoscit,
2451 4937 2503 4979 et
2538 4924 2663 4978 fecit
2705 4925 2890 4977 omnia
2927 4933 3184 4992 tauquam
3225 4938 3320 4993 per
3355 4925 3683 4992 principium

2116 5006 2169 5050 ct
2224 5011 2445 5052 causam
2500 4997 2770 5059 omnium,
2822 5005 2875 5048 et
2937 5003 3018 5046 est
3071 4995 3293 5059 omnia,
3351 5003 3408 5048 ut
3441 4997 3688 5049 omnium

2117 5081 2302 5120 causa.

2191 5135 2269 5205 (3)
2319 5133 2517 5188 Vitam.
2550 5133 2724 5187 Vitam
2754 5133 2906 5199 dicit,
2934 5149 3058 5205 cum
3087 5133 3192 5185 vita
3225 5132 3473 5188 absolute
3503 5137 3687 5190 consi-

2120 5203 2379 5271 deratur;
2425 5206 2498 5259 ita
2553 5216 2610 5257 ut
2663 5212 2775 5257 tota
2832 5203 3195 5258 consideratio
3257 5205 3329 5257 sit
3382 5207 3521 5269 vitae,
3585 5221 3692 5261 neu

2120 5285 2390 5346 quatenus
2442 5283 2526 5328 est
2551 5275 2818 5338 omnium,
2868 5273 3454 5346 au.t_particularium,
3491 5277 3539 5328 id
3579 5287 3684 5342 est,

2123 5339 2229 5398 non
2287 5346 2666 5399 consideratur
2735 5339 3082 5411 genteraliiél'.
3150 5354 3330 5412 neque
3395 5339 3694 5412 particula;-

2125 5417 2292 5480 riter;
2353 5416 2448 5469 sed
2489 5413 2810 5482 simpliciter
2864 5413 2995 5481 vita,
3050 5426 3171 5479 quae
3225 5411 3425 5466 dicitur
3485 5427 3599 5484 per‘
3635 5432 3694 5470 se

2126 5497 2254 5539 \lla.

2196 5556 2272 5625 (4)
2326 5553 2478 5607 Verbi
2514 5554 2709 5626 gratia.
2756 5553 2872 5622 Ipsa
2924 5568 3020 5614 Γοι-
3056 5565 3110 5603 se
3149 5553 3456 5616 c0t'poialis
3493 5555 3693 5625 albcdo

2127 5627 2420 5679 adveniens
2452 5624 2667 5693 corpori
2702 5626 2845 5691 albut
2871 5646 2879 5672 ι
2917 5626 3046 5676 facit
3075 5635 3296 5691 corpus,
3326 5633 3380 5676 et
3408 5624 3696 5692 postquam

2127 5696 2324 5751 accidit
2375 5696 2609 5763 corpori,
2661 5695 2934 5764 disgrcgat
2967 5693 3164 5758 visum,
3202 5708 3325 5762 qua:
3361 5705 3440 5746 est
3477 5698 3700 5764 propria

2127 5772 2248 5834 ejus
2279 5770 2544 5832 operatio.
