4416 6448
765 361 874 424 819

1930 376 2250 434 JOAN’NIS
2289 377 2470 434 CYPA
2487 379 2534 435 R
2550 378 2854 436 iSSlCYT.E
2901 451 2903 453 _

3894 381 4001 448 820

766 479 926 539 quale
960 487 1041 530 est
1075 478 1250 545 ipsum
1293 494 1385 546 per
1424 496 1480 533 se
1519 496 1660 542 esse.
1699 483 1867 549 ipsam
1903 500 1993 552 per
2028 501 2083 539 se
2126 487 2288 538 vitam
2318 526 2332 547 .
2367 494 2406 544 A
2442 490 2802 556 antiquiorem
2854 489 2975 542 aliis
3011 488 3211 543 divinis
3246 489 3401 544 donis
3433 490 3509 543 ait
3538 505 3658 544 esse
3692 495 3998 560 proprieta-

764 562 937 628 ipsam
965 566 1306 631 sapientiam,
1337 568 1512 634 ipsum
1544 570 1811 633 ordinem,
1849 581 1901 626 et
1935 577 2174 642 reliqua;
2210 592 2330 644 qua:

762 653 978 720 quidem
1048 658 1490 724 participationes
1549 661 1726 712 divina
1779 665 1915 717 dona
1973 675 2138 729 sunt,
2194 682 2330 731 quas

763 743 1025 809 principia
1053 760 1240 798 eorum
1273 763 1394 814 quae
1441 760 1588 809 sunt,
1641 755 1870 806 vocavit.
1907 755 1982 807 Ex
2025 757 2108 808 his
2163 757 2330 825 igitur

759 841 992 886 constat.
1022 836 1475 900 quemadmodum
1507 838 1645 893 Deus
1679 843 1972 895 secundum
2006 855 2325 912 potestatem

759 923 873 975 sive
908 923 1157 976 virtutem
1191 940 1389 989 suam:
1411 943 1529 995 qua:
1575 944 1736 994 supra
1792 931 2151 986 substantiam
2201 945 2281 987 est
2309 974 2322 993 .

756 1028 922 1066 causa
954 1024 1036 1068 est
1067 1014 1309 1068 eﬂ'ectrix
1340 1029 1387 1069 et
1423 1021 1652 1072 creatrix
1699 1022 1867 1073 totius
1911 1039 2054 1083 esse.
2103 1036 2154 1076 et
2201 1040 2325 1092 par-

758 1103 890 1152 tium
933 1103 1072 1169 ejus,
1112 1105 1444 1158 exsistentite
1469 1147 1483 1169 ,
1520 1122 1764 1174 personae
1788 1150 1801 1170 ,
1837 1110 2152 1165 substantiae
2177 1153 2189 1172 ,
2230 1129 2328 1164 na-

759 1203 916 1256 turae,
947 1203 1039 1246 aut
1068 1197 1270 1260 smculi,
1303 1207 1354 1250 et
1385 1201 1664 1264 temporis.
1699 1201 1852 1264 Quod
1889 1203 1932 1254 si
1985 1203 2122 1256 Deus
2156 1204 2326 1256 totius

755 1297 877 1334 esse
915 1283 1139 1336 eﬂector
1167 1296 1281 1348 est;
1319 1287 1459 1337 haud
1490 1288 1738 1346 dubium.
1772 1282 1906 1353 quin
1941 1292 2172 1356 partium
2207 1292 2326 1360 ejus

756 1370 978 1424 effector
1011 1375 1102 1432 sit.
1151 1384 1206 1426 ct
1257 1383 1427 1431 totum
1477 1377 1694 1442 penitus
1724 1378 1954 1439 emisiat,
1991 1389 2157 1432 totum
2199 1396 2326 1434 vero

755 1477 878 1516 esse
916 1475 1023 1527 est,
1055 1465 1200 1530 quod
1237 1467 1420 1519 statim
1458 1467 1633 1535 prima
1687 1470 1905 1523 notione
1959 1487 2110 1524 mens
2157 1471 2327 1524 inforo

757 1564 906 1618 mat.;
948 1556 1246 1609 secundum
1278 1573 1439 1625 quam
1473 1560 1701 1627 primam
1734 1560 2008 1614 notionem
2039 1577 2236 1628 genera
2269 1562 2321 1614 itt

754 1646 1221 1712 disputationibus
1246 1650 1674 1716 contemplamnr
1697 1671 1708 1713 ;
1735 1646 1920 1717 postea
1949 1665 2128 1720 partes
2155 1653 2325 1706 totius

752 1737 944 1788 Ordine
970 1737 1340 1804 exprontimus
1367 1778 1381 1801 ,
1413 1749 1467 1792 et
1495 1741 1638 1793 sicut
1668 1741 1838 1809 logice
1867 1729 1895 1793 ὦ
1927 1743 2219 1808 generibus
2254 1743 2320 1795 ad

2432 589 2536 628 tom
2572 578 2666 628 τοῦ
2695 579 2866 640 ὄντος.
2905 579 2952 630 id
2979 590 3080 639 est.
3115 581 3257 633 entis
3294 596 3307 630 :
3345 581 3611 646 siquidem
3643 582 3856 636 bonitas
3890 600 3995 636 non

2432 669 2594 719 habet
2642 668 2874 719 similent
2927 669 3189 720 rationem
3224 669 3276 720 in
3317 671 3510 722 ordine
3542 673 3832 736 donorum,
3864 687 4000 738 quo-

2430 758 2572 810 niam
2621 758 2917 823 porrigitur
2951 767 3003 809 et
3037 759 3275 810 tenditur
3321 775 3482 823 supra
3543 775 3604 813 ea
3656 776 3776 826 quae
3821 772 3995 815 sunt:

2428 854 2681 912 praeterea
2712 854 2882 910 potest
2915 860 3034 898 esse
3065 846 3365 913 proprietas
3394 848 3511 913 ejus
3536 847 3678 913 quod
3704 857 3785 901 est
3814 864 3907 915 per
3938 864 3998 901 se

2429 950 2567 994 esse,
2610 936 2733 1002 quia
2773 936 2872 989 hoc
2904 945 3028 988 ante
3071 937 3171 988 alia
3222 952 3342 1003 qute
3387 946 3515 990 sunt
3562 939 3818 1005 produxit
3857 939 3998 991 Deus

2430 1025 2614 1087 prius:
2665 1023 2856 1076 deinde
2893 1023 2994 1075 hoc
3042 1038 3137 1089 per
3184 1038 3240 1076 se
3283 1038 3402 1077 esse
3433 1065 3447 1087 ,
3501 1035 3756 1092 tanquam
3803 1035 3996 1079 natura

2428 1111 2660 1174 quadam
2721 1122 2900 1171 utens,
2950 1112 3808 1181 universum,quomodocunque
3887 1127 3990 1176 est,

2428 1199 2720 1264 produxit;
2755 1200 2962 1260 adhzec,
3009 1200 3112 1250 alia
3167 1215 3347 1253 rerum
3399 1203 3664 1268 principia
3718 1217 3996 1270 nunquam

2429 1297 2654 1352 possunt
2681 1303 2824 1349 esse,
2853 1289 2981 1356 quin
3012 1290 3080 1340 sit
3110 1289 3286 1356 ipsum
3331 1304 3424 1356 per
3473 1305 3530 1343 se
3578 1305 3699 1344 esse
3728 1307 3741 1342 :
3770 1293 3871 1346 hoc
3900 1307 3998 1345 au-

2429 1386 2534 1427 tem
2568 1378 2686 1428 sine
2716 1376 2822 1428 illis
2855 1385 2936 1428 est
2959 1415 2973 1439 ,
3001 1376 3195 1429 deinde
3225 1377 3639 1445 participatione
3685 1378 3846 1446 hujus
3882 1378 4002 1431 alia:

2427 1466 2685 1518 dicuntur
2727 1465 3192 1532 pat'ticipationes,
3226 1475 3280 1519 et
3312 1480 3406 1533 per
3443 1482 3501 1519 se
3532 1469 3994 1535 participationes.

2427 1563 2479 1606 et
2509 1554 2764 1606 dicuntur
2805 1567 2926 1607 esse
2957 1562 3011 1606 et
3063 1569 3302 1608 manere.
3352 1556 3465 1609 Hoc
3510 1565 3691 1610 autem
3745 1558 3996 1619 sublato,

2429 1644 2575 1696 nulla
2620 1643 2724 1696 erit
2757 1645 3136 1712 participatio;
3187 1654 3298 1698 tum
3359 1647 3520 1699 etiam
3574 1648 3748 1714 ipsum
3802 1664 3895 1714 per
3941 1661 3999 1700 se

2427 1748 2571 1794 esse,
2619 1747 2740 1800 quae
2788 1741 2870 1786 est
2917 1733 3262 1800 participatio
3295 1735 3493 1806 prima,
3529 1751 3556 1786 a
3592 1736 3739 1786 nullo
3775 1745 3898 1787 ante
3939 1749 3998 1786 se

753 1827 984 1893 species,
1019 1828 1097 1882 sic
1123 1838 1206 1882 est
1237 1843 1332 1897 per
1357 1845 1415 1883 se
1445 1845 1587 1894 esse,
1620 1832 1670 1882 id
1697 1839 1783 1885 est
1809 1871 1822 1892 ,
1859 1840 2028 1884 totum
2069 1848 2225 1896 esse;
2264 1843 2318 1887 et
2356 1806 2397 1862 θ
2427 1837 2497 1890 P3

2264 1843 2318 1887 et
2356 1806 2397 1862 Β
2427 1823 2795 1890 participatur,
2828 1823 3010 1876 omnia
3043 1833 3222 1876 autem
3255 1833 3376 1890 post
3407 1840 3528 1877 eum
3558 1834 3607 1877 et
3646 1826 3995 1893 participant,

752 1917 817 1967 ad
852 1918 1002 1982 quod
1033 1917 1438 1986 intelligendum
1479 1935 1629 1974 mens
1658 1923 1895 1989 primum
1933 1923 2039 1975 vim
2071 1925 2319 1988 intendit,

751 2007 1030 2071 antiquius
1064 2019 1144 2061 est
1186 2010 1307 2063 aliis
1350 2024 1470 2077 quae
1519 2021 1698 2077 postea
1738 2028 1891 2066 mens
1933 2015 2314 2082 eotemplatur.

749 2093 867 2148 Non
909 2099 1049 2149 enim
1089 2113 1377 2166 possumus
1420 2103 1582 2153 vitam
1633 2103 1934 2154 secundum
1968 2117 2025 2156 se
2075 2114 2320 2156 contem-

751 2187 911 2250 plari,
943 2198 1035 2240 aut
1073 2191 1420 2254 sapientiam,
1460 2200 1550 2243 aut
1581 2192 1988 2245 similitudinem
2014 2233 2027 2254 ,
2069 2194 2166 2246 nisi
2205 2195 2317 2262 pri-

752 2294 902 2332 mum
944 2289 1401 2347 essc‘ponamus,
1457 2290 1541 2335 est
1591 2284 1733 2336 enim
1785 2285 1892 2336 vita
1941 2287 2214 2352 primum;
2267 2296 2320 2338 et

750 2379 879 2423 tunc
916 2371 1215 2424 secundum
1247 2387 1305 2425 se
1343 2375 1790 2441 eonteinplantes.
1843 2377 1918 2438 ὡς
1969 2381 2030 2430 τὸ
2064 2380 2115 2428 τι
2159 2382 2275 2432 ἐστι
2305 2421 2318 2442 ,

753 2476 1010 2515 vocamus
1041 2477 1136 2530 per
1171 2477 1229 2516 se
1255 2465 1418 2515 vitam
1447 2466 1526 2527 ;si
1562 2465 1724 2534 igitur
1753 2468 1942 2522 suhter
1970 2485 2108 2531 esse,
2137 2486 2231 2537 per
2262 2487 2320 2525 se

749 2552 883 2616 vita,
918 2563 966 2604 et
1026 2567 1120 2620 per
1172 2567 1230 2605 se
1279 2555 1569 2620 sapientia,
1599 2564 1652 2609 ct
1693 2572 1786 2624 per
1822 2572 1880 2610 se
1915 2559 2238 2623 similitudo,
2271 2569 2322 2613 et

749 2647 853 2696 alia
887 2646 1246 2706 citllocantttr,
1275 2647 1438 2699 tutius
1473 2659 1649 2699 autem
1680 2663 1798 2701 esse
1831 2659 2022 2704 auctor
2053 2661 2134 2704 est
2159 2652 2318 2712 Dt-ns,

748 2737 1026 2802 quomodo
1049 2751 1155 2789 non
1193 2739 1296 2790 erit
1327 2748 1516 2790 auctor
1544 2739 1736 2791 horum
1770 2755 1889 2808 quae
1918 2757 2010 2808 per
2040 2757 2098 2795 se
2134 2743 2321 2795 dicun-

749 2841 859 2891 tur,
898 2831 1012 2881 sive
1057 2845 1117 2881 ea
1172 2839 1439 2882 vocentur
1480 2838 1738 2898 tanquam
1791 2835 2104 2888 exsistentia
2139 2875 2152 2890 .
2208 2836 2324 2888 sive

749 2935 1002 2990 tanquam
1039 2933 1238 2984 motus,
1277 2923 1536 2976 formatio
1578 2924 1702 2977 vitae
1726 2964 1738 2986 ,
1774 2923 2026 2977 formatio
2063 2928 2318 2980 subsunt-

751 3015 1268 3076 Ii:e,similitudinis
1307 3017 1561 3078 imitatio,
1613 3025 1664 3068 et
1695 3017 1840 3067 alia?
1887 3015 2127 3068 Primum
2178 3020 2320 3069 cnim

748 3105 877 3156 fecit
909 3103 1049 3158 Deus
1078 3121 1200 3159 esse
1231 3121 1316 3158 res
1348 3107 1514 3172 ipsas,
1543 3115 1727 3172 postea
1758 3121 1877 3158 esse
1903 3109 2206 3174 generalem
2239 3123 2327 3159 ea.

749 3210 870 3248 rum
906 3196 1185 3249 notionem
1218 3239 1231 3259 ,
1266 3197 1427 3263 quale
1459 3204 1540 3248 est
1567 3197 1930 3264 contemplari
1990 3199 2152 3250 vitam
2181 3238 2194 3260 ,
2247 3196 2331 3250 vel

745 3288 1116 3341 substantiam
1151 3289 1202 3340 in
1240 3289 1384 3339 omni
1423 3303 1638 3356 genere,
1667 3299 1721 3341 et
1747 3288 2002 3341 omnibus
2034 3289 2231 3342 modis.
2262 3287 2336 3341 Ex

747 3383 832 3434 his
880 3381 1154 3435 sententia
1213 3379 1450 3449 Dionysii
1507 3381 1681 3433 notior
1717 3381 1944 3443 exstitit,
2002 3383 2146 3448 quod
2193 3382 2338 3435 sicut

747 3473 892 3525 Deus
921 3479 1113 3524 auctor
1145 3481 1226 3524 est
1257 3484 1447 3523 eorum
1491 3485 1612 3538 quae
1648 3470 1942 3539 singularia
1979 3481 2102 3523 sunt
2129 3511 2141 3531 ,
2177 3471 2255 3524 sic
2285 3481 2339 3524 et

746 3580 936 3616 eorum
986 3578 1105 3630 quae
1152 3563 1328 3629 prima
1365 3572 1544 3626 sunt,
1587 3578 1649 3614 ex
1688 3563 1885 3628 quibus
1933 3563 2329 3615 dubitationem

745 3654 1047 3707 Clementis
1081 3653 1388 3722 philosophi
1419 3654 1485 3707 de
1521 3653 1586 3705 iis
1619 3669 1738 3720 qu.e
1791 3654 1962 3719 magis
2008 3653 2328 3722 principalia

749 3747 802 3796 in
837 3743 1004 3798 rebus
1034 3743 1331 3807 exsistunt,
1361 3743 1412 3796 id
1452 3753 1574 3807 est,
1607 3745 1674 3796 de
1709 3745 1919 3820 naturis
1963 3759 2177 3808 earum,
2203 3746 2337 3799 dua-

746 3839 846 3888 lms
893 3835 1315 3890 auctoritatibus
1343 3833 1643 3903 Scriptura:
1677 3835 1837 3888 solvit
1873 3853 1885 3897 ;
1916 3822 2020 3888 una
2072 3845 2154 3890 est
2179 3853 2192 3887 :
2217 3837 2334 3890 Non

743 3929 961 3984 ostendi
1004 3930 1119 3982 haec
1151 3928 1269 3991 tibi,
1305 3937 1362 3981 ut
1390 3943 1484 3982 eas
1524 3938 1644 3995 post
1680 3943 1778 3991 ea;
1816 3929 1983 3982 altera
2015 3939 2099 3982 est
2137 3945 2150 3979 :
2187 3928 2330 3981 Invi-

743 4022 924 4074 sibilia
968 4021 1060 4074 Dei
1088 4037 1180 4089 per
1221 4037 1283 4074 ea
1333 4037 1448 4088 quia
1484 4021 1626 4088 facta
1650 4027 1798 4086 sunt,
1822 4020 2090 4074 intellecta
2129 4023 2331 4090 conspi-

744 4118 956 4168 ciunmr
991 4113 1060 4178 “,
1093 4130 1159 4167 ex
1210 4113 1587 4182 magnitudine
1636 4113 1782 4165 enim
1819 4122 1878 4166 et
1918 4113 2329 4181 pulchritudine

743 4217 1122 4261 creaturarum
1151 4203 1759 4274 proportioneeﬂ‘ector
1797 4205 2198 4279 consideratur,
2225 4205 2329 4258 hoc

743 4301 888 4353 enim
927 4297 1198 4367 signiﬁcat
1236 4296 1382 4366 quod
1437 4297 1611 4358 dixit,
1650 4304 1710 4349 ut
1773 4311 1867 4364 per
1924 4297 2330 4365 proportionem

745 4390 1077 4458 eogniliOnis
1105 4389 1298 4442 horum
1339 4388 1404 4440 ad
1444 4388 1888 4457 cognoscendum
1917 4389 2162 4441 omnium
2201 4402 2331 4440 rau-

2423 1921 2473 1965 et
2511 1914 2638 1966 liunt
2673 1913 2796 1967 aliis
2826 1912 2986 1977 infra,
3026 1914 3492 1981 participationes.
3545 1913 3756 1966 Habent
3810 1927 3996 1968 autem

2424 2005 2536 2058 haec
2572 2019 2678 2056 non
2719 2018 2938 2072 parvam
2970 2005 3362 2072 quaestionem,
3399 2005 3673 2072 quomodo
3709 2004 3999 2071 Dionysius

2423 2110 2545 2148 cum
2578 2094 3012 2164 praemunitione.
3051 2093 3133 2147 Si-
3161 2095 3262 2157 vis,
3297 2096 3495 2162 inquit,
3548 2095 3842 2148 viventium
3879 2109 3995 2148 tan-

2422 2203 2582 2252 quam
2618 2187 2915 2240 viventium
2956 2186 3285 2254 principium
3328 2186 3507 2238 dicere
3541 2201 3633 2252 per
3679 2202 3736 2240 se
3782 2189 3988 2245 vitam.

2424 2288 2692 2342 quatenus
2731 2275 2939 2330 scilicet
2974 2274 3322 2330 manifestum
3365 2285 3488 2337 est,
3542 2277 3652 2329 lucc
3697 2276 3947 2329 absoluta
3977 2316 3991 2338 ,

2427 2384 2528 2420 non
2558 2367 2773 2436 proprie
2802 2367 3050 2421 absoluta
3087 2381 3229 2430 esse,
3267 2367 3417 2421 solus
3445 2369 3587 2421 enim
3620 2371 3760 2421 Deus
3801 2369 3998 2428 horum

2423 2457 2892 2511 anctor'absoluta
2935 2471 3098 2510 causa
3132 2458 3368 2511 dicitur:
3404 2473 3525 2526 quae
3559 2467 3742 2511 autem
3783 2459 3850 2512 ab
3879 2460 3998 2529 ipso

2421 2549 2609 2602 enecta
2625 2558 2772 2613 sunt,
2799 2551 3064 2604 voluntati
3085 2551 3433 2620 permittitur,
3468 2554 3622 2606 utsic
3638 2567 3698 2606 ea
3734 2553 3998 2614 nominet,

2427 2656 2609 2692 verum
2642 2655 2762 2694 cum
2783 2641 3149 2709 adjunctione,
3177 2644 3467 2696 viventium
3489 2654 3758 2712 quatenus
3787 2646 4002 2709 vivunt,

2425 2729 2751 2797 principium
2781 2745 2902 2784 esse
2931 2744 3024 2798 per
3062 2745 3118 2785 se
3147 2731 3335 2793 vitam,
3362 2745 3468 2784 non
3495 2739 3672 2784 autem
3721 2739 4001 2799 quatenus

2424 2819 2742 2872 substantiae
2773 2831 2925 2879 sunt.
2965 2830 3058 2872 aut
3100 2821 3383 2888 sapientiae
3411 2861 3425 2884 ,
3460 2833 3553 2873 aut
3589 2823 3849 2882 rationes,
3875 2806 4002 2874 haec

2423 2910 2565 2962 enim
2595 2911 2781 2962 subter
2813 2910 2959 2962 aliud
2989 2918 3043 2964 et
3075 2910 3218 2964 aliud
3283 2911 3604 2978 principium
3638 2911 4000 2972 collocantur,

2424 3000 2564 3066 quod
2596 3000 2811 3067 quidem
2853 3000 2904 3051 in
2937 2999 3044 3054 Deo
3073 2999 3270 3055 eﬂerre
3297 3018 3403 3055 non
3430 3012 3513 3056 est
3546 3012 3997 3063 consentaneum.

2435 3104 2537 3141 una
2566 3089 2832 3156 siquidem
2859 3103 3019 3142 causa
3047 3098 3100 3142 et
3143 3105 3251 3143 uno
3282 3093 3548 3160 principio
3577 3093 3761 3145 omnia
3801 3094 3996 3162 produ-

2436 3182 2527 3244 cit,
2573 3189 2628 3233 nt
2666 3180 3148 3235 demonstrabitur.

3333 3269 3347 3297 1

3039 3269 3263 3323 CAPUT
3308 3269 3370 3324 \'.

2431 3337 2702 3400 Quomodo
2757 3335 2892 3389 Deus
2923 3338 3120 3390 dicitur
3152 3356 3242 3405 per
3297 3357 3348 3393 se
3396 3357 3526 3398 csse.
3560 3351 3603 3391 et
3636 3357 3726 3405 per
3772 3357 3824 3392 se
3865 3341 3995 3407 vit",

2497 3418 2544 3458 et
2569 3423 2658 3472 per
2689 3423 2743 3458 se
2773 3408 3059 3474 sapientia,
3107 3417 3156 3458 et
3188 3412 3446 3476 quomodo
3494 3427 3676 3462 rursus
3716 3411 3851 3462 idem
3903 3413 3997 3462 ho—

2504 3491 2620 3526 rum
2649 3476 2862 3542 eﬂ'ector
2890 3477 3107 3529 dicitur.

2500 3560 2725 3626 Magnus
2763 3561 3053 3630 Dionysius
3089 3579 3209 3632 cap.
3239 3566 3291 3629 9,
3333 3565 3404 3618 De
3438 3567 3628 3620 divinis
3660 3568 3956 3619 nominibus
3979 3583 3998 3620 :

2432 3651 2536 3705 Sed
2570 3652 2720 3720 quia,
2768 3653 2966 3721 inquit,
3004 3653 3137 3706 alias
3178 3670 3263 3708 me
3295 3670 3390 3722 per
3424 3657 3708 3725 epistolam
3761 3658 3995 3711 interro-

2429 3744 2586 3814 gasti,
2619 3743 2752 3813 quid
2779 3746 3043 3814 appellem
3072 3761 3168 3814 per
3199 3761 3260 3800 se
3291 3761 3432 3809 esse,
3466 3763 3562 3816 per
3588 3763 3646 3801 se
3679 3750 3864 3814 vitam,
3903 3763 3997 3817 per

2430 3851 2488 3890 se
2541 3836 2888 3904 sapientiam,
2920 3848 2975 3890 et
3024 3847 3198 3891 tecum
3255 3837 3336 3892 ais
3376 3839 3670 3905 dubitasse,
3722 3843 3999 3909 quomodo

2430 3929 2600 3982 Deum
2642 3928 2932 3997 aliquando
2971 3917 3191 3997 quidem
3248 3945 3384 3984 voco
3433 3947 3528 3999 per
3579 3947 3635 3986 se
3666 3933 3856 3997 vitam,
3898 3935 3998 3986 ali-

2428 4023 2648 4092 quando
2675 4036 2802 4075 vero
2833 4020 3142 4076 eﬂectorem
3199 4037 3294 4092 per
3327 4039 3386 4078 se
3417 4025 3573 4090 vitm;
3627 4027 3995 4080 necessarium

2427 4127 2549 4166 esse
2581 4112 2878 4165 arbitratus
2908 4126 3052 4174 sum,
3089 4111 3255 4166 homo
3286 4111 3375 4166 Dei
3407 4124 3617 4179 sancte,
3654 4115 3722 4168 ab
3754 4116 3857 4169 hac
3902 4120 4001 4170 du—

2430 4205 2696 4258 bitatione
2748 4205 2924 4270 quoad
2976 4203 3183 4271 possim
3240 4215 3291 4257 te
3346 4203 3597 4258 liberare.
3636 4206 3713 4260 Ac
3758 4206 3994 4274 primum

2426 4295 2670 4362 quidem,
2725 4302 2784 4346 ut
2846 4308 2990 4346 nunc
3042 4304 3351 4362 repetamus
3406 4311 3528 4364 qua:
3596 4295 3794 4350 millies
3855 4297 3999 4348 dicta

2429 4395 2575 4448 sunt,
2604 4398 2710 4437 non
2743 4391 2982 4452 pugnant
3009 4399 3193 4437 secum
3230 4383 3396 4437 Deum
3430 4400 3525 4452 per
3560 4399 3618 4439 se
3649 4395 3999 4453 potestatem,

743 4495 861 4534 sam
899 4479 1260 4534 adduc-amur.
1306 4476 1398 4533 Sic
1431 4493 1609 4532 autem
1644 4478 1878 4533 solvisse
1908 4478 2329 4542 dubitationem,
2367 4475 2410 4532 D
2439 4489 2492 4532 et
2533 4492 2627 4545 per
2656 4492 2714 4530 se
2753 4477 2956 4540 vitam;
2993 4486 3044 4529 et
3071 4477 3251 4529 dicere
3281 4475 3448 4530 Deum
3478 4485 3783 4530 creatorem
3818 4493 3911 4544 per
3941 4492 4003 4529 se

741 4573 1020 4640 quomodo
1066 4587 1174 4624 non
1205 4572 1555 4640 apertissime
1589 4569 1850 4639 patefacit
1888 4581 2067 4624 creata
2109 4585 2230 4623 esse
2265 4585 2325 4624 ea

741 4679 863 4731 qua:
894 4663 972 4717 sic
1005 4670 1136 4717 sunt
1173 4664 1228 4715 in
1265 4662 1426 4716 rebus
1459 4663 1630 4731 magis
1668 4661 2008 4731 principalia,
2042 4676 2164 4728 qua!
2195 4676 2330 4714 con-

740 4755 884 4808 cedit
907 4755 1014 4808 dici
1039 4753 1368 4820 exemplaria
1398 4753 1464 4807 ad
1502 4754 1709 4823 aliquid
1737 4794 1750 4817 ,
1787 4763 1844 4805 ut
1877 4768 1973 4823 per
1999 4767 2062 4806 ea
2103 4767 2328 4820 propor-

743 4849 890 4901 tione
921 4845 1157 4914 quadam
1187 4884 1202 4908 ,
1253 4854 1514 4913 tanquam
1557 4861 1653 4914 per
1687 4846 1909 4913 specula
1947 4857 2002 4899 et
2035 4848 2325 4916 aanigmata

741 4953 1140 5005 cognoscamus
1176 4937 1402 4990 divina?
1436 4938 1508 4989 Ex
1561 4937 1628 4990 iis
1673 4937 1836 4990 etiam
1872 4951 1994 5006 quae
2033 4945 2189 4989 antea
2232 4935 2328 4988 de-

747 5039 1054 5084 monstrata
1107 5036 1277 5090 sunt,
1337 5038 1564 5097 apparet
1619 5029 1760 5096 quod
1815 5029 1879 5081 ad
1936 5029 2324 5096 proprietatem

740 5125 980 5191 pertinet
1018 5136 1032 5174 :
1078 5121 1130 5174 in
1165 5123 1271 5175 illis
1301 5123 1469 5186 enim,
1503 5122 1711 5176 scilicet
1740 5121 1884 5175 bono
1910 5131 1962 5175 et
1998 5120 2250 5188 pulchro.
2277 5120 2330 5172 in

739 5231 802 5268 ea
831 5229 953 5283 qua:
991 5225 1143 5276 sunt,
1185 5226 1238 5267 et
1270 5230 1389 5282 qu;c
1419 5230 1527 5266 non
1562 5225 1713 5278 sunt,
1746 5214 1988 5266 tenditur
2021 5210 2330 5282 proprietas

740 5305 984 5360 nominis
1019 5305 1142 5359 boni
1177 5315 1231 5359 et
1263 5306 1475 5374 pulchri
1504 5322 1518 5366 ;
1569 5307 1620 5358 in
1675 5306 1762 5359 his
1792 5311 1999 5364 autem,
2044 5304 2097 5355 itt
2129 5319 2191 5355 ea
2240 5317 2331 5356 so-

741 5397 853 5452 lutn
890 5413 1009 5467 qua:
1043 5405 1210 5456 sunt.
1248 5413 1444 5452 nomen
1478 5398 1720 5451 divinum
1770 5396 1864 5449 τοῦ
1910 5397 2081 5458 ὄντος,
2122 5397 2319 5449 idest.

741 5489 908 5546 cutis.
943 5489 1261 5558 porrigitur.
1304 5488 1368 5543 Et
1407 5491 1519 5544 lucc
1548 5499 1634 5545 est
1676 5491 1975 5560 proprietas
2011 5490 2149 5557 ejus.
2188 5487 2322 5542 Nota

743 5591 923 5635 tamen
961 5584 1125 5636 etiam
1161 5582 1298 5648 hoc,
1332 5598 1456 5638 esse
1490 5585 1717 5651 primam
1752 5581 2222 5652 participationem
2271 5589 2322 5632 et

831 5765 876 5805 ⁸³
907 5763 1064 5819 Rom.
1107 5781 1143 5828 t,
1179 5764 1268 5816 20.

2430 4572 2572 4631 vitm,
2613 4568 2690 4620 vel
2741 4582 2835 4635 per
2877 4582 2934 4620 se
2970 4568 3136 4635 pacis,
3170 4567 3250 4620 vel
3286 4582 3376 4635 per
3423 4583 3482 4621 se
3539 4571 3845 4637 potestatis,
3889 4572 4004 4621 haec

2428 4662 2572 4714 enim
2602 4638 2800 4713 dicitur
2853 4657 2997 4712 Deus
3025 4675 3086 4712 ex
3123 4659 3186 4712 iis
3219 4675 3340 4727 quae
3373 4668 3520 4720 sunt,
3553 4671 3606 4711 et
3657 4662 3893 4712 maxime
3934 4674 4002 4712 ex

2432 4755 2497 4805 iis
2530 4765 2648 4820 qua:
2687 4750 2859 4818 prima
2892 4758 3041 4810 sunt,
3077 4758 3333 4818 tanquam
3373 4765 3536 4803 causa
3588 4752 3832 4803 omnium
3879 4765 4001 4816 qua:

2430 4848 2599 4906 sunt;
2625 4845 2711 4896 illa
2753 4853 2934 4896 autem
2970 4843 3192 4906 dicitur,
3227 4851 3483 4911 tanquam
3530 4858 3650 4913 quae
3695 4843 3766 4896 sit
3796 4859 3997 4910 supra-

2430 4935 2865 4990 subslantialiter
2893 4949 3053 5002 supra
3085 4939 3265 4988 omnia
3301 4949 3421 5001 qu;e
3453 4944 3599 4997 sunt,
3633 4945 3686 4987 et
3737 4950 3856 5003 qua:
3891 4933 4002 4998 pri-

2435 5045 2523 5080 mo
2559 5041 2704 5080 sunt.
2744 5025 2954 5091 Qum-is
2995 5035 3173 5079 autem
3207 5025 3349 5093 quod
3384 5039 3605 5092 prorsus
3635 5027 3869 5078 dicimus
3907 5040 4004 5092 per

2434 5133 2494 5172 se
2529 5133 2672 5176 esse.
2726 5123 2819 5168 aut
2873 5130 2966 5182 per
3006 5129 3064 5167 se
3105 5114 3292 5178 vitam,
3356 5123 3448 5166 aut
3478 5128 3816 5182 quaecunque
3845 5116 4005 5167 abso-
4079 5130 4082 5131 '

2435 5209 2544 5262 lute
2602 5220 2656 5262 et
2696 5207 3070 5276 principaliter
3110 5221 3254 5267 esse,
3299 5215 3348 5258 et
3409 5222 3472 5259 ex
3537 5205 3645 5258 Deo
3704 5221 3768 5258 ac
3826 5206 4004 5272 primo

2436 5310 2620 5354 creata
2667 5314 2787 5353 esse
2819 5299 3094 5366 ponimus.
3131 5297 3568 5365 Respondemus,
3601 5311 3705 5348 non
3749 5311 3869 5349 esse
3902 5297 4008 5350 hoc

2435 5399 2765 5452 contortum,
2804 5389 2896 5443 sed
2937 5398 3166 5452 rectum,
3201 5397 3256 5439 et
3303 5387 3601 5456 simplicem
3657 5387 3860 5440 habens
3906 5401 4005 5440 ex-

2435 5484 2824 5553 planationem.
2887 5496 2990 5536 non
3027 5482 3173 5534 enim
3211 5495 3305 5549 per
3353 5495 3412 5534 se
3458 5495 3579 5534 esse
3631 5479 4003 5534 substantiam

2433 5576 2723 5647 quamdam
2780 5575 3018 5630 divinam
3059 5583 3153 5629 aut
3209 5574 3508 5643 angelicam
3561 5587 3680 5628 esse
3742 5573 4003 5640 dicimus,
