4416 6448
393 447 488 513 821

1054 445 1283 503 DECAS
1314 446 1372 500 ν.
1406 469 1466 476 -
1510 443 1602 498 ΟΕ
1643 434 2306 499 PROPIllE'l‘ATlBUS
2342 439 2575 497 Dl\'lN.
2619 439 2883 497 NOMlN.

3522 436 3628 496 8°22

396 577 516 626 quae
564 561 632 612 sit
668 574 848 630 causa
905 568 961 610 ut
1017 561 1125 611 sint
1175 558 1353 609 omnia
1404 570 1525 622 qua:
1574 563 1699 606 sunt
1755 554 1950 615 (solum
1988 554 2028 607 Α
2060 559 2112 602 et
2143 564 2346 603 natura;
2379 552 2508 614 sint,
2544 553 2847 606 antecellat.
2881 551 3010 616 Qua:
3040 551 3254 618 quidem
3292 567 3412 602 cum
3452 554 3625 602 adno—

392 653 535 702 cnim
568 651 659 716 qui
692 661 775 702 cst
809 664 1139 715 supraquam
1175 647 1502 707 substantia,
1546 644 1872 712 principium
1901 652 1954 693 et

393 743 630 794 tssentia
664 751 718 793 et
754 755 919 792 causa
953 747 1038 792 est
1077 750 1130 792 et
1178 739 1285 791 sint
1335 738 1520 789 omnia
1573 750 1688 802 quae
1726 743 1872 793 sunt,
1903 742 1955 784 et

396 835 569 898 ipsum
606 831 746 898 esse)
791 847 891 882 nec
924 831 1080 883 aliam
1116 829 1480 890 divinitatem,
1515 840 1634 893 qua!
1671 824 1831 875 vitam
1864 837 1954 888 pa-

398 934 518 981 riat,
567 932 924 987 praeterquam
981 921 1143 970 vitam
1195 918 1271 982 (ι)
1334 930 1666 983 supraquam
1717 914 1953 966 divinam

395 1014 638 1065 Omnium
690 1025 1028 1080 qua'Cunqne
1085 1009 1270 1061 vivunt
1309 1018 1360 1060 et
1413 1007 1583 1072 ipsius
1621 1021 1712 1072 per
1746 1020 1802 1056 se
1834 1005 1956 1060 vitre

394 1119 612 1155 causam
651 1103 930 1169 ponimus;
973 1115 1090 1164 nec,
1124 1109 1181 1152 ut
1235 1099 1541 1151 summatim
1593 1099 1792 1157 dicam,
1825 1097 1957 1148 alias

395 1207 591 1244 causas
643 1189 985 1258 priiieipiales
1020 1204 1224 1246 rerum,
1265 1195 1320 1238 et
1352 1198 1620 1249 creantes,
1671 1195 1724 1237 et
1776 1200 1867 1251 per
1899 1201 1958 1239 se

398 1281 744 1343 c-xsistcntcs,
777 1295 912 1345 quas
943 1278 1162 1345 quidam
1203 1287 1254 1329 et
1290 1277 1418 1329 deos
1455 1291 1656 1336 rerum,
1714 1285 1768 1327 et
1824 1275 1957 1327 cll'e-

399 1385 580 1424 ctores
611 1383 810 1425 temere
849 1370 1199 1424 cﬂ'utiverunt
1235 1368 1308 1436 (α)
1341 1385 1352 1420 :
1407 1383 1541 1435 quos
1580 1383 1705 1421 vere
1753 1377 1803 1419 et
1836 1382 1960 1435 pm-

398 1464 512 1530 prie
544 1463 722 1514 dicere
777 1461 998 1529 (quippe
1028 1477 1149 1512 cuin
1184 1476 1288 1512 non
1321 1463 1523 1524 essent)
1561 1474 1658 1512 nec
1692 1461 1812 1525 ipsi,
1861 1454 1992 1532 nec.

396 1567 584 1602 t'ttt'tltll
645 1560 826 1618 patres
857 1565 920 1604 ac
958 1547 1192 1615 majores
1241 1549 1518 1601 sciverunt
1555 1568 1565 1601 :
1601 1549 1727 1614 quin
1781 1549 1958 1613 potius

399 1661 490 1710 per
522 1659 577 1695 sc
607 1657 747 1705 esse,
784 1653 834 1695 et
869 1658 963 1710 per
995 1657 1051 1693 se
1079 1643 1263 1694 vitam.
1299 1651 1351 1694 et
1383 1657 1479 1709 per
1513 1655 1571 1693 se
1620 1639 1957 1694 divinitatem

400 1731 790 1799 pt'ittcipialilcr
820 1730 1039 1799 quidem
1078 1740 1130 1784 et
1156 1731 1354 1792 divine,
1384 1740 1435 1783 et
1467 1729 1760 1784 efficienter
1791 1745 1956 1782 unum

397 1826 642 1876 omnium
682 1825 1006 1893 principium
1037 1835 1090 1878 et
1136 1840 1355 1878 causam
1385 1840 1714 1894 supraquam
1755 1824 1958 1892 princi-

402 1918 571 1980 pium,
597 1925 648 1968 et
677 1931 1006 1984 supraquam
1054 1916 1412 1969 substantiam
1443 1931 1563 1969 esse
1604 1915 1860 1969 dicimus.
1894 1913 1962 1968 Ut

401 2017 578 2059 autem
617 2008 668 2059 in
717 2007 877 2061 donis
929 2008 1044 2061 suis
1078 2008 1436 2075 partieipatur
1473 2007 1639 2068 Deus,
1673 2007 1977 2075 providen-;

401 2098 502 2148 tias
534 2112 563 2150 a
605 2095 735 2160 Deo:
765 2097 854 2165 qui
893 2096 946 2150 in
994 2112 1051 2151 se
1087 2112 1192 2151 non
1238 2097 1615 2164 participatur,
1655 2105 1962 2161 manantes,

400 2189 633 2240 dicimus
674 2203 766 2256 per
809 2203 867 2241 se
896 2189 1214 2242 substantiae
1257 2187 1620 2247 effertionem,
1657 2202 1752 2255 per
1787 2202 1844 2240 se
1883 2187 1962 2240 vi-

405 2281 789 2342 viticationem,
821 2295 917 2346 per
942 2295 998 2332 se
1033 2279 1469 2342 deificationem;
1513 2293 1746 2346 quorum
1789 2279 1962 2346 parti-

401 2362 723 2437 cipationem
761 2384 898 2436 quae,
938 2380 996 2421 iit
1023 2371 1222 2430 cuique
1257 2372 1531 2432 convenit,
1580 2369 1804 2430 habent,
1838 2369 1969 2423 sub-

402 2463 658 2514 stantiam
690 2462 940 2515 habentia
983 2473 1035 2516 et
1065 2462 1295 2514 viventia
1334 2470 1385 2514 et
1415 2461 1596 2514 divina
1640 2471 1765 2514 sunt
1801 2467 1853 2514 et
1883 2460 1968 2512 di-

404 2563 629 2616 cuntur,
663 2564 713 2606 et
749 2553 999 2605 similiter
1033 2554 1084 2604 in
1114 2553 1254 2617 aliis,
1279 2552 1636 2621 quamobrem
1670 2552 1847 2606 bonus
1878 2553 1968 2606 ille

404 2659 458 2699 et
502 2648 765 2713 ipsorum,
805 2661 923 2713 qua:
972 2644 1141 2710 prima
1173 2653 1321 2706 sunt,
1356 2650 1545 2696 auctor
1589 2659 1713 2696 esse
1745 2644 1993 2708 dicitur,‘

405 2738 600 2790 deinde
631 2752 818 2790 eorum
849 2752 970 2803 quae
1001 2736 1295 2802 ge:.eratim
1328 2745 1382 2785 et
1435 2734 1690 2787 universe
1727 2735 1812 2787 illa
1851 2751 1970 2803 par-

411 2828 657 2895 ticipant.
690 2836 872 2894 postea
897 2840 1087 2877 eorum
1118 2839 1238 2892 quae
1267 2824 1320 2877 in
1349 2835 1520 2892 parte.
1550 2823 1653 2876 Sed
1685 2825 1813 2892 quid
1844 2824 1973 2877 atti-

411 2929 504 2970 net
533 2919 598 2971 de
647 2917 732 2970 bis
762 2916 984 2970 dicere?
1036 2915 1312 2984 Siquidem
1363 2916 1613 2968 nonnulli
1665 2931 1725 2968 ex
1777 2915 1975 2968 nostris

409 3009 608 3062 divinis
641 3008 918 3076 magistris
960 3008 1147 3060 dicunt
1188 3006 1337 3059 illum
1388 3020 1717 3073 supraquam
1751 3006 1972 3069 bonum,

409 3109 460 3151 et
496 3113 823 3166 supraquain
859 3095 1024 3150 Deum
1068 3106 1348 3150 auctorem
1379 3109 1500 3149 esse
1548 3111 1642 3164 per
1673 3111 1728 3148 se
1770 3097 1978 3149 bonita-

2060 651 2129 694 tat
2165 653 2388 695 sanctus
2429 631 2691 694 Maxiin'us
2733 659 2745 693 :
2791 643 2844 694 In
2899 642 3004 707 his,
3047 642 3244 710 inquit,
3282 642 3426 693 clare
3469 643 3629 694 Solvit

2064 734 2394 798 propositam
2433 734 2797 801 quaestionem
2838 752 2850 786 :
2899 732 3375 798 Quemadmodum,
3412 741 3628 797 Oportet

2062 822 2260 884 dicere,
2287 822 2613 890 quandoque
2639 824 2858 891 quidem
2887 825 3262 890 accipiendum
3286 838 3407 876 esse
3436 822 3626 884 Drum,

2059 926 2181 965 cum
2210 913 2443 967 dicimus
2472 927 2565 982 per
2590 929 2647 966 se
2677 915 2864 977 vitam,
2896 923 2950 968 et
2980 915 3080 966 alia
3115 914 3420 979 ejusmodi;
3458 929 3629 980 quan-

2059 1005 2236 1070 doque
2287 1019 2413 1058 vero
2467 1007 2660 1057 horum
2705 1005 3017 1058 eﬂ'eetorem
3071 1019 3209 1065 esse,
3262 1005 3310 1055 id
3362 1016 3462 1067 est,
3515 1003 3627 1055 hrcc.

2059 1111 2274 1150 creasse
2311 1113 2324 1148 :
2368 1099 2626 1162 quoniam
2654 1106 2913 1163 tanquam
2949 1112 3111 1149 causa
3151 1095 3238 1148 ille
3277 1093 3495 1160 quidem
3535 1094 3631 1145 ho-

2061 1201 2202 1248 rum,
2242 1197 2294 1240 et
2325 1188 3012 1253 principium'supraquam
3042 1185 3372 1252 principium
3408 1194 3633 1237 vocatur

2064 1277 2147 1329 his
2178 1277 2530 1337 nominibus;
2562 1292 2622 1328 ea
2661 1292 2790 1327 vero
2814 1293 2934 1344 quze
2965 1279 3076 1329 haec
3106 1277 3451 1345 participant,
3485 1276 3629 1337 inde,

2063 1368 2243 1432 idest,
2286 1384 2349 1420 ex
2402 1368 2738 1435 participatis
2774 1369 3033 1420 dicuntur
3064 1382 3206 1429 esse,
3246 1379 3299 1419 et
3331 1369 3533 1428 vivere,
3579 1375 3634 1418 et

2059 1460 2238 1511 divina
2278 1471 2421 1519 esse,
2457 1459 2575 1509 vitae
2609 1459 2773 1526 igitur
2824 1458 3177 1519 creationem,
3207 1467 3260 1508 et
3314 1457 3632 1509 substantia:

2063 1550 2418 1612 creationem,
2449 1550 2614 1617 ipsas,
2654 1550 2899 1616 inquam,
2930 1564 3014 1600 res
3041 1547 3166 1600 fecit
3199 1547 3356 1600 Deus.
3390 1547 3629 1600 Primum

2064 1641 2227 1708 igitur
2253 1642 2553 1708 cogitemus
2601 1656 2712 1692 rem
2749 1640 2915 1707 ipsam
2947 1658 2957 1700 ;
2997 1640 3192 1692 deinde
3227 1639 3398 1706 ipsius
3430 1639 3502 1690 rei
3537 1653 3632 1705 ge—

2065 1730 2299 1783 neralem
2345 1730 2615 1782 notionem
2663 1727 3043 1788 informemus,
3075 1729 3222 1782 verbi
3264 1729 3434 1796 gratia
3469 1729 3628 1780 vitem

2064 1830 2157 1873 aut
2196 1821 2558 1874 substantiam
2615 1820 2866 1872 universe
2896 1820 3316 1883 consideratam,
3351 1830 3401 1872 et
3444 1829 3627 1886 postca

2067 1914 2118 1965 in
2153 1922 2324 1979 parte.
2354 1910 2498 1963 Idem
2532 1909 2792 1964 Maximus
2820 1912 2996 1979 capite
3022 1927 3164 1964 nono
3192 1929 3204 1964 :
3236 1911 3404 1971 Solet,
3431 1913 3626 1980 inquit,

2070 2007 2359 2076 Dionysius
2392 2005 2558 2058 Deum
2592 2005 2658 2058 ab
2685 2003 2890 2057 effectis
2944 2006 3124 2057 dicere
3161 2020 3257 2073 per
3303 2020 3360 2058 se
3406 2020 3546 2069 esse,
3583 2017 3634 2057 rt

2068 2101 2238 2168 ipsius
2273 2115 2366 2168 per
2397 2114 2453 2152 se
2483 2114 2604 2153 esse
2635 2098 2946 2152 elIectorem
2975 2118 2986 2162 ;
3021 2107 3073 2152 et
3097 2100 3274 2166 ipsum
3305 2116 3423 2155 esse
3457 2118 3549 2168 per
3577 2118 3634 2155 se

2067 2191 2253 2252 vitam,
2282 2201 2333 2243 et
2368 2205 2460 2258 per
2482 2206 2539 2244 sc
2571 2190 2692 2244 vita:
2719 2190 3066 2257 en‘ectorem;
3099 2194 3243 2247 sicut
3279 2210 3423 2247 nunc
3459 2195 3632 2261 ipsum

2067 2296 2190 2335 esse
2243 2296 2339 2349 per
2390 2296 2446 2336 se
2481 2281 2916 2346 similitudinem,
2945 2292 2996 2336 et
3033 2298 3127 2350 per
3166 2298 3224 2337 se
3263 2285 3637 2339 similitudinis

2070 2382 2363 2436 auctorem,
2415 2375 2529 2427 liazc
2563 2383 2743 2427 autem
2785 2373 2940 2438 dicit,
2977 2389 3082 2427 non
3129 2375 3283 2441 quasi
3316 2376 3462 2430 dicat
3501 2378 3635 2431 alte-

2070 2481 2184 2518 ram
2221 2465 2438 2534 quidem
2482 2465 2649 2518 vitam
2679 2480 2800 2540 esse
2827 2465 3002 2534 ipsum
3036 2466 3223 2532 Deum,
3251 2467 3476 2521 alteram
3509 2485 3638 2522 vero

2073 2558 2392 2625 productam
2446 2571 2564 2610 esse
2615 2557 3057 2622 substantialem,
3114 2567 3169 2612 et
3225 2559 3389 2612 veluti
3454 2576 3548 2628 per
3581 2577 3639 2614 se

2074 2651 2422 2702 exsistenti-m
2477 2658 2670 2716 pratter
2709 2649 2897 2713 Deum,
2933 2665 3096 2718 quam
3147 2652 3473 2720 participant
3519 2669 3642 2719 qua:

2077 2741 2239 2793 vitam
2281 2740 2638 2808 participant;
2682 2740 2775 2793 sed
2828 2740 3033 2809 potius,
3069 2741 3212 2795 sicut
3238 2743 3353 2810 ipse
3393 2753 3475 2795 est
3508 2758 3642 2797 suus

2078 2831 2364 2900 interpres,
2393 2847 2442 2884 c.
2491 2847 2545 2885 ix
2584 2850 2597 2884 :
2640 2831 2739 2885 Per
2794 2847 2853 2885 se
2895 2833 3114 2900 quidem
3160 2834 3291 2896 vita,
3345 2837 3538 2904 inquit,
3591 2844 3646 2890 rt

2079 2938 2173 2991 per
2200 2937 2257 2975 se
2287 2932 2546 2988 poteslas,
2573 2933 2624 2975 et
2666 2939 2760 2990 per
2793 2937 2852 2978 se
2880 2925 3203 2990 similitudo,
3229 2938 3276 2978 et
3323 2929 3427 2980 alia
3459 2929 3647 2998 hujus-

2083 3013 2224 3067 modi
2261 3014 2459 3066 dicitur
2489 3013 2649 3075 Deus,
2693 3015 2836 3079 quod
2884 3017 2997 3068 hrec
3033 3018 3104 3069 sit
3155 3025 3412 3082 tanquam
3448 3023 3650 3086 princi—

2081 3104 2274 3173 paliter
2301 3115 2353 3157 et
2383 3104 2589 3168 divine,
2624 3113 2677 3156 et
2706 3104 3019 3170 efﬁcienter,
3056 3109 3167 3160 haec
3214 3108 3361 3162 enim
3395 3120 3479 3163 est
3533 3112 3649 3177 ipse

414 3190 502 3248 tis.
540 3199 592 3242 et
628 3204 720 3258 per
751 3203 809 3243 se
843 3187 1163 3249 divinilaliS.
1206 3197 1401 3240 V003"!
1435 3198 1614 3239 NIle
1651 3201 1749 3253 Per
1777 3202 1834 3240 5°
1877 3187 1976 3239 bO-
2004 3194 2047 3250 C
2080 3215 2265 3252 eorum
2300 3213 2460 3251 verus
2499 3198 2653 3261 fons;
2687 3207 2878 3251 auctor
2905 3213 3032 3252 vero
3071 3208 3152 3252 est
3184 3214 3278 3266 per
3307 3215 3364 3253 se
3396 3201 3651 3254 similitu-

415 3283 660 3339 nitatem.
703 3290 755 3333 et
786 3294 877 3346 per
910 3293 967 3332 se
998 3277 1335 3331 divinitatem
1364 3277 1564 3329 donum
1591 3290 1618 3328 a
1661 3277 1768 3328 Deo
1800 3275 1978 3343 profe-

414 3384 580 3434 etum,
615 3371 760 3441 quod
795 3373 969 3427 bonos
996 3381 1048 3424 et
1091 3371 1220 3424 deos
1246 3368 1370 3422 facit
1403 3368 1517 3438 (2);
1554 3378 1606 3421 et
1635 3383 1728 3434 per
1756 3383 1813 3420 se
1855 3367 1977 3436 pul-

414 3466 774 3518 chritudinem
820 3463 1020 3516 donum
1054 3477 1082 3514 a
1116 3459 1222 3512 Deo
1257 3459 1510 3523 effusum,
1546 3459 1690 3527 quod
1725 3460 1980 3526 pulchros

421 3556 618 3618 reddit,
648 3555 837 3607 dicunt
871 3555 1034 3606 etiam
1072 3561 1235 3604 totam
1270 3551 1749 3618 pulchritudinem,
1777 3561 1827 3603 et
1858 3553 1979 3620 pul-

418 3649 778 3700 chritudinem
814 3661 878 3698 ex
928 3655 1110 3713 parte;
1147 3652 1197 3696 et
1232 3643 1484 3695 universe
1530 3643 1778 3711 pulchra.
1831 3651 1884 3694 et
1929 3643 1982 3694 iu

422 3748 569 3804 parte
606 3737 850 3804 pulchra,
888 3745 941 3788 et
968 3747 1308 3802 qurecunque
1337 3731 1441 3784 alia
1483 3733 1672 3783 eodem
1709 3731 1868 3783 modo
1902 3733 1985 3784 di-

421 3848 503 3882 rta
537 3839 682 3892 sunt,
716 3839 766 3882 et
816 3829 1084 3889 dicentur,
1117 3841 1236 3895 quae
1289 3825 1567 3878 declarant
1621 3824 1989 3891 providentias

421 3936 472 3976 et
503 3924 792 3981 bonitates.
816 3921 881 3973 ab
921 3919 987 3973 iis
1016 3933 1132 3986 que
1166 3919 1216 3973 iu
1247 3931 1425 3969 rerum
1464 3924 1654 3967 natura
1690 3928 1837 3978 sunt,
1871 3931 1989 3984 par—

426 4015 694 4080 ticipatas,
727 4028 756 4065 a
794 4013 902 4066 Deo
938 4010 1032 4079 qui
1064 4020 1146 4064 est
1182 4019 1330 4060 extra
1375 4008 1456 4061 sui
1492 4007 1983 4074 participationem,

425 4108 570 4174 larga
596 4105 860 4158 effusione
890 4102 1231 4155 dimanantes
1261 4110 1311 4152 et
1336 4099 1665 4168 profluentes
1699 4110 1754 4151 ut
1784 4100 1875 4166 qui
1906 4108 1990 4152 est

424 4212 584 4250 causa
618 4195 884 4258 omnium,
936 4193 1174 4262 perfecte
1223 4191 1288 4246 sit
1345 4190 1484 4242 ultra
1533 4189 1754 4250 omnia;
1806 4200 1860 4242 et
1895 4189 1988 4258 qui

427 4288 788 4343 substantiam
826 4295 878 4338 et
920 4294 1168 4336 naturam
1203 4290 1514 4348 exsuperat,
1549 4295 1611 4332 ex
1640 4281 1787 4333 omni
1835 4292 1989 4350 parte

427 4393 476 4436 et
520 4383 571 4433 in
605 4379 921 4432 universum
956 4377 1212 4430 omnibus
1241 4375 1621 4442 cujuscunque
1670 4374 1989 4429 substantia:

2079 3292 2242 3354 dinis,
2269 3300 2320 3342 et
2359 3289 2617 3342 similium
2645 3298 2902 3357 tanquam
2939 3289 3178 3358 largiens
3216 3293 3542 3361 participate
3583 3297 3650 3348 iis

2081 3396 2198 3448 quae
2236 3381 2468 3446 primum
2504 3381 2642 3434 inter
2684 3395 2747 3433 ea
2782 3396 2903 3447 qua:
2933 3391 3081 3444 sunt,
3115 3383 3217 3435 hoc
3242 3385 3447 3437 donum
3485 3395 3654 3452 parti-

2081 3473 2283 3538 Cipant,
2324 3479 2518 3523 cuncta
2561 3485 2820 3538 namque,
2862 3481 2922 3524 ut
2955 3472 3227 3540 cujusque
3279 3486 3486 3529 natura:
3522 3493 3652 3530 con-

2086 3565 2247 3622 venit,
2290 3561 2603 3628 hujusmodi
2633 3563 2769 3613 dona
2804 3565 3152 3632 participant,
3197 3566 3387 3633 prima:
3430 3568 3652 3634 quidem

2083 3661 2136 3704 et
2167 3667 2434 3718 supremae
2467 3653 2606 3704 inter
2645 3653 2897 3708 caelestes
2931 3664 3141 3708 mentes
3174 3666 3438 3708 creatura:
3486 3660 3656 3721 parti-

2085 3744 2261 3808 cipant
2299 3742 2603 3810 praecipue;
2663 3757 2784 3810 qua:
2835 3759 2965 3796 vero
3000 3746 3279 3813 deinceps,
3333 3747 3652 3816 participant

2087 3831 2226 3883 infra
2273 3831 2411 3884 illas.
2464 3833 2537 3884 Ex
2566 3833 2765 3900 quibus
2819 3833 3165 3889 manifestum
3221 3834 3472 3900 cﬂicitur,
3510 3839 3653 3903 quod

2087 3923 2231 3976 sicut
2269 3924 2431 3976 Deum
2463 3937 2635 3976 :evum
2663 3933 2718 3977 et
2756 3933 2973 3993 tempus
3023 3926 3280 3990 dicimus,
3315 3936 3370 3979 et
3409 3929 3655 3981 eumdem

2091 4029 2280 4066 rursus
2304 4014 2400 4066 aevi
2443 4023 2496 4068 et
2533 4015 2788 4083 temporis
2831 4027 3106 4071 auctorem
3137 4021 3220 4079 (ex
3269 4017 3478 4073 elTectis
3509 4021 3656 4073 enim

2095 4114 2145 4158 et
2180 4104 2400 4168 creatis,
2431 4119 2552 4172 quae
2581 4105 2696 4172 ipse
2725 4107 3004 4174 produxit,
3041 4110 3281 4176 suppetit
3313 4111 3470 4163 nobis
3501 4113 3656 4180 copia

2094 4191 2405 4260 imponendi
2456 4193 2504 4246 ei
2553 4194 2798 4259 nomina)
2844 4204 2897 4248 et
2943 4197 3086 4251 sicut
3141 4199 3313 4265 magis
3365 4197 3531 4252 Deum
3569 4217 3662 4253 no-

2097 4283 2369 4337 minamus
2401 4299 2574 4338 aevum
2611 4285 2707 4354 ('5),
2749 4301 2775 4338 a
2808 4287 2986 4354 primo
3020 4287 3139 4356 ejus
3173 4305 3336 4357 opere
3371 4291 3548 4357 facto;
3582 4294 3660 4346 sic

2099 4376 2264 4430 etiam
2296 4377 2363 4430 ab
2407 4377 2474 4430 iis
2509 4390 2630 4444 qua:
2668 4387 2796 4432 sunt
2835 4379 3136 4434 secundum
3173 4397 3371 4440 aevum.
3417 4384 3662 4438 absolute

1915 4511 2193 4573 Scholia.

502 4643 574 4708 tl)
614 4639 783 4692 Vitam
817 4650 1134 4703 sapraquam
1164 4633 1414 4685 divinam.
1447 4629 1567 4708 Vita
1594 4630 1682 4683 Dei
1715 4639 1800 4684 est
1825 4646 1989 4699 supra
2020 4637 2069 4697 Ι)
2097 4635 2190 4689 sed
2217 4633 2428 4687 ratione
2451 4633 2521 4708 ab
2543 4635 2624 4687 eis
2643 4649 2952 4708 separatum
2973 4636 3064 4703 qni
3093 4639 3511 4708 participauone
3537 4642 3660 4695 vim

431 4703 594 4762 vitam
631 4709 910 4762 hominum
944 4714 1257 4758 sanctorum
1291 4712 1344 4755 et
1373 4703 1712 4768 angelorum,
1750 4715 1986 4767 quorum

431 4779 539 4833 vita
572 4789 656 4834 est
684 4778 887 4837 divina,
921 4776 1065 4827 sicut
1098 4780 1358 4837 scriptum
1388 4780 1473 4824 est
1502 4789 1513 4821 :
1564 4769 1704 4823 Deus
1738 4770 1985 4833 deorum,

431 4863 536 4901 etc.
575 4848 762 4916 tl‘sal.
799 4846 966 4910 χιιι),
1001 4842 1258 4916 etjllud:
1294 4839 1402 4908 Ego
1429 4839 1584 4916 _dixi,
1623 4839 1700 4892 Dii
1737 4841 1890 4904 estis,
1934 4849 1988 4894 et

433 4923 523 4972 lilii
555 4910 761 4971 FIxcclsi
800 4930 992 4967 omnes
1022 4913 1037 4979 (
1067 4911 1206 4964 Psal.
1245 4926 1404 4979 mtin
1429 4910 1469 4977 ).

508 4992 580 5054 (ἓ)
600 4987 745 5052 Quod
767 4989 945 5042 bonos,
969 4978 1158 5054 etjdeos
1183 4981 1331 5054 facit.
1356 4978 1636 5047 Tanquam
1659 4978 1984 5054 principium

435 5049 764 5125 paitici‘pans
809 5053 1132 5122 principium
1175 5049 1418 5126 omnium
1465 5065 1671 5126 rerum,
1703 5049 1846 5126 quod
1882 5065 1986 5102 non

435 5120 609 5194 potest
636 5120 974 5194 participare
1001 5136 1175 5194 neque
1199 5124 1250 5171 in
1281 5135 1336 5171 se
1366 5120 1699 5194 participari,
1728 5122 1856 5194 quia
1884 5135 1988 5170 non

440 5188 618 5266 potest
643 5188 763 5248 'lieri
807 5188 1221 5266 pars’alicujus.
1252 5188 1395 5266 quod
1435 5200 1516 5241 est
1555 5189 1703 5266 solus
1742 5189 1901 5266 Deus:
1937 5197 1990 5240 et

441 5257 697 5334 ianqnaui
734 5257 1057 5330 principium
1087 5258 1572 5334 imparticipatum,
1608 5258 1732 5325 quia
1767 5267 1847 5310 est
1875 5257 1988 5309 for-

441 5329 577 5389 mal}
616 5329 941 5404 principium
981 5329 1430 5404 participantibi's
1468 5329 1519 5404 in
1549 5343 1646 5404 suo
1674 5342 1904 5404 genere;
1937 5337 1992 5377 ut

439 5420 532 5474 per
566 5397 626 5459 se
654 5397 886 5463 bonitas,
937 5397 1260 5474 principium
1291 5397 1522 5474 formale
1561 5397 1717 5474 bonis
1751 5410 1877 5474 non.
1915 5411 1987 5456 re,

439 5466 532 5530 Sed
567 5476 778 5526 ratione
810 5466 1126 5537 separatum
1156 5483 1184 5519 a
1220 5467 1394 5537 bonis,
1435 5467 1525 5537 qui
1574 5466 1991 5537 participatione

440 5544 701 5598 bonitatis
734 5534 929 5594 creata:
978 5541 1231 5590 dicuntur
1261 5535 1471 5590 et'sunt
1506 5534 1806 5587 formaliter
1840 5535 1992 5596 boui,

441 5632 536 5684 per
561 5629 616 5670 se
641 5616 770 5675 vita,
801 5609 1124 5680 principium
1158 5607 1379 5660 l'ormale
1412 5606 1739 5667 viventibus,
1773 5619 1875 5658 non
1909 5619 1986 5666 re,

510 5821 582 5890 tu)
616 5821 782 5886 Plato,
813 5822 865 5876 in
896 5819 1106 5873 Ttimt'o.

2097 4714 2314 4766 creata},
2349 4719 2468 4770 qua:
2492 4703 2696 4756 donum
2725 4703 2814 4756 Dei
2842 4718 2947 4768 est,
2975 4717 3024 4756 et
3059 4703 3321 4769 perfectio
3352 4712 3419 4760 ab
3453 4725 3516 4760 eo
3547 4727 3665 4763 ina-

2097 4787 2255 4834 nans,
2287 4773 2542 4825 dicuntur
2569 4783 2621 4824 et
2666 4782 2793 4825 sunt
2839 4773 3140 4826 formaliter
3175 4776 3454 4830 viventes:
3491 4789 3543 4832 et
3575 4781 3650 4831 si—

2096 4843 2298 4914 militer
2342 4843 2398 4914 in
2431 4842 2661 4914 reliquis
2693 4843 3000 4914 hujusmodi
3045 4847 3328 4914 principiis
3361 4849 3661 4902 secundum

2097 4911 2536 4981 uriiuscujusque
2586 4912 2832 4980 principii
2886 4924 3133 4965 naturam
3187 4911 3241 4968 et
3290 4916 3558 4981 ordinem,
3598 4936 3664 4972 ex

2096 4983 2153 5034 S.
2193 4980 2423 5034 Thoma.

2171 5052 2248 5117 (‘5)
2304 5051 2368 5102 Et
2423 5054 2556 5105 sicut
2613 5053 2779 5120 magis
2817 5067 3002 5104 rerum.
3064 5052 3221 5106 Sicut
3274 5054 3414 5109 Deus
3466 5058 3668 5111 dicitur

2099 5134 2298 5193 aevum,
2332 5123 2424 5189 qui
2458 5133 2542 5176 est
2565 5131 2755 5193 auctor
2778 5121 2897 5182 aevi,
2927 5132 2982 5174 et
3014 5137 3200 5193 eorum
3239 5124 3291 5177 in
3317 5126 3517 5192 quibus
3549 5140 3667 5179 teu-

2100 5191 2246 5241 ditur
2284 5207 2457 5243 aevum
2489 5211 2499 5252 ;
2537 5192 2614 5244 sic
2655 5190 2856 5244 dicitur
2891 5208 2984 5260 per
3017 5208 3072 5244 se
3098 5190 3238 5256 esse,
3312 5190 3405 5261 per
3437 5213 3494 5250 se
3533 5199 3663 5258 vita,

2102 5275 2206 5332 per,
2230 5273 2288 5313 se
2328 5261 2690 5327 sapientia,et
2727 5261 2979 5314 similiter
3013 5262 3064 5314 in
3097 5263 3242 5325 aliis,
3279 5269 3406 5332 quia
3431 5276 3511 5320 est
3539 5283 3668 5318 cuu-

2102 5345 2159 5380 sa
2200 5331 2251 5380 iu
2291 5331 2555 5383 creaturis
2599 5346 2689 5396 per
2722 5345 2778 5384 sc
2820 5347 2962 5393 esse,
3001 5347 3096 5398 per
3140 5349 3198 5386 se
3227 5331 3370 5396 vitte,
3407 5349 3456 5389 et
3509 5338 3666 5388 suni-

2102 5399 2254 5456 lium,
2276 5415 2394 5465 qua:
2413 5409 2539 5469 sunt
2564 5401 2704 5451 dona
2729 5402 2868 5468 ejus,
2893 5402 2944 5452 in
2970 5402 3171 5469 quibus
3187 5417 3430 5457 versatur
3455 5422 3666 5469 rerum;

2103 5483 2206 5519 non
2242 5469 2384 5520 enim
2413 5468 2512 5521 luit
2552 5479 2787 5537 tempus,
2825 5485 2946 5522 cum
2989 5468 3102 5523 non
3134 5483 3318 5526 essent
3367 5477 3502 5532 haec.
3544 5468 3668 5538 qua:

2100 5553 2220 5589 cum
2245 5547 2553 5613 mro-empta
2591 5551 2715 5592 sunt
2743 5544 2758 5606 (
2785 5541 3050 5610 siquidem
3086 5543 3304 5596 fuerunt
3333 5544 3386 5597 iu
3419 5545 3668 5613 angelis),

2103 5621 2221 5672 qua)
2252 5609 2583 5674 cogitatione
2613 5620 2800 5664 nostra
2848 5621 2972 5666 sunt
3008 5614 3258 5668 absoluta
3292 5625 3344 5670 et
3385 5609 3665 5672 abstracta
