4416 6448
744 375 851 438 8‘23

1890 395 2788 464 JOANNIS'CYPARISSIOT.E
2876 454 2880 460 .

3867 364 3968 479 δελ

748 511 1126 554 mmmam“:
1170 503 1289 602 "Fc"
1320 520 1347 557 ³
1391 523 1483 571 per
1520 526 1582 562 se
1618 526 1759 570 “se.
1785 522 1838 565 ει
1875 529 1902 565 ³
1937 529 2029 580 μετ
2067 529 2127 566 se
2169 517 2298 577 Vila,
2331 515 2376 569 Α
2405 531 2563 583 esse;
2606 524 2706 576 hoc
2741 534 2943 579 tantum
2974 529 3250 592 dilierunt,
3301 534 3442 599 quod
3473 535 3584 586 lucc
3609 534 3825 600 quidem
3857 535 3967 602 pri—

744 603 797 639 ct
822 606 848 638 a
896 606 988 656 pt-r
1017 605 1075 644 se
1103 597 1385 661 sapientia,
1432 614 1530 652 nec
1560 601 1701 653 enim
1736 603 1848 657 hare
1893 605 2148 658 dicuntur
2174 606 2305 659 sim-

746 678 957 744 pliciter
981 683 1249 748 ahsoluta,
1288 687 1379 740 sed
1409 690 1642 755 alicujus
1689 707 1808 745 csse
1847 693 2070 762 aliquid,
2105 697 2308 748 idcirco

748 771 925 835 primo
973 787 1093 826 esse
1125 775 1279 840 dixit,
1312 794 1650 848 quaecunque
1676 783 1917 850 ejusdem
1949 785 2155 839 ordinis
2185 802 2306 838 cum

746 874 881 922 :m'o,
908 863 1152 919 absolute
1182 867 1456 931 dicuntur,
1507 875 1780 939 quomodo
1815 875 1960 926 enim
2013 891 2107 942 per
2128 890 2186 928 se
2215 891 2309 929 er-

744 954 890 1005 sistit
923 971 1096 1008 :tvum
1146 968 1198 1010 ct
1242 971 1473 1028 tempus,
1508 964 1609 1017 uisi
1661 966 2076 1020 considerentur
2131 967 2183 1020 in
2243 969 2308 1021 iis

743 1060 866 1112 quze
916 1063 1086 1101 mrum
1130 1063 1296 1117 agunt
1355 1063 1410 1106 et
1459 1057 1711 1120 tempus?
1769 1058 1937 1110 Aliter
1988 1061 2152 1112 etiam
2206 1062 2310 1114 hoc

744 1145 914 1202 patet,
945 1140 990 1190 si
1041 1143 1184 1192 enim
1241 1142 1379 1197 Deus
1419 1147 1660 1198 omnium
1717 1162 1839 1214 qua:
1886 1160 2033 1213 sunt,
2091 1149 2310 1204 effector

744 1237 847 1289 est,
901 1230 1275 1299 multomagis
1310 1249 1497 1303 eorum
1541 1253 1662 1305 quae
1713 1241 1885 1305 prima
1941 1251 2090 1303 sunt,
2140 1242 2207 1293 ab
2248 1241 2312 1295 iis

749 1320 915 1384 igitur
959 1335 1076 1387 quc
1110 1333 1257 1385 sunt,
1301 1333 1354 1377 et
1391 1328 1733 1391 patissimum
1779 1345 1899 1396 qua:
1952 1332 2123 1398 prima
2161 1345 2308 1396 sunt,

747 1420 1002 1476 tanquam
1064 1414 1309 1465 omnium
1357 1426 1548 1468 auctor
1603 1420 1940 1472 nominatur.
1991 1421 2130 1485 Quia
2182 1435 2311 1475 vero

745 1504 861 1555 vult
893 1505 1064 1571 magis
1097 1507 1242 1573 quod
1276 1507 1426 1571 dicit,
1485 1509 1799 1579 explanare,
1858 1513 2018 1565 valde
2076 1513 2314 1568 dilucide

749 1610 869 1662 quae
901 1595 1013 1648 haec
1047 1597 1096 1648 in
1123 1597 1348 1650 dubium
1381 1608 1666 1662 venerunt,
1698 1601 1857 1655 solvit
1895 1621 1906 1656 :
1940 1611 1994 1656 et
2026 1619 2316 1672 aggressus

751 1704 814 1740 ea
844 1702 963 1755 quia.
991 1691 1069 1742 sic
1099 1691 1345 1743 absolute
1373 1691 1630 1744 dicuntur
1671 1694 1958 1758 Dndpﬁqq,
1995 1695 2045 1746 id
2093 1705 2194 1757 est,
2225 1710 2314 1748 es-

2412 627 2557 664 nnnn
2588 615 2776 668 elfecta
2815 628 2965 683 sinit,
3009 631 3063 674 et
3111 638 3204 689 per
3236 625 3348 676 haec
3376 624 3560 677 eﬂ‘ecta
3611 633 3872 686 extrema,
3915 634 3973 676 ut

2411 701 2453 752 si
2477 703 2598 766 quis
2626 704 2677 754 in
2718 705 2957 760 minimis
2997 711 3264 763 creaturis
3291 712 3467 764 videat
3496 713 3667 764 turbes
3701 712 3851 778 prius
3881 726 3966 764 es-

2409 791 2601 845 sistere
2633 809 2794 860 quatu
2831 797 3089 864 pluviam,
3131 811 3181 851 et
3215 816 3308 867 por
3335 801 3507 853 nubes
3544 799 3709 852 Deum
3753 803 3968 866 pluere;

2410 891 2462 933 et
2495 880 2638 934 sicut
2672 895 2851 938 motus
2878 889 3146 941 exsistunt
3181 900 3395 955 propter
3439 890 3682 954 mobilia,
3712 899 3765 942 et
3800 889 3974 942 nubes

2414 985 2633 1039 propter
2669 974 2927 1041 pluviam,
2964 979 3027 1030 ad
3076 978 3325 1031 eumdem
3382 981 3601 1034 modum
3656 980 3977 1032 substantiae

2413 1065 2714 1118 creationcs
2756 1079 2977 1132 prapter
3009 1069 3367 1132 substantias,
3424 1079 3476 1122 et
3507 1071 3629 1122 vitae
3667 1070 3976 1122 creationes

2416 1165 2633 1222 propter
2681 1160 2839 1221 vitas,
2895 1169 2947 1212 et
2983 1159 3341 1213 deilicationis
3397 1160 3704 1214 creationes
3757 1168 3978 1227 propter

2413 1247 2682 1309 deilicata,
2716 1264 2877 1302 omne
2915 1259 3091 1302 autem
3124 1251 3267 1318 quod
3308 1262 3527 1318 propter
3554 1265 3774 1304 causam
3809 1258 3891 1305 est
3920 1257 3976 1303 et

2416 1349 2681 1400 movetur,
2721 1348 2897 1392 ortum
2935 1355 3153 1408 quoque
3191 1341 3391 1393 habere
3417 1341 3847 1393 demonstratum
3871 1348 3977 1392 est.

2415 1425 2573 1479 Ponit
2604 1440 2783 1482 autem
2821 1429 3108 1499 Dionysius
3137 1446 3258 1485 esse
3290 1432 3457 1485 Deum
3487 1439 3763 1484 auctorem
3799 1445 3893 1498 per
3923 1442 3982 1482 se

2416 1519 2695 1584 booitatis,
2739 1530 2793 1573 et
2841 1536 2934 1591 per
2969 1538 3028 1575 se
3059 1522 3382 1587 divinitatis,
3429 1523 3682 1578 similiter
3713 1529 3772 1573 ttt
3806 1520 3982 1572 actio-

2417 1626 2544 1662 num
2580 1621 2633 1663 et
2670 1611 2971 1664 motionum
2998 1611 3089 1664 Dei
3131 1613 3269 1666 Deus
3302 1620 3387 1664 est
3413 1622 3624 1675 auctor,
3665 1610 3983 1662 divinitates

2421 1716 2547 1754 vero
2588 1701 2875 1756 inferiores
2919 1702 3158 1770 intellige
3204 1703 3542 1771 angelorum,
3589 1710 3643 1754 et
3697 1699 3984 1752 hominum

751 1782 965 1831 sentite.
989 1778 1247 1842 Primam,
1290 1789 1342 1832 et
1376 1796 1497 1847 quae
1536 1782 1772 1834 maxime
1799 1783 2206 1848 quodammodo
2243 1783 2317 1835 vi-
2349 1830 2390 1883 Β
2415 1793 2495 1862 jus

2243 1783 2317 1835 νὶ-
2349 1830 2390 1883 Β
2415 1793 2713 1862 justorum,
2748 1809 2940 1848 rursus
2967 1809 3092 1846 vero
3119 1793 3379 1862 intellige,
3410 1794 3829 1859 interpretatum
3861 1803 3986 1844 esse

749 1873 908 1924 detttr
935 1873 1262 1937 substantia,
1292 1888 1397 1925 non
1425 1867 1788 1928 substantiam
1812 1875 2077 1942 aliquam,
2114 1875 2312 1943 inquit,

749 1964 983 2018 divinant
1030 1975 1123 2017 aut
1161 1966 1463 2032 augellcatu
1494 1967 1726 2020 dicimus
1781 1981 1873 2032 per
1915 1980 1972 2018 se
2006 1980 2145 2028 esse,
2199 1980 2318 2032 qua:

750 2058 821 2109 sit
854 2072 1015 2109 causa
1072 2066 1129 2109 ut
1177 2057 1359 2108 omnia
1399 2057 1507 2110 siut
1543 2075 1556 2118 ;
1593 2057 1636 2110 si
1692 2068 1870 2110 autem
1918 2058 2217 2124 antiquius,
2267 2065 2320 2109 et

749 2151 987 2218 primum
1025 2165 1086 2202 ex
1121 2149 1298 2213 donis,
1334 2150 1476 2217 quod
1524 2149 1651 2214 quia
1703 2161 1785 2202 est
1837 2157 1891 2201 ct
1944 2148 2317 2215 participatur.

748 2242 853 2294 al3a
888 2241 1029 2293 dona
1061 2250 1266 2310 suntet
1315 2242 1594 2308 dicuntur,
1642 2256 1750 2293 non
1784 2252 1866 2293 est
1910 2256 2084 2308 neque
2138 2239 2319 2293 divina

747 2349 849 2389 nec
909 2336 1154 2403 angelica
1219 2335 1549 2398 substantia,
1613 2334 1720 2387 imo
1770 2349 1871 2388 nec
1920 2349 2084 2387 causa
2127 2343 2185 2386 ut
2215 2333 2322 2386 sint

746 2428 930 2482 Omnia
966 2426 1137 2492 (solus
1177 2427 1321 2480 enim
1361 2426 1523 2492 Deus,
1566 2427 1659 2495 qui
1706 2435 1786 2480 est
1834 2441 2161 2494 supraquam
2197 2427 2323 2477 stili-

749 2522 972 2584 stautia,
1006 2530 1060 2573 et
1110 2520 1464 2587 principium,
1490 2528 1548 2573 et
1578 2520 1838 2580 essentia,
1868 2527 1920 2571 et
1952 2533 2114 2572 causa
2145 2530 2230 2571 εει
2264 2527 2322 2569 ut

747 2614 858 2665 sint
882 2624 1076 2666 cuncta
1106 2627 1225 2680 qua:
1255 2623 1403 2670 sunt.
1446 2621 1500 2664 et
1533 2611 1770 2679 idipsum
1814 2610 2129 2679 simpliciter
2154 2609 2320 2676 esse),

749 2703 804 2756 in
836 2702 981 2770 quali
1026 2703 1244 2756 tandem
1275 2703 1468 2754 ordine
1506 2716 1568 2756 ca
1601 2716 1722 2769 qua:
1754 2702 1834 2758 sic
1859 2701 2117 2755 dicuntur
2151 2701 2323 2769 magis

749 2795 1120 2863 principialia,
1157 2794 1465 2861 ponemus?
1498 2793 1562 2846 Et
1596 2792 1642 2846 si
1695 2807 1803 2847 non
1854 2801 1983 2846 sunt
2022 2807 2201 2845 causa:
2232 2808 2324 2844 co-

745 2903 867 2942 rum
901 2903 1021 2956 qua:
1058 2898 1210 2947 sunt,
1244 2903 1342 2941 uec
1384 2888 1510 2940 item
1544 2894 1708 2942 erunt
1753 2885 2052 2940 cﬂcctricia
2103 2887 2320 2948 horum,

744 2980 890 3048 quod
931 2980 975 3034 si
1019 2993 1127 3031 non
1174 2979 1414 3032 eﬂiciunt
1442 2993 1503 3031 ea
1547 2993 1666 3045 quae
1694 2988 1845 3042 sunt,
1875 2994 2052 3046 neque
2078 2987 2205 3031 sunt
2237 2976 2320 3028 fa-

745 3074 926 3127 cultas
961 3087 1062 3126 ncc
1109 3071 1357 3139 Operatio
1414 3072 1503 3125 Dei
1535 3071 1778 3126 eli‘ectrix
1814 3081 1867 3125 et
1911 3072 2145 3138 creatrix
2199 3071 2323 3122 uni-

2391 1885 2761 1951 .apertissime
2801 1884 3117 1951 Dionysium
3149 1883 3426 1938 declarare
3457 1883 3572 1936 haec
3620 1881 3863 1942 nomina,
3891 1880 3989 1933 do-

2422 1989 2552 2028 num
2591 1989 2616 2026 a
2660 1973 2771 2028 Deo
2799 1974 3126 2042 profectum,
3169 1983 3224 2027 et
3257 1973 3472 2042 pulchri
3507 1977 3562 2027 in
3597 1987 3659 2024 ea
3687 1984 3808 2036 qua:
3852 1967 3989 2020 foris

2422 2076 2569 2124 sunt,
2625 2064 2984 2128 eﬂ'usionem;
3037 2064 3333 2128 declarare,
3382 2064 3625 2131 inquam,
3678 2069 3886 2113 motum
3936 2065 3992 2110 et

2423 2160 2691 2212 actionem
2728 2157 2844 2222 Dei,
2892 2168 3150 2227 tanquam
3194 2155 3534 2211 eﬂectionem
3566 2161 3619 2210 et
3652 2151 3987 2207 creationem

2426 2253 2596 2320 ipsius
2619 2251 2730 2305 Dei.
3128 2287 3131 2290 ‹

3021 2359 3249 2418 CAPUT
3303 2358 3396 2414 Ἦ.

2429 2484 2500 2537 De
2530 2490 2809 2550 potestate,
2863 2483 2973 2532 sine
3019 2478 3232 2550 virtute,
3282 2483 3328 2527 et
3372 2472 3630 2550 justitiq;
3669 2480 3718 2524 et
3766 2469 3904 2535 quod
3957 2481 3992 2518 α

2493 2542 2746 2619 potestate
2791 2551 2995 2619 inﬁnite
3025 2548 3240 2619 portenti,
3271 2552 3391 2619 et_a
3413 2542 3652 2610 justitia,
3685 2555 3777 2606 per
3791 2554 3863 2619 _se
3890 2552 3991 2619 por

2497 2607 2683 2683 testas,
2711 2630 2759 2673 et
2790 2607 2881 2688 pe'r
2901 2635 2955 2672 se
2970 2607 3187 2684 jtistitia
3213 2607 3482 2680 producta:
3511 2620 3631 2665 sunt
3667 2619 3716 2664 et
3748 2607 3992 2676 effectae;

2495 2704 2544 2746 et
2581 2708 2702 2761 qua:
2721 2693 2773 2742 in
2813 2691 2884 2742 eis
2916 2689 3285 2757 proprietates.

2499 2806 2725 2875 Magnus
2766 2801 3061 2872 Dionysius
3107 2815 3227 2864 cap.
3260 2805 3458 2852 octavo
3497 2792 3568 2848 De
3601 2792 3794 2847 divinis
3823 2789 3997 2842 nomi-

2427 2899 2600 2960 nibus,
2635 2897 2709 2951 ait
2741 2912 2753 2946 :
2781 2893 2847 2947 Et
2875 2892 3018 2962 quod
3049 2885 3192 2946 Deus
3223 2887 3587 2945 deilicationis
3628 2884 3881 2952 princeps
3907 2894 3995 2934 su-

2431 3006 2525 3060 pra
2559 3002 2780 3043 omuem
2821 2991 3147 3054 potestatem
3181 2980 3378 3042 fertur,
3416 2988 3470 3032 et
3504 2989 3722 3062 omnem
3759 2979 3998 3040 potests-

2427 3091 2534 3137 tem
2560 3121 2576 3144 ,
2597 3078 3090 3148 quomodocunque
3111 3081 3260 3128 estet
3283 3087 3344 3126 ex
3355 3070 3646 3138 cogitatur,
3665 3070 3955 3133 exsuperat
3980 3077 3998 3125 ;

742 3164 912 3230 versi,
943 3165 1272 3233 relinquitur
1315 3174 1374 3217 ut
1404 3164 1514 3216 sint
1547 3165 1658 3218 haec
1707 3163 2058 3216 habitudines
2091 3173 2142 3215 et
2172 3178 2292 3216 ema
2351 3158 2392 3213 C
2428 3189 2535 3227 non
2565 3182 2698 3240 ριιιο
2731 3169 2902 3222 unum
2931 3181 2995 3220 ex
3030 3165 3099 3218 iis
3125 3164 3218 3231 qui
3247 3164 3300 3216 in
3331 3158 3658 3229 scripturis.
3674 3156 3875 3210 divinis
3903 3154 3997 3206 alti

748 3257 1022 3320 nationes,
1049 3270 1169 3324 qua
1199 3267 1328 3309 sunt
1352 3271 1474 3309 cum
1503 3256 1636 3308 liuut
1658 3263 1892 3320 tantum,
1926 3256 2068 3308 sicut
2097 3255 2326 3310 demou-

745 3360 979 3404 stratum
1016 3356 1119 3402 est.
1182 3346 1319 3400 Cum
1359 3357 1537 3399 autem
1597 3345 1887 3413 Dionysius
1950 3345 2140 3398 horum
2187 3361 2323 3399 con-

745 3443 1156 3510 templationem
1199 3442 1393 3493 dilatat
1423 3458 1435 3492 :
1468 3439 1577 3493 Nec
1618 3440 1803 3504 aliam,
1839 3439 2034 3506 inquit,
2067 3440 2323 3492 divinita-

746 3546 878 3597 lem,
936 3550 1059 3603 qua:
1109 3536 1274 3587 vitam
1328 3533 1524 3598 pariat,
1561 3532 1816 3595 dicimus,
1851 3540 2045 3600 pra-ter
2101 3545 2323 3585 causam

746 3640 1079 3694 supraquam
1132 3626 1371 3678 divinam
1421 3624 1665 3676 omnium
1723 3639 2062 3693 quaecunque
2115 3624 2323 3690 vivunt,

745 3731 800 3774 et
823 3734 918 3788 per
949 3735 1007 3772 se
1039 3717 1160 3770 vita:
1197 3732 1455 3779 causam;
1491 3718 1633 3786 qttod
1663 3717 1706 3773 si
1754 3732 1857 3773 non
1908 3726 1991 3770 est
2021 3718 2126 3772 alia
2162 3731 2326 3772 causa

746 3809 1074 3872 viventium,
1107 3821 1208 3861 nec
1237 3806 1339 3860 alia
1374 3807 1631 3861 divinitas
1683 3823 1804 3876 qua:
1837 3808 2001 3861 vitam
2047 3809 2226 3876 pariat
2251 3808 2329 3861 vi-

749 3904 1025 3966 ventibus,
1055 3902 1156 3955 nisi
1185 3901 1290 3954 vita
1323 3914 1654 3970 supraqnam
1687 3899 1894 3963 divina,
1931 3910 1986 3954 et
2020 3900 2326 3958 substantia

753 4013 1088 4067 supraquam
1137 3995 1475 4050 substantia:
1511 4007 1563 4051 et
1611 3995 1786 4062 ipsum
1824 3993 2323 4066 siugularissimum

750 4107 808 4146 et
847 4090 1353 4160 splendidissimum
1390 4104 1581 4150 unum,
1628 4093 1682 4138 et
1734 4089 1835 4143 hoc
1882 4096 1965 4144 est
2014 4086 2126 4138 sola
2163 4099 2327 4141 causa

750 4186 1022 4246 omnium,
1042 4183 1266 4236 evidens
1295 4190 1379 4234 est
1412 4179 1555 4250 quod
1593 4179 1708 4233 hac
1735 4192 1858 4250 qua
1888 4180 2063 4247 primo
2092 4186 2146 4232 et
2178 4178 2328 4246 prin-

749 4278 1017 4346 cipialiter
1041 4285 1190 4336 sunt,
1220 4285 1271 4327 et
1306 4273 1498 4327 eﬂecta
1545 4281 1778 4334 tantum,
1819 4270 1950 4325 nihil
1988 4287 2178 4325 eorum
2205 4286 2329 4340 qua

751 4381 938 4438 postca
983 4377 1130 4431 sunt,
1173 4377 1430 4434 tauquam
1463 4379 1630 4419 causa
1673 4364 1957 4422 elliciuut:
2000 4364 2204 4419 idcirco
2237 4365 2332 4418 bo-

755 4479 858 4515 nus
894 4460 1033 4512 Deus
1063 4474 1252 4510 corum
1287 4460 1531 4525 ipsorum
1564 4470 1683 4523 qua:
1712 4457 1886 4523 prima
1915 4466 2066 4518 sunt,
2103 4456 2330 4509 cﬂector
2359 4495 2411 4555 Β

753 4555 977 4612 dicitur,
1016 4550 1210 4603 deinde
1259 4565 1446 4601 corum
1509 4565 1631 4616 qua:
1681 4547 1939 4601 universe
1971 4548 2047 4616 (α)
2105 4548 2329 4615 partici-

755 4656 910 4713 pant,
945 4654 1130 4712 postea
1159 4657 1348 4697 eorum
1390 4642 1586 4708 qmein
1624 4648 1776 4708 parte
1817 4657 1829 4692 :
1879 4641 1958 4693 sic
1987 4640 2333 4694 demonstrat

755 4741 930 4793 solum
1001 4736 1169 4788 Deum
1229 4749 1349 4787 esse
1406 4747 1627 4787 causam
1693 4733 1978 4799 omnium,
2051 4733 2164 4787 sive
2221 4734 2335 4803 pri—

757 4847 842 4882 ma
897 4825 1339 4892 dicuntur,-sive
1402 4826 1674 4889 universe,
1745 4823 1863 4877 sive
1926 4825 1980 4879 in
2033 4835 2217 4894 parte;
2284 4837 2338 4882 et

754 4925 868 4976 sive
913 4923 993 4976 sic
1046 4919 1368 4990 participata
1420 4918 1696 4978 dicuntur,
1752 4919 1865 4972 sive
1909 4920 2287 4986 participantia
2317 4963 2330 4984 ,

756 5016 902 5085 quod
939 5015 983 5069 si
1018 5017 1157 5068 idem
1187 5021 1241 5066 et
1277 5013 1427 5066 solus
1475 5022 1666 5064 auctor
1687 5021 1770 5065 est
1798 5022 1850 5066 et
1888 5013 2331 5082 participautium

753 5123 812 5165 et
869 5107 1350 5176 participatorum,
1407 5105 1632 5158 evidens
1682 5112 1767 5158 est
1834 5104 1878 5157 si
1951 5106 2330 5176 participantia

756 5212 1025 5257 creatura:
1064 5207 1212 5263 sunt,
1276 5210 1330 5252 et
1393 5195 1718 5265 participata
1776 5194 1998 5264 penitus
2047 5211 2332 5256 creaturas

2429 3271 2555 3318 sunt
2585 3269 2638 3315 et
2654 3259 2892 3320 educati,
2923 3257 3196 3324 ignorare,
3218 3251 3400 3310 multis
3416 3250 3558 3304 enim
3581 3249 3634 3302 in
3658 3246 3792 3301 locis
3813 3243 4001 3309 Scrip-

2432 3365 2555 3409 tura
2587 3361 2640 3405 et
2669 3349 3100 3404 dominationem
3132 3349 3305 3414 Ipsam
3334 3357 3455 3397 esse
3479 3340 3663 3400 tradit,
3692 3347 3746 3393 et
3774 3338 3842 3391 ab
3869 3336 4001 3404 ipsis

2432 3463 2595 3514 supra
2643 3444 2960 3499 ccelestibus
3015 3440 3400 3510 p'otcstatibus-
3421 3444 3664 3505 separat.
3711 3431 4002 3498 Quomodo

2435 3540 2601 3606 igitur
2633 3535 2869 3602 theologi
2923 3545 3184 3600 tauquam
3239 3537 3560 3598 potestatein
3601 3523 3844 3583 laudant,
3881 3533 4004 3588 qua:

2433 3639 2586 3685 extra
2611 3640 2828 3682 omnem
2867 3631 3192 3692 potestatem
3225 3621 3404 3686 posita
3443 3615 3571 3669 est?
3600 3621 3696 3668 aut
3727 3609 4006 3677 quomodo

2434 3724 2489 3779 in
2518 3737 2580 3777 ea
2612 3733 2808 3774 nomen
2844 3713 3129 3785 potestatis
3155 3706 3535 3778 accipiemus?
3572 3703 3810 3757 Dicimus
3838 3700 4008 3769 igitur

2432 3816 2603 3872 Deum
2641 3827 2763 3867 esse
2793 3814 3138 3881 potestatein,
3177 3813 3237 3858 ut
3272 3802 3364 3871 qui
3402 3798 3712 3868 prmhabeat
3747 3799 3799 3847 in
3835 3808 3917 3853 se,
3951 3801 4007 3843 ct

2433 3920 2767 3977 supraquam
2808 3902 3006 3956 habeat
3047 3885 3262 3951 orrinem
3299 3899 3620 3962 potestatem
3654 3904 3667 3950 ;
3699 3896 3752 3938 et
3783 3897 3848 3977 ut
3886 3899 4010 3935 om.

2432 3975 2518 4055 nis
2545 3995 2834 4064 potestatis
2863 4001 3076 4054 auctor,
3113 3995 3168 4043 et
3201 3994 3260 4039 ut
3289 3982 3474 4040 omnia
3512 3976 3794 4032 inﬂexibili
3832 3984 3887 4027 ct
3920 3975 4006 4026 in-

2434 4087 2855 4152 circumscripta
2884 4089 3155 4155 potestate
3185 4075 3522 4144 productius,
3553 4080 3605 4123 et
3626 4077 3684 4123 ut
3714 4075 3906 4118 auctor
3932 4066 4012 4127 ip-

2433 4180 2548 4238 sius
2599 4193 2692 4246 per
2744 4191 2803 4230 se
2849 4187 2969 4228 esse
3014 4176 3355 4243 potestatem,
3411 4163 3492 4218 vel
3522 4175 3644 4215 esse
3670 4159 4010 4217 universam,

2433 4279 2528 4328 aut
2557 4267 2891 4335 singularem
2935 4259 3170 4330 alicujus
3205 4262 3530 4326 potestatem
3563 4269 3577 4316 ;
3610 4259 3662 4305 et
3694 4257 3754 4302 ut
3800 4246 4012 4303 inﬁnite

2434 4374 2654 4433 potens.
2691 4375 2796 4415 nou
2827 4356 3002 4411 solum
3024 4369 3090 4406 eo
3110 4351 3257 4420 quod
3283 4361 3502 4402 onmem
3532 4350 3858 4414 potcsutem
3883 4353 4015 4409 pro-

2438 4455 2612 4517 ducit,
2648 4451 2740 4507 sed
2776 4448 2922 4519 quod
2973 4455 3059 4500 est
3100 4457 3265 4511 supra
3305 4454 3521 4492 omnem
3561 4444 3909 4506 potestatem,
3962 4447 4016 4483 et

2442 4563 2605 4618 supra
2639 4547 2809 4616 ipsam
2846 4556 2941 4611 per
2974 4554 3031 4592 se
3064 4545 3388 4605 potestatem
3415 4547 3428 4584 :
3459 4539 3512 4583 et
3542 4527 3686 4597 quod
3721 4539 3885 4593 supra
3916 4538 4014 4590 po-

2444 4651 2549 4696 test
2576 4632 3053 4692 innumerabiliter
3083 4628 3326 4682 inlinitas
3381 4623 3517 4680 alias
3546 4627 3842 4690 potestates
3879 4630 3998 4684 pro-

2445 4739 2646 4794 ducere
2677 4752 2689 4797 ;
2724 4739 2779 4784 et
2812 4727 2958 4796 quod
2993 4723 3246 4784 inﬁnitae,
3290 4729 3344 4772 et
3377 4716 3595 4772 inﬁnito
3628 4727 3858 4768 numero
3885 4724 4016 4779 pro-

2447 4833 2622 4890 ducta
2650 4814 2944 4896 potestates
2973 4830 3254 4893 nunquam
3286 4819 3491 4882 queant
3517 4807 3778 4863 hebetare
3806 4813 3901 4863 aut
3928 4820 4011 4860 rc-

2451 4923 2681 4978 tundere
2719 4924 3050 4983 supraquatn
3091 4906 3414 4960 inﬁnitatem
3467 4897 3809 4953 eﬂeetionem
3864 4903 4020 4962 pote-

2445 5015 2607 5069 statis
2638 5010 2758 5078 cjus
2793 4999 3140 5075 potentiiicte,
3177 4997 3290 5049 haec
3320 4992 3486 5060 igitur
3523 4997 3768 5061 potestas
3804 4987 3896 5041 Dei
3932 4986 4018 5038 in-

2448 5106 2599 5161 linite
2630 5109 2846 5170 potens,
2889 5094 2940 5146 in
2977 5088 3163 5145 omnia
3194 5099 3316 5154 qua
3347 5091 3499 5145 sunt,
3535 5088 3679 5134 meat
3707 5087 3763 5133 et
3789 5090 4018 5170 pregre-

2445 5169 2899 5260 ditur,nihilque
2928 5197 3120 5240 eorum
3155 5193 3278 5249 qua
3310 5185 3459 5240 sunt,
3489 5172 3717 5229 omnino
3751 5169 4015 5226 nudatum

2244 5353 2514 5417 Scholia.

758 5509 788 5546 a
818 5491 982 5544 rebus
1013 5485 1430 5546 exsistentibus,
1464 5498 1571 5536 non
1605 5492 1784 5535 tamen
1814 5479 2139 5548 simpliciter
2172 5482 2334 5535 abso-

757 5565 870 5620 luta
901 5573 952 5615 ct
978 5561 1278 5621 abstracta,
1305 5556 1433 5622 quia
1473 5555 1527 5608 in
1557 5569 1612 5606 re
1641 5553 2042 5620 participantur
2066 5553 2135 5605 ab
2160 5552 2337 5606 exsis-

759 5634 1028 5697 tentibus,
1056 5641 1108 5684 ct
1143 5638 1273 5683 sunt
1297 5626 1491 5682 eﬂema
1522 5641 1549 5677 a
1582 5624 1712 5680 Deo.
1742 5638 1771 5676 a
1807 5639 1919 5693 quo
1948 5625 2204 5692 pendent,
2237 5624 2332 5678 scd

2443 5482 2559 5536 haec
2595 5475 2767 5544 magis
2817 5471 3124 5544 adliuc__ex
3164 5479 3288 5535 cap.
3355 5463 3387 5515 7
3438 5457 3659 5516 decadis
3710 5455 3763 5520 7,
3815 5452 3938 5510 doc.
3987 5449 4026 5508 8

2445 5567 2567 5619 cap.
2599 5550 2654 5614 Δ,
2688 5537 2876 5600 Ῐίεεῢὶι
2905 5537 3234 5607 intelligere.

833 5823 912 5891 (α)
953 5820 1236 5883 Universae,
1269 5827 1325 5871 ut
1359 5816 1465 5868 vita
1495 5813 1733 5867 omnium
1759 5812 2090 5875 viventium;
2124 5811 2175 5864 in
2207 5817 2380 5879 parte,
2417 5803 2601 5861 utvita
2630 5797 2910 5856 hominum
2939 5803 3031 5849 aut
3056 5787 3398 5862 angelorum,
3420 5792 3528 5837 etc.
