4416 6448
724 411 824 471 82Ἷ

1909 399 2232 462 JOANNIS
2264 397 2831 462 CYPARISSIOTE

3876 378 3981 468 eis

727 514 1056 572 immortales
1089 519 1221 576 sint,
1247 522 1298 567 et
1334 525 1599 582 perpetuo
1638 514 1842 572 vivant.
1879 514 1971 566 sed
2006 530 2069 565 ex
2110 511 2288 564 vivill-
2319 510 2364 565 Α
2396 516 2611 581 mundi,
2649 534 2768 584 qua:
2815 532 3059 586 apparet,
3109 528 3162 571 et
3217 535 3402 590 vocem
3449 519 3559 573 fere
3615 533 3706 585 per
3763 535 3823 571 ea
3856 535 3980 584 qua:

724 626 807 668 ca.
840 621 891 662 et
923 612 1101 660 omnis
1130 611 1250 659 vitae
1279 607 1551 660 eﬂeetrice
1576 617 1627 660 et
1657 605 2063 659 conservatrice
2095 618 2284 662 causa,

724 713 777 753 et
809 703 952 752 sicut
997 699 1311 752 dicebamus
1340 699 1406 752 de
1449 713 1513 750 eu
1548 698 1639 765 qui
1677 705 1762 749 cst
1797 695 1895 763 (l),
1947 709 2068 746 csse
2115 708 2286 746 :rvum

729 789 897 854 ipsius
945 803 1039 854 per
1092 802 1152 839 se
1176 801 1335 850 esse,
1374 788 1452 838 sic
1496 787 1658 837 etiam
1695 785 1782 838 hic
1832 787 1942 835 vita
1993 783 2174 833 divina
2209 791 2292 833 est

732 895 827 945 per
851 894 909 932 se
940 878 1064 930 vita:
1097 876 1416 929 viviticatrix
1455 886 1508 927 et
1537 874 1799 935 elIcctrix,
1827 883 1882 926 et
1915 872 2142 938 largitur
2175 872 2288 938 pri-

733 985 878 1020 mum
925 984 1016 1034 per
1044 982 1104 1021 se
1136 967 1278 1026 vitm,
1330 981 1452 1018 esse
1500 966 1707 1026 vitam;
1755 973 1808 1015 ct
1855 962 2002 1014 omni
2052 962 2190 1013 vitae.
2241 969 2293 1011 et

730 1061 929 1125 cuique
961 1059 1106 1120 vitae,
1143 1071 1264 1110 esse
1297 1069 1737 1122 unamquamque
1765 1065 1889 1120 apte
1921 1054 1986 1105 ail
2038 1062 2288 1104 naturam

730 1165 884 1201 suam
916 1169 928 1211 ς
964 1157 1015 1201 et
1045 1148 1224 1215 (quod
1267 1149 1504 1201 divinius
1557 1146 1681 1210 est)
1719 1160 1819 1197 nos
1872 1155 2032 1202 tutos.
2083 1145 2294 1195 animas

728 1240 874 1300 dico,
908 1249 960 1291 et
988 1247 1240 1306 corpora,
1274 1238 1336 1289 anl
1383 1237 1674 1304 perfectam
1719 1249 1774 1290 et
1819 1235 2179 1287 immortalem
2215 1233 2294 1284 vi-

731 1339 838 1381 tam
897 1332 1284 1384 translaturam
1340 1346 1397 1384 se
1442 1331 1713 1399 promisit,
1767 1331 1816 1382 id
1865 1328 2008 1396 quod
2061 1326 2299 1394 antiqui-

731 1423 824 1472 tati
854 1421 929 1487 (2)
983 1421 1202 1488 quidem
1237 1431 1431 1490 praeter
1459 1430 1709 1474 naturam
1735 1432 1857 1472 esse
1888 1417 2125 1478 videtur,
2159 1414 2296 1467 mihi

730 1524 858 1562 vero
899 1517 952 1561 et
992 1509 1088 1562 tibi
1125 1517 1177 1561 et
1213 1509 1425 1562 veritati
1475 1509 1654 1559 divina
1694 1522 1803 1570 res,
1838 1516 1892 1559 et
1927 1519 2091 1572 supra
2133 1511 2296 1556 natu-

733 1615 891 1661 ram;
931 1597 1093 1666 supra
1127 1609 1378 1651 naturam
1419 1605 1663 1650 nostram
1712 1596 1858 1659 dico,
1892 1609 2013 1663 qua:
2059 1593 2295 1653 videtur,

733 1707 841 1744 non
874 1698 1055 1742 autem
1094 1688 1239 1742 illam
1270 1687 1703 1754 omnipotentem
1743 1685 1866 1737 vita
1911 1684 2131 1746 diVittm,
2168 1681 2296 1735 huic

729 1785 900 1844 enim,
940 1789 1000 1835 ut
1032 1796 1148 1847 quae
1179 1779 1250 1833 sit
1283 1780 1524 1832 omnium
1560 1777 1818 1837 vitarum,
1851 1784 1903 1828 et
1934 1788 2124 1827 earum
2157 1787 2294 1840 prte-

730 1875 918 1925 sertim
968 1886 1090 1939 quae
1123 1869 1418 1922 divininres
1462 1879 1611 1931 sunt,
1647 1877 1864 1927 natura,
1894 1865 2039 1918 nulla
2068 1866 2177 1917 vita
2218 1873 2300 1917 est

731 1975 923 2032 praeter
952 1973 1199 2015 naturam
1227 1971 1316 2012 aut
1341 1974 1502 2025 supra
1533 1969 1800 2012 naturam.
1828 1956 2087 2021 Quasdam
2120 1957 2301 2022 itaque

738 2055 1004 2108 adnotans
1027 2055 1114 2106 hic
1151 2052 1209 2106 S.
1246 2051 1535 2113 Maximus,
1562 2047 1878 2117 Συνοχικὴν,
1911 2048 1961 2100 id
1986 2058 2090 2109 est,
2122 2046 2303 2100 conti-

733 2152 946 2194 nentem
982 2156 1199 2195 causam
1230 2140 1464 2203 vocavit,
1499 2138 1699 2205 inquit,
1728 2136 1891 2189 vitam
1917 2135 2180 2198 divinam,
2212 2140 2301 2186 ut-

733 2243 853 2299 pote
869 2244 988 2298 quaa
1004 2244 1109 2283 non
1131 2229 1303 2282 solum
1323 2230 1485 2280 vitam
1515 2226 1568 2278 in
1595 2241 1772 2278 rerum
1797 2231 1988 2276 natura
2013 2221 2299 2286 creaverit,

732 2323 822 2374 sed
858 2337 976 2388 qua:
1005 2317 1168 2372 vitam
1223 2318 1497 2372 contineat
1544 2326 1598 2368 ct
1630 2321 1938 2376 conservet,
1972 2324 2032 2365 ut
2064 2310 2223 2364 duret
2250 2320 2303 2364 et

734 2417 1070 2475 permaneat,
1095 2417 1146 2460 et
1165 2421 1352 2459 rursus
1376 2406 1429 2458 in
1456 2405 1658 2457 eisdem
1686 2421 1697 2455 :
1724 2402 1873 2455 Hanc
1892 2402 2078 2464 vitam,
2104 2400 2299 2468 inquit,

739 2501 1038 2555 secundum
1073 2499 1433 2554 substantiam
1464 2495 1762 2549 fabricatus
1787 2495 1950 2554 Deus,
1976 2492 2041 2545 ad
2079 2493 2298 2544 immor-

739 2596 942 2648 talitem
975 2592 1183 2660 angelis
1228 2602 1282 2644 et
1331 2587 1531 2641 animis
1585 2586 1788 2639 nostris
1838 2584 2034 2638 cﬂecit.
2091 2584 2300 2638 liursus

740 2686 878 2737 idem
916 2684 1201 2753 Dionysius
1231 2681 1282 2734 in
1317 2681 1552 2748 septimo
1586 2677 1763 2745 capite
1798 2675 1870 2728 De
1912 2674 2104 2728 divinis
2133 2676 2302 2727 nomi-

737 2779 887 2829 nibus
916 2793 932 2830 :
967 2775 1116 2828 llanc
1147 2775 1312 2843 igitur
1346 2771 1576 2825 rationis
1605 2779 1905 2838 expertem,
1941 2777 1993 2820 et
2021 2775 2296 2820 amentem

737 2877 898 2930 atque
936 2864 1140 2916 fatuam
1195 2862 1520 2932 sapientiam
1555 2858 1838 2927 superlate
1869 2857 2177 2919 laudantes,
2213 2858 2299 2910 di-

739 2957 918 3008 vinius
952 2955 1130 3006 omnis
1162 2956 1360 3006 mentis
1389 2961 1444 3005 et
1473 2952 1725 3017 rationis,
1753 2951 2040 3016 omnisque
2078 2950 2300 3017 sapien-

738 3046 824 3094 tiae.
870 3052 921 3094 et
954 3043 1325 3111 intelligentia:
1358 3056 1578 3094 causam
1624 3056 1786 3104 esse;
1847 3046 1900 3092 et
1950 3038 2124 3106 ipsius
2178 3053 2299 3092 esse

737 3145 897 3183 omne
921 3131 1236 3191 consilium,
1270 3140 1324 3182 et
1354 3131 1420 3182 ab
1450 3145 1509 3182 ea
1559 3142 1776 3181 omnem
1809 3127 2092 3181 scientiam
2133 3137 2182 3180 et
2219 3127 2301 3179 in-

739 3223 1090 3289 telligentiam
1143 3222 1438 3288 prolicisci,
1475 3230 1526 3272 et
1567 3219 1618 3271 in
1672 3234 1735 3272 ea
1786 3232 1980 3273 omnes
2015 3219 2301 3272 thesauros

738 3313 1019 3378 sapientia:
1073 3321 1125 3364 et
1173 3313 1412 3364 scientiae
1465 3309 1817 3365 absconditos
1874 3325 2037 3374 esse;
2101 3311 2302 3363 etenim

741 3405 1129 3457 convenienter
1167 3404 1231 3456 iis
1274 3418 1394 3471 qua:
1430 3414 1587 3455 antea
1628 3404 1776 3456 dicta
1825 3413 1974 3467 sunt,
2009 3416 2175 3456 causa
2215 3419 2305 3456 su-

741 3510 1002 3562 praquam
1032 3493 1273 3562 sapiens,
1307 3502 1360 3546 et
1403 3494 1586 3545 omnia
1631 3492 1811 3546 sciens
1850 3508 1944 3558 per
1988 3507 2048 3545 se
2088 3494 2304 3559 sapien-

743 3589 848 3646 tiae,
885 3596 938 3638 ct
989 3588 1156 3638 totius
1189 3586 1490 3653 sapientiae,
1518 3593 1571 3636 et
1618 3585 1788 3652 partis
1828 3583 2070 3637 eﬂ‘ectrix
2112 3596 2212 3638 est.
2249 3584 2302 3638 lu

743 3677 902 3743 huius
937 3678 1136 3744 capitis
1171 3676 1617 3730 adnotationibus
1661 3678 1718 3729 S.
1754 3673 2021 3730 Maximus
2051 3694 2063 3728 :
2110 3675 2300 3743 Omne,

745 3768 940 3835 inquit,
975 3769 1354 3834 participatum
1386 3768 1665 3833 antiquius
1695 3774 1779 3818 est
1820 3766 1886 3819 iis
1925 3781 2045 3834 quae
2083 3776 2208 3819 sunt
2240 3783 2301 3820 ex

744 3873 880 3925 ipso,
916 3873 1085 3925 quare
1124 3857 1261 3910 Deus
1311 3869 1363 3909 et
1404 3873 1576 3910 aevum
1630 3865 1682 3910 et
1719 3867 1933 3924 tempus
1974 3860 2188 3926 proprie
2214 3874 2307 3912 no-

743 3949 1002 4013 minatur,
1025 3959 1081 4000 ut
1117 3950 1208 4015 qui
1241 3947 1437 4000 sazcula
1463 3957 1516 3999 et
1549 3957 1792 4014 tempora
1839 3947 1986 4010 fecit,
2025 3950 2102 4002 sic
2141 3948 2307 4018 igitur

741 4051 793 4091 et
823 4041 875 4091 i'n
916 4040 1019 4091 vita
1069 4050 1122 4092 et
1152 4039 1203 4090 in
1256 4039 1521 4105 sapientia
1573 4039 1860 4093 dicentium
1896 4048 1998 4102 est,
2055 4041 2180 4109 quia
2217 4057 2307 4095 ea-

746 4145 861 4180 rum
912 4139 992 4181 est
1027 4141 1234 4181 auctor.
1275 4130 1335 4181 Et
1370 4145 1561 4182 rursus
1595 4129 1734 4182 idem
1762 4147 1774 4184 :
1807 4128 1966 4193 Quia,
2003 4131 2197 4199 inquit,
2253 4134 2306 4185 in

746 4223 1014 4289 sapientia
1046 4220 1135 4273 Dei
1166 4238 1268 4272 non
1296 4223 1546 4288 cognovit
1581 4221 1819 4275 mundus
1857 4237 1952 4290 per
1982 4226 2304 4292 sapientiam

749 4308 918 4361 Deum
943 4310 1025 4373 “;
1062 4326 1154 4378 per
1183 4311 1529 4378 sapientiam,
1554 4311 1798 4379 inquam,
1839 4327 1958 4380 qua:
1988 4314 2038 4366 in
2068 4330 2301 4370 concen-

747 4411 799 4450 tu
833 4411 885 4452 ει
919 4402 1109 4454 ordine
1155 4413 1419 4456 creaturae
1448 4413 1675 4470 apparet
1713 4413 1766 4456 ct
1797 4418 2061 4460 cermtur.
2111 4409 2224 4462 lmo
2253 4420 2305 4464 et

751 4507 975 4558 magnus
1014 4491 1245 4547 Basilius
1295 4494 1345 4544 in
1394 4494 1717 4560 principium
1770 4497 2208 4563 Proverbiornm,
2245 4515 2297 4557 ct
2338 4475 2380 4528 υ

750 4583 979 4650 denique
1029 4585 1079 4635 in
1131 4585 1283 4645 iilud,
1331 4585 1584 4636 Dominus
1626 4588 1818 4638 creavit
1871 4605 1950 4640 me
1981 4593 2296 4660 principium

749 4692 949 4725 uarum.
991 4691 1206 4726 suarum
1230 4675 1317 4728 ”:
1361 4675 1647 4745 Loquitur,
1685 4681 1883 4747 inquit,
1915 4682 1981 4734 de
2022 4686 2287 4750 sapientia

820 4798 863 4825 δι
893 4795 905 4844 ι
933 4796 1056 4847 Cor.
1078 4810 1114 4860 ι,
1139 4795 1229 4848 ‘25.
1308 4795 1352 4828 "
1397 4794 1557 4851 Prov.
1583 4812 1698 4863 vni,
1734 4799 1823 4853 22.

2393 621 2732 672 cernuntur,
2786 612 3007 675 emittit,
3066 610 3209 678 quod
3272 610 3478 663 scilicet
3542 623 3570 660 a
3629 609 3737 661 Deo
3802 608 3976 662 fartus

2400 705 2491 760 sit.
2530 712 2577 755 et
2615 717 2719 754 non
2757 701 2979 754 fortuito
3030 711 3173 753 tanta
3209 701 3480 768 sapientia
3524 714 3585 753 ea
3622 716 3742 767 qum
3783 700 3970 752 eﬂi-eta

2395 801 2546 852 sunt,
2583 792 2843 854 decorat;
2873 800 2928 845 ut
2953 792 3096 843 enim
3125 830 3137 851 ,
3167 789 3296 844 Caeli
3318 800 3573 843 enarrant
3601 791 3826 859 gloriam
3858 791 3974 848 Dei.

2395 893 2442 935 et
2492 898 2622 949 opus
2679 897 2928 933 manuum
2959 881 3072 948 ejus
3123 881 3405 932 annuntiat
3440 882 3835 947 ﬁrmamentum
3886 881 3972 932 δέ

2394 980 2671 1033 cnarrant,
2708 971 2951 1038 inquam,
2981 972 3100 1024 sine
3139 987 3268 1023 voce
3295 989 3309 1034 ;
3339 974 3463 1036 quia
3521 989 3624 1024 non
3658 981 3777 1023 sunt
3808 987 3970 1031 vom,

2398 1078 2556 1126 neque
2582 1077 2842 1114 sermones
2877 1062 2978 1129 (3),
3010 1078 3234 1128 quorum
3261 1078 3362 1114 non
3387 1063 3680 1113 audiantur
3711 1079 3856 1114 voces
3889 1079 3975 1112 eo-

2398 1153 2576 1203 rum"
2607 1170 2619 1205 :
2656 1153 2718 1206 ad
2745 1154 2995 1205 eumdem
3030 1156 3249 1207 modum
3283 1164 3410 1208 sunt
3443 1155 3663 1222 quidam
3689 1169 3971 1207 sermones

2400 1243 2687 1307 sapientiae
2720 1244 3024 1310 antiquitus
3052 1245 3234 1307 editae,
3275 1260 3396 1313 qua:
3425 1254 3549 1298 ante
3578 1244 3682 1296 alia
3714 1245 3768 1296 in
3798 1243 3966 1295 fabri-

2399 1337 2614 1388 catione
2650 1336 2836 1388 mundi
2861 1351 2983 1388 cum
3011 1346 3258 1389 creatura
3297 1337 3670 1389 conseminata
3698 1344 3778 1386 est
3805 1351 3818 1395 ;
3856 1336 3968 1387 haec

2401 1434 2608 1490 tacens,
2644 1442 2801 1479 suum
2834 1427 3174 1480 conditorem
3219 1437 3270 1480 et
3322 1427 3605 1478 Dominum
3654 1427 3875 1482 clamat,
3914 1435 3967 1477 ut

2399 1533 2495 1586 per
2525 1533 2642 1569 eam
2677 1520 2740 1570 ad
2775 1519 3120 1587 cogitandum
3153 1534 3276 1572 eum
3303 1520 3393 1585 qui
3429 1519 3579 1571 solus
3605 1527 3686 1571 est
3715 1518 3962 1584 sapiens.

2400 1618 2452 1660 te
2492 1607 2718 1662 releras.
2755 1608 2831 1661 Ex
2877 1609 3076 1675 quibus
3117 1610 3311 1676 liquet,
3362 1609 3504 1676 quod
3561 1608 3691 1666 vita,
3748 1623 3867 1674 qua:
3915 1609 3968 1660 in

2402 1700 2511 1751 Deo
2543 1709 2626 1752 est
2659 1713 2989 1766 supraqnam
3023 1698 3196 1760 unite,
3230 1708 3283 1750 et
3314 1683 3599 1764 sapientia,
3639 1706 3690 1748 et
3716 1697 3970 1756 scientia,

2331 1814 2372 1871 η
2401 1797 2454 1840 et
2485 1802 2656 1847 mens,
2685 1798 2740 1840 et
2771 1788 3012 1840 verbum.
3047 1797 3096 1840 et
3137 1787 3485 1843 intelligentia
3520 1803 3584 1840 ex
3616 1788 3786 1839 nihilo
3819 1798 3968 1840 creat

2403 1878 2572 1946 ipsam
2603 1878 2710 1933 late
2754 1887 3042 1945 patentem,
3095 1886 3150 1930 et
3207 1893 3327 1930 cum
3380 1885 3626 1930 creatura
3687 1876 3964 1929 conditam

2402 1986 2496 2037 per
2533 1987 2591 2025 se
2625 1975 2810 2033 vitam,
2843 1981 2897 2026 et
2927 1985 3020 2039 per
3057 1986 3116 2026 se
3147 1969 3467 2038 sapientiam
3497 1987 3511 2032 ;
3550 1981 3602 2024 et
3632 1985 3694 2022 ea
3726 1986 3847 2037 qua:
3878 1984 3967 2023 se-

2399 2065 2638 2117 cundum
2679 2064 2850 2131 ipsam
2894 2078 2990 2130 per
3019 2077 3076 2116 se
3119 2063 3281 2115 vitam
3333 2062 3543 2125 vivunt,
3580 2071 3634 2114 et
3661 2061 3961 2115 secundum

2401 2156 2569 2224 ipsam
2605 2171 2699 2223 per
2729 2169 2786 2207 se
2816 2153 3135 2217 sapientiam
3167 2153 3408 2221 sapiunt,
3443 2163 3498 2205 et
3533 2167 3749 2204 omnem
3797 2151 3960 2204 aliam

2400 2250 2582 2303 vitam.
2613 2257 2663 2300 et
2696 2245 3038 2312 sapientiam,
3075 2258 3196 2313 quae
3237 2243 3291 2295 in
3330 2243 3395 2296 iis
3426 2259 3547 2311 quae
3577 2251 3726 2301 sunt,
3757 2243 3964 2308 reperi-

2401 2351 2508 2406 tur,
2537 2339 2682 2406 atqui
2709 2345 2890 2405 patent
2918 2337 3080 2390 etiam
3111 2335 3488 2405 proprietates,
3517 2335 3624 2386 vita
3659 2335 3801 2386 enim
3833 2342 3954 2386 ten.

2400 2430 2545 2482 ditur
2577 2430 2628 2480 in
2664 2429 2895 2482 viventia
2931 2435 3141 2480 tantum
3171 2445 3183 2490 ;
3214 2437 3267 2480 et
3297 2426 3710 2479 immortalitate
3741 2423 3960 2492 quidem

2403 2522 2636 2589 praeditis
2663 2520 2874 2588 species
2911 2521 3051 2581 vitae,
3083 2522 3137 2572 et
3165 2519 3468 2586 subjectu-n
3501 2515 3732 2569 eliicitur
3765 2533 3776 2574 :_
3821 2531 3968 2582 prae-

2401 2613 2527 2666 ditis
2573 2626 2697 2664 vero
2729 2625 2958 2678 corpore
2997 2609 3225 2663 eﬂicitur
3268 2609 3582 2661 continuata
3639 2606 3806 2657 motio
3843 2620 3971 2657 cor-

2402 2704 2546 2770 poris
2573 2720 2589 2767 ;
2625 2701 2885 2769 sapientia
2916 2715 3044 2753 vero
3074 2699 3252 2752 minus
3287 2699 3394 2751 late
3431 2705 3594 2764 patet,
3629 2710 3790 2762 quam
3822 2695 3925 2745 vita
3951 2733 3965 2755 ,

2402 2795 2669 2860 siquidem
2706 2794 2760 2845 in
2791 2807 2853 2846 ea
2889 2801 3098 2844 tantum
3141 2789 3458 2858 porrigitur,
3489 2802 3610 2855 quae
3645 2785 3966 2853 sapientiam

2404 2887 2620 2948 habent,
2647 2893 2807 2951 atque
2841 2883 2891 2935 in
2920 2881 3125 2949 angelis
3153 2880 3370 2948 quidem
3402 2876 3797 2930 immortalibus
3822 2889 3974 2942 a‘que

2402 2989 2546 3046 patet
2582 2979 2684 3030 vita
2711 2986 2763 3029 et
2787 2977 3047 3043 sapientia
3077 2992 3089 3037 ;
3115 2973 3167 3025 in
3195 2972 3260 3025 iis
3282 2986 3407 3025 vero
3425 2985 3544 3038 qua:
3571 2968 3813 3023 sentiunt
3844 2977 3966 3020 ten-

2402 3071 2545 3124 ditur
2563 3069 2736 3124 solum
2758 3067 2889 3131 vita;
2912 3068 2963 3118 in
2985 3065 3221 3118 easolum
3240 3078 3306 3129 po
3341 3061 3530 3131 r'g'tur
3545 3061 3826 3127 sapientia,
3852 3075 3974 3129 qna.-

2329 3152 2373 3209 ο
2409 3167 2615 3218 ratione
2641 3165 2858 3232 praedita
2882 3170 3010 3216 sunt
3035 3176 3049 3222 ;
3080 3168 3131 3212 et
3164 3158 3215 3211 in
3239 3159 3322 3210 his
3345 3172 3451 3210 non
3477 3171 3668 3209 omnes
3690 3155 3975 3222 sapientiae

2407 3255 2693 3322 participes
2721 3261 2869 3313 sunt,
2899 3249 2990 3303 sed
3017 3249 3106 3318 qui
3137 3255 3415 3300 amatores
3439 3255 3718 3307 sapientia:
3749 3243 3974 3297 fuerunt

2404 3346 2487 3397 νιιι
2522 3352 2741 3412 propter
2768 3340 3010 3395 studium
3046 3337 3308 3391 divinitus
3366 3336 3673 3393 incensum,
3732 3343 3824 3387 aut
3855 3348 3977 3401 pro-

2407 3446 2531 3507 pter
2580 3435 2850 3487 sinceram
2888 3430 3251 3498 disciplinam,
3288 3437 3382 3480 aut
3415 3435 3630 3494 propter
3663 3434 3974 3490 utrumque.

2407 3529 2694 3585 Praeterea,
2732 3522 2961 3576 viventia
3003 3520 3219 3590 quidem
3267 3527 3457 3572 natura
3503 3517 3693 3567 sortita
3736 3525 3864 3567 sunt
3893 3516 3973 3566 vi-

2409 3630 2514 3672 tam
2544 3636 2557 3680 ;
2591 3616 2682 3684 qui
2719 3629 2847 3667 vero
2880 3610 3202 3680 sapientiam
3237 3609 3457 3671 habent,
3491 3607 3669 3658 idonei
3712 3615 3765 3659 et
3794 3606 3976 3660 studio

2408 3713 2644 3766 δειθιιιίιιι
2672 3709 2837 3764 dediti
2870 3706 3113 3769 luerunt,
3153 3705 3347 3758 deinde
3395 3702 3664 3770 sapientia
3699 3702 3818 3767 ejus
3852 3715 3981 3766 par-

2408 3807 2478 3857 tis
2504 3805 2696 3855 animm
2724 3811 2823 3864 est,
2855 3815 2973 3864 qua:
3008 3815 3058 3850 tu
3084 3795 3535 3863 contemplatione
3561 3805 3804 3844 versatur
3828 3809 3842 3852 ;
3870 3792 3974 3843 vita

2408 3913 2473 3951 au
2539 3912 2585 3948 ιιι
2620 3894 2835 3947 habitus
2866 3901 2950 3947 est
2984 3888 3359 3944 substantialis
3395 3895 3716 3952 Congemtus
3749 3900 3863 3936 sine
3889 3884 3978 3935 in-

2410 3987 2756 4043 termissione
2784 3981 3117 4054 Operationis
3149 3981 3215 4033 iis
3253 3993 3373 4047 quae
3406 3985 3532 4046 apta
3573 3986 3698 4029 sunt
3737 3976 3802 4028 ad
3835 3975 3974 4027 reci-

2409 4080 2664 4150 piendum
2687 4093 2834 4140 eum,
2863 4083 3127 4144 quantum
3161 4071 3325 4138 recipi
3360 4079 3558 4139 potest.

2979 4226 3210 4283 CAPUT
3258 4225 3388 4279 VIII.

2414 4351 2486 4405 De
2515 4365 2656 4412 pace,
2694 4356 2739 4398 ct
2767 4346 3041 4413 parvitate,
3069 4352 3114 4394 et
3148 4339 3530 4413 ittagniturdine.
3566 4349 3611 4389 ct
3651 4338 3897 4413 statione.
3931 4346 3979 4386 et

2481 4406 2654 4477 motu,
2683 4428 2730 4468 et
2760 4406 2822 4466 de
2847 4415 3031 4465 altero.
3060 4423 3104 4463 et
3139 4414 3200 4462 de
3227 4406 3604 4462 Sintilitndine:
3631 4417 3676 4457 et
3705 4407 3841 4471 quod
3870 4406 3978 4455 Ita'c

2483 4494 2534 4541 in
2576 4489 2679 4539 Deo
2713 4502 2816 4537 una
2845 4499 2946 4550 pax
2981 4484 3121 4540 sint;
3152 4491 3301 4532 extra
3341 4478 3501 4529 Deum
3537 4490 3709 4527 auten.-
3746 4487 3796 4524 ut
3829 4478 3892 4525 ab
3920 4491 3977 4525 eo

2483 4561 2646 4626 facta,
2672 4549 2877 4608 diversa
2909 4563 3058 4613 sum;
3100 4560 3145 4601 ct
3171 4565 3284 4616 qua:
3323 4563 3500 4600 eorum
3539 4549 3902 4614 proprietates.

2481 4693 2704 4760 Magnus
2737 4684 3026 4752 Dionysius
3058 4697 3176 4751 cap.
3204 4682 3288 4744 ll,
3317 4681 3389 4734 De
3414 4681 3600 4732 divinis
3638 4679 3933 4732 nominibus
3959 4693 3978 4732 :

1903 4804 1946 4832 "
2010 4803 2456 4879 l‘sal.xvut,H.
2532 4812 2572 4843 ⁸⁷
2613 4807 2745 4862 ΗΜ·
2810 4804 2862 4856 9-

2205 4925 2476 4988 Scholia.

819 5041 892 5095 τι)
930 5038 995 5091 Et
1042 5039 1171 5090 sicut
1204 5040 1498 5093 dicebamus
1543 5041 1604 5093 de
1634 5058 1690 5093 eo
1719 5045 1802 5109 qui
1848 5056 1955 5105 est,
1997 5061 2106 5096 esse
2145 5062 2309 5099 (cum:

747 5114 912 5190 ipsius
950 5126 1038 5175 per
1070 5125 1125 5162 se
1173 5126 1301 5188 esse.
1342 5109 1450 5163 lloc
1485 5112 1696 5165 dixerat
1725 5130 1843 5178 cap.
1879 5113 1934 5177 ὃ,
1977 5131 2097 5165 cum
2150 5117 2308 5179 dixit,

747 5188 951 5232 t'lllllllll
982 5195 1183 5238 :evum,
1221 5188 1363 5232 Sicut
1407 5191 1584 5233 autem
1631 5191 1711 5234 e~t
1751 5189 2047 5234 secundum
2080 5199 2304 5239 causam

748 5262 961 5316 tempus
983 5291 995 5312 ,
1050 5258 1102 5302 et
1129 5265 1189 5301 ea
1221 5265 1341 5317 qum.
1375 5251 1508 5302 linnt
1538 5253 1779 5319 subjecta
1817 5253 2043 5318 tempori
2073 5271 2085 5314 ;
2126 5255 2202 5307 Sit"
2228 5267 2311 5308 est

755 5324 920 5371 t'llitlll
956 5323 1252 5372 Secundum
1287 5335 1507 5375 causam
1556 5336 1728 5374 azvum
1758 5361 1773 5382 ,
1807 5331 1860 5373 et
1907 5338 1992 5385 ea,
2026 5323 2077 5376 in
2111 5326 2310 5392 quibus

748 5401 826 5462 ts!
851 5405 1055 5462 jcvum.

825 5459 900 5520 (‘2)
951 5459 1285 5525 .intiqttitati.
1340 5461 1727 5526 Antiquitatcm
1783 5472 1932 5513 meat
1985 5463 2208 5516 stultam
2260 5475 2312 5515 et

756 5530 962 5582 futuant
999 5531 1310 5596 Opinionem
1341 5532 1642 5598 gentilium,
1676 5543 1731 5582 nt
1763 5536 1820 5585 ὃ.
1849 5531 2116 5587 Maximus
2154 5549 2309 5590 nuta-

754 5599 1359 5671 tuurreliqi_tit._ilaqne
1397 5617 1499 5654 non
1540 5603 1779 5667 antiquis
1823 5605 2164 5671 δὴιιψιιι-ιιυτ,
2211 5611 2304 5661 sed

757 5669 918 5721 l'atuis
953 5668 1195 5732 antiquis
1229 5673 1402 5724 visum
1432 5687 1553 5724 esse
1584 5672 1686 5724 hoc
1711 5672 1858 5725 dicit.

826 5739 904 5804 (Ii)
929 5737 1105 5807 Neque
1139 5755 1417 5793 sermones.
1454 5741 1539 5792 Sir
1566 5744 1726 5793 etiam
1766 5743 1985 5808 intelligi
2010 5754 2176 5808 ru'cst
2217 5749 2300 5798 hic

759 5811 908 5866 locus
925 5810 1235 5876 SCriptnraz,
1259 5811 1459 5865 scilicet
1492 5813 1620 5868 nulli
1647 5828 1866 5879 usquam
1890 5827 2008 5865 sunt
2035 5816 2296 5870 homines.

2417 5063 2746 5118 quacunque
2783 5046 2962 5118 lingua
2996 5051 3050 5095 et
3081 5042 3682 5118 sermtmeloquantnr,
3725 5043 3816 5107 qui
3869 5058 3972 5095 nun

2417 5113 2727 5175 audiant—et
2765 5114 3064 5182 percipiant
3093 5151 3106 5174 ,
3147 5113 3274 5179 quid
3311 5113 3427 5164 dies
3451 5123 3503 5164 et
3543 5121 3730 5164 noctes
3765 5127 3859 5162 sua
3886 5113 3974 5165 illa

2416 5190 2716 5257 cmnposita
2742 5195 2796 5238 et
2838 5191 3181 5257 ratamutua:
3205 5182 3567 5257 successionis
3587 5183 3977 5257 _vicis§it_u.l'rne

2420 5251 2712 5326 [tl'illtiiCt‘lll
2758 5265 2811 5308 et
2855 5255 3152 5326 declarent,
3203 5266 3410 5326 nempe
3447 5253 3691 5326 notitiam
3731 5251 3844 5310 Dei,
3885 5254 3977 5318 qui

2413 5320 2595 5381 omnia
2650 5327 2795 5384 fecit,
2834 5324 3167 5383 moderatur,
3201 5330 3254 5372 et
3305 5321 3458 5378 rexit.
3501 5320 3591 5372 E-t
3637 5331 3817 5372 autem
3851 5335 3981 5374 con-

2413 5401 2648 5453 structiu
2687 5397 2979 5448 verborum
3024 5392 3298 5444 idiomatis
3329 5391 3500 5443 Graeci
3532 5405 3545 5442 :
3589 5388 3704 5442 Non
3736 5401 3860 5442 sunt
3895 5392 3980 5443 lo-

2412 5473 2608 5537 quelte,
2641 5480 2817 5533 neque
2848 5477 3149 5537 sermones,
3183 5462 3463 5537 hominum
3492 5460 3720 5537 scilicet,
3745 5475 3978 5526 quorum

2418 5529 2524 5591 non
2559 5529 2874 5597 audiantur,
2913 5533 2961 5585 id
2991 5542 3094 5590 est.
3129 5545 3156 5580 a
3188 5531 3388 5598 quibus
3422 5546 3525 5584 non
3560 5529 3856 5582 audiantur
3886 5543 3980 5581 γοα

2411 5628 2499 5662 ces
2523 5623 2736 5667 eorum,
2770 5605 2977 5657 dierum
3003 5602 3207 5656 scilicet
3243 5609 3297 5654 et
3336 5601 3613 5661 noctium;
3653 5601 3731 5654 sic
3767 5600 3981 5651 intelle-

2414 5683 2490 5731 xit
2522 5678 2786 5731 Eusebius
2812 5671 3168 5728 Caesariensis
3194 5672 3248 5724 in
3273 5670 3695 5726 Commentariis
3719 5671 3832 5724 suis
3857 5683 3983 5722 eru-

2413 5749 2717 5803 ditissimis.
