4416 6448
400 393 502 454 829

1105 400 1338 456 ΒΕιῖΑὸ
1384 401 1443 456 ι’.
1492 424 1547 431 -κ
1589 401 1682 456 DE
1711 400 2368 464 PilOPiiiETATiilUS
2405 410 2637 468 DIVIN.
2687 412 2948 469 NOMIN.

3537 415 3643 476 830

402 511 474 561 De
511 510 624 575 ipsa
672 509 836 576 igitur
867 509 1048 563 divina
1087 527 1237 578 pace.
1270 521 1321 564 ct
1353 511 1566 564 silentio
1595 551 1606 569 ,
1643 527 1802 577 quam
1838 528 1962 564 san-
1996 516 2032 568 Α
2070 530 2188 566 nt-m
2229 518 2346 578 cjus
2380 521 2581 572 unitum
2613 561 2626 581 ,
2670 534 2722 574 et
2761 523 3056 575 tittiftirtttes
3095 525 3462 576 emanatiotu-s
3497 528 3639 577 Inul-

399 610 518 654 ctus
549 599 738 654 Jusms
776 612 930 654 vocat
960 601 1256 667 ἀφθεγξίαν
1278 642 1293 666 ,
1327 603 1376 656 id
1407 610 1522 663 est,
1563 603 1924 654 insonantiam
1950 641 1964 663 ,

398 702 451 744 et
475 693 781 759 ἀκινηςίαν,
814 693 862 743 id
885 701 987 752 est,
1019 691 1454 760 immobiiilatem
1480 692 1545 744 ad
1575 707 1789 744 omnem
1820 707 1969 744 enta-

405 781 705 847 nationem,
747 797 866 848 qua:
897 781 1162 841 noscitur,
1193 782 1450 848 quidnam
1487 791 1589 844 est.
1615 790 1669 834 et
1697 782 1968 847 quomodo

400 874 540 928 Deus
574 874 824 941 quiescit,
846 885 898 927 et
933 873 1072 936 silet,
1107 884 1158 925 et
1194 874 1464 940 quomodo
1487 874 1538 926 iu
1568 888 1625 927 se
1654 883 1706 926 et
1742 872 1879 925 intra
1913 888 1970 926 se

399 975 505 1029 est,
550 974 602 1017 et
633 973 777 1018 totus
808 979 992 1019 secum
1021 972 1105 1016 est
1148 978 1479 1032 supraquam
1515 965 1727 1025 unitus,
1773 971 1825 1016 et
1871 973 1968 1014 nec

404 1057 457 1108 in
486 1071 543 1108 se
577 1056 904 1124 ingrediens,
955 1063 1009 1107 et
1053 1069 1110 1108 se
1162 1055 1276 1120 ipse
1328 1053 1690 1119 multiplicans
1718 1095 1732 1116 ,
1768 1053 1970 1106 deserit

403 1145 697 1208 unionem;
735 1144 863 1212 quin
915 1143 1096 1212 potius
1145 1142 1211 1195 ad
1257 1143 1439 1195 omnia
1475 1142 1772 1211 egreditur.
1824 1152 1970 1194 totus

404 1237 550 1288 intus
582 1249 804 1288 manens
839 1244 1057 1302 propter
1091 1233 1467 1286 excellentiam
1521 1233 1739 1286 unionis
1789 1234 1969 1286 omnia

403 1329 804 1396 exsuperantis,
831 1342 1004 1394 neque
1040 1327 1238 1386 dicere.
1277 1341 1451 1392 neque
1483 1324 1723 1392 cogitare
1757 1324 1847 1376 ulli
1880 1339 1975 1396 eo-

406 1398 522 1470 ritm
561 1419 653 1485 qui
697 1427 843 1478 sunt,
880 1417 961 1470 fas
999 1426 1102 1478 est,
1155 1431 1329 1484 neque
1374 1416 1653 1483 possibile.
1703 1414 1806 1466 Sed
1848 1429 1991 1466 cutn‘

407 1510 507 1562 hoc
543 1509 742 1576 alioqui
785 1507 964 1575 eloqui
998 1521 1104 1559 non
1156 1506 1451 1574 possimus,
1485 1519 1582 1558 nec
1615 1501 1972 1571 intelligentia

405 1597 664 1664 assequi,
703 1597 766 1648 ad
806 1597 974 1661 ipsam
1017 1603 1195 1648 tamen
1234 1595 1475 1648 divinam
1528 1610 1712 1662 pacem
1747 1604 1806 1647 ut
1835 1594 1973 1647 ultra

406 1688 588 1739 omnia
620 1686 849 1752 positam
885 1699 1103 1740 sursum
1132 1684 1326 1747 evecti,
1357 1684 1803 1752 partieipationes
1832 1683 1972 1749 ejus,

406 1793 525 1844 quae
567 1778 935 1844 intelliguntur
981 1785 1036 1829 et
1078 1775 1452 1834 nominantur.
1504 1772 1666 1838 idque
1713 1779 1972 1838 quantum

408 1867 654 1919 homines
679 1905 693 1925 ,
726 1875 779 1918 et
825 1880 924 1918 nos
964 1863 1267 1931 praesertim
1301 1863 1387 1928 qui
1439 1860 1623 1914 multis
1654 1861 1811 1912 bonis
1843 1859 1972 1912 viris

408 1959 642 2025 impares
690 1969 903 2017 sumus,
940 1953 1202 2020 consequi
1242 1965 1568 2019 possumus,
1605 1950 1975 2015 attendamus.

407 2051 482 2103 Ac
512 2049 740 2116 primum
771 2045 988 2114 quidem
1019 2044 1306 2098 dicendum
1346 2051 1428 2097 est
1461 2043 1583 2106 hoc,
1625 2041 1766 2108 quod
1798 2055 1890 2107 per
1917 2029 1975 2093 se

408 2142 556 2211 pacis
586 2180 600 2203 ,
632 2155 685 2191 et
718 2139 862 2206 pacis
902 2137 953 2190 in
993 2132 1307 2189 universum
1356 2133 1714 2188 considerata:
1749 2173 1763 2197 ,
1817 2143 1866 2185 et
1920 2133 1974 2184 in

410 2246 580 2300 parte.
634 2229 854 2283 cliector
908 2237 991 2282 est
1043 2227 1184 2280 Deus
1216 2266 1230 2289 ,
1266 2236 1320 2279 et
1349 2226 1494 2295 quod
1531 2226 1715 2279 omnia
1751 2225 1887 2277 inter
1921 2239 1976 2278 se

409 2333 596 2376 trutuo
636 2321 1022 2388 coniunctione
1062 2320 1309 2387 ipsorum
1347 2333 1455 2372 non
1490 2316 1716 2371 confusa
1749 2317 1981 2370 commi-

408 2423 550 2474 scet;
577 2429 682 2480 qua
712 2411 1094 2480 conjunctione
1119 2408 1450 2464 cohaerentia
1481 2407 1596 2461 sine
1635 2406 1902 2460 divisione
1931 2414 1983 2458 et

406 2505 664 2556 distantia
689 2541 703 2564 ,
734 2501 942 2570 singula
982 2511 1157 2552 tamen
1197 2498 1494 2551 secundum
1531 2496 1804 2566 propriam
1861 2511 1983 2563 spe-

408 2598 547 2650 ciem
593 2610 725 2661 pura
772 2595 1106 2654 consistunt.
1157 2608 1264 2645 non
1301 2591 1514 2644 turbata
1553 2607 1644 2656 per
1676 2589 1994 2642 concretio-.

411 2701 532 2738 nem
571 2682 994 2755 exuitrariorum.
1048 2683 1112 2736 Et
1143 2683 1304 2750 paulo
1340 2690 1459 2750 post
1485 2699 1495 2734 ε
1524 2680 1587 2733 Ει
1618 2691 1699 2734 est
1725 2721 1739 2744 ,
1774 2680 1987 2749 inquit,

409 2775 649 2846 perfecta
680 2777 767 2829 illa
801 2791 904 2844 pax
935 2774 1367 2842 uniuscujusque
1402 2773 1751 2840 preprietatis
1791 2774 1990 2841 imper-

412 2871 588 2921 mistaa
649 2868 1059 2930 'conservatrix,
1122 2881 1218 2934 per
1267 2865 1635 2933 providentias
1672 2881 1801 2919 suas
1845 2866 1992 2933 pacis

411 2956 732 3030 largitrices,
762 2961 940 3012 omnia
975 2962 1115 3012 inter
1139 2973 1196 3013 se
1227 2959 1339 3026 ipsa
1372 2967 1425 3011 et
1453 2972 1574 3009 cum
1605 2958 1727 3012 aliis
1757 2958 1872 3011 sine
1906 2973 1988 3010 ερ-

411 3052 618 3105 ditione
643 3063 697 3104 et
723 3049 1043 3103 confusione
1071 3049 1405 3101 custodiens.
1440 3045 1581 3110 Quid
1631 3056 1811 3099 autem
1841 3046 1992 3098 dica-

412 3160 537 3198 mus
576 3146 642 3197 de
685 3144 947 3196 charitate
987 3141 1186 3194 Christi
1219 3155 1344 3209 erga
1383 3140 1634 3193 homines
1660 3180 1673 3200 .
1712 3154 1834 3207 qua:
1887 3153 1983 3206 pa-
2009 3175 2054 3236 Ο

414 3251 531 3290 cem
579 3235 800 3289 eﬂ'udit?
839 3235 914 3287 Ex
968 3247 1072 3301 qua
1130 3247 1237 3285 non
1268 3233 1377 3298 jam
1433 3231 1758 3292 uobiscum,
1813 3246 1987 3299 neque

412 3344 538 3384 cum
569 3328 691 3381 aliis
739 3329 876 3379 inter
915 3342 1034 3390 nos,
1083 3323 1261 3390 neque
1309 3339 1432 3377 cum
1490 3324 1698 3390 angelis
1755 3339 1997 3392 pugnare

415 3422 713 3482 discamus,
749 3420 840 3472 sed
875 3417 1057 3485 potius
1085 3431 1209 3469 cum
1255 3417 1389 3484 ipsis
1438 3415 1619 3468 divina
1655 3431 1752 3483 pro
1785 3415 1997 3468 viribus

414 3528 704 3582 operemur
735 3511 1034 3565 secundum
1071 3508 1471 3576 providentiam
1500 3505 1651 3570 Jesu,
1687 3507 1776 3573 qui
1814 3507 1998 3559 omnia

418 3611 471 3662 in
505 3607 760 3660 omnibus
801 3611 1061 3672 operatur
1087 3601 1152 3663 ".
1187 3613 1240 3654 et
1273 3615 1460 3669 pacem
1490 3598 1639 3662 facit,
1676 3613 1793 3664 quae
1820 3597 2000 3651 verbis

417 3698 680 3764 explicari
711 3712 816 3750 non
848 3705 1047 3764 potest.
1077 3701 1130 3746 et
1159 3709 1276 3762 quae
1309 3709 1338 3745 a
1380 3692 1580 3748 saeculo
1618 3692 1999 3759 praedestinata

415 3799 530 3852 est;
566 3788 658 3856 qui
691 3785 1066 3840 reconciliavit
1105 3799 1202 3838 nos
1240 3783 1346 3836 sibi
1386 3785 1438 3835 in
1477 3783 1670 3850 spiritu
1705 3783 1773 3842 δ’,
1806 3791 1860 3834 et
1905 3797 2000 3848 per

418 3882 620 3948 ipsum.
653 3887 706 3931 et
738 3878 788 3929 in
826 3878 962 3945 ipso.
1000 3875 1180 3938 Patri,
1240 3883 1293 3928 et
1355 3889 1546 3927 rursus
1601 3874 1740 3926 idem
1774 3889 1892 3942 cap.
1932 3873 1985 3937 9,

418 3973 484 4025 de
517 3972 721 4024 eisdem
754 3968 953 4021 divinis
986 3967 1296 4021 numinibus
1330 3985 1342 4019 :
1377 3965 1500 4020 llzec
1535 3965 1875 4034 magnitudo,
1913 3966 1999 4016 in-

417 4060 557 4126 quit,
598 4069 650 4111 et
695 4057 901 4111 inﬁnita
946 4067 1048 4121 est,
1085 4067 1138 4110 et
1183 4057 1501 4125 quantitatis
1548 4065 1604 4110 et
1653 4056 1866 4109 numeri
1904 4070 2001 4108 ex-

419 4167 577 4220 pers;
613 4159 666 4204 et
703 4151 817 4203 ha:c
865 4150 1180 4216 magnitudo
1217 4160 1298 4201 est
1346 4149 1665 4202 excellentia
1704 4149 2000 4201 secundum

418 4241 746 4295 elTusionetn
783 4239 1090 4293 absolutam
1123 4247 1175 4292 et
1208 4254 1542 4308 supraquam
1569 4249 1850 4292 extensam
1888 4253 2004 4290 ma-

421 4333 748 4403 gniﬁcentiae
783 4347 890 4384 non
937 4333 1364 4398 comprehensze.
1410 4330 1554 4384 Idem
1612 4331 1774 4384 etiam
1844 4341 2005 4392 atque

419 4426 666 4480 omnium
696 4439 861 4478 causa
882 4434 960 4478 est
993 4439 1260 4493 parvum;
1295 4438 1573 4490 nunquam
1600 4423 1743 4475 enim
1773 4421 2002 4474 formam

386 4517 572 4584 ,parvi
606 4516 845 4585 reperies
880 4530 987 4568 non
1023 4513 1429 4582 participatam.
1469 4514 1558 4566 Sic
1590 4513 1751 4582 igitur
1793 4513 1845 4565 iu
1893 4513 2000 4566 Deo

420 4608 802 4676 accipiendum
836 4617 919 4660 est
954 4621 1204 4674 parvum,
1241 4617 1298 4658 ut
1335 4607 1386 4658 in
1423 4605 1625 4668 omnia,
1666 4615 1715 4657 et
1752 4621 1845 4673 per
1878 4620 1999 4658 om—

422 4703 506 4754 nia
542 4700 793 4767 expedite
818 4712 1028 4756 means.
1058 4706 1110 4748 et
1134 4712 1387 4766 operans,
1420 4708 1472 4749 et
1498 4699 1800 4766 pervadens
1831 4714 2000 4765 usque

424 4795 472 4844 in
500 4792 821 4845 divisionem
852 4790 1046 4842 animm
1095 4797 1149 4842 et
1198 4790 1466 4857 corporis.
1499 4804 1821 4857 compagum
1859 4804 1996 4857 quo-

421 4900 526 4954 que
557 4897 610 4937 et
645 4885 1025 4945 medullarum,
1063 4895 1116 4937 et
1153 4883 1538 4949 cogitationum
1568 4882 1750 4936 cordis
1776 4883 1843 4945 ⁵ο,
1889 4883 1998 4934 imo

423 4976 666 5026 omnium
705 4989 824 5043 quae
855 4981 1018 5036 sunt;
1050 4987 1157 5025 non
1185 4972 1331 5025 enim
1361 4979 1447 5024 est
1476 4982 1729 5024 creatura
1771 4973 1879 5024 ulla
1913 4971 1999 5024 in-

425 5066 659 5118 visibilis
697 5067 748 5117 in
800 5075 1094 5131 conspectu
1146 5065 1288 5132 ejus,
1333 5066 1433 5117 hoc
1484 5081 1706 5132 parvum
1758 5075 1840 5118 est
1891 5067 2009 5119 sine

424 5158 752 5224 quantitate,
797 5157 1206 5219 siue’nmnero,
1258 5157 1376 5210 sine
1424 5157 1769 5220 inhibitione,
1825 5158 2009 5211 inlini-

425 5260 582 5312 tum,
642 5249 1178 5317 incircumscriptuzn
1205 5291 1219 5312 ,
1268 5251 1452 5304 omnia
1496 5250 1968 5316 comprehendens
1994 5292 2006 5312 ,

428 5339 608 5406 ipsum
641 5354 669 5391 a
707 5340 854 5393 nullo
892 5340 1278 5404 comprehendi
1328 5349 1525 5408 potest.
1570 5342 1780 5398 Rursus
1819 5341 1958 5393 item
1990 5360 2003 5396 :

430 5430 583 5484 Nunc
614 5440 793 5484 autem
829 5431 1069 5484 divinam
1101 5421 1472 5486 diversitatem
1505 5450 1626 5486 cum
1656 5435 1908 5490 dicimus.
1947 5452 2012 5488 ne

434 5525 781 5593 suspicemur
813 5525 1168 5578 variationetn
1207 5526 1517 5595 quampiam
1547 5527 1604 5598 in
1640 5544 1704 5581 eo
1743 5529 1833 5595 qui
1868 5530 2010 5582 idt'lll

433 5625 537 5680 est,
573 5626 624 5670 et
653 5631 984 5687 supr-aquam
1021 5617 1414 5683 immutabilis;
1460 5620 1553 5674 sed
1602 5621 2014 5690 multiplicatio-

2072 605 2272 669 tiplicis
2306 603 2465 658 fictus
2518 609 2570 657 in
2614 605 2818 659 omnia.
2859 608 2920 659 Et
2960 612 3153 661 iterum
3193 609 3476 661 :Sitnilem
3513 623 3640 659 vero

2075 695 2235 746 Deum
2265 697 2307 747 si
2343 699 2464 763 quis
2513 699 2676 758 dicat,
2731 708 2787 750 ut
2825 699 3096 760 eumdem,
3134 708 3186 750 ct
3233 709 3289 751 ut
3340 709 3508 751 totum
3550 716 3642 766 per

2070 795 2238 838 totum
2266 789 2364 839 sibi
2401 789 2549 840 unite
2595 798 2647 840 et
2686 789 3086 855 itnpartihiliter
3119 790 3377 849 similem.
3410 806 3514 841 non
3558 800 3641 842 est

2074 877 2490 944 improbandutn
2543 895 2740 933 nomen
2789 882 3031 933 divinum
3102 882 3318 934 similis.
3380 880 3639 946 Theologi

2072 981 2198 1019 vero
2245 969 2404 1020 Deum
2439 1010 2452 1029 ,
2489 969 2581 1036 qui
2616 979 2701 1023 est
2727 987 2887 1037 supra
2942 972 3123 1023 omnia
3150 1012 3163 1032 .
3206 981 3472 1037 quatenus
3528 975 3642 1037 ipse

2073 1070 2173 1118 est.
2210 1059 2406 1111 nullius
2434 1060 2665 1112 similem
2695 1075 2814 1113 esse
2843 1063 2994 1112 aiunt
3016 1103 3028 1122 ,
3074 1061 3166 1113 sed
3199 1062 3370 1126 ipsum
3405 1062 3640 1113 divinam

2075 1147 2487 1199 similitudinem
2531 1149 2657 1200 dare
2690 1150 2753 1199 iis
2786 1149 2874 1214 qui
2918 1149 2980 1200 ad
3019 1164 3142 1200 eum
3186 1158 3584 1202 convertuntur
3621 1165 3636 1202 :

2074 1251 2146 1297 et.
2181 1241 2321 1306 quod
2360 1239 2740 1291 admirabilius
2787 1251 2888 1299 est,
2940 1241 3081 1306 quod
3121 1241 3252 1291 nihil
3306 1241 3483 1292 simile
3526 1241 3644 1305 ejus

2075 1341 2151 1383 cst
2196 1331 2326 1382 dicit
2368 1330 2675 1397 Scriptura;
2715 1331 2812 1382 etsi
2871 1346 2973 1382 non
3022 1340 3282 1396 repugnat
3332 1330 3415 1382 hic
3465 1345 3643 1382 sermo

2076 1421 2440 1482 similitudini,
2472 1436 2592 1487 quae
2622 1436 2743 1473 cum
2785 1419 2896 1472 Deo
2935 1431 3038 1483 est,
3077 1420 3268 1471 eadem
3301 1424 3443 1471 enim
3481 1430 3531 1472 et
3567 1421 3644 1472 si-

2078 1512 2220 1563 milia
2265 1520 2317 1564 et
2367 1513 2650 1565 dissimilia
2701 1511 2806 1564 Dco
2851 1514 3156 1563 dicuntur:
3193 1511 3390 1563 similia
3429 1511 3645 1578 quidem

2078 1603 2376 1654 secundum
2404 1602 2781 1663 imitationem,
2817 1618 2936 1668 quae
2959 1618 3078 1655 esse
3109 1610 3286 1670 potest
3318 1602 3453 1668 ejus,
3487 1615 3646 1667 quam

2081 1693 2214 1744 nihil
2251 1702 2428 1756 poteSt
2459 1692 2657 1744 imitari
2687 1712 2697 1754 ;
2727 1692 3010 1744 dissimilia
3046 1707 3193 1752 vero,
3225 1702 3493 1757 quatenus
3526 1688 3652 1741 eﬂ‘e-

2082 1793 2199 1835 ctus
2241 1781 2376 1833 intra
2410 1797 2626 1835 causam
2667 1793 2794 1835 sunt
2823 1824 2836 1844 ,
2887 1791 2941 1833 et
2990 1781 3216 1833 inlinitis
3263 1779 3556 1839 mensuris,
3600 1789 3653 1831 et

2081 1883 2201 1934 qua:
2255 1867 2491 1920 conferri
2544 1884 2648 1920 non
2704 1880 2906 1936 qtteuut
2936 1909 2948 1929 .
3005 1870 3072 1920 ab
3104 1885 3164 1920 ea
3210 1870 3436 1920 dismnt.
3471 1866 3598 1919 Ite'm
3636 1883 3649 1917 :

2079 1956 2216 2020 Quid
2253 1973 2378 2011 vero
2404 1958 2469 2010 de
2505 1959 2688 2012 divina
2717 1960 2972 2021 statione,
3006 1960 3087 2011 vel
3123 1960 3187 2011 de
3229 1959 3353 2011 sede
3378 1956 3654 2009 dicimus?

2083 2041 2200 2109 ipse
2236 2045 2378 2096 enim
2420 2055 2501 2097 est
2542 2047 2718 2098 omnis
2753 2048 3025 2105 stationis,
3076 2055 3128 2098 et
3166 2047 3311 2098 sedis
3343 2061 3528 2105 causa.
3561 2045 3650 2112 qni

2084 2141 2163 2185 est
2204 2147 2364 2200 supra
2397 2149 2613 2187 omnem
2646 2136 2827 2188 sedem
2856 2179 2869 2198 ,
2904 2148 2954 2188 et
2984 2137 3300 2198 stationem,
3332 2146 3384 2188 et
3432 2135 3485 2188 in
3537 2138 3655 2201 ipso

2083 2235 2278 2278 cuncta
2309 2239 2371 2277 ex
2422 2225 2690 2277 bonorum
2738 2226 2932 2293 cuique
2972 2241 3162 2280 eorum
3214 2227 3653 2278 convenientium

2083 2317 2320 2369 statione
2351 2317 2680 2379 consistunt,
2729 2325 2783 2369 et
2833 2318 3244 2379 custodiuntur,
3279 2331 3344 2369 ne
3376 2332 3439 2369 ex
3484 2318 3658 2369 bono-

2088 2425 2204 2462 rum
2248 2409 2687 2462 convenicntiutn
2722 2411 2952 2462 statione
2979 2411 3348 2461 excutiantur.
3386 2407 3527 2473 Quid
3554 2423 3657 2461 ιιι..

2093 2510 2218 2561 tem,
2250 2495 2370 2553 eum
2405 2516 2590 2554 rursus
2619 2501 2854 2569 tlicolo'gi
2887 2500 2951 2552 ad
2983 2501 3162 2553 omnia
3194 2500 3444 2569 pregredi
3473 2510 3526 2552 et
3550 2514 3665 2552 mo-

2094 2593 2202 2647 veri
2235 2593 2422 2647 dicunt
2478 2594 2847 2647 immobilem?
2899 2611 2964 2646 an
3013 2611 3114 2648 non
3158 2607 3216 2646 ut
3273 2593 3437 2646 Deum
3489 2593 3662 2656 decvt,

2094 2686 2196 2738 hoc
2234 2685 2641 2751 intelligendum
2679 2686 2796 2738 est?
2839 2686 3039 2739 Moveri
3072 2701 3306 2752 namque
3337 2686 3422 2752 pie
3457 2685 3627 2738 intelli
3656 2716 3660 2720 ~

2093 2758 2326 2846 gendum
2363 2785 2446 2831 est
2477 2792 2573 2846 pro
2606 2792 2670 2830 eo
2704 2777 2845 2845 quod
2876 2789 2977 2838 est,
3017 2776 3196 2830 facere
3233 2777 3398 2830 Deum
3431 2786 3491 2829 ut
3534 2791 3670 2829 cun-

2096 2881 2182 2921 cta
2207 2869 2332 2929 sint.
2357 2877 2410 2922 et
2436 2870 2711 2922 continere
2743 2869 2950 2932 omnia,
2981 2879 3034 2922 et
3060 2869 3312 2922 omnibus
3345 2869 3521 2922 modis
3548 2882 3671 2921 om—

2100 2961 2258 3012 nibus
2293 2960 2594 3027 providere,
2622 2968 2675 3012 et
2711 2961 2963 3012 omnibus
3011 2960 3200 3014 adesse
3228 2969 3340 3012 tum
3381 2960 3665 3028 complexu

2100 3054 2343 3105 omnium
2385 3067 2506 3119 qua:
2546 3061 2696 3110 sunt.
2730 3052 2849 3105 sine
2881 3051 3210 3104 habitudine
3240 3051 3670 3118 conjunctionis,

2102 3154 2213 3197 tum
2260 3157 2353 3209 per
2401 3142 2793 3208 providentiam
2830 3143 3011 3194 omnia
3060 3141 3477 3204 circumeundo,
3521 3147 3573 3194 et
3617 3139 3671 3193 in

2103 3236 2358 3289 omnibus
2381 3238 2677 3303 operando.
2705 3235 2902 3287 Ibidem
2928 3241 3150 3286 sanctus
3174 3231 3442 3285 Maximus
3463 3231 3673 3296 :Quodo

2103 3307 2300 3395 inquit,
2337 3340 2546 3392 semper
2577 3335 2658 3377 est
2692 3326 2830 3376 idem
2859 3363 2872 3385 ,
2926 3334 2978 3376 et
3028 3323 3275 3376 absolute
3323 3332 3427 3384 est,
3467 3321 3518 3374 in
3561 3322 3675 3374 sola

2102 3433 2265 3471 causa
2319 3418 2560 3469 ontnium
2616 3414 2887 3467 elfectrice
2947 3413 3213 3473 cernitur,
3256 3426 3376 3480 qua:
3408 3411 3675 3464 creaturis

2104 3510 2295 3576 largita
2325 3518 2427 3566 est,
2469 3518 2518 3557 nt
2561 3508 2612 3559 in
2647 3507 2838 3559 eodem
2870 3515 3012 3559 statu
3042 3512 3420 3573 permaneant,
3450 3512 3580 3554 etut
3612 3516 3675 3553 ea

2103 3617 2221 3670 quae
2256 3600 2548 3661 contrarie,
2591 3599 2669 3650 vel
2702 3598 2806 3650 alio
2840 3598 2999 3651 modo
3027 3598 3248 3658 habent,
3284 3598 3423 3649 inter
3456 3613 3512 3650 se
3545 3611 3675 3649 coa-

2105 3702 2376 3762 gmentata
2411 3691 2556 3752 sint,
2603 3690 2789 3743 eodem
2845 3690 3009 3758 igitur
3047 3690 3205 3743 modo
3239 3689 3421 3740 omnia
3445 3729 3459 3752 ,
3511 3689 3675 3740 etiam

2106 3801 2224 3853 quae
2254 3800 2360 3837 non
2395 3793 2618 3837 manent
2646 3785 2698 3836 in
2728 3785 2917 3836 eadem
2953 3791 3166 3844 natura,
3204 3782 3256 3834 in
3303 3782 3408 3833 Deo
3439 3797 3677 3834 cernun-

2107 3889 2192 3932 tur
2223 3893 2371 3940 esse;
2399 3878 2664 3942 siquidem
2689 3877 2933 3930 omnium
2960 3891 3080 3943 quae
3105 3883 3250 3934 sunt,
3277 3875 3469 3928 eodem
3497 3874 3677 3937 modo.

2108 3971 2156 4023 id
2189 3979 2271 4022 est
2309 3968 2582 4032 similiter,
2637 3979 2721 4022 est
2777 3977 2967 4021 auctor
3023 3956 3185 4020 Mus.
3236 3965 3311 4018 Ex
3348 3967 3562 4033 quibus
3624 3966 3680 4018 iit

2107 4062 2473 4128 manifestum,
2512 4063 2652 4129 quod
2686 4077 2788 4129 pax
2815 4102 2827 4122 .
2863 4071 2916 4114 et
2949 4061 3300 4129 magnitudo,
3335 4068 3387 4111 et
3418 4060 3677 4126 parvitas,

2105 4162 2156 4206 et
2183 4154 2363 4223 statio,
2392 4162 2446 4203 et
2487 4165 2690 4212 mOtus,
2727 4162 2781 4204 et
2809 4152 2948 4203 idem
2978 4165 3120 4215 esse,
3150 4161 3204 4203 et
3234 4150 3507 4203 diversum
3537 4164 3679 4210 esse,

2106 4257 2160 4299 et
2195 4245 2451 4307 similem,
2479 4253 2531 4295 et
2555 4243 2896 4304 dissimilem,
2929 4244 3040 4296 haec
3072 4243 3254 4294 omnia
3287 4255 3393 4293 una
3424 4256 3526 4308 pax
3554 4250 3680 4294 sunt

2109 4340 2161 4390 in
2199 4337 2326 4394 Deo.
2360 4337 2563 4388 idcirco
2600 4347 2654 4387 et
2691 4335 2799 4395 hic,
2834 4343 2885 4386 et
2917 4334 3050 4386 alias
3091 4335 3236 4386 clare
3264 4333 3467 4386 dictum
3501 4341 3554 4385 et
3589 4332 3684 4384 dc-

2114 4438 2473 4481 monstratum
2504 4436 2581 4478 est
2610 4441 2638 4478 a
2671 4426 2944 4493 Dionysio,
2979 4425 3079 4476 alia
3109 4463 3122 4485 .
3154 4433 3205 4476 et
3235 4423 3530 4486 contraria,
3561 4438 3682 4475 om-

2036 4503 2076 4556 θ
2111 4522 2197 4573 nia
2231 4520 2419 4572 eodem
2451 4518 2608 4569 modo
2641 4525 2694 4568 et
2745 4517 2914 4573 unite.
2946 4523 3000 4567 et
3032 4514 3174 4566 nulla
3221 4513 3592 4580 duplicatione
3628 4512 3680 4563 in

2117 4614 2222 4665 Deo
2268 4626 2424 4672 esse;
2468 4620 2647 4661 tamen
2685 4608 2752 4661 ab
2789 4608 2905 4676 ipso
2954 4607 3214 4675 producta
3242 4646 3256 4668 ,
3295 4607 3496 4657 variata
3544 4619 3683 4666 esse,

2116 4705 2182 4756 ab
2221 4705 2350 4770 ipsis
2382 4702 2822 4754 emanationibus
2852 4701 3221 4753 diversitatem
3256 4708 3434 4750 nacta.
3474 4699 3562 4750 Est
3592 4698 3691 4765 ig-i-

2114 4805 2199 4848 tur
2230 4795 2390 4857 Deus,
2431 4804 2486 4845 ut
2528 4787 3149 4857 ptius'demoustratum
3198 4801 3311 4855 est,
3363 4792 3505 4843 sicut
3554 4791 3688 4843 suh-

2110 4889 2331 4944 stantia.
2366 4902 2529 4954 quam
2563 4900 2736 4954 neque
2768 4885 2952 4938 verbis
2978 4885 3303 4952 exprimere,
3341 4899 3440 4938 nec
3482 4883 3688 4951 eloqui,

2116 4995 2214 5032 nec
2238 4992 2563 5045 cegnosccre
2593 4991 2906 5043 possumus,
2934 4976 3011 5029 sic
3029 4976 3192 5028 etiam
3213 4975 3395 5028 divina
3423 4973 3538 5041 ejus
3564 4989 3693 5040 pax.

2117 5078 2372 5137 praetcrea
2411 5068 2670 5134 sapientia
2698 5070 2837 5133 ejus,
2874 5077 2926 5119 ct
2953 5069 3059 5119 vita
3085 5068 3226 5134 ejus,
3267 5078 3321 5119 et
3354 5081 3690 5134 ιιιιιεςυιιιιιιιε

2116 5160 2219 5212 alia
2251 5161 2519 5222 absoluta,
2554 5170 2604 5212 et
2637 5175 2973 5228 quascunque
3001 5176 3140 5212 nunc
3178 5161 3228 5212 in
3285 5160 3400 5228 ipsa
3439 5160 3691 5212 videntur

2118 5251 2415 5302 secundum
2451 5252 2893 5303 contrarietatem
2921 5250 3121 5307 eil‘erri.
3162 5251 3473 5308 Laudamus
3509 5267 3692 5310 autem

2122 5344 2259 5394 hanc
2295 5340 2591 5396 sccnndum
2642 5345 3080 5412 participationes
3122 5346 3237 5408 eius
3289 5348 3611 5418 intellectas.
3645 5361 3699 5403 et

2121 5435 2452 5496 nominatas,
2494 5435 2543 5486 id
2576 5446 2679 5499 est,
2713 5436 2998 5489 laudamus
3024 5440 3089 5489 ab
3133 5439 3195 5490 iis
3245 5457 3365 5508 quae
3397 5442 3645 5509 produxit
3681 5485 3696 5506 ,

2118 5539 2238 5592 qua:
2263 5527 2362 5577 sub
2397 5525 2807 5594 intelligentiam
2846 5529 3067 5591 cadunt,
3093 5540 3146 5584 et
3173 5547 3290 5600 qua:
3316 5535 3421 5587 sub
3445 5549 3694 5596 sensum,

2123 5620 2324 5686 quibus
2368 5632 2472 5671 nos
2508 5634 2572 5671 cx
2606 5618 2671 5672 iis
2702 5635 2822 5688 qua:
2857 5620 3128 5691 videntur,
3175 5624 3448 5684 instructi.
3502 5627 3565 5679 ad
3602 5640 3700 5682 co-

509 5807 552 5836 “
603 5808 729 5864 Cor.
757 5822 853 5872 ιιι,
881 5810 964 5862 6..
1013 5812 1056 5842 δ’
1088 5812 1127 5865 ll
1203 5814 1329 5870 Cor.
1363 5832 1411 5883 ν,
1449 5817 1544 5882 l8;
1597 5816 1793 5887 Ephcs.
1830 5835 1891 5885 tt,
1929 5818 2017 5871 l8.
2083 5819 2126 5848 ⁵ο
2168 5817 2332 5872 Ilcbr.
2375 5836 2446 5886 tv,
2487 5821 2572 5874 12.
