4416 6448
767 375 866 437 831

1927 378 2252 439 ,ΙΟᾹΝΝΙΞ
2291 379 2851 442 ΟῩΡΛΙΗΞΞΙΟΤΕ
2904 436 2908 442 .

3890 351 3996 446 es:

768 488 819 549 ei
851 486 1080 537 ationetn
1133 499 1449 550 magnorum
1501 485 1762 541 donorum
1815 489 1934 557 ejus
1981 491 2325 547 deducimur,
2360 492 2400 547 Α
2436 493 2698 554 nominat,
2747 493 2873 560 quia
2928 493 3129 562 prrebct
3185 494 3339 548 nobis
3387 493 3839 561 similitLdinem,
3891 510 3996 549 non

767 579 912 640 ipsas
941 592 1033 642 per
1063 589 1120 628 se
1147 577 1379 643 primum
1414 577 1655 632 actiones
1684 579 1869 632 animo
1901 593 2178 634 versantes
2205 619 2218 640 .
2275 593 2333 634 ut

763 667 809 718 si
855 666 978 732 quis
1013 667 1247 733 primum
1293 678 1623 730 creaturam,
1673 670 1756 722 vel
1817 671 2004 724 mundi
2064 673 2324 726 fabricam

763 755 935 818 ipsam
967 770 1060 821 per
1094 769 1152 807 se
1181 756 1398 822 cogitet,
1427 756 1568 810 velut
1597 758 1863 812 actionem
1902 757 1992 812 Del
2024 773 2076 811 et
2127 769 2332 814 motunt

764 844 1003 904 iznuens,
1031 844 1227 896 deinde
1263 845 1523 899 rationem
1557 847 1622 898 ad
1655 848 1916 913 producta
1947 843 2210 903 etei-cata
2253 867 2337 903 rv-

763 932 920 984 i'i-rat.
947 933 1308 987 Cottsrntiens
1332 945 1511 988 autem
1547 949 1732 990 secum
1770 938 1912 992 idem
1949 939 2240 1009 Dionysius
2277 941 2330 993 in

764 1039 791 1075 s
818 1025 993 1090 ngnlis
1024 1025 1218 1077 borum
1248 1026 1562 1080 nominibus
1587 1041 1680 1093 per
1703 1029 1909 1091 omnia,
1935 1030 2075 1083 sicut
2106 1032 2160 1084 in
2189 1031 2334 1096 aliis,

762 1115 921 1166 itaet
957 1130 1103 1168 nunc
1154 1116 1374 1169 nomina
1429 1117 1580 1184 ponit
1628 1132 1751 1171 cum
1806 1119 2152 1187 adiunctione
2199 1121 2335 1175 deii-

760 1206 965 1266 niente,
1007 1204 1152 1271 quod
1201 1206 1408 1259 scilicet
1452 1221 1544 1274 per
1583 1222 1642 1260 se
1685 1209 1858 1274 pacis,
1893 1219 1948 1263 et
1994 1224 2101 1278 per.
2121 1224 2180 1264 se
2217 1226 2337 1265 ma-

766 1294 1087 1358 gnitudinis,
1117 1303 1172 1347 ct
1204 1310 1298 1362 per
1332 1310 1389 1348 se
1435 1297 1832 1362 similitudinis,
1875 1309 1930 1352 et
1977 1300 2235 1362 aliorum,
2283 1313 2339 1357 et

762 1399 952 1436 eorum
981 1399 1101 1450 qua!
1141 1385 1414 1436 contrarie.
1447 1387 1827 1453 proteruntur,
1860 1399 1918 1442 ut
1955 1405 2050 1456 per
2079 1407 2139 1446 se
2172 1392 2338 1446 dissi-

760 1476 1102 1534 tnilitudinis.
1133 1490 1226 1543 per
1257 1492 1314 1530 se
1343 1477 1698 1541 diversitutis,
1731 1491 1785 1531 et
1813 1493 1999 1532 eorum
2035 1495 2156 1547 quae
2189 1491 2335 1543 sunt,

764 1575 894 1622 tota.
935 1574 982 1616 rt
1017 1579 1138 1631 qute
1173 1580 1366 1619 eorum
1399 1577 1600 1634 partes.
1636 1579 1827 1623 auctor
1851 1578 1931 1622 est
1973 1569 2139 1634 Deus,
2172 1587 2337 1627 causa

760 1665 814 1704 et
852 1654 1105 1718 effector;
1141 1670 1236 1723 per
1274 1659 1455 1710 omnia
1485 1660 1674 1711 eodmn
1727 1668 1917 1734 tenore
1946 1671 2000 1715 et
2044 1662 2219 1716 forma
2246 1664 2340 1718 de-

761 1757 1075 1798 monstrans
1114 1757 1166 1800 et
1210 1749 1464 1801 universa
1532 1751 1795 1813 producta
1849 1768 2012 1813 esse,
2060 1764 2115 1808 et
2165 1771 2334 1810 unum

761 1843 973 1888 tantum
1003 1851 1192 1887 eorum
1227 1840 1472 1890 omnium
1501 1839 1830 1907 principium
1862 1853 1915 1895 et
1939 1857 2158 1898 causam
2185 1861 2328 1907 esse.

760 1943 925 1980 nnnm
981 1930 1210 1987 scilicet.
1253 1932 1396 1999 quod
1457 1939 1543 1984 est
1591 1947 1924 2003 supraquam
1999 1937 2329 2004 substantia,

760 2035 879 2084 qnzc
902 2029 986 2073 est
1014 2019 1098 2072 illa
1136 2022 1288 2073 beata
1333 2030 1383 2072 et
1417 2022 1577 2076 trium
1617 2040 1973 2093 personarum
2021 2042 2235 2087 natura.
2261 2032 2334 2090 Ut

761 2118 940 2162 autem
973 2127 1035 2161 ex
1067 2111 1132 2164 iis
1167 2127 1286 2179 qnze
1318 2115 1490 2179 posita
1539 2126 1664 2170 sttnt
1687 2158 1701 2178 ,
1757 2121 2115 2188 proprietates
2168 2126 2331 2179 etiam

762 2200 1148 2266 percipiamtls,
1175 2215 1256 2255 est
1291 2204 1504 2272 quidem
1551 2222 1648 2274 pax
1703 2209 1912 2265 divina.
1962 2227 2082 2280 qua:
2119 2213 2333 2269 diversa

761 2290 922 2342 nectit
953 2292 1001 2344 in
1033 2288 1197 2344 unum
1233 2296 1396 2351 (dicta
1429 2308 1514 2350 est
1543 2298 1688 2350 enim
1724 2304 2103 2369 congregati-ix
2134 2313 2186 2358 et
2218 2306 2334 2359 col-

760 2380 973 2445 ligatriv
1009 2383 1217 2436 illorum
1252 2387 1437 2451 etiam,
1468 2403 1588 2455 qua:
1621 2391 1856 2444 maxime
1889 2393 2090 2448 diversi
2118 2398 2334 2464 generis

761 2482 813 2524 ct
848 2481 1058 2526 natura:
1103 2477 1251 2542 sunt)
1292 2478 1458 2531 multa
1492 2478 1544 2530 in
1585 2487 2071 2547 temperamentum
2108 2488 2336 2542 commi-

761 2574 917 2613 scens
944 2576 1049 2616 non
1081 2563 1326 2626 confuse,
1363 2580 1536 2634 neque
1572 2570 1867 2634 permiste;
1904 2571 1998 2626 sed
2030 2587 2254 2629 servans
2280 2577 2332 2630 in

761 2653 992 2719 singulis
1040 2655 1444 2720 universitates,
1501 2659 1554 2711 in
1593 2676 1759 2714 unum
1800 2665 1997 2717 mentis
2031 2665 2332 2736 simplicem

760 2753 1084 2808 conceptum
1119 2744 1326 2799 reducit
1365 2745 1463 2812 (i).
1508 2747 1708 2803 Deinde
1745 2750 1857 2806 haec
1893 2752 2073 2808 divina
2110 2770 2208 2824 pax
2241 2773 2336 2812 ve-

761 2831 860 2884 luti
894 2834 1152 2889 unionem
1190 2836 1570 2905 multiplicium
1602 2840 2015 2897 etdiversarum
2052 2861 2244 2901 vocum
2283 2859 2337 2904 et

761 2939 1019 2977 sonorum
1055 2926 1227 2982 instar
1255 2940 1552 2984 concentus
1582 2942 1634 2986 et
1662 2935 2001 3003 symphoniae
2031 2938 2337 3006 pulcherri-

761 3029 850 3067 me
882 3017 1122 3080 coniicit,
1161 3019 1296 3073 nihil
1344 3036 1410 3075 ex
1457 3025 1604 3091 gravi
1656 3036 1752 3078 aut
1800 3037 1962 3081 acuto
2020 3029 2331 3091 demutans.

2436 580 2577 649 quod
2632 581 2745 646 ipse
2796 582 2886 634 ilat
2928 583 3090 636 nobis
3143 583 3340 638 similis
3374 582 3545 652 (nulla
3600 585 3743 637 enim
3788 585 3997 638 cilcctis

2437 685 2558 723 cum
2592 670 2844 726 eﬂectore
2872 671 3193 734 similitudo,
3227 687 3349 725 eum
3379 672 3606 727 iniinitis
3636 682 3688 726 et
3717 673 4002 726 immensis

2439 762 2708 814 mensuris
2749 769 2797 814 et
2849 761 3150 815 intervallis
3183 762 3273 814 illa
3313 762 3380 815 ab
3410 772 3634 816 auctore
3666 763 3872 828 absint)
3909 762 3999 814 sed

2437 850 2637 915 potius,
2691 849 2832 903 sicut
2863 850 3264 918 dixintus,quia
3305 851 3418 918 ipse
3450 860 3529 904 est
3564 848 3782 904 eﬂ‘ector
3816 865 3911 931 per
3943 866 4001 902 se

2437 939 2823 1002 similitudinis,
2854 955 2960 1008 qua
2990 954 3087 993 nos
3123 940 3231 992 Deo
3257 938 3521 993 eilicimnr
3547 939 3788 993 similes:
3819 938 3999 991 Estote

2435 1030 2596 1090 enim,
2638 1031 2847 1097 inqttit,
2880 1031 3267 1095 misericordes,
3295 1031 3430 1084 sicut
3465 1029 3621 1085 Pater
3650 1039 3815 1084 vester
3850 1029 4001 1083 cclc-

2438 1122 2533 1174 stis
2561 1119 2631 1186 ";
2666 1121 2804 1174 idem
2839 1136 2965 1175 vero
2997 1130 3083 1175 est
3105 1121 3266 1175 etiam
3297 1119 3754 1175 dissimilitudinis
3781 1129 3998 1182 aut-tor,

2437 1211 2562 1280 quia
2600 1211 2897 1278 unicuique
2913 1223 3101 1263 eorum
3122 1225 3244 1279 quas
3259 1209 3328 1263 ab
3347 1223 3411 1263 eo
3431 1208 3570 1263 facta
3587 1219 3735 1273 sunt,
3758 1208 4004 1277 proprie-

2382 1358 2385 1363 .
2441 1311 2603 1354 tatem
2623 1300 2838 1363 indidit,
2865 1309 2926 1354 ut
2959 1314 3237 1368 nunquam
3262 1298 3499 1368 quandiu
3528 1298 3737 1368 singula
3755 1297 4004 1351 ordinata

2439 1402 2588 1455 sunt,
2617 1393 2755 1445 inter
2785 1406 2842 1445 se
2870 1391 3218 1446 conveniant.
3247 1389 3303 1443 Si
3331 1400 3505 1442 autem
3533 1402 3729 1441 nomen
3760 1386 4000 1453 ejusdem

2439 1497 2491 1537 et
2522 1482 2722 1537 diversi
2758 1480 2866 1534 Deo
2889 1481 3260 1542 attrihuintus.
3311 1494 3375 1532 ex
3417 1479 3484 1534 iis
3518 1492 3638 1546 quae
3672 1476 3924 1545 produxit
3951 1484 4007 1528 et

2440 1571 2662 1626 donavit
2709 1572 3000 1625 sumimus.
3057 1569 3152 1625 Est
3202 1570 3417 1639 quidem
3471 1568 3760 1633 ταυὲὸτης,
3817 1567 3869 1618 id
3925 1573 4010 1617 est

2443 1662 2735 1722 identitas,
2800 1660 3141 1729 conspiratio
3183 1668 3240 1713 ct
3284 1673 3587 1713 consensus
3633 1653 4006 1710 universitatis

2442 1768 2622 1807 rerum
2666 1769 2787 1805 cum
2824 1768 2931 1805 uno
2973 1750 3197 1813 mundo,
3257 1759 3310 1803 et
3353 1748 3631 1816 generatio
3664 1747 3879 1815 penitus
3914 1745 4003 1797 di-

2437 1823 2727 1905 stantium,
2762 1857 3004 1895 summas
3032 1854 3220 1894 eorum
3260 1839 3550 1908 qualitates
3581 1837 3831 1891 similiter
3869 1837 4003 1887 reti-

2434 1947 2602 1989 nens:
2639 1942 2693 1986 et
2737 1933 2925 1985 eadem
2959 1928 3170 1986 adet-tio
3199 1929 3537 1984 diversarum
3574 1935 3914 1985 naturarum.
3951 1937 4006 1977 et

2434 2024 2779 2081 dissimilium
2830 2023 3089 2093 partium,
3138 2027 3223 2078 est
3273 2029 3453 2076 autem
3487 2033 3682 2074 rursus
3713 2015 4006 2073 diversitas

2436 2117 2793 2184 multipartita
2829 2117 3086 2171 distantia
3123 2130 3310 2170 eorum
3341 2128 3461 2183 qum
3492 2113 3559 2164 ab
3592 2126 3699 2164 una
3737 2110 3916 2163 radice
3951 2107 4004 2161 in

2436 2207 2704 2260 iniinitum
2738 2209 3050 2269 tenduntur,
3081 2215 3136 2260 et
3178 2203 3404 2258 variatio
3441 2202 3619 2255 omnis
3670 2199 3886 2270 generis
3943 2199 3996 2251 in

2435 2297 2682 2366 partibus
2715 2303 2770 2349 et
2807 2295 3066 2351 membris
3100 2293 3534 2362 uniuscujusque
3562 2331 3578 2357 ,
3630 2298 3686 2344 et
3727 2287 4005 2356 multiplex

2436 2403 2498 2442 ac
2520 2389 2666 2442 varia
2699 2385 2991 2441 multitudo
3012 2385 3302 2440 creationis
3326 2382 3565 2438 formarit
3592 2398 3621 2433 n
3637 2397 3660 2444 -;
3691 2379 3771 2434 sic
3794 2390 4012 2444 quoque

2437 2478 2720 2530 stationem
2757 2474 2848 2528 Dei
2887 2473 3177 2529 laudamus
3225 2474 3292 2526 ab
3340 2471 3409 2526 iis
3453 2475 3658 2539 qute‘et
3702 2464 4012 2531 collocavit,

2436 2577 2490 2622 et
2519 2566 2773 2624 tirmavit.
2798 2574 2853 2621 et
2877 2565 3076 2635 quibus
3108 2564 3285 2618 locum
3320 2560 3573 2616 manendi
3595 2559 3743 2614 dedit
3769 2577 3782 2622 ;
3817 2566 3874 2612 et
3898 2570 4014 2610 mo-

2440 2667 2550 2711 tntn
2589 2671 2778 2711 rursus
2831 2640 3138 2718 laudamus,
3172 2654 3317 2721 quod
3368 2653 3484 2720 ipse
3531 2664 3654 2704 cum
3696 2649 3766 2702 sit
3811 2645 4012 2715 alioqui

2439 2745 2760 2810 immobilis,
2792 2754 2845 2798 et
2871 2740 3148 2798 declinare
3175 2757 3283 2796 non
3314 2740 3530 2810 possit,
3563 2754 3664 2792 nec
3697 2738 3802 2791 ulla
3839 2738 3893 2789 in
3931 2749 4011 2800 re,

2437 2844 2530 2888 ant
2571 2834 2732 2887 modo
2765 2842 3076 2896 moveatur,
3104 2845 3279 2899 neque
3319 2839 3584 2892 mutetur,
3620 2837 3712 2881 ant
3747 2828 4010 2889 varietur,

2437 2925 2716 2978 voluntate
2749 2934 2955 2977 tantum
2987 2937 3177 2977 omnes
3209 2923 3419 2992 species
3448 2931 3504 2974 et
3532 2920 3740 2974 formas
3769 2928 4010 2972 motuum

2438 3015 2718 3085 produxit,
2748 3024 2804 3068 et
2839 3012 3156 3076 renovavit,
3201 3012 3455 3066 emittens
3500 3025 3593 3063 eas
3639 3024 3746 3062 una
3793 3009 4017 3063 omnino

761 3105 855 3157 sed
887 3109 1067 3175 potius
1100 3119 1320 3163 manent
1355 3114 1656 3166 secundum
1691 3127 1944 3170 naturam
1987 3119 2105 3173 sine
2136 3120 2330 3174 eonfu-
2361 3114 2406 3174 (ἶ
2439 3122 2503 3177 ρει

2269 3137 2330 3174 ιι-
2361 3114 2406 3174 c
2439 3122 2593 3177 pace,
2623 3113 2910 3167 concentu,
2936 3113 2989 3158 et
3017 3101 3336 3166 concordia,
3368 3101 3592 3171 quando
3618 3108 3829 3168 oportet
3856 3099 4013 3150 emit-

764 3199 917 3254 sionc
941 3211 1198 3267 aptatam.
1227 3213 1286 3255 ut
1313 3203 1667 3272 ingeneretur
1695 3211 1972 3276 copulatio
1998 3226 2334 3282 supraquam

763 3294 987 3350 rmiiat'i
1027 3304 1223 3361 potest,
1249 3297 1535 3351 amatoriis
1568 3298 1901 3366 quihusdam
1937 3302 2228 3367 illecebris,
2251 3307 2332 3360 vel

763 3386 951 3438 nescio
987 3386 1116 3452 quid
1154 3386 1394 3440 divinius
1423 3388 1601 3441 dicam
1631 3430 1645 3452 ,
1683 3390 1735 3444 in
1773 3392 2028 3446 unionem
2077 3396 2290 3449 redacta
2319 3438 2334 3461 ,

764 3488 1127 3532 consentanee
1157 3478 1319 3531 etiam
1361 3494 1460 3534 nos
1493 3479 1678 3535 divina
1713 3483 1933 3538 nomina
1957 3525 1971 3548 ,
2006 3501 2125 3554 qua:
2158 3487 2210 3539 in
2246 3489 2336 3544 illo

767 3583 896 3629 uno,
948 3568 1092 3635 quod
1149 3576 1231 3622 est
1279 3585 1611 3640 supraquam
1664 3575 2006 3636 substantia.
2058 3582 2337 3634 contraria

763 3675 885 3713 esse
922 3661 1196 3725 videntur,
1261 3662 1389 3717 huic
1437 3665 1636 3719 divinm
1683 3668 1799 3734 paci
1843 3668 2233 3734 attribuimtts;
2286 3682 2337 3725 et

768 3751 1195 3819 magnitudinem
1245 3757 1311 3808 ad
1349 3758 1670 3824 parvitatem
1725 3758 2049 3834 referentes,
2081 3761 2134 3815 itt
2176 3777 2336 3816 unam

766 3855 951 3909 pactam
979 3842 1792 3919 contulimtts,_magnltudinem
1839 3850 2057 3919 quidem
2084 3852 2341 3907 delinien-

769 3945 873 3993 tes,
907 3949 1008 4000 qua
1041 3936 1148 3988 mon
1176 3915 1360 4004 queat.
1382 3937 1559 4005 major
1593 3940 1766 3994 moles
1797 3915 2020 4010 reperiri
2051 3960 2066 4009 ;
2101 3946 2343 4013 parvita-

768 4034 876 4078 tem
929 4040 1080 4090 vero,
1124 4042 1231 4095 qua
1273 4043 1382 4082 non
1427 4032 1599 4097 possit
1634 4021 1856 4098 minor;
1907 4049 2006 4104 per
2051 4047 2344 4107 utrumque

765 4134 988 4180 nomen,
1022 4133 1208 4187 pacem
1241 4120 1308 4173 ad
1342 4122 1611 4176 iniinitum
1643 4124 1809 4178 Deum
1835 4137 2170 4184 revocantes.
2205 4127 2343 4195 Quid

765 4210 912 4260 cnim
971 4211 1149 4279 majus
1197 4211 1505 4268 substantia
1559 4214 1814 4268 inﬁnita?
1859 4227 1954 4272 aut
1987 4220 2119 4289 quid
2159 4237 2345 4277 rursus

767 4298 867 4349 liae
901 4298 1099 4358 lenius,
1149 4313 1270 4368 quas
1318 4311 1430 4356 tota
1473 4316 1576 4371 per
1621 4305 1954 4374 pulvieulum
1993 4310 2344 4367 ittsecabilem

759 4389 1056 4455 permeat?
1089 4388 1215 4442 Item
1258 4392 1423 4445 etiam
1451 4395 1629 4448 simile
1662 4399 1996 4453 arbitramur
2033 4402 2122 4455 cui
2155 4412 2238 4455 est
2273 4403 2346 4456 si-

2442 3209 2586 3259 tere;
2625 3206 2676 3250 et
2723 3210 2914 3251 rursus
2960 3195 3028 3249 ad
3080 3209 3140 3250 se
3191 3206 3458 3248 revocans
3507 3193 3623 3260 ipsa
3677 3204 3777 3244 sua
3816 3205 3911 3258 per
3951 3204 4013 3243 se

2441 3305 2576 3358 pace
2625 3289 2923 3344 secundum
2959 3295 3159 3352 unant‘,
3216 3297 3270 3340 et
3322 3299 3603 3352 nunquam
3631 3282 4012 3337 intermissam

2443 3383 2834 3451 operationem.

3043 3490 3272 3547 CAPUT
3326 3489 3416 3545 IX.

2447 3611 2521 3666 De
2574 3613 2943 3679 omnipotente,
2991 3616 3331 3679 sttsceptore,_
3366 3601 3633 3679 adjutore,
3684 3607 3734 3650 et
3775 3598 3844 3679 ‘dc
3893 3595 4021 3648 aliis

2519 3673 2816 3734 nominibus
2840 3719 2854 3740 ,
2887 3692 3008 3750 quia
3038 3675 3111 3750 de
3142 3676 3246 3750 Deo
3276 3673 3562 3750 dicuntur,
3584 3678 3632 3749 et
3664 3675 3786 3750 sunt
3835 3681 4017 3750 eorum

2517 3767 2632 3819 quin
2658 3739 2915 3803 dicuntur
2938 3744 3240 3819 ad‘aliquid
3268 3760 3285 3796 :
3320 3752 3372 3796 et
3407 3741 3472 3793 de
3508 3739 3833 3819 dieirtit'it‘te.‘
3849 3739 4022 3819 et-gsi-

2520 3805 2838 3877 militudine,
2900 3826 2950 3870 et
3001 3805 3520 3887 Itabitttditt_e.__qata
3579 3811 3632 3861 in
3674 3805 4019 3887 _dei[iraiisn,

2520 3900 2567 3944 et
2603 3874 2976 3946 imitantibus,
3027 3893 3075 3938 ei
3123 3874 3520 3955 similitudinem
3566 3874 3892 3955 capientibus
3940 3874 4023 3950 di-

2520 3973 2713 4013 cuntur
2748 3944 3033 4011 secundum
3061 3953 3433 4011 imitationem,
3457 3957 3506 4020 ei
3535 3944 3902 4020 sitnilitudinis
3938 3944 4023 4020 ἰῆς

2522 4029 2937 4098 formationem,_
2963 4033 3012 4078 et
3061 4022 3423 4098 habitudinem
3627 4016 3715 4084 qui
3761 4024 3836 4066 est
3865 4016 4020 4098 θηξςὶ

2521 4087 2828 4152 λαὺὶιυόὶηε
2857 4095 3153 4154 solutus,“
3175 4087 3750 4159 omitentintitationein
3780 4088 4018 4159 superet,

2523 4149 2587 4221 iii
2601 4149 2664 4223 de
2695 4149 3026 4235 deiﬁcaiions
3048 4149 3350 4235 secundum
3373 4155 3753 4235 habitudinem,
3790 4161 3839 4205 et
3865 4149 4021 4235 iisiis

2525 4253 2642 4308 qua
2687 4226 3441 4308 dicunturutexcellentiam
3486 4226 3776 4286 declarent,
3823 4230 3877 4272 ut
3932 4232 4024 4271 rex

2524 4304 2722 4378 regunt,
2767 4306 2901 4360 Dens
2934 4304 3173 4357 deorum.

2528 4373 2822 4469 Gregorius
2873 4396 3152 4465 Nyssenus
3186 4390 3238 4442 in
3271 4381 3738 4443 coniutationibus
3768 4373 4024 4431 Eunomii

768 4480 1016 4534 niiiitndo
1048 4486 1455 4543 communionis
1488 4503 1612 4543 cum
1663 4490 1773 4544 alio
1809 4491 1891 4546 vel
1939 4493 1991 4546 itt
2043 4496 2342 4560 coloribus,
2374 4463 2421 4520 θ
2447 4495 2588 4551 libro
2617 4463 2860 4549 secundo
2889 4463 3251 4557 :VReperitur,
3288 4480 3485 4551 inquit,
3508 4477 3642 4532 niltil
3670 4473 3818 4530 aliud
3850 4470 4023 4542 signi-

767 4574 846 4624 vel
886 4576 1364 4641 propensionibus,
1403 4581 1484 4633 vel
1536 4582 1800 4644 tnoribus,
1834 4594 1889 4637 et
1923 4585 2121 4650 modis,
2155 4587 2237 4640 vel
2289 4589 2343 4642 in

767 4663 1258 4729 gnhernationibus
1285 4682 1489 4730 rerum,
1514 4669 1595 4721 vei
1626 4670 1680 4721 in
1722 4669 1854 4731 alio,
1885 4681 1944 4722 ut
1995 4671 2198 4741 aliquis
2247 4687 2345 4740 po-

764 4763 874 4806 test
905 4753 1177 4821 conjicere
1216 4757 1631 4811 similitudinem
1677 4772 2086 4829 eomparentem
2128 4779 2142 4815 :
2176 4763 2344 4818 dissi-

769 4843 897 4897 nziie
924 4858 1074 4908 vero,
1106 4850 1262 4913 cujus
1296 4849 1443 4901 nulla
1477 4859 1561 4902 est
1586 4850 1890 4906 similitudo
1925 4853 2230 4906 secundum
2263 4870 2350 4908 ra-

763 4936 944 4990 tiones
977 4947 1030 4990 et
1055 4938 1246 4994 modos
1278 4942 1433 4995 m-bis
1462 4953 1644 5003 notos.
1664 4944 1995 5000 desiderium
2033 4957 2213 5002 tamen
2244 4965 2345 5003 nov

766 5028 935 5081 minis
982 5027 1113 5091 Dei,
1146 5045 1255 5099 quo
1288 5039 1560 5096 tenemur,
1599 5035 1649 5087 in
1685 5051 1788 5089 una
1823 5051 1956 5105 pace
1994 5042 2347 5110 congregavit

768 5118 906 5180 haec,
951 5129 1004 5174 et
1035 5121 1266 5177 laudans
1295 5125 1707 5181 similitudinem
1761 5128 1853 5183 Dei
1875 5166 1892 5190 .
1923 5130 2158 5186 similem
2189 5131 2348 5186 nobis

838 5252 886 5283 ⁵⁸
933 5253 1068 5308 Luc.
1105 5271 1177 5320 Vi,
1206 5257 1294 5311 56.

2449 4588 2612 4642 iicare
2645 4585 2700 4638 in
2724 4582 2904 4636 divina
2929 4577 3168 4648 putentia
3199 4588 3394 4628 nomen
3425 4567 3834 4638 omnipotentis,
3859 4577 4023 4621 uuam

2450 4675 2640 4732 referri
2676 4675 2859 4742 aliquo
2902 4669 3069 4724 modo
3109 4667 3176 4720 ad
3217 4663 3420 4734 aliquid
3459 4657 3838 4728 operationem
3885 4667 4023 4708 con-

2452 4771 2712 4834 tinentem
2751 4762 2982 4834 imperio
3015 4769 3069 4815 et
3095 4758 3375 4814 dominatu
3414 4765 3478 4806 ea
3516 4766 3639 4820 qu:e
3673 4749 3729 4802 in
3775 4753 4024 4801 creatura

2454 4833 2647 4915 mundi
2672 4833 3122 4924 conteinplamur,
3172 4849 3278 4904 hoc
3323 4847 3466 4901 enim
3511 4845 3615 4902 vis,
3664 4854 3788 4909 quae
3827 4839 3886 4890 in
3924 4837 4027 4889 hoc

2455 4954 2673 5009 nomine
2721 4949 2987 5008 cernitur,
3035 4944 3394 4998 demonstrat.
3445 4935 3511 4990 Et
3555 4935 3698 4988 sicut
3743 4942 4021 4997 nunquam

2456 5055 2598 5098 esset
2635 5039 2902 5101 medicus,
2927 5037 3029 5090 nisi
3069 5041 3290 5102 propter
3319 5035 3591 5097 agrotos;
3627 5036 3801 5091 neque
3828 5033 4022 5074 rursus

2457 5129 2776 5184 misericors
2804 5125 3197 5185 nominaretur,
3225 5129 3318 5175 aut
3348 5119 3656 5178 miserator,
3684 5122 3738 5167 et
3774 5109 4029 5164 similiter

2246 5369 2518 5433 Scholia.

849 5523 922 5590 (l)
962 5522 1175 5585 Album,
1202 5532 1254 5608 es
1286 5523 1518 5608 nigrum,
1552 5535 1608 5608 et
1643 5526 1880 5608 reliquas
1906 5526 2113 5608 species
2146 5526 2348 5580 coloris

777 5597 832 5647 in
872 5609 1038 5646 unum
1071 5605 1398 5661 conceptum
1433 5595 1733 5660 simplicem
1781 5595 1983 5650 coloris
2031 5612 2155 5649 cum
2193 5612 2347 5650 mens

779 5681 835 5716 re
859 5667 1010 5726 ittcii,
1046 5666 1454 5717 universitatem
1485 5665 1702 5732 generis
1738 5667 1788 5718 in
1826 5670 1907 5719 cis
1943 5676 2144 5725 servat,
2171 5681 2346 5733 ltt'qlic

776 5737 918 5788 t'lll.l|
943 5735 1316 5789 convenisntia
1345 5738 1395 5787 in
1421 5738 1775 5791 universitate
1801 5755 1952 5803 gt'll'ft
1971 5739 2032 5803 is,
2061 5738 2344 5790 confundit

2453 5529 2691 5591 species;
2727 5541 2904 5596 neque
2948 5523 3240 5598 diversitas
3283 5520 3488 5598 speciei
3521 5516 3659 5572 tollit
3690 5513 4024 5598 convenient.

2452 5601 2585 5651 tiam
2618 5599 2670 5651 itt
2712 5592 3099 5659 universitate;
3134 5592 3232 5649 sed
3282 5592 3396 5645 haec
3451 5592 3743 5644 consensio
3787 5592 3841 5639 itt
3892 5598 4030 5638 cou-

2451 5679 2645 5723 centus
2677 5685 2704 5723 a
2743 5683 2876 5738 pace
2915 5668 3095 5722 divina
3130 5663 3518 5735 proficiscitur.
