4416 6448
414 407 510 474 διι

1051 405 1290 464 DECAS
1323 403 1419 462 Vl.
1451 423 1522 437 ···-
1570 402 1668 461 DE
1703 396 2345 462 M’PA‘RITIONIBUS
2374 401 2629 462 DIVINI'
2656 402 3006 463 LUMINIS.

3547 401 3647 468 8‘!

414 517 754 587 mitstautiis
791 531 961 584 usque
1021 517 1084 567 ad
1118 526 1390 568 extremas
1418 502 1772 581 pt-rvadit,'et
1800 512 1979 564 adhuc
2009 511 2054 567 Α
2082 515 2234 574 dum,
2270 512 2466 577 inquit,
2494 520 2578 566 est
2604 511 2805 573 dicere.
2837 523 2890 565 et
2927 511 3360 579 investigandum
3396 514 3448 565 in
3473 517 3645 581 prima

416 617 577 673 supra
613 621 804 660 onmes
834 616 937 669 est,
972 608 1042 657 ita
1080 613 1134 658 ut
1168 618 1342 672 neque
1364 604 1674 671 superiores
1705 616 1874 670 usque
1909 600 1978 653 ad

415 699 560 751 illius
586 679 962 750 excellentiam
982 696 1310 762 pertingant,
1338 707 1437 748 nec
1457 690 1745 746 inferiores
1772 693 1880 744 non
1910 690 1978 744 ab

415 786 504 838 llla
525 786 940 846 contineantur;
971 784 1100 851 quin
1129 784 1309 851 potius
1332 782 1513 835 omnia
1536 797 1657 850 qua:
1688 779 1980 834 illuminari

411 884 664 944 passum.
703 873 992 935 illuminat,
1029 883 1080 926 et
1111 883 1279 932 creat.
1304 882 1356 926 et
1395 872 1558 925 vitam
1587 873 1695 933 dat,
1727 880 1778 924 et
1807 869 1981 923 conti-

415 980 527 1026 net,
564 978 617 1019 et
646 965 850 1031 perficit
879 983 893 1027 ;
926 975 979 1018 et
1004 979 1255 1016 mensura
1284 970 1368 1016 est
1392 976 1582 1014 eorum
1613 976 1731 1026 qua:
1753 969 1905 1020 sunt,
1929 968 1982 1010 et

411 1069 610 1118 arvum,
632 1064 685 1108 et
719 1071 998 1116 numerus,
1020 1065 1074 1107 ct
1099 1053 1256 1116 ordo,
1275 1062 1326 1106 et
1359 1052 1696 1118 complestis,
1715 1059 1775 1103 ct
1793 1041 1979 1117 causa,

411 1152 578 1211 atque
601 1142 762 1195 linis:
795 1143 874 1196 sic
901 1142 1062 1194 etiam
1098 1140 1286 1209 ingens
1317 1139 1440 1204 iste,
1489 1149 1544 1194 et
1572 1150 1714 1194 totus
1748 1139 1981 1206 splendi-

413 1236 538 1299 dus,
576 1248 640 1287 ac
672 1247 890 1299 semper
937 1232 1125 1285 lucens
1155 1233 1234 1284 sol
1273 1225 1450 1297 imago
1493 1245 1746 1298 expressa
1787 1237 1870 1281 est
1902 1229 1983 1280 di-

415 1325 552 1377 vina
579 1324 856 1385 bonitatis,
874 1329 1145 1390 quatenus
1171 1321 1547 1374 tenuissimum
1570 1319 1698 1388 quid
1722 1318 1866 1373 ilius
1889 1319 1984 1385 bo-

415 1414 470 1466 ni
501 1418 558 1466 in
589 1405 871 1479 co'procul
891 1422 1113 1468 resonat
1130 1411 1311 1480 (l),ct
1335 1411 1520 1463 omnia
1556 1425 1677 1477 quae
1709 1425 1831 1460 eum
1863 1416 1998 1476 par-‘

415 1506 644 1570 tieipare
673 1514 919 1569 possunt.
970 1505 1224 1564 illustrat,
1257 1511 1311 1556 et
1367 1501 1553 1554 lumen
1617 1501 1778 1554 habet
1811 1489 1977 1568 supra

413 1605 719 1657 fllt'lhllm,
739 1595 880 1662 quod
901 1595 952 1647 in
978 1596 1288 1648 universum
1313 1593 1573 1647 mundum
1605 1592 1695 1660 qui
1721 1593 1981 1654 cernitur,

412 1694 528 1737 tum
560 1684 920 1750 superiorem,
958 1694 1070 1736 tum
1127 1683 1469 1736 inferiorem.
1507 1682 1797 1746 splendore
1833 1682 1979 1733 radi-

412 1789 569 1825 orum
601 1789 827 1826 suorum
852 1771 1174 1840 multiplicat
1202 1789 1215 1824 :
1248 1783 1301 1825 ct
1322 1772 1368 1826 si
1397 1774 1526 1839 quid
1556 1785 1678 1824 eum
1717 1786 1824 1824 non
1853 1786 1978 1838 par-

413 1866 624 1932 tiripat.
666 1873 882 1918 nonest
917 1864 975 1917 in
1007 1877 1174 1918 causa
1219 1864 1562 1918 imbecillitas
1600 1871 1692 1916 aut
1739 1863 1976 1934 tenuitas

413 1957 688 2011 fat‘ttl'atis
715 1957 1077 2027 illuminandi,
1109 1959 1201 2012 sed
1242 1960 1423 2026 potius
1464 1973 1726 2012 nonesse
1755 1956 1980 2026 expedi:

412 2047 1102 2116 tumadpartieipationem
1132 2044 1384 2110 luminis,
1428 2049 1551 2116 quia
1597 2062 1703 2100 non
1755 2048 1826 2102 sit
1855 2049 1976 2102 ido-
2018 2059 2021 2061 ’

419 2155 579 2193 neum
617 2141 683 2194 ad
722 2141 1114 2194 admittendum
1148 2140 1302 2194 illud.
1336 2144 1411 2194 Ac
1467 2154 1658 2194 revera
1696 2140 1863 2194 multa
1898 2142 1976 2193 sic

411 2240 559 2294 stunt,
609 2244 728 2300 qua:
763 2231 947 2284 radius
979 2231 1106 2285 solis
1133 2241 1576 2301 praztergressus,
1624 2230 1710 2285 illa
1735 2247 1858 2298 quae
1899 2231 1978 2284 ul-

419 2332 500 2374 tra
526 2317 683 2383 'snnt,
745 2321 1045 2386 illmninat;
1075 2331 1130 2375 et
1180 2321 1310 2374 nihil
1337 2329 1424 2375 est
1455 2335 1645 2375 eorum
1679 2336 1799 2389 quae
1827 2319 1975 2373 cerni

411 2422 664 2481 possunt,
695 2427 806 2480 quo
837 2429 944 2465 non
999 2412 1272 2481 pertingat
1312 2412 1412 2475 sol,
1466 2423 1525 2467 ut
1556 2423 1640 2467 est
1672 2411 1865 2478 ingens
1898 2413 1977 2467 vis

411 2503 716 2570 splendoris
741 2505 844 2557 sui.
880 2501 1022 2566 Quin
1054 2506 1218 2556 etiam
1250 2503 1316 2556 ad
1353 2514 1533 2556 ortum
1557 2517 1848 2570 corporum
1875 2502 1977 2555 sub

413 2612 635 2651 sensum
666 2598 974 2659 cadentium
1002 2598 1241 2662 confert,
1266 2605 1322 2652 et
1357 2612 1417 2650 ea
1470 2605 1651 2650 movet
1690 2598 1756 2650 ad
1783 2598 1996 2658 vitam,-

411 2690 601 2747 nutrit.
641 2698 819 2758 auget.
877 2673 1110 2757 perlicit,
1172 2698 1225 2743 et
1249 2696 1467 2759 purgat,
1500 2702 1563 2742 ac
1612 2698 1869 2750 renovat;
1926 2673 1981 2740 et

411 2796 668 2834 mensura
719 2791 800 2834 est
827 2795 890 2834 ac
937 2795 1197 2834 numerus
1238 2771 1520 2844 horarum,
1557 2787 1610 2832 et
1641 2779 1876 2842 dierum,
1925 2787 1980 2830 ct

412 2874 592 2926 omnis
639 2873 808 2925 nostri
843 2854 1098 2939 temporis
1122 2871 1248 2939 (hoc
1289 2873 1434 2924 enim
1471 2879 1554 2924 est
1586 2869 1716 2922 illud
1771 2870 1974 2928 lumen,

415 2965 628 3017 tametsi
660 2973 790 3017 tunc
823 2981 928 3015 non
951 2974 1068 3016 erat
1091 2963 1400 3031 ﬁguratum,
1425 2962 1568 3030 quod
1602 2961 1735 3013 dixit
1761 2960 1978 3012 divinus

415 3050 628 3121 “nysc-s
655 3053 1124 3106 distinxisseillud
1153 3052 1391 3120 primum
1425 3050 1638 3103 dierum
1667 3061 1976 3101 nostrorum

2081 601 2461 670 explanatione
2496 596 2810 667 ligur'arum,
2843 617 3014 670 quare
3047 610 3233 656 sancta
3273 603 3557 666 Scriptura
3595 608 3644 656 in

2083 692 2382 760 ﬂgurandis
2405 691 2612 760 angelis
2637 693 2927 760 imaginem
2954 697 3165 759 igneam
3201 693 3312 747 fere
3348 677 3456 760 piae
3489 706 3646 747 riete-

2082 782 2157 832 ris
2183 780 2516 850 imaginibus
2550 779 2817 833 honorare
2849 784 3140 848 reperitur.
3177 782 3432 851 Reperies
3466 786 3648 850 itaqu-

2078 887 2198 924 eam
2230 888 2336 926 non
2391 872 2564 925 solum
2600 881 2747 929 rotas
2781 873 2965 940 igneas
2996 873 3361 938 elIingcnteun,
3403 876 3494 926 sed
3535 877 3621 926 ani

2085 965 2241 1017 malia
2273 965 2508 1030 emigne,
2542 974 2594 1018 ct
2645 963 2790 1018 viros
2822 957 2996 1018 instar
3055 967 3194 1035 ignis
3230 966 3440 1032 fulgore
3472 967 3634 1038 (ῖοηιιέ

2083 1065 2287 1118 euntes,
2330 1065 2444 1109 tum
2468 1071 2693 1120 acervos
2725 1057 3024 1115 carbonum
3051 1059 3188 1124 ignis
3219 1059 3366 1110 circa
3401 1059 3603 1112 cmlestv
3623 1076 3651 1112 s

2084 1141 2422 1195 substantias
2453 1153 2765 1208 ponentem,
2795 1139 3060 1203 etlluvios
3096 1147 3213 1214 igni
3249 1148 3526 1208 ardentes,
3549 1151 3650 1198 im-

2084 1243 2207 1300 petu
2253 1233 2345 1300 qui
2376 1229 2616 1286 cohiberi
2649 1249 2756 1287 non
2799 1238 2991 1310 possit,
3048 1236 3417 1302 profluentes;
3462 1239 3571 1290 imo
3599 1247 3654 1291 et

2084 1322 2240 1374 sedes
2270 1320 2345 1372 ait
2387 1321 2572 1390 igneas
2599 1317 2760 1385 esse;
2791 1333 2847 1375 et
2881 1324 3026 1390 ipsos
3065 1339 3351 1390 supremos
3387 1327 3646 1397 Seraphi-

2085 1423 2183 1460 nos
2214 1413 2438 1462 urentes
2480 1423 2832 1477 repraesentat
2850 1412 2917 1473 “,
2952 1421 3010 1466 ut
3045 1428 3242 1466 nomen
3286 1411 3544 1480 declarat,
3587 1433 3652 1471 ac

2082 1500 2468 1566 proprietatem
2497 1500 2634 1568 ignis
2664 1508 2717 1553 et
2743 1499 3086 1555 ellicientiam
3117 1505 3228 1556 illis
3253 1506 3471 1570 tribuit;
3502 1508 3655 1559 drui-

2082 1605 2186 1656 qne
2222 1605 2387 1659 supra
2417 1600 2470 1643 et
2523 1589 2663 1644 infra
2706 1593 2782 1662 (id
2815 1596 3172 1674 est,.ubiquo)
3205 1598 3372 1664 igtteze
3401 1583 3655 1670 imaginis

2085 1679 2468 1732 formationem
2503 1682 2775 1748 pracipue
2808 1684 3060 1738 honorat.
3091 1685 3312 1754 lgm-um
3365 1691 3549 1762 igitur;
3595 1703 3654 1746 ut

2085 1769 2342 1832 arbitror,
2363 1767 2610 1837 designat
2638 1771 2926 1826 maximam
2958 1773 3014 1827 in
3046 1777 3316 1832 mentibus
3335 1780 3654 1833 cwlestibus

2013 1841 2052 1896 Β
2082 1857 2171 1912 Dei
2199 1860 2647 1924 similitudinem;
2685 1863 2824 1917 sacri
2844 1866 2986 1931 enim
3009 1868 3239 1938 theologi
3265 1862 3652 1933 subSIantiam,

2077 1965 2198 2018 quac
2219 1965 2384 2019 supra
2416 1953 2771 2007 substantiam
2795 1949 3028 2016 est,siue
3050 1958 3240 2029 forma,
3257 1964 3391 2015 mult
3414 1966 3501 2017 si:
3523 1964 3655 2018 loe‘s

2079 2042 2130 2095 in
2154 2041 2273 2110 igne
2290 2043 2588 2106 deiineant,
2607 2046 2751 2114 quod
2773 2046 2914 2117 ignis
2943 2053 3140 2107 multas
3165 2056 3356 2109 habeat
3389 2060 3656 2126 imagines

2080 2135 2145 2199 (si
2173 2136 2254 2189 fas
2293 2144 2378 2191 cst
2407 2136 2611 2207 dicere)
2645 2132 2843 2195 divinae
2879 2144 3253 2210 proprietatis,
3286 2162 3561 2216 quau-nus
3598 2153 3652 2203 in

2076 2225 2148 2280 iis
2171 2241 2291 2296 qua
2342 2242 2663 2294 cernuntur,
2695 2229 2902 2290 habere.
2924 2243 3124 2303 potest.
3157 2237 3301 2308 Ignis
3357 2243 3526 2305 enim,
3560 2243 3650 2310 qui

2078 2331 2241 2371 sensu
2306 2319 2622 2388 percipitur,
2653 2333 2738 2378 est
2795 2325 3015 2394 quidem
3046 2327 3100 2382 in
3137 2331 3414 2390 omnibus,
3484 2344 3542 2386 ut
3583 2336 3652 2387 ita

2079 2407 2282 2468 dicam,
2313 2419 2367 2462 et
2401 2425 2496 2476 per
2526 2413 2712 2467 omnia
2738 2429 2848 2469 non
2906 2422 3164 2486 permiste
3199 2423 3467 2484 pervadit,
3500 2433 3556 2477 et
3588 2429 3657 2478 ab

2080 2497 2336 2553 onmibus
2367 2500 2671 2571 diremptus
2693 2497 2804 2570 est,
2822 2521 2945 2560 cum
2966 2511 3034 2563 sit
3059 2515 3256 2579 alioqui
3276 2525 3421 2569 totus
3445 2517 3660 2584 lucens,

2079 2591 2237 2643 simul
2283 2600 2368 2646 est
2415 2603 2674 2662 tanquam
2711 2600 2904 2662 latens,
2935 2603 3248 2672 incognitus
3283 2621 3377 2674 per
3420 2623 3503 2671 se,
3542 2623 3650 2663 non

2080 2684 2352 2751 proposita
2395 2688 2646 2753 materia,
2684 2689 2736 2742 in
2787 2705 2894 2760 qua
2927 2707 3078 2747 suam
3141 2697 3244 2748 vim
3277 2706 3331 2750 et
3383 2701 3656 2754 actionem

2076 2775 2355 2837 ostendat,
2394 2793 2570 2846 neque
2599 2781 2795 2846 teneri,
2831 2797 3002 2852 neque
3025 2787 3190 2839 videri
3217 2797 3419 2854 potest,
3449 2800 3508 2845 et
3535 2807 3656 2846 on;-

2083 2864 2168 2917 nia
2203 2878 2462 2932 supcrat;
2517 2879 2572 2923 et
2601 2885 2663 2924 ea
2714 2872 2768 2925 in
2798 2876 2995 2941 quibus
3042 2878 3206 2932 fuerit
3260 2881 3556 2949 ingenitus,
3589 2887 3658 2938 ad

2081 2971 2234 3022 suam
2260 2959 2576 3013 fat-uftatem
2604 2965 2802 3017 trahit:
2840 2966 3003 3020 habet
3041 2970 3148 3021 vim
3189 2971 3532 3038 iuiniutan-li,
3556 2977 3657 3028 im-

2083 3049 2349 3115 partiendi
2381 3065 2442 3103 se
2473 3053 2730 3108 omnibus
2764 3060 2856 3123 qui
2888 3060 2954 3109 ad
2994 3074 3116 3112 etim
3154 3071 3429 3132 utcunque
3456 3083 3654 3136 appro-

416 3142 702 3206 triduum),
741 3143 882 3194 unde
903 3143 1076 3210 ἥλιος,
1114 3141 1166 3195 id
1197 3152 1303 3205 est,
1334 3141 1435 3204 sol,
1463 3141 1638 3194 dictus
1677 3148 1786 3200 est,
1833 3142 1974 3207 quod
2007 3183 2051 3238 Ω
2087 3136 2367 3204 pinquant,
2397 3141 2688 3194 renovandi
2714 3145 2896 3198 calore
2915 3146 3081 3210 vitali,
3112 3148 3446 3204 illuminandi
3475 3154 3661 3220 splen-

417 3232 598 3284 omuia
634 3232 760 3284 facit
813 3232 1079 3301 do).1ﬁ,_,id
1109 3239 1213 3295 est,
1267 3232 1448 3286 omnia
1503 3239 1683 3286 servat
1723 3231 1894 3294 salva,
1926 3239 1980 3282 et

415 3334 709 3392 ροηδε-θέαι
759 3324 1006 3392 dispersa
1038 3341 1053 3389 ;
1085 3333 1140 3379 ct
1165 3325 1347 3377 omnia
1382 3339 1502 3393 quae
1552 3322 1824 3376 seutiemli
1872 3339 1978 3376 vuu

416 3415 619 3468 habent
660 3430 783 3468 eum
818 3424 1100 3482 appetunt,
1174 3415 1259 3468 vel
1290 3425 1347 3468 ut
1382 3414 1618 3477 videant,
1648 3414 1725 3466 vol
1778 3425 1833 3466 nt
1865 3431 1978 3465 mo-

418 3514 662 3569 vcautur,
687 3516 739 3560 et
773 3506 1163 3568 illuminentur,
1197 3515 1249 3558 et
1269 3505 1562 3569 calescant,
1588 3515 1640 3556 et
1667 3505 1898 3571 denique
1925 3513 1982 3556 ut

415 3599 820 3658 contineantur,
848 3608 903 3651 et
921 3604 1315 3649 conserventur
1332 3613 1360 3648 ει
1383 3595 1496 3649 Sole
1526 3611 1539 3648 :
1573 3610 1678 3648 non
1704 3598 1805 3648 hoc
1829 3598 1975 3658 dico,

417 3698 474 3740 ιιι
503 3689 797 3754 antiquitas
820 3688 1192 3748 existimabat,
1225 3687 1367 3752 quod
1402 3687 1481 3738 sol
1511 3687 1581 3738 sit
1606 3686 1768 3744 Deus.
1803 3696 1856 3738 et
1885 3701 1982 3738 au-

418 3791 532 3832 t‘tor
563 3779 822 3836 universi.
863 3779 956 3847 (ιιιί
1007 3780 1150 3831 hunc
1177 3778 1433 3854 mundum
1478 3791 1638 3844 quem
1679 3777 1976 3837 cernimus,

417 3885 630 3939 proprie
656 3868 939 3936 gubernet,
975 3869 1065 3922 sed
1104 3872 1285 3937 potius
1314 3868 1459 3937 quod
1502 3868 1793 3921 invisibilia
1832 3868 1920 3921 Dei
1949 3884 1980 3921 a

415 3968 679 4013 creatura.
711 3958 896 4009 mundi
939 3973 1034 4025 per
1065 3973 1128 4011 ea
1179 3972 1300 4025 quae
1351 3957 1490 4009 facta
1525 3967 1674 4016 sunt,
1710 3957 1978 4010 intellecta

414 4038 1200 4118 conspiciuntur,‘setitpiterna
1233 4061 1452 4116 quoque
1489 4047 1608 4116 ejus
1630 4048 1800 4100 virtus
1817 4058 1868 4099 et
1895 4049 1982 4099 di-

413 4145 632 4194 vinitas.
669 4140 742 4193 Ex
771 4142 977 4209 quibus
1010 4149 1178 4208 patet,
1207 4154 1369 4192 omne
1419 4139 1598 4192 lumen
1629 4139 1773 4207 quod
1806 4138 1980 4191 cerni-

415 4241 502 4284 tur
531 4249 558 4284 a
589 4230 695 4284 Deo
720 4231 919 4285 faetqu
966 4247 1119 4297 esse;
1149 4239 1203 4283 et
1231 4232 1399 4284 solem
1432 4245 1552 4284 esse
1585 4229 1768 4283 multis
1803 4229 1982 4282 modis

412 4335 466 4377 et
503 4324 802 4378 rationibus
838 4325 1128 4393 imaginem
1184 4322 1440 4376 bonitatis
1473 4322 1596 4374 Dei:
1625 4321 1786 4374 simul
1814 4322 1978 4373 etiam

413 4414 840 4468 tlctthltSlraltllll
879 4424 983 4475 est.
1017 4414 1479 4482 quemadmodum
1518 4426 1642 4465 cum
1681 4412 1818 4464 Deus
1847 4410 1984 4462 dixit

2089 3227 2317 3283 tioribus
2359 3246 2464 3284 non
2493 3230 2725 3288 obtectis
2751 3249 2764 3297 ;
2794 3249 2902 3288 non
2945 3247 3122 3301 potest
3149 3240 3420 3304 cohiberi,
3452 3254 3536 3298 est
3567 3247 3661 3301 ad-

2090 3322 2363 3375 mistionis
2386 3338 2600 3391 expers,
2638 3325 2801 3380 habct
2831 3327 2937 3380 vim
2961 3332 3304 3396 secernendi,
3334 3343 3417 3388 est
3457 3334 3660 3390 immu-

2089 3411 2289 3483 tabilis,
2328 3411 2500 3467 fertur
2531 3403 2787 3480 sublime,
2821 3430 2902 3473 est
2923 3429 3103 3475 motus
3133 3423 3347 3489 celeris,
3375 3437 3461 3480 est
3490 3428 3659 3489 altus.

2089 3520 2196 3556 non
2249 3507 2450 3572 patitur
2479 3519 2537 3558 ut
2567 3523 2804 3576 unquam
2840 3523 3058 3579 appetat
3097 3512 3356 3570 deorsum
3394 3519 3545 3582 ferri.
3578 3536 3666 3576 est

2091 3609 2188 3660 per
2227 3610 2284 3647 se
2317 3599 2558 3658 molnlis,
2593 3610 2809 3668 semper
2837 3603 3088 3657 tnobilis:
3126 3607 3230 3659 alia
3260 3623 3520 3674 movens;
3566 3614 3664 3665 ha-

2089 3684 2177 3738 bet
2208 3688 2313 3738 vim
2337 3689 2738 3750 continendi,et
2765 3707 2796 3745 a
2831 3695 2980 3748 nullo
3005 3698 3275 3751 contineri
3315 3712 3513 3768 potest,
3551 3720 3662 3759 non

2090 3775 2297 3844 indiget
2330 3778 2454 3842 alio,
2477 3789 2634 3847 auget
2662 3797 2719 3835 se
2747 3788 2979 3850 occulte,
2997 3788 3123 3840 etin
3141 3794 3383 3845 materiis
3404 3794 3665 3860 subjectis

2090 3872 2330 3926 declarat
2363 3875 2791 3942 magnitudinctn
2845 3894 3033 3933 suam:
3073 3893 3160 3936 est
3188 3883 3397 3944 efIicax.
3443 3899 3662 3954 mtuns,

2088 3961 2272 4014 coram
2304 3966 2558 4017 omnibus
2607 3967 2761 4020 adest
2797 3968 3237 4036 inaspectabilis;
3273 3975 3316 4027 si
3353 3992 3384 4027 u
3424 3979 3664 4046 gligitur,

2093 4053 2302 4104 videtur
2336 4058 2440 4106 non
2465 4068 2624 4118 esse;
2660 4058 2942 4112 collisione
2983 4061 3145 4124 facta.
3178 4066 3342 4119 νυΙιιιί
3373 4084 3445 4135 qn
3466 4070 3661 4128 t-situs.

2093 4146 2411 4198 naturaliter
2439 4157 2491 4200 et
2528 4148 2758 4217 cognate
2816 4163 3036 4218 repente
3079 4167 3327 4223 apparet,
3372 4168 3425 4212 et
3470 4174 3663 4217 rursus

2091 4234 2268 4284 avolat
2301 4229 2776 4301 incomprebcuse;
2810 4239 2860 4291 in
2886 4243 3137 4297 omnibus
3161 4247 3244 4299 sui
3265 4248 3665 4316 copio~issimis

2091 4323 2570 4381 disnibutionilms
2597 4344 2700 4382 non
2730 4332 3021 4386 minuitur.
3058 4334 3249 4389 Multas
3273 4337 3415 4406 ignis
3447 4345 3664 4411 propri-

2090 4415 2262 4464 etates
2318 4417 2516 4481 poterit
2562 4418 2686 4484 quis
2722 4419 2966 4474 invenire
3006 4423 3204 4477 divina:
3237 4429 3542 4494 operationi
3574 4448 3686 4486 co~'

377 4543 387 4558 .
416 4509 591 4576 primo
625 4507 711 4558 dic
736 4521 753 4558 :
777 4506 894 4559 Fiat
922 4507 1036 4566 lux.
1067 4506 1241 4558 lucem
1271 4503 1416 4557 illius
1452 4503 1612 4556 tridui
1646 4504 1763 4556 sine
1789 4504 1981 4568 ligura,
2019 4533 2060 4586 υ
2092 4507 2304 4571 gnatas.
2360 4513 2632 4573 quatenus
2665 4510 2716 4563 in
2767 4514 3116 4569 sonsibilibus
3158 4517 3493 4588 imaginibus
3543 4540 3665 4579 essu

413 4607 467 4647 et
497 4595 747 4648 dlinsam
781 4597 981 4662 coegit,
1000 4605 1054 4648 et
1076 4595 1127 4646 in
1154 4599 1378 4662 ltguram
1411 4593 1553 4661 globi
1577 4592 1706 4646 solis
1728 4591 1982 4651 contulit,

416 4671 721 4756 p‘rmlimens
742 4689 788 4740 ei
818 4687 1077 4739 ein-uitus
1098 4696 1150 4739 et
1180 4685 1338 4740 orbes
1363 4700 1598 4738 annuos.
1624 4683 1766 4736 Idem
1800 4692 1985 4735 Osten-

414 4778 494 4830 dit
531 4792 760 4844 magntts
796 4775 1052 4836 Basilius,
1086 4777 1137 4828 in
1170 4779 1530 4830 Ilvxaemero.

1035 4888 1264 4944 CAPle
1299 4889 1363 4943 ll.

416 5007 564 5071 Quod
585 5007 719 5074 ignis
743 5006 836 5059 sub
855 5022 1059 5059 sensum
1080 5005 1274 5058 cadem
1302 5021 1403 5056 nou
1420 5005 1590 5058 solum
1615 4980 1868 5074 imagines
1890 5014 1984 5074 an-_

486 5071 745 5144 galerum,
767 5078 854 5143 qui
873 5077 1273 5127 similitudinem
1301 5076 1394 5127 Dei
1417 5071 1865 5142 gerunt,exhibet,
1892 5071 1981 5134 sed

485 5149 645 5207 ipsius
675 5147 832 5199 etiam
859 5146 993 5208 Dei;
1025 5157 1072 5198 et
1096 5162 1212 5213 qua:
1239 5145 1350 5213 ejus
1378 5146 1744 5212 proprietates.

480 5238 774 5307 Dionysius
803 5253 924 5306 cap.
959 5238 1022 5292 l5
1055 5237 1293 5291 Celestia
1319 5238 1610 5292 hicrarclm
1646 5237 1980 5308 Aggredien-

2090 4610 2336 4663 possunt.
2360 4597 2471 4652 lloe
2500 4600 2662 4667 igitur
2682 4617 2804 4655 cum
2829 4606 2884 4663 in
2908 4607 3110 4661 divinis
3129 4607 3567 4669 Litteriseruditi
3583 4618 3667 4676 di-

2086 4679 2339 4752 dicerint,
2393 4692 2644 4746 edi-testes
2679 4696 3016 4752 substantias
3045 4714 3110 4754 ex
3150 4702 3271 4769 igne
3294 4706 3572 4774 ellingunt,
3607 4719 3669 4764 ut

2088 4777 2499 4835 similitudinem
2524 4783 2641 4844 Dei,
2671 4802 2790 4852 qute
2816 4789 2866 4840 in
2894 4789 2999 4847 illis
3024 4791 3186 4854 inest,
3215 4803 3268 4845 et
3303 4795 3663 4852 imitationem

2087 4868 2211 4928 item
2250 4871 2337 4924 Dei
2384 4887 2646 4939 quantum
2678 4876 2784 4930 illa:
2846 4897 3041 4948 capere
3075 4897 3324 4950 posmut,
3369 4903 3669 4956 ri-praseno

2089 4968 2222 5013 tent.
2259 4961 2470 5018 Itursus
2505 4966 2645 5021 idem
2670 4968 2959 5039 Dionysius
2996 4973 3050 5026 in
3086 4976 3321 5043 cpistola
3354 4979 3420 5031 ad
3453 4978 3666 5034 Titum:

2095 5051 2310 5106 Etenim
2339 5072 2448 5109 non
2475 5060 2649 5114 solum
2671 5061 2894 5120 lmnina.
2919 5079 3038 5133 qua:
3064 5076 3196 5120 sunt
3223 5084 3386 5138 supra
3409 5073 3667 5127 substan-

2097 5145 2257 5210 tiam,
2288 5157 2341 5200 ct
2373 5160 2554 5205 mente
2585 5155 3041 5223 contemplamur,
3068 5171 3121 5213 et
3151 5171 3211 5213 ut
3249 5165 3416 5218 semel
3458 5165 3665 5229 dicam,

2091 5235 2302 5300 divina,
2339 5241 2599 5312 symbolis
2647 5245 2713 5298 ad
2761 5247 3104 5314 figurandunt
3137 5254 3539 5321 pertinentibus
3570 5273 3669 5312 va-

483 5400 531 5430 “
589 5399 722 5455 Dan.
757 5417 851 5464 vn,
881 5401 938 5467 9,
1009 5403 1074 5456 l0
1099 5387 1118 5459 ξ’
1157 5402 1364 5460 Ειεειιι
1391 5403 1477 5468 13,
1514 5378 1602 5468 Ii,
1634 5401 1738 5469 ‘27;
1770 5417 1888 5466 vm,
1922 5406 1991 5466 2;
2023 5401 2213 5456 Matth.

814 5417 851 5464 ι.
881 5401 938 5467 9,
1009 5403 1074 5456 l0
1099 5387 1118 5459 ξ’
1157 5402 1364 5460 Ειεειιι
1391 5403 1477 5468 13,
1514 5378 1602 5468 Ii,
1634 5401 1738 5469 ‘27;
1770 5417 1888 5466 vm,
1922 5406 1991 5466 2;
2023 5401 2213 5456 Matth.
2245 5419 2437 5470 xxviii,
2495 5405 2548 5457 5.

1889 5520 2164 5582 Scholia.

491 5650 564 5717 (l)
592 5649 978 5711 Tenuissimum
1037 5665 1262 5705 resonat.
1322 5654 1505 5708 (ξι-ατε
1550 5661 1632 5706 est
1673 5651 1982 5713 πολλοστὸν,

417 5724 559 5798 φημι
583 5721 866 5797 Lucri-lius
891 5733 1045 5789 poeta
1079 5724 1382 5787 Romanus,
1409 5727 1504 5778 lib.
1533 5739 1608 5785 \‘I,
1643 5723 1804 5773 vertit
1839 5726 1979 5773 ntul-

427 5795 677 5845 lcallllttlll
725 5807 786 5843 ea
837 5795 1032 5852 l‘oima,
1066 5812 1168 5859 qua
1203 5797 1400 5847 dicitur
1445 5795 1828 5856 centesimum,
1861 5795 1979 5846 inil-

736 5884 1010 5947 ΡΑτιιυι..
1055 5891 1167 5950 Cit.
1206 5890 1381 5955 CLII.

2041 5669 2048 5684 τ
2095 5652 2365 5727 lesimum.
2397 5653 2676 5727 Signiﬁcat
2702 5657 3083 5711 tenuissimum
3112 5660 3199 5712 hic
3245 5661 3475 5714 extremi
3525 5662 3676 5727 soni,

2094 5732 2152 5774 ut
2185 5725 2232 5799 si
2264 5725 2406 5799 quis,
2439 5726 2617 5799 inquit
2668 5737 2888 5795 sanctus
2920 5729 3212 5790 Maximus,
3243 5735 3437 5799 inagna
3466 5725 3673 5785 voc-ite;

2093 5797 2305 5848 ratiOue
2330 5795 2533 5864 aliquid
2561 5796 2726 5862 dicat,
2756 5799 2846 5865 qui
2868 5809 3066 5865 astant,
3092 5810 3146 5854 et
3179 5802 3318 5854 bene
3340 5795 3668 5856 clamorem.

3236 5898 3308 5958 27
