4416 6448
793 405 919 466 ’ϐυ

1936 410 2280 472 'JOANNIS
2320 396 2879 476 crmnrssro‘rre
2934 487 2937 490 _

3913 421 4020 488 εει

806 527 1036 578 ΙιιιΙΙΙυΓ,
1069 527 1120 570 ιιι
1161 532 1282 570 curn
1327 517 1466 573 Dens
1493 534 1658 588 supra
1690 523 2073 586 substantiam,
2110 527 2250 592 ignis
2281 528 2364 580 di—
2391 531 2440 588 Α
2467 543 2560 580 cos
2593 530 2872 596 theologos
2891 539 3075 585 sancte
3097 531 3354 601 efﬁngere
3382 549 3487 587 non
3525 535 3702 588 solum
3734 536 3785 588 in
3841 551 4014 604 auge-

801 613 944 662 t'itur
969 611 1298 676 ;,etc.loqoia
1332 613 1420 663 Dei
1449 612 1599 679 ignea
1635 616 1750 681 (i):
1784 618 1875 666 sed
1910 626 2164 682 pra-terea
2199 621 2360 671 etiam

798 701 966 752 divini
1010 699 1230 752 ordines
1266 703 1604 767 angelorum,
1655 706 1746 771 qni
1803 707 1962 758 simul
1992 719 2115 760 sunt
2159 710 2364 762 intelle-

800 791 975 854 ctiles,
1008 801 1057 842 et
1087 790 1466 859 iutelligentes,
1531 793 1693 846 variis
1727 792 1933 856 formis,
1967 810 2030 849 ac
2081 797 2360 865 multiplici

798 883 1001 947 specie,
1055 890 1110 934 et
1165 882 1338 948 igneis
1374 883 1562 950 ﬂgnris
1619 885 2027 952 dcpinguntur:
2095 888 2360 956 aliterque

797 969 1042 1020 eamdem
1085 969 1372 1037 imaginem
1411 971 1550 1038 ignis
1581 974 1831 1040 accipere
1863 984 2096 1040 oportet.
2132 992 2256 1029 cum
2292 979 2360 1030 de

794 1055 904 1106 Deo
936 1056 1156 1118 dicitur,
1199 1057 1290 1121 qni
1319 1056 1728 1123 intelligentiam
1760 1068 2008 1123 superat;
2048 1060 2206 1112 aliter
2237 1075 2358 1113 cum

793 1148 860 1201 de
887 1149 1241 1215 provirlentiis
1263 1148 1340 1216 (α)
1369 1151 1509 1214 ejus,
1542 1163 1681 1215 quas
1722 1149 2075 1217 intelligentia
2124 1153 2359 1219 percipi-

793 1253 936 1294 mus.
971 1248 1064 1288 ant
1088 1237 1153 1289 de
1194 1238 1572 1300 sermonibus;
1599 1249 1648 1290 et
1680 1237 1853 1299 aliter.
1882 1253 2004 1291 cum
2034 1239 2099 1292 de
2126 1242 2357 1308 angelis.

794 1329 968 1395 Atque
1000 1328 1143 1378 illam
1175 1327 1391 1394 quidem
1424 1329 1721 1394 imaginem
1753 1329 1893 1396 ignis
1916 1328 1982 1380 de
2006 1327 2112 1382 Deo
2137 1330 2355 1394 dit-tam,

792 1418 1089 1470 secundum
1125 1431 1345 1468 causam
1390 1419 1634 1484 accipere
1667 1427 1911 1485 oportet;
1949 1420 2108 1471 aliam
2150 1435 2349 1474 secun-

785 1507 915 1558 dum
947 1507 1343 1568 exsistentiam,
1379 1506 1538 1558 aliam
1567 1521 1694 1558 vero
1721 1506 2021 1561 secundum
2051 1509 2354 1576 participa-

784 1595 988 1648 tionem
1019 1611 1033 1654 ;
1091 1605 1142 1645 et
1172 1593 1273 1646 alia
1322 1595 1500 1655 aliter,
1541 1602 1613 1647 ut
1670 1609 1856 1647 eorum
1893 1597 2278 1664 contemplatio
2305 1605 2358 1650 et

785 1684 1102 1736 coirsriturio
1127 1683 1360 1736 scienter
1383 1684 1521 1736 facta
1549 1683 1879 1751 prrescribir;
1911 1687 2173 1751 neccnim
2194 1701 2356 1753 opor-

783 1785 856 1828 tet
894 1773 1113 1826 lortnito
1147 1788 1209 1827 ac
1247 1782 1448 1826 temere
1475 1774 1704 1826 miscere
1739 1757 2008 1843 synrboia,
2036 1775 2129 1827 sed
2165 1777 2346 1844 potius

782 1865 1076 1932 explanare
1106 1880 1166 1915 ea
1205 1865 1588 1917 convenienter
1625 1868 1827 1930 causis,
1868 1878 1960 1918 aut
1994 1853 2372 1929 exsistentiis,"

783 1965 873 2008 aut
923 1956 1304 2022 potestatibus,
1355 1965 1446 2008 aut
1485 1955 1790 2018 ordinibus,
1825 1968 1918 2009 aut
1959 1957 2346 2026 dignitatibus;

781 2063 901 2113 qnzn
933 2047 1115 2099 omnia
1151 2047 1319 2113 signis
1347 2047 1715 2100 declarantur.
1745 2046 1820 2099 Ex
1855 2048 1938 2102 his
1986 2048 2213 2102 cﬂicitnr
2237 2063 2350 2102 ma—

783 2138 1060 2198 triicstuut,
1101 2137 1244 2203 quod
1273 2135 1412 2205 ignis
1444 2136 1536 2203 qui
1573 2151 1732 2188 sensu
1765 2135 2084 2204 percipitur,
2117 2153 2222 2190 non
2263 2153 2352 2191 so-

783 2227 890 2279 lum
945 2228 1209 2295 imagines
1266 2229 1580 2294 angelorum
1643 2226 1750 2279 Deo
1795 2227 2050 2280 similium
2106 2228 2346 2293 exhibet,

779 2317 872 2369 sui
895 2317 1059 2369 etiam
1085 2317 1254 2383 ipsius
1291 2316 1403 2377 Dei,
1433 2314 1527 2384 qui
1551 2331 1712 2382 supra
1769 2317 2128 2370 substantiam
2154 2327 2268 2384 est;
2295 2328 2349 2372 et

778 2406 976 2469 nhiquc
998 2402 1247 2470 imaginis
1273 2403 1442 2470 igneae
1464 2402 1712 2470 ﬂguratio
1737 2418 1798 2456 ea
1824 2404 2008 2458 multis
2046 2408 2348 2473 proprieta-

779 2496 923 2544 tihns
963 2494 1104 2562 ignis
1151 2503 1366 2560 sunrpta
1421 2492 1597 2545 locum
1631 2494 1810 2556 habet,
1839 2495 1938 2547 sed
1983 2510 2091 2548 non
2153 2506 2349 2550 utcun-

775 2602 880 2640 «.nr-
903 2595 952 2636 et
975 2600 1129 2646 casu,
1162 2585 1292 2653 quin
1329 2585 1439 2638 imo
1492 2585 1630 2638 alter
1662 2585 1714 2638 in
1769 2584 1897 2648 Deo,
1928 2589 2225 2640 secundum
2260 2589 2346 2641 in-

776 2676 1129 2742 telligentiam
1174 2689 1294 2742 ane
1340 2686 1578 2728 mentem
1611 2684 1852 2728 nostram
1907 2688 2146 2742 superat,
2193 2678 2348 2733 aliter

775 2768 829 2818 in
858 2767 1168 2819 nominibus
1191 2766 1333 2833 ejus,
1369 2768 1764 2831 convenienter
1794 2770 1992 2822 mentis
2024 2779 2224 2823 nostra!
2250 2785 2346 2824 no-

774 2856 1038 2918 ιὶοιίιιιιε,
1105 2855 1259 2907 aliter
1313 2855 1364 2907 in
1397 2855 1594 2909 divinis
1659 2858 1899 2926 angelis;
1958 2858 2008 2909 in
2061 2858 2151 2911 ilio
2179 2858 2346 2923 enim,

774 2949 824 2996 iul
848 2956 945 3004 est,
975 2947 1024 2997 in
1061 2944 1188 3004 Deo,
1221 2955 1475 3012 tanquam
1501 2946 1553 2997 in
1575 2961 1736 2999 eausa
1758 2956 1810 3000 et
1833 2957 2059 3000 auctore
2085 2948 2261 3015 ignis;
2293 2947 2346 3000 in

773 3040 857 3091 his
883 3054 1028 3098 vero,
1061 3039 1107 3088 id
1141 3047 1222 3089 est
1275 3037 1326 3088 in
1359 3036 1670 3090 nominibus
1693 3037 1807 3100 Dei,
1831 3053 1952 3106 quae
1979 3039 2348 3107 providentiae

2469 619 2587 668 ticis
2640 620 3076 685 apparitionibus
3119 625 3423 675 caelestium
3459 625 3735 687 ordinum,
3767 625 3860 678 sed
3889 641 4010 678 cum

2470 706 2607 759 Deus
2645 708 2756 774 ipse
2793 719 3041 776 apparet;
3072 723 3121 763 et
3153 715 3714 780 quandoquequidem
3747 715 4019 778 ipsamdi-

2468 795 2749 848 vinitatem
2780 813 2806 849 a
2846 799 3011 851 rebus
3040 815 3252 868 magna:
3278 803 3660 855 mstimationis
3694 804 3939 866 laudant,
3966 815 4021 856 ut

2477 898 2601 938 cum
2643 888 2812 939 solem
2840 890 3065 955 jnst’itia:
3084 901 3298 950 vocant.
3331 903 3384 945 et
3424 895 3642 946 stellam
3698 895 4020 947 matutinam

2465 975 2517 1026 itr
2555 987 2734 1029 rnonlc
2768 992 2924 1031 sacro
2977 980 3266 1040 orientem.
3327 992 3381 1034 et
3410 983 3591 1036 lumen
3626 984 3744 1036 sine
3805 984 4021 1050 integu-

2468 1075 2670 1126 mento,
2712 1074 2766 1118 et
2802 1067 2852 1118 in
2915 1079 3093 1121 mente
3131 1069 3455 1136 splendens;
3508 1072 3801 1137 aliquando
3831 1085 3957 1123 vero
3992 1085 4020 1121 a

2463 1151 2629 1204 rebus
2659 1155 3054 1218 mediocribus,
3104 1168 3160 1210 ut
3211 1175 3336 1210 cum
3383 1160 3657 1226 appellant
3712 1161 3889 1226 ignem
3950 1159 4020 1210 ita

2462 1241 2882 1308 illrrmirrantcrrr,
2917 1259 2973 1298 ιιι
3005 1248 3139 1300 nihil
3172 1249 3420 1316 cuiquam
3451 1259 3666 1314 noceat;
3715 1259 3768 1302 et
3801 1263 4020 1314 aquam,

2463 1348 2583 1400 qua:
2617 1334 2829 1387 vitalem
2863 1337 3223 1404 cxpletionem
3252 1341 3473 1404 prebet,
3522 1349 3576 1391 et
3608 1354 3730 1406 quae
3779 1350 3835 1392 ut
3876 1353 4023 1406 sym-

2465 1421 2639 1476 bolice
2665 1424 2874 1492 loquar,
2904 1426 2956 1478 in
2981 1437 3223 1480 ventrem
3254 1427 3468 1490 diﬂluit,
3493 1438 3545 1481 et
3564 1430 3714 1481 ﬂuvii
3742 1436 4016 1487 emanant,

2460 1514 2747 1581 eruptione
2782 1515 2949 1569 libera
2979 1515 3278 1580 éﬂlucntes;
3317 1517 3451 1570 aiias
3493 1531 3622 1570 vero
3680 1517 3903 1569 laudant
3943 1520 4014 1569 ab

2459 1601 2663 1656 intimis
2686 1603 2871 1665 rebus,
2896 1613 2955 1658 ut
2977 1619 3103 1658 cum
3130 1613 3327 1658 vocant
3346 1615 3680 1674 unguentum
3703 1611 4020 1672 odoratum,

2455 1701 2508 1745 et
2539 1692 2769 1760 lapidem
2794 1694 3112 1760 angularem
3145 1712 3158 1749 :
3195 1695 3326 1764 quin
3349 1695 3701 1750 etiamfornra
3734 1697 3862 1751 fera:
3893 1713 4019 1752 eum

2431 1779 2715 1848 induunt,
2749 1791 2801 1836 et
2865 1782 3041 1838 leonis
3071 1799 3132 1837 ac
3156 1787 3431 1854 patrtheraz
3453 1787 3834 1854 proprietatem
3863 1788 3910 1839 ei
3935 1787 4017 1838 ai-

2461 1874 2690 1942 iingunt,
2723 1885 2773 1928 et
2805 1875 3030 1943 pardum
3067 1876 3178 1928 fore
3201 1876 3376 1938 aiunt,
3429 1885 3482 1929 et
3548 1893 3735 1929 ursum
3774 1877 4017 1946 indigi-n-

2459 1972 2565 2018 tern
2599 1964 2834 2044 :.adtlam
2871 1971 3151 2032 praeterea,
3179 1965 3321 2034 quod
3355 1967 3567 2020 ceteris
3585 1965 3840 2020 omnibus
3869 1969 4023 2034 igno-

2461 2055 2682 2120 bilibus,
2726 2065 2772 2108 et
2803 2057 2976 2124 magis
3001 2071 3029 2108 a
3062 2056 3426 2110 similitudine
3460 2057 3692 2110 alienum
3717 2071 3837 2110 esse
3865 2057 4021 2110 viduo

2426 2155 2566 2208 "tur,
2593 2146 2735 2214 quod
2767 2145 2840 2198 illi
2877 2147 2928 2198 in
2959 2144 3156 2199 divinis
3184 2146 3400 2200 Litteris
3429 2147 3668 2201 valentes
3688 2146 4023 2200 tradiderunt

2457 2239 2635 2306 ipsum
2669 2237 2773 2291 sibi
2806 2240 3041 2306 speciem
3075 2238 3276 2290 vermis
3302 2237 3589 2304 attingere.
3631 2238 3754 2292 llzec
3801 2237 4022 2291 divinus

2459 2328 2729 2382 Maximus
2753 2328 3031 2398 explicans
3070 2327 3326 2392 :‘Solem,
3358 2328 3556 2394 inquit,
3587 2327 3816 2396 iustitia:
3848 2327 4020 2382 ﬁala-

2457 2421 2611 2473 chias
2638 2417 2892 2473 nominat
2909 2418 2992 2484 ";
3024 2428 3078 2472 et
3115 2419 3308 2472 beatus
3339 2419 3553 2479 Petrus,
3595 2417 3786 2482 Donec,
3818 2419 4018 2487 inquit,

2454 2511 2648 2578 lucifer
2701 2511 2910 2563 oriatur
2965 2511 3022 2562 in
3062 2509 3306 2561 cordibus
3339 2511 3524 2562 vestris
3575 2508 3658 2572 ⁸⁶;
3729 2508 3816 2562 hic
3876 2509 4021 2562 enim

2452 2613 2538 2654 cst
2593 2601 2750 2654 stella
2808 2601 3072 2654 matutina
3106 2599 3173 2652 ".
3229 2598 3439 2668 Moyses
3483 2609 3662 2652 autem
3723 2600 3775 2652 in
3829 2599 3967 2652 rubo
4001 2618 4021 2654 .'

2457 2693 2646 2762 Ignis,
2712 2691 2930 2761 inquit,
3015 2689 3208 2743 ardens
3285 2705 3385 2742 non
3453 2689 3681 2742 nocendo
3743 2691 3809 2745 ⁸⁸.
3870 2688 4022 2743 lere-

2459 2785 2597 2837 mias
2625 2783 2703 2836 ait
2743 2799 2756 2834 :
2804 2781 2884 2834 He
2915 2781 3300 2849 dereliquertmt
3321 2779 3516 2846 fontem
3534 2795 3685 2847 aqua:
3716 2780 3924 2833 viva“.
3959 2781 4024 2834 Et

2457 2874 2715 2929 Salomon
2745 2872 2798 2924 in
2817 2871 3058 2929 Canticis
3087 2870 3436 2924 canticorum
3473 2885 3486 2922 :
3521 2867 3852 2937 Unguentum
3883 2871 3989 2938 εῃιι
4014 2899 4021 2904 -

2455 2980 2572 3017 sum
2619 2975 2804 3013 nomen
2840 2969 2984 3011 tuum
3018 2959 3094 3012 “.
3135 2957 3272 3012 Osee
3320 2968 3498 3011 autem
3554 2967 3607 3012 et
3663 2959 3896 3014 Micbeas
3955 2976 4021 3014 ex

2457 3066 2685 3107 nurnero
2744 3049 3028 3103 duodecim
3085 3050 3500 3118 prophetarum,
3550 3050 3692 3104 feras
3723 3053 3810 3105 hic
3844 3049 4022 3104 dictas

768 3130 949 3181 varias
969 3130 1297 3196 signiﬁcant,
1321 3137 1579 3195 tanquam
1615 3128 1671 3180 in
1718 3128 2090 3196 multiplicatis
2112 3137 2164 3181 et
2186 3129 2346 3181 diﬂu-
2371 3168 2415 3227 ϐ
2455 3160 2512 3198 ευ

2275 3129 2346 3181 Γυ·
2371 3168 2415 3227 c
2455 3150 2887 3198 conrmernorant
2917 3140 2982 3192 “.
3027 3139 3192 3192 David
3228 3153 3358 3192 vero
3390 3155 3630 3193 rermem
3663 3141 3794 3206 dicit
3817 3144 3868 3192 in
3893 3157 4019 3210 per-

771 3223 847 3272 sis
879 3221 942 3271 ad
979 3219 1410 3286 par'licipandum
1433 3229 1503 3273 -ιιι
1523 3220 1752 3288 quisque
1781 3221 2006 3274 idoneus
2034 3229 2140 3283 est,
2167 3221 2218 3273 in
2245 3235 2342 3273 an-

769 3308 904 3374 gelis
934 3324 1059 3360 vero
1089 3318 1346 3375 tanquam
1382 3310 1434 3361 in
1469 3324 1609 3362 'eum
1650 3310 1917 3372 irabiturn,
1957 3320 2226 3378 quatenus
2256 3326 2349 3363 ex-

773 3404 995 3460 sistunt,
1049 3400 1276 3463 indutis,
1314 3415 1700 3470 quemcunque
1749 3400 1892 3454 Deus
1917 3402 1983 3455 ad
2016 3403 2211 3457 salutis
2255 3417 2352 3456 no-

770 3505 894 3546 stra:
927 3491 1368 3560 procurationem
1394 3491 1540 3545 velit.

1363 3601 1593 3658 CAPUT
1637 3602 1728 3658 lll.

771 3740 925 3805 Quod
962 3741 1095 3792 Deus
1125 3754 1155 3790 a
1194 3736 1474 3791 sensilibus
1500 3745 1550 3789 et
1578 3735 1924 3790 nobilioribus
1955 3739 2038 3789 sol
2067 3745 2116 3789 et
2165 3737 2345 3791 lumen

843 3812 1168 3864 nominatur.
1201 3827 1231 3861 a
1266 3808 1450 3859 mediis
1485 3816 1661 3858 autem
1695 3807 1858 3874 ignis;
1914 3816 1980 3869 et.
2021 3806 2162 3875 quod
2215 3824 2346 3860 con-

841 3882 1114 3945 templatio
1155 3878 1412 3929 (asininum
1452 3877 1862 3945 aymbolicorum
1907 3885 1983 3929 est
2025 3876 2340 3942 multiplicis

838 3949 1088 4002 nominis.

837 4059 1068 4128 Magnus
1112 4058 1431 4128 Dionysius,
1468 4055 1921 4125 capite'secundo
1957 4056 2195 4110 Caelestis
2228 4057 2338 4111 hie-

768 4143 950 4205 rarih.
989 4169 1001 4202 :
1042 4150 1174 4212 llas,
1211 4150 1412 4216 inquit,
1445 4149 1715 4217 imagines
1767 4147 2104 4216 reperiemus
2148 4150 2339 4220 mysti-

2026 4304 2110 4358 i9.

834 4308 878 4340 ⁵⁵
942 4307 1145 4358 Malm-It
1160 4345 1170 4358 .

763 4379 806 4440 ⁸9
828 4379 984 4429 Catil.
1046 4393 1085 4440 I,
1133 4376 1186 4428 2.

1262 4320 1335 4365 tv,
1400 4302 1456 4357 Ξ.
1560 4301 1850 4355 “llPetr.
1914 4318 1950 4368 ι,

1263 4376 1305 4405 ⁸³
1333 4372 1474 4426 Osee
1501 4386 1621 4428 xui.
1661 4372 1689 4424 Δ
1736 4388 1892 4439 seqq.

2447 3255 2577 3295 sona
2608 3238 2816 3292 Domini
2850 3237 2917 3298 ",
2961 3237 3050 3304 qui
3084 3243 3302 3304 propter
3330 3249 3428 3289 nos
3461 3250 3682 3289 carnem'
3703 3234 4018 3294 ituiuitJlou

2442 3332 2744 3385 secnndum
2784 3328 3149 3389 divinitatem,
3165 3328 3255 3382 sed
3273 3327 3570 3380 secundum
3588 3327 3944 3379 humilitatem
3967 3338 4022 3380 et

2451 3421 2841 3487 ignobilitatem
2861 3419 3042 3482 carnis
3064 3434 3184 3486 qua:
3208 3419 3455 3471 videbatu
3467 3417 3632 3472 r.'Sed
3653 3427 3704 3471 et
3725 3417 4021 3486 Gregorius

2449 3521 2814 3583 cognomento
2853 3508 3164 3577 Theuiogus
3196 3511 3248 3562 in
3281 3509 3533 3563 oratione
3586 3507 3654 3561 de
3675 3509 3966 3576 'Baptismo
3995 3521 4017 3560 ι

2451 3604 2620 3667 Dens,
2656 3603 2854 3670 inquit,
2893 3611 3010 3654 erat
3039 3602 3223 3654 lumen
3275 3602 3402 3654 illud
3431 3617 3708 3654 summum
3768 3612 3824 3654 et
3869 3600 4021 3654 inac-

2449 3707 2689 3757 cessum,
2725 3689 2868 3759 quod
2887 3703 2995 3742 nec
3017 3688 3368 3758 intelligentia
3392 3688 3808 3755 comprehendi,
3839 3703 4019 3757 neque

2449 3799 2708 3839 sermone
2739 3781 3216 3850 expromipotesl,
3245 3796 3463 3835 omnem
3503 3791 3755 3835 naturam
3789 3783 4018 3835 rationis

2446 3884 2750 3942 compotem
2786 3873 3128 3932 illuminans,
3169 3871 3275 3926 hoc
3295 3883 3379 3925 est
3403 3873 3455 3925 in
3483 3872 3546 3926 iis
3579 3888 3698 3941 qua:
3728 3873 3830 3925 sub
3860 3874 4018 3926 intel-

2443 3965 2988 4038 “gentiam-cadunt,
3013 3963 3158 4032 quod
3189 3972 3274 4016 est
3302 3965 3383 4018 soi
3414 3964 3467 4017 in
3511 3965 3576 4018 iis
3608 3980 3728 4033 qua
3759 3966 3862 4017 sub
3891 3980 4018 4019 ser:—

2441 4073 2587 4113 sum.
2620 4055 2930 4110 Secundum
2964 4055 3146 4108 lumen
3186 4063 3270 4108 est
3313 4054 3568 4121 angelus,
3608 4055 4019 4124 primi'iuminis

2442 4149 2614 4205 ﬂuxio
2639 4148 2914 4217 quaedam,
2948 4146 3032 4201 vel
3065 4145 3435 4213 participatio,
3465 4160 3586 4214 qua:
3638 4160 3737 4200 sua
3795 4147 3848 4199 in
3890 4162 4015 4199 eum

2211 4306 2480 4428 'x’nhgoc.
2519 4323 2652 4373 un,
2718 4305 2806 4361 16.
2902 4305 2949 4338 ⁸⁸
3004 4275 3175 4361 Exod.
3225 4321 3308 4372 ιιι,
3335 4304 3392 4360 2.
3495 4306 3539 4339 "
3571 4306 3770 4362 Jerem.
3814 4321 3873 4368 ri,
3927 4308 4013 4364 i3.

1968 4375 2012 4405 “
2037 4373 2182 4429 Psal.
2214 4391 2329 4440 ut,
2361 4373 2418 4431 Ἶ.

2225 4487 2510 4550 Scholia.
3859 4548 3865 4554 .

760 4589 974 4659 etquod
995 4590 1197 4642 dictum
1219 4599 1302 4641 est
1332 4589 1665 4656 percipiunt;
1689 4587 1779 4657 qni
1800 4595 1977 4640 autem
1997 4587 2336 4659 disrant,quo
2370 4598 2412 4650 Ι)
2443 4593 2548 4643 vim
2575 4590 2787 4650 indidit,
2807 4568 2930 4644 cum
2956 4604 3144 4642 eorum
3171 4599 3360 4642 auctor
3393 4589 3492 4642 fuit
3516 4607 3529 4651 ;
3551 4591 3856 4642 secundum
3885 4606 4013 4642 vero

763 4658 935 4729 magis
964 4661 1185 4717 distant,
1224 4659 1405 4710 minus
1427 4661 1682 4722 audiunt;
1714 4660 1804 4726 qui
1829 4672 1967 4729 vero
1997 4658 2151 4726 lOnge
2168 4668 2319 4722 sunt,

762 4727 1140 4784 tenuissimum
1173 4742 1366 4779 sonum
1398 4729 1626 4780 audiunt
1655 4730 1773 4780 sine
1798 4727 2195 4792 signiiit-atione
2223 4742 2319 4780 vo-

759 4805 876 4854 ωεε
907 4801 984 4850 εἰς
1015 4797 1360 4864 cogitandum
1395 4806 1497 4862 est,
1533 4799 1732 4862 inquit.
1761 4795 1827 4848 de
1859 4797 2064 4848 lumine
2097 4796 2248 4860 solis,
2278 4797 2320 4851 si

755 4886 880 4923 curn
905 4868 1089 4920 divino
1123 4867 1456 4927 conferatur,
1480 4883 1600 4919 esse
1627 4867 1834 4919 scilicet
1863 4866 2106 4919 divinum
2141 4867 2322 4918 lumen

757 4940 1054 4997 iniirritnm,
1087 4947 1137 4986 et
1167 4935 1407 4988 cenierri
1437 4951 1559 4989 cum
1594 4937 1681 4988 illo
1706 4951 1814 4988 non
1849 4950 2028 5001 posse,
2059 4938 2122 4988 ad
2159 4938 2330 4988 instar

752 5009 1055 5063 acutissimi
1081 5007 1358 5065 clamoris,
1406 5016 1458 5058 et
1485 5007 1772 5058 clarisona:
1803 5008 1948 5058 vocis
1980 5021 2103 5058 cum
2125 5015 2330 5059 tenuis-

757 5084 967 5132 sitnoet
1001 5077 1395 5128 obscurissime
1424 5090 1558 5128 scno
1590 5078 1820 5127 collatae.

830 5153 906 5217 (i)
947 5146 1234 5217 Quomodo
1263 5148 1440 5217 imago
1470 5147 1601 5217 ignis
1629 5143 1919 5217 conveniat
1941 5146 2227 5212 praeceptis
2249 5145 2331 5197 tli-

756 5214 920 5280 vims,
965 5233 1085 5285 qna:
1116 5217 1166 5267 in
1195 5215 1479 5282 Scriptura
1516 5214 1690 5282 (Psal.
1726 5231 1797 5277 ιι,
1831 5214 1881 5282 7)
1921 5225 2188 5268 vocantur
2214 5218 2331 5267 elo-

752 5291 882 5358 quia
908 5286 1120 5340 Domini
1142 5288 1259 5358 igne
1279 5287 1614 5358 examinata,
1632 5294 1684 5358 et
1701 5286 1974 5358 quomodo
1992 5287 2332 5358 angelismon

757 5353 900 5413 idem
927 5353 1251 5412 sentiuntS.
1276 5355 1563 5418 Maximus,
1585 5367 1636 5407 et
1663 5356 1745 5408 hic
1776 5353 2218 5424 auctorioannes
2236 5356 2338 5424 Cy-

758 5431 1106 5499 parissiottts.
1204 5426 1473 5480 Maximus
1497 5427 1568 5479 ita
1591 5427 1973 5499 interpretatur
1994 5423 2329 5499 Dionysium.

759 5495 821 5552 iit
848 5514 1128 5553 sermones
1153 5495 1243 5549 Dei
1282 5509 1538 5550 vocentur
1563 5497 1699 5564 ignei
1735 5496 2034 5548 secundum
2070 5496 2336 5548 exsistun-

756 5589 909 5634 uam,
942 5570 992 5622 id
1020 5572 1257 5636 cst,quia
1289 5568 1368 5620 sic
1394 5583 1487 5621 eos
1518 5569 1642 5620 iecit
1667 5565 1830 5626 Deus,
1869 5566 1919 5618 id
1951 5575 2054 5629 est,
2089 5568 2226 5618 hanc
2255 5567 2335 5618 eis

827 5715 905 5781 (tt)
968 5709 1044 5763 De
1087 5711 1459 5779 providentiis,
1536 5710 1588 5762 in
1655 5706 1945 5781 Evangelii)
1996 5705 2151 5762 Lucae
2213 5723 2326 5760 sit:

747 5780 934 5856 ignem
975 5798 1093 5834 venr
1127 5784 1339 5836 mittere
1364 5782 1416 5836 in
1470 5789 1694 5836 terram.
1725 5785 1828 5833 Aut
1877 5780 1944 5832 de
1985 5783 2330 5834 sermonibus

2443 4660 2908 4728 participationem
2935 4659 3150 4724 angelis
3182 4659 3458 4728 convenit,
3488 4663 3613 4727 quia
3659 4660 3866 4712 similes
3897 4675 4020 4713 esse

2428 4727 2559 4791 Deo,
2589 4729 2783 4795 quiest
2809 4730 3317 4796 ignis-consumens,
3338 4743 3370 4779 a
3403 4727 3530 4785 Deo.
3557 4728 3729 4796 inquit
3760 4729 3816 4782 S.
3845 4729 3962 4781 Mai
3991 4759 4017 4768 -

2429 4814 2571 4861 mus,
2587 4809 2929 4866 acceperunt.
2941 4812 3062 4850 cum
3083 4813 3174 4864 per
3187 4811 3245 4849 se
3261 4808 3757 4851 essentsecunttum.
3770 4801 4020 4852 subs-tat.

2431 4879 2580 4920 tiam.
2601 4866 2838 4920 Joannes
2859 4883 2984 4920 vero
3003 4867 3401 4936 Cyparissiotus
3420 4871 3716 4920 secundum
3742 4870 3964 4921 exsistet
3987 4897 4016 4909 -

2432 4943 2562 4990 tiam
2597 4938 2723 4990 dicit
2744 4939 2823 4990 eis
2840 4952 3151 4996 convenire;
3174 4939 3316 5002 quod
3337 4937 3671 5003 probahilins
3685 4937 3924 5001 videtur,
3963 4951 4022 4991 ut

2432 5021 2556 5060 cum
2587 5009 2889 5060 substantia
2922 5008 3084 5059 simul
3108 5006 3521 5058 similitudinem
3554 5005 4015 5075 Dei'accepct-rnt:

2437 5077 2578 5146 quia
2615 5077 2659 5130 si
2699 5078 2850 5142 prius
2906 5084 3118 5142 oportet
3169 5089 3308 5136 esse.
3345 5085 3400 5128 et
3456 5087 3641 5141 postea
3691 5081 4017 5146 participare

2439 5145 2584 5197 aliud
2632 5157 3027 5213 praeterquam
3084 5159 3225 5206 esse,
3268 5145 3443 5213 angeli
3507 5160 3613 5198 non
3663 5145 4018 5214 habentiper

2440 5214 2919 5336 participationem
2938 5217 3038 5268 hoc
3063 5214 3206 5283 quod
3229 5215 3309 5267 eis
3328 5216 3598 5267 tribuitur
3624 5216 3745 5268 istis
3779 5218 4016 5270 nomini-

2462 5300 2544 5336 rus
2594 5296 2648 5336 et
2685 5284 3122 5336 ﬁmrratiouibus.
3176 5286 3266 5336 sed
3301 5299 3394 5336 uer
3424 5286 3826 5336 exsistentiam.
3879 5290 4009 5336 uuia

2462 5300 2544 5337 ius
2594 5296 2648 5337 et
2685 5284 3122 5353 iigurationihos,
3176 5286 3266 5337 sed
3301 5299 3394 5351 per
3424 5286 3826 5346 exsistentiam,
3879 5290 4009 5353 quia

2443 5368 2551 5406 non
2585 5353 2806 5408 iuerunt
2839 5357 3156 5424 priusquam
3178 5353 3289 5406 ista
3327 5354 3752 5424 participarent,
3789 5354 3882 5408 sed
3915 5371 4013 5423 po-

2445 5427 2554 5475 tius
2579 5439 2702 5477 crrrn
2761 5423 2847 5478 his
2875 5427 3033 5478 donis
3082 5424 3250 5475 creari
3300 5436 3456 5478 sunt:
3516 5426 3658 5494 unde
3715 5423 4014 5494 Gregorius

2445 5493 2822 5547 Nazianzenus
2845 5495 3097 5563 angi-lum
3117 5494 3246 5545 dicit
3264 5508 3382 5547 esse
3405 5493 3563 5561 primi
3580 5495 3803 5548 luminis
3826 5493 4022 5564 quam-

2448 5571 2570 5617 dam
2603 5566 2904 5618 ﬂuxionem
2934 5574 2988 5617 et
3019 5565 3513 5633 participationem.

2444 5720 2496 5760 ιιι
2538 5707 2740 5787 Jerem.
2779 5725 2910 5811 ξίιιι
2949 5724 2964 5762 :
2997 5707 3266 5778 Numquid
3298 5722 3580 5766 sermones
3614 5708 3718 5766 mei
3751 5722 3859 5762 non
3891 5716 4018 5763 sunt

2438 5796 2594 5847 quasi
2632 5785 2814 5849 ignis?
