4416 6448
374 429 488 496 8ιὸ

1028 429 1264 488 DECAS
1289 425 1387 487 VI.
1423 449 1491 458 --
1518 423 1619 484 DE
1649 420 2278 481 AH‘ARITIONIBUS
2311 422 2556 481 DIVINI
2590 417 2935 479 LUMINIS-

3481 411 3584 474 8&6

376 536 816 604 propensionem
869 536 1174 589 ministerio
1227 534 1678 592 illuminationem
1739 531 1922 584 habet.
1955 534 1998 592 Λ
2030 530 2261 597 Propter
2293 532 2414 592 hoc,
2449 532 2545 593 ait,
2593 543 2772 596 neque
2833 527 3048 579 nomina
3105 525 3236 577 dicit
3272 539 3456 576 eorum
3493 528 3587 590 qui

381 624 634 682 'l'et'tium'
672 621 851 677 lumen
889 636 971 676 est
1015 626 1198 683 homo,
1231 624 1373 691 quod
1430 623 1590 674 etiam
1635 621 1928 688 gentilibus

383 715 726 767 manifestum
755 724 839 768 ent
877 732 889 766 :
925 714 1036 780 φῶς
1073 715 1240 783 enim,
1268 713 1320 766 id
1361 720 1462 772 est,
1496 713 1702 770 lumen,
1757 709 1930 761 nomi-

383 806 826 867 nauthominem,
858 815 1079 872 propter
1113 804 1418 856 facultatem
1466 800 1691 853 rationis
1719 813 1840 867 quae
1875 797 1929 849 in

377 895 535 948 nubis
554 904 670 957 est;
698 904 751 948 et
775 910 964 948 rursus
995 896 1086 961 qui
1122 895 1228 947 Deo
1245 904 1374 947 sunt
1402 892 1716 950 similiores.
1741 899 1793 943 et
1818 903 1932 941 ma-

379 984 461 1049 gis
488 999 649 1050 quam
689 999 788 1038 nos
819 985 920 1052 ipsi
974 984 1161 1037 vicini.
1195 981 1324 1037 Scio
1351 982 1514 1035 etiam
1544 979 1691 1033 aliud
1749 979 1931 1032 lumen

374 1090 522 1136 esse,
557 1062 666 1142 quo
694 1076 795 1128 illa:
826 1077 1012 1143 prima:
1041 1083 1157 1143 quze
1187 1083 1490 1137 coeperunt,
1517 1072 1749 1124 tenebras
1770 1070 1937 1139 pulsa:

384 1173 532 1225 sunt,
567 1166 646 1217 vel
683 1166 982 1233 diremptm,
1045 1168 1184 1234 quod
1217 1173 1342 1218 ante
1371 1177 1588 1217 onmem
1625 1172 1934 1216 creaturam

385 1255 769 1318 aspect-bilem
802 1254 1009 1308 factum
1049 1266 1151 1319 est;
1197 1265 1250 1308 ct
1305 1255 1593 1308 circuitum
1649 1253 1935 1304 rotundum

386 1346 691 1408 stellarum,
755 1354 807 1398 et
844 1346 994 1398 illum
1044 1345 1408 1413 splendorem.
1462 1358 1491 1395 a
1551 1356 1660 1410 quo
1706 1353 1939 1418 superpe

379 1449 674 1490 utiuversus
725 1437 960 1490 mundus
1012 1436 1267 1489 collucet.
1308 1435 1515 1488 Lumen
1555 1430 1776 1501 quidem
1809 1430 1956 1482 illud-

383 1533 502 1576 erat
526 1525 758 1591 primum
781 1525 1088 1578 mandatum
1109 1525 1285 1591 primo
1313 1523 1514 1576 homini
1536 1522 1715 1574 datum
1738 1538 1751 1584 ;
1773 1521 1942 1587 qua'n-

382 1615 456 1667 do
474 1617 689 1681 quidem
719 1616 936 1668 lucerna
961 1625 1044 1668 est
1073 1617 1382 1668 mandatum
1415 1615 1631 1683 legis,et
1654 1613 1856 1675 lumen,
1889 1620 1942 1664 et

383 1707 512 1772 quia
537 1708 717 1758 lumen
743 1717 870 1760 sunt
901 1717 1163 1774 praecepta
1184 1716 1273 1758 tua
1303 1721 1462 1773 super
1477 1715 1698 1768 terram;
1729 1701 1941 1756 tametsi

394 1796 578 1848 invida
612 1797 856 1858 tenebra,
888 1813 1008 1864 qua:
1062 1796 1300 1864 irrepsit,
1355 1797 1648 1864 nequitiam
1707 1794 1934 1847 creavit.

391 1884 599 1938 Lumen
635 1900 762 1938 vero
806 1888 1069 1956 typirum,
1101 1893 1156 1940 et
1182 1899 1405 1954 compar
1442 1883 1512 1937 iis
1540 1885 1629 1950 qui
1659 1882 1787 1936 illud
1813 1897 1937 1937 sus-

390 1977 684 2044 cipiebant,
737 1978 824 2031 lex
862 1979 1058 2046 scripta
1081 1983 1220 2039 erat,
1247 1991 1366 2045 quae
1385 1977 1664 2029 veritatem
1693 1984 1744 2027 et
1764 1973 1943 2057 magni

390 2066 611 2121 lutninis
647 2059 959 2138 mysterium
991 2067 1372 2131 adumbrabat;
1403 2067 1667 2135 siquidem
1699 2072 1753 2119 et
1784 2063 1947 2118 [acies

391 2153 592 2221 Moysis
624 2155 724 2209 hoc
755 2156 958 2210 lumine
989 2157 1342 2223 splendescit.
1379 2154 1444 2207 Et
1475 2165 1534 2208 ut
1566 2155 1638 2207 de
1702 2153 1948 2222 pluribus

390 2244 690 2299 luminibus
712 2246 1020 2314 loquamur,
1041 2247 1218 2299 lumen
1243 2243 1461 2313 quidem
1488 2243 1760 2313 eratquod
1780 2242 1948 2313 lloysi

391 2350 458 2389 ex
490 2336 620 2403 igne
652 2337 924 2404 apparuit,
951 2351 1072 2390 cum
1094 2336 1322 2389 ardebat
1353 2335 1542 2397 rubus,
1572 2346 1625 2389 et
1655 2350 1760 2388 non
1796 2349 1946 2389 eom-

394 2425 712 2489 burebatur,
750 2436 808 2480 ut
847 2436 1097 2480 naturam
1157 2428 1501 2489 ostenderet,
1548 2435 1602 2480 et
1652 2426 1947 2496 potentiam

391 2516 629 2570 divinam
667 2517 991 2570 declararet.
1037 2515 1241 2569 Lumen
1291 2517 1485 2569 deinde
1514 2527 1654 2578 erat,
1705 2516 1849 2585 quod
1898 2518 1949 2568 in

391 2606 642 2660 columna
679 2606 819 2674 ignis
853 2608 1051 2675 papqu
1081 2607 1388 2662 lsraeletico
1423 2608 1475 2661 in
1544 2609 1625 2660 via
1693 2619 1962 2674 tanquam.

395 2696 502 2748 dus
537 2699 784 2765 prmibat,
819 2709 871 2751 et
908 2698 1218 2750 solitudinis
1250 2699 1593 2766 asperitatem
1646 2698 1951 2766 mitigabat.

412 2786 617 2842 Lumen
651 2790 800 2853 item,
829 2790 970 2857 quod
997 2788 1166 2842 Eliam
1201 2790 1251 2842 in
1285 2805 1446 2843 curru
1481 2790 1639 2858 igneo
1662 2791 1862 2858 rapuit.
1904 2799 1957 2843 et

396 2889 612 2947 raptum
659 2895 766 2933 non
808 2880 1129 2934 combussit.
1173 2880 1375 2934 Lumen
1406 2891 1668 2950 pra-terea
1691 2881 1833 2949 quod
1866 2896 1958 2949 pa-

405 2977 582 3022 stores
607 2968 990 3034 circuml‘ulsit,
1020 2971 1233 3038 quando
1271 2971 1400 3024 illttd
1456 2971 1635 3024 lumen
1672 2973 1788 3025 sine
1823 2981 1958 3024 teni-

399 3073 526 3125 pnre
573 3059 764 3111 lutniui
814 3062 1078 3126 temporis
1111 3060 1540 3114 admiscebatur.
1600 3059 1807 3114 Lumen
1858 3062 1956 3114 fuit

2030 620 2505 682 ascensurierant;
2559 620 2904 671 Vehementer
2972 616 3115 667 enim
3177 614 3373 680 reliqui
3432 617 3585 679 sequi

2032 710 2437 772 concupissent,
2497 711 2804 774 exemplum
2854 706 3039 773 gloriae
3087 705 3234 756 illius
3263 706 3582 770 spectaturi;

2031 799 2454 864 docuissentque
2507 809 2765 862 tanquam
2800 795 2990 863 spreti.
3026 792 3136 846 Etsi
3170 797 3311 846 enim
3351 795 3451 845 hoc
3506 795 3590 844 ln-

2034 900 2154 938 men
2180 886 2418 939 crassius
2465 893 2519 938 et
2555 885 2865 937 concretius
2896 882 3313 942 demonstravit.
3349 884 3580 934 Inuitum

2035 984 2214 1028 tamen
2237 974 2565 1027 desiderium
2597 988 2681 1028 res
2726 972 3002 1026 alierebat.
3031 971 3097 1023 Et
3129 986 3318 1024 rursus
3367 971 3420 1024 in
3456 986 3585 1024 ora-

2037 1067 2180 1118 tione
2230 1063 2294 1116 ad
2348 1062 2693 1116 Theodorum
2749 1064 2985 1133 lapsum,
3045 1062 3209 1126 Quid,
3255 1062 3450 1127 inqu't,
3510 1073 3595 1114 est

2037 1156 2176 1221 quod
2206 1155 2538 1223 resplenduit
2565 1165 2820 1222 tanquam
2866 1156 2981 1206 sol?
3009 1153 3193 1206 Gloria
3257 1163 3434 1205 autem
3467 1168 3588 1204 cor-

2039 1260 2228 1312 porum
2266 1245 2652 1300 immortalium
2687 1260 2791 1296 nou
2833 1254 3041 1296 tantum
3106 1243 3322 1296 luminis
3369 1242 3592 1303 emittit,

2043 1346 2304 1401 quantum
2342 1337 2442 1388 hoc
2468 1350 2664 1402 corpus
2692 1335 3059 1395 interiturum,
3092 1332 3234 1401 quod
3268 1349 3441 1399 neque
3488 1333 3596 1384 tale

2038 1435 2175 1489 erat,
2240 1426 2398 1494 quale
2454 1426 2628 1478 oculis
2677 1426 2996 1478 mortalibus
3051 1425 3200 1476 cerni
3258 1433 3453 1491 potest,
3503 1425 3593 1476 sed

2039 1514 2182 1582 quod
2242 1525 2463 1581 aspectu
2524 1514 2808 1568 oculorum
2867 1513 3282 1574 immortalium.
3317 1523 3374 1565 ut
3431 1513 3595 1564 videri

2042 1612 2252 1673 posset,
2290 1619 2431 1672 opus
2459 1604 2710 1656 habebat.
2747 1604 2940 1656 Adhuc
2964 1604 3101 1656 idem
3154 1605 3209 1655 in
3246 1605 3434 1655 eadem
3470 1618 3599 1654 ora-

2044 1694 2227 1745 tione:
2265 1692 2367 1747 Sed
2410 1693 2456 1746 si
2494 1693 2761 1753 volumus,
2791 1693 2987 1759 inquit,
3043 1694 3344 1746 videbimus
3390 1703 3444 1745 et
3504 1709 3603 1744 nos

2043 1781 2357 1846 Christum,
2410 1791 2468 1835 ut
2517 1783 2588 1835 illi
2651 1795 2778 1835 tunc
2834 1782 2885 1834 in
2940 1793 3143 1845 monte,
3198 1785 3367 1837 multo
3421 1793 3600 1836 tamen

2044 1874 2398 1942 splendidius,
2433 1888 2540 1926 non
2571 1875 2714 1926 enim
2744 1876 2822 1927 sic
2854 1884 3036 1942 postea
3066 1876 3267 1937 veniet;
3299 1885 3427 1928 tunc
3455 1868 3600 1927 etim

2046 1977 2274 2031 parcens
2327 1963 2630 2030 discipulis,
2712 1973 2922 2018 tantum
2982 1964 3282 2033 splendoris
3341 1969 3601 2026 ostendit,

2046 2065 2307 2124 quantum
2337 2055 2475 2110 ferre
2514 2067 2826 2124 potuerunt,
2857 2067 3042 2126 postea
3082 2073 3211 2110 vero
3239 2059 3289 2111 in
3323 2058 3438 2125 ipsa
3487 2061 3606 2126 glo-

2047 2148 2127 2199 ria
2157 2145 2331 2201 Patris
2363 2148 2565 2202 veniet.
2608 2149 2674 2202 Et
2705 2148 3027 2202 Anastasius
3073 2149 3334 2212 Sinaites.
3389 2152 3443 2206 in
3476 2169 3604 2207 ora-

2049 2237 2195 2292 tione
2232 2238 2298 2292 de
2322 2237 2820 2308 Transtiguratioue
2863 2258 2876 2292 :
2905 2239 3022 2306 llic,
3045 2241 3244 2309 inquit.
3277 2246 3430 2311 signa
3454 2248 3601 2314 regni

2050 2328 2389 2395 prteligurata
2424 2339 2551 2383 sunt
2580 2347 2592 2382 :
2631 2331 2682 2384 in
2721 2333 2824 2386 hoc
2854 2343 3036 2388 monte
3061 2335 3314 2403 splendor
3339 2337 3608 2404 justorum

2050 2419 2405 2474 adumbratus
2432 2430 2514 2475 est
2549 2437 2562 2474 :
2594 2421 2682 2476 hic
2713 2423 3018 2478 futurorum
3055 2426 3318 2480 bonorum
3353 2438 3606 2497 tanquam

2053 2511 2400 2577 praesentium
2469 2511 2646 2583 imago
2694 2525 2945 2583 expressa
3004 2527 3106 2572 est.
3165 2518 3280 2572 lmo
3310 2530 3360 2573 et
3395 2522 3614 2576 divinus

2054 2598 2374 2656 Theodorus
2394 2615 2753 2674 cognomento
2781 2609 3043 2676 γραπτὼν
3070 2609 3122 2662 in
3151 2613 3396 2666 oratione
3425 2625 3613 2668 contra

2055 2693 2343 2747 Eusebium
2381 2711 2395 2747 :
2424 2696 2526 2749 Sed
2557 2705 2736 2751 tamen
2766 2709 2823 2750 ιιι
2855 2701 3054 2753 veritas
3079 2701 3258 2764 habet,
3309 2719 3335 2757 s
3360 2719 3388 2757 c
3436 2707 3501 2757 de
3548 2721 3612 2757 ea

2053 2771 2346 2840 dicamus:
2381 2786 2675 2856 Postquam
2729 2788 2796 2842 de
2839 2792 3097 2860 periculis
3157 2791 3406 2847 Salvator
3453 2797 3620 2850 disci-

2056 2876 2198 2943 pulis
2230 2879 2500 2944 exposuit,
2535 2878 2784 2947 inquiens
2813 2895 2825 2932 ε
2860 2879 2962 2944 Qui
2996 2880 3102 2934 vult
3145 2885 3318 2937 venire
3346 2898 3458 2953 post
3514 2904 3615 2950 me,

2058 2967 2267 3035 abneget
2297 2967 2654 3033 semetipsum,
2675 2979 2724 3021 et
2756 2970 2910 3022 tollat
2939 2988 3144 3025 crucem
3172 2991 3319 3026 suam
3353 2985 3400 3027 et
3433 2993 3625 3044 sequn-

2059 3068 2144 3109 tur
2164 3074 2242 3110 me
2283 3059 2346 3120 “,
2384 3069 2437 3112 et
2470 3063 2575 3112 alia
2611 3063 2963 3129 huiusmodi:
2999 3076 3151 3118 etant
3201 3076 3379 3120 autent
3416 3070 3622 3136 alioqui

396 3150 531 3201 illud
555 3150 722 3202 stellae
750 3165 871 3217 quae
899 3149 1171 3204 Bethleem
1198 3152 1460 3211 cucurrit.
1495 3159 1552 3204 ut
1583 3151 1762 3220 Magos
1783 3153 1954 3206 dedu-
1986 3183 2028 3240 ϐ
2062 3151 2378 3218 gravissima
2411 3161 2463 3202 et
2494 3152 2734 3204 dil'lieilia
2800 3154 2864 3206 ad
2907 3155 3246 3208 tolerandum
3301 3175 3422 3226 qua:
3466 3162 3626 3230 jube-

399 3250 570 3307 ceret,
609 3249 664 3295 ct
694 3241 876 3294 lumen
907 3256 1073 3309 supra
1107 3256 1207 3296 nos
1232 3244 1509 3296 nobiscum
1549 3253 1727 3295 ortum
1756 3245 1959 3298 satelli-

400 3334 477 3385 tio
509 3333 753 3401 stiparet.
807 3331 1012 3385 Lumen
1066 3331 1247 3395 etiam,
1302 3332 1559 3386 divinitas
1608 3333 1696 3386 illa
1742 3345 1958 3388 ostensa

400 3423 570 3476 ferme
599 3423 846 3486 solidior,
866 3437 1028 3490 quam
1050 3430 1107 3474 ut
1128 3431 1376 3490 aspectus
1398 3423 1536 3476 ferre
1553 3434 1754 3489 posset;
1779 3425 1959 3478 lumen

405 3527 624 3580 quoque
655 3512 910 3581 splendor
936 3512 1080 3565 illinc
1113 3515 1178 3564 ad
1205 3527 1298 3566 eos
1332 3514 1422 3581 qui
1458 3515 1544 3567 hic
1572 3515 1779 3583 purgati
1814 3524 1960 3579 sunt,

403 3603 750 3666 manaturus,
803 3617 926 3656 cum
965 3603 1243 3671 lulgebunt
1301 3603 1430 3672 justi
1478 3605 1617 3658 sicut
1672 3607 1773 3667 sol,
1826 3606 1964 3659 inter

404 3710 544 3761 quos
571 3702 677 3746 stat
703 3692 843 3746 Deus
874 3695 925 3745 in
959 3695 1136 3746 medio
1165 3695 1390 3746 deorum
1420 3704 1473 3748 et
1501 3711 1706 3764 regum,
1754 3696 1965 3750 discer-

413 3800 548 3837 nens
575 3795 631 3837 et
677 3784 1022 3852 distinguens
1074 3786 1361 3852 dignitates
1407 3785 1761 3841 beatitudinis
1818 3789 1964 3842 illinc

365 3929 368 3931 Α
408 3875 822 3944 proﬁciscentis.
853 3875 1053 3930 Practer
1081 3877 1182 3930 ista
1213 3877 1416 3945 lumina
1441 3879 1614 3932 lumen
1633 3874 1718 3933 ἐει
1750 3883 1966 3948 proprio

403 3967 642 4035 quodam
665 3968 824 4021 modo
846 3967 1175 4021 illuminatio
1198 3969 1557 4037 baptismatis,
1585 3970 1651 4023 de
1680 3987 1788 4039 quo
1817 3987 1962 4026 nunc

403 4058 564 4112 nobis
593 4072 772 4111 sermo
800 4069 900 4120 est,
930 4059 1075 4127 quod
1107 4074 1360 4127 magnum
1395 4067 1447 4113 et
1478 4060 1792 4115 admirabile
1819 4064 1960 4115 Salti-

403 4151 474 4201 tis
508 4158 706 4202 nostra!
762 4151 1079 4219 mysterium
1111 4151 1374 4205 continet.
1417 4150 1490 4204 Ex
1527 4153 1728 4222 quibus
1778 4154 1965 4222 liquet,

404 4241 548 4306 quod
612 4237 757 4293 Deus
788 4255 815 4289 a
870 4239 1231 4293 nobilioribus
1283 4243 1528 4297 materiis
1563 4245 1742 4296 lumen
1799 4255 1853 4297 et
1890 4246 1970 4296 sol

405 4329 750 4392 nominatur,
787 4345 815 4382 a
852 4330 1244 4394 mediocribus,
1307 4332 1465 4402 ignis;
1525 4336 1654 4402 quin
1690 4336 1850 4387 etiam
1903 4335 1971 4387 ab

404 4420 607 4472 inﬁmis
638 4420 833 4488 accipit
865 4436 1085 4486 nomen;
1118 4422 1277 4476 simul
1331 4426 1491 4476 etiam
1541 4427 1968 4480 demonstratum

2064 3241 2281 3305 bantur;
2318 3256 2383 3294 ne
2419 3241 2736 3296 dillicultate
2768 3259 2955 3297 eorum
2987 3263 3108 3314 qute
3154 3249 3494 3314 dicebantur,
3530 3253 3628 3304 de—

2066 3333 2440 3404 fatigarentur,
2481 3346 2894 3392 τρςιοοιιιοοηιιη
2924 3345 3152 3404 mentes,
3183 3352 3235 3394 et
3280 3345 3625 3410 splendorem

2062 3443 2249 3482 eorum
2280 3445 2399 3497 quae
2447 3435 2924 3496 exspectabantur,
2985 3445 3035 3485 et
3089 3434 3266 3487 futura
3304 3447 3479 3497 erant.
3525 3442 3629 3492 sub

2064 3532 2339 3586 aspectum
2373 3521 2525 3572 valde
2552 3532 2852 3588 opportune
2877 3526 3045 3589 ponit;
3082 3529 3431 3593 quamobrem
3459 3547 3635 3598 quan-

2068 3619 2180 3660 tum
2209 3611 2522 3674 spectaculi
2558 3611 2719 3677 hujus
2749 3613 2960 3681 mystici
2995 3626 3329 3682 spectatores
3362 3623 3632 3674 sustinere

2066 3705 2335 3762 poterant,
2358 3698 2585 3765 gloriam
2621 3698 2764 3750 illaut
2786 3703 3140 3760 demonstrat,
3168 3718 3290 3756 cum
3320 3721 3422 3773 qua
3453 3709 3501 3758 in
3530 3713 3633 3762 line

2067 3787 2385 3841 srcculorum
2427 3799 2689 3844 venturus
2745 3801 2848 3855 est;
2886 3793 3182 3847 secundum
3231 3813 3393 3862 quam
3430 3809 3482 3852 et
3529 3801 3632 3866 ipsi

2071 3879 2234 3931 simul
2265 3879 2670 3947 splendescent,
2708 3882 2846 3937 hanc
2878 3899 3095 3938 sitorum
3129 3890 3492 3943 certaminum
3545 3908 3633 3955 reT

2071 3972 2503 4025 munerationcm
2533 3974 2715 4036 laturi,
2744 3992 2852 4044 quo
2887 3980 3058 4046 magis
3093 3981 3144 4032 in
3183 3984 3630 4053 periculispositi

2069 4062 2345 4115 coiitidant
2373 4065 2698 4132 contemptis
2725 4070 3101 4135 praesentibus,
3125 4074 3267 4126 nulla
3293 4077 3634 4132 rationectun

2075 4153 2142 4205 iis
2189 4167 2309 4221 qua:
2379 4165 2713 4220 spectantur,
2778 4158 2877 4211 ista
2935 4146 3336 4228 comparantes.
3391 4167 3643 4234 judican-

2072 4252 2152 4297 tes
2202 4259 2309 4298 non
2341 4260 2460 4299 esse
2494 4247 2682 4314 dignas
2704 4251 2972 4317 passiones
3008 4252 3166 4320 hujus
3195 4260 3440 4323 temporis
3460 4262 3529 4312 ad
3560 4263 3646 4329 fu-

2074 4342 2244 4384 turam
2284 4335 2528 4402 gloriam,
2557 4353 2671 4404 quae
2712 4340 3030 4392 revelabitur
3075 4345 3126 4394 in
3168 4348 3313 4398 nobis
3369 4349 3434 4402 ⁸⁵.
3474 4353 3640 4419 Atqui

2077 4440 2183 4476 non
2214 4441 2429 4494 semper
2452 4429 2565 4480 liter.
2600 4430 2894 4493 durarunt;
2943 4435 3034 4485 sed
3071 4435 3158 4488 hic
3193 4440 3256 4487 ad
3286 4448 3515 4508 tempus
3541 4461 3643 4511 gu-

351 4587 364 4602 ‘
403 4522 486 4563 est
513 4512 881 4578 multipliciter
939 4513 1045 4567 dici
1105 4514 1286 4567 lumen
1339 4516 1639 4568 secundum
1686 4519 1965 4586 multiplex
2005 4515 2046 4566 [ι
2078 4517 2327 4579 bet-nata,
2357 4528 2502 4582 gesto
2532 4529 2680 4584 sunt;
2714 4524 2906 4576 modus
2926 4526 3068 4577 enim
3096 4528 3508 4595 gubernationis
3537 4551 3643 4592 est.

406 4618 628 4665 nomen,
659 4613 711 4656 et
742 4619 832 4672 per
853 4620 1065 4658 omnem
1103 4607 1459 4675 symbolicam
1494 4609 1818 4677 theologiam
1851 4623 1969 4662 ten-

406 4696 556 4752 dere;
589 4696 695 4749 huc
729 4698 962 4749 accessit
988 4697 1117 4750 illud
1152 4697 1218 4751 de
1248 4698 1384 4752 facie
1419 4699 1628 4751 Domini
1657 4715 1776 4764 qua:
1807 4703 1858 4752 in
1894 4703 1973 4753 di-

407 4785 529 4834 vina
573 4786 1055 4852 transliguratioue
1092 4787 1427 4855 resplenduit
1459 4789 1601 4842 sicut
1628 4789 1729 4852 sol,
1760 4792 1848 4857 qui
1890 4801 1974 4844 est

405 4877 663 4930 omnibus
692 4892 810 4944 quze
831 4893 992 4932 sensu
1020 4880 1418 4946 percipiuntur,
1443 4883 1698 4935 nobilior.
1733 4882 1977 4950 Resplen-

407 4968 522 5019 duit
555 4969 719 5031 enim,
756 4970 954 5040 inquit.
1012 4971 1177 5037 facies
1227 4972 1342 5039 ejus
1389 4973 1524 5024 sicut
1579 4973 1677 5038 sol,
1723 4984 1770 5027 et
1823 4979 1977 5027 vesti-

411 5071 585 5114 menta
615 5063 759 5128 [acta
775 5063 1028 5115 suntcum
1053 5065 1186 5116 sicut
1219 5065 1387 5116 tamen
1417 5064 1482 5118 ⁸³.

1031 5153 1260 5209 CAPUT
1292 5155 1378 5208 IV.

417 5246 569 5312 Quod
619 5246 778 5313 facies
844 5246 1053 5300 Domini
1098 5248 1287 5307 nostri,
1334 5263 1450 5316 quis
1508 5257 1755 5316 tanquam
1807 5250 1886 5300 sol
1923 5251 1974 5303 in

484 5316 814 5367 dieiuissima
843 5318 1306 5384 trausﬁguratioue
1333 5319 1673 5385 resplenduit,
1720 5330 1766 5370 et
1800 5321 1976 5386 splen-

483 5389 580 5438 dor
637 5387 872 5452 ejusdem
919 5387 1153 5438 decorem
1199 5391 1450 5453 eorporis,
1482 5401 1592 5456 post
1637 5393 1978 5441 resurrectio-

484 5473 599 5508 ueni
635 5458 942 5523 glori/icati,
985 5468 1032 5509 et
1081 5458 1320 5524 futurum
1377 5459 1489 5524 ejus
1520 5458 1774 5528 [uigorem
1821 5476 1978 5511 mnu-

488 5535 649 5578 ralem
678 5527 948 5594 ﬁguravit,
979 5542 1024 5581 et
1089 5531 1286 5581 idcirco
1310 5529 1363 5581 iu
1400 5527 1663 5597 aspectum
1703 5530 1978 5583 oculorum

482 5597 687 5650 cecidit.
1553 5615 1559 5620 ·

483 5690 711 5744 Diviuus
731 5690 1176 5761 Chrysostoutus,
1197 5692 1422 5746 liomilia
1447 5691 1534 5756 56,
1558 5693 1977 5753 iuMattlianuu:

484 5831 532 5866 “
552 5831 744 5888 Matth.
773 5849 901 5900 xvtt,
933 5832 987 5888 2.
1067 5837 1111 5870 ⁸⁸
1140 5835 1328 5890 Matth.
1371 5854 1479 5901 wn,
1507 5838 1594 5891 ει.

1676 5839 1719 5868 ⁸⁸
1751 5838 1909 5894 llum.
1941 5857 2056 5908 \‘Ill,
2114 5844 2197 5898 l8.

2025 4663 2032 4668 ,
2081 4609 2317 4685 Sanctus
2351 4612 2585 4680 Cyrillus
2643 4617 3042 4673 Alexandrinus
3075 4622 3126 4674 in
3166 4627 3651 4693 explanationihns

2082 4705 2135 4756 in
2182 4704 2382 4757 Lucam
2412 4726 2419 4752 ;
2457 4705 2675 4760 Factam
2708 4724 2827 4764 esse
2853 4711 3087 4768 dit-imus
3115 4723 3646 4788 transliguratiouem

2085 4809 2189 4845 non
2217 4796 2296 4848 sic
2325 4796 2566 4861 quidem,
2611 4808 2668 4851 ut
2696 4798 2901 4869 't-orptts
2937 4805 3230 4858 humanum
3262 4811 3483 4876 liguratn
3513 4822 3654 4865 ami—

2084 4886 2237 4949 Serit,
2273 4886 2365 4939 sed
2392 4888 2684 4955 splendore
2740 4895 2975 4957 quodam
3004 4895 3256 4952 indutum
3297 4902 3483 4957 fuerit.
3516 4906 3655 4972 Quia

2082 4975 2228 5025 enim
2262 4976 2578 5039 audiebant,
2619 4988 2873 5042 oportere
2907 4997 3125 5037 carnem
3163 4999 3404 5043 nostrain
3468 5010 3661 5048 resur-

2085 5080 2232 5135 gere,
2276 5081 2386 5133 quo
2421 5083 2546 5121 vero
2591 5071 2774 5123 habitu
2804 5082 2855 5125 et
2888 5073 3086 5136 forma,
3114 5077 3379 5133 incertum
3412 5097 3550 5144 erat.
3603 5102 3664 5142 rt

2086 5157 2241 5209 daret
2270 5159 2586 5214 mutationis
2637 5162 2920 5224 indicium,
2954 5181 3170 5222 carnem
3207 5185 3361 5226 suam
3400 5180 3659 5241 mutarit,

2093 5256 2150 5300 ut
2176 5263 2298 5315 spes
2324 5255 2922 5311 nostrasconlirmaret.
2951 5254 3102 5312 Nunc
3116 5263 3259 5314 enim
3287 5264 3388 5319 hoc
3411 5279 3652 5322 nostrum

2086 5353 2285 5407 corpus
2315 5353 2444 5393 caro
2477 5345 2622 5397 nuda
2668 5355 2772 5410 est;
2805 5355 3047 5417 tempore
3077 5363 3256 5407 autem
3295 5363 3656 5420 resurrectio.

2089 5430 2171 5482 nis
2201 5431 2506 5485 immutatio
2530 5436 2778 5498 qutetlam
2813 5437 2978 5490 Deum
3005 5440 3230 5508 decens,
3258 5449 3656 5514 etspletuloris.

2089 5535 2195 5573 non
2226 5521 2410 5589 llglll'm
2446 5526 2676 5578 mutatio
2694 5528 2798 5580 erit
2827 5543 2840 5580 :
2876 5528 3233 5596 Splendcbuut
3261 5536 3422 5602 cuitu,
3461 5544 3662 5608 inquit,

2081 5613 2218 5680 justi
2252 5614 2388 5666 sicut
2428 5615 2508 5667 sol
2540 5617 2594 5669 in
2627 5633 2783 5687 regno
2822 5622 3074 5676 caelorum
3130 5625 3196 5679 “.
3262 5627 3415 5691 Quod
3477 5642 3661 5690 autent

2090 5705 2188 5766 Spit
2211 5703 2279 5757 nd
2304 5721 2346 5757 η’
2370 5705 2463 5772 qui
2496 5710 2750 5762 convenit
2779 5711 2975 5765 divina:
3019 5714 3358 5781 substantiee,
3385 5720 3668 5781 universa

2278 5847 2323 5878 σε
2381 5847 2570 5906 Matth.
2614 5868 2724 5921 qu.
2754 5853 2841 5910 45.
