4416 6448
391 423 513 487 849

1035 426 1418 499 DECASNL
1449 437 1529 459 —'
1552 425 1646 483 DE
1678 422 2329 485 APPARlTIONlBUS
2372 427 2621 488 DIVlNl
2652 422 2993 485 LUMINIS.

3538 432 3653 494 850

396 548 490 592 aut
510 540 748 607 qualitas
773 543 1092 595 substantia!
1119 550 1173 594 et
1202 542 1450 609 corporis
1466 557 1683 608 expers,
1735 555 1855 608 quae
1903 539 1956 590 in
1993 545 2032 598 Α
2063 552 2177 594 star
2202 544 2334 594 radii
2364 543 2496 595 solis
2526 543 2921 609 spletulentem,
2948 552 3204 609 tanquam
3230 556 3447 596 omnem
3479 546 3649 599 aciem

395 629 525 691 alio,
552 641 605 681 et
630 620 747 681 non
771 630 823 683 in
841 645 899 682 se
924 630 1227 684 consistere
1276 630 1579 683 cernatur?
1619 633 1687 682 At
1748 629 1793 682 si
1845 629 1976 681 sub-

397 720 598 772 stantia
623 730 733 785 est,
766 732 948 774 utrum
1004 721 1248 788 angeliea
1303 722 1429 776 est?
1474 721 1739 791 siquidem
1788 733 1843 774 et
1877 737 1978 773 an-

387 813 549 887 gelus
589 812 772 866 lumen
795 820 899 875 est,
928 821 981 866 et
1009 828 1037 866 a
1072 814 1248 883 primo
1280 822 1443 883 atque
1477 828 1733 881 supremo
1770 812 1976 867 lumine

399 901 580 971 fulgor
607 913 662 957 et
692 902 951 972 splendor
976 905 1287 959 derivatus.
1310 902 1509 957 Verum
1526 919 1631 957 non
1664 904 1767 957 hoc
1808 904 1969 956 dicet.

398 974 462 1071 In
495 995 577 1047 bis
607 996 772 1064 igitur
791 993 1112 1048 Theodorus
1148 995 1428 1063 ingeniose
1481 1006 1746 1057 moratus,
1805 996 1973 1047 multa

399 1096 647 1139 numerat
685 1086 947 1148 absurda,
993 1102 1138 1154 quae,
1186 1096 1506 1156 sequantur,
1561 1095 1744 1153 postea
1789 1086 1920 1141 dicit
1959 1105 1972 1140 :

398 1175 723 1244 llujnsmodi
761 1188 887 1231 sunt
918 1179 1146 1239 absona.
1176 1188 1231 1231 et
1292 1193 1319 1231 a
1370 1179 1583 1231 ratione
1614 1194 1824 1241 aversa,
1853 1194 1974 1247 qua:

362 1258 364 1260 ⁷
395 1281 461 1318 cx
494 1266 775 1335 principiis
809 1267 955 1321 illius
982 1271 1245 1335 pateliunt
1267 1310 1281 1331 ,
1315 1270 1360 1335 si
1408 1270 1537 1322 illud
1587 1271 1766 1321 lumen
1828 1271 1975 1321 inex-

399 1357 651 1422 plicabile
682 1358 1044 1411 substantiam
1090 1375 1209 1413 esse
1261 1360 1378 1414 ait:
1437 1360 1759 1427 relinquitur
1813 1361 1977 1427 igitur

399 1457 457 1497 ut
509 1460 841 1511 quaeramus,
889 1457 1070 1499 utrum
1097 1449 1417 1515 qualitatem
1464 1448 1861 1515 incorpoream.
1892 1448 1893 1451 “
1923 1448 1998 1500 ρι’

398 1539 703 1591 substantia
734 1551 1006 1593 carentem
1045 1543 1309 1596 accidisse
1337 1543 1534 1595 dixerit
1597 1542 1758 1595 veluti
1804 1542 1975 1595 deliu-

399 1631 448 1681 xi
474 1645 612 1681 mem
646 1632 984 1694 substantiae,
1005 1642 1058 1685 et
1114 1632 1460 1699 splenlorem
1512 1635 1639 1686 inde
1679 1636 1973 1697 emissum,

399 1721 454 1769 in
494 1734 655 1784 quem
714 1718 887 1773 fortuna
921 1722 1010 1774 illa
1048 1710 1250 1775 muiata
1308 1722 1541 1787 fuisset;
1599 1735 1653 1777 at
1702 1726 1976 1779 nihilomi-

400 1826 507 1863 uns
529 1826 739 1863 summa
769 1813 1008 1864 omnium
1042 1815 1337 1882 ignominia
1368 1809 1761 1871 et‘absurditas
1790 1817 1976 1869 divino

400 1901 616 1969 corpori
657 1903 947 1968 iuuretur;
1005 1905 1200 1971 peribit
1259 1906 1402 1958 enim
1459 1909 1599 1960 ratio
1630 1908 1974 1970 subalantitc,

400 2004 453 2046 et
482 1995 561 2045 sie
592 1993 855 2049 inferetur
882 2014 982 2049 non
1003 2013 1123 2052 csse
1154 2014 1250 2067 p--r
1276 2016 1356 2052 se.
1398 2001 1690 2061 Prmterea,
1740 2017 1849 2053 non
1883 2018 1983 2069 pov.

404 2096 508 2141 test
539 2090 773 2155 qualitas
803 2090 1005 2158 absque
1023 2090 1268 2159 subjecto
1299 2093 1656 2146 tleutonstrari
1716 2094 1976 2161 quidnam

404 2181 475 2234 sit
511 2196 603 2247 p-r
634 2198 713 2242 se,
751 2184 1000 2249 quamvis
1034 2182 1104 2237 sit
1135 2184 1374 2250 qualitas
1398 2201 1461 2238 ex
1502 2185 1568 2238 iis
1617 2202 1739 2253 qua:
1790 2187 1978 2241 insunt

408 2273 729 2325 naturaliter
757 2274 809 2325 in
840 2274 1168 2339 substantia,
1206 2253 1295 2328 vel.
1320 2293 1438 2344 que
1467 2277 1530 2330 ad
1595 2287 1801 2345 partem
1854 2279 1981 2330 sub-

407 2359 622 2419 svan'tire
680 2364 1009 2428 reducitur;
1044 2377 1102 2419 ut
1150 2369 1382 2435 exetupli
1442 2369 1641 2437 gratia,
1696 2386 1977 2437 numquam

409 2455 673 2507 rationale
699 2456 817 2507 sine
849 2455 1116 2521 subjecto,
1141 2459 1285 2526 quod
1313 2466 1396 2512 est
1440 2459 1658 2523 animal,
1693 2462 1977 2523 consistet,

412 2549 513 2598 Ilial
546 2547 669 2615 quis
697 2554 849 2616 prius
880 2556 1048 2617 ponat
1078 2550 1440 2603 substantiam
1500 2552 1820 2615 animatam,
1858 2566 1983 2604 sen-

414 2637 670 2703 ticntem;
702 2638 951 2700 similiter
981 2639 1032 2692 in
1073 2641 1308 2704 mortali,
1346 2651 1397 2693 et
1428 2640 1748 2706 immortali,
1792 2643 2001 2697 etaliis'

410 2729 701 2795 ejusmodi.
737 2728 799 2782 Et
837 2729 972 2783 alias
1010 2731 1395 2786 rursusidem:
1442 2731 1531 2785 Sic
1561 2732 1728 2795 enim,
1784 2734 1982 2801 inquit,

414 2821 498 2885 pie
525 2819 851 2887 intelligetur
885 2821 1067 2874 divina
1103 2823 1346 2887 operatio
1377 2833 1598 2883 mterua,
1624 2825 1756 2893 quin
1808 2827 1987 2891 potius

415 2927 509 2979 par
541 2927 599 2964 se
628 2912 899 2979 operatio,
926 2914 968 2967 si
1000 2929 1105 2966 non
1162 2913 1528 2984 distinguatur
1583 2932 1611 2970 a
1638 2918 1985 2980 substantia,

416 3002 510 3055 sed
545 3002 726 3071 potius
751 3004 999 3056 eamdem
1049 3004 1314 3058 rationem
1363 3005 1556 3060 subeat
1609 3020 1827 3075 propter
1864 3027 1988 3079 pro-

414 3092 697 3160 pietatem
730 3079 1095 3161 simplicitatis
1157 3106 1212 3149 et
1264 3096 1595 3166 incorporea:
1640 3107 1868 3153 naturai.
1927 3101 1998 3174 Et.

2080 633 2364 685 oculorum
2414 623 2761 699 superantem
2791 673 2806 694 ,
2842 633 3151 686 didicerunt
3188 634 3495 703 symbolum
3527 652 3648 689 esse

2076 732 2131 774 et
2166 732 2347 774 notam
2391 723 2690 776 divinitatis
2732 709 2881 791 eius,
2915 738 3033 791 qua:
3086 716 3251 790 supra
3302 731 3546 778 mentem
3596 733 3651 777 et

2079 828 2299 866 sensum
2331 823 2385 867 et
2413 813 2772 866 substantiam
2804 822 2856 866 et
2891 813 3255 881 cognitionem
3289 822 3441 880 erat;
3489 816 3653 869 vcsti-

2080 914 2259 956 menta
2282 919 2411 955 vero
2441 904 2563 957 alba
2594 902 2757 965 facta,
2797 904 3103 974 symbolum
3129 920 3249 959 esse
3281 916 3329 958 et
3357 907 3648 975 imaginem

2080 996 2366 1048 verborum
2406 992 2706 1062 Scriptura:
2747 1006 2971 1047 sanetae.
3006 996 3205 1047 lterum
3243 996 3424 1049 idem:
3462 996 3653 1049 Videa-

2079 1101 2220 1146 mus,
2254 1092 2511 1137 utrumne
2542 1094 2685 1137 recte
2727 1092 2780 1138 ct
2822 1085 3095 1151 sapienter
3140 1083 3191 1134 iu
3223 1094 3457 1157 iitroque
3490 1084 3649 1138 modo

2076 1176 2358 1242 theologia:
2385 1175 2493 1249 jam
2520 1175 2665 1229 dicto
2696 1177 2995 1229 secundum
3028 1175 3268 1229 divinam
3302 1177 3454 1249 illam
3479 1189 3655 1229 trans-

2075 1246 2470 1335 tigurationein
2512 1268 2724 1319 υηοιιὶηἰ
2791 1268 3099 1337 symbolum
3146 1248 3328 1331 inest;
3366 1270 3656 1337 oportebat

2074 1358 2244 1417 enim,
2276 1365 2332 1411 ut
2362 1358 2451 1427 qui
2487 1361 2785 1413 secundum
2820 1371 3068 1413 naturam
3109 1371 3351 1415 nostram
3397 1363 3655 1414 immuta-

2080 1450 2258 1501 biliter
2300 1462 2517 1517 propter
2566 1450 2889 1503 immensam
2928 1452 2981 1503 in
3032 1452 3281 1505 homines
3334 1453 3654 1505 charitatem

2076 1537 2254 1590 creari
2286 1539 2571 1600 voluisset,
2602 1538 2777 1603 ﬁgura
2809 1549 2972 1606 atque
3005 1540 3308 1608 symbolum
3353 1540 3435 1592 sui
3469 1539 3654 1602 fieret;

2077 1644 2245 1696 seque
2272 1644 2334 1681 ex
2371 1630 2547 1698 seipso
2579 1630 2872 1699 symbolice
2897 1631 3329 1693 demonstraret;
3360 1640 3416 1683 et
3456 1644 3549 1698 per
3572 1644 3660 1681 se-

2079 1708 2253 1786 ipsnm
2296 1719 2433 1773 foris
2464 1730 2741 1773 ostensum
2782 1719 2847 1772 ad
2884 1722 3124 1787 seipsum
3168 1721 3385 1788 penitus
3436 1721 3657 1786 inaspe-

2080 1811 2348 1863 rtabilitcr
2374 1809 2638 1872 abditum,
2671 1825 2887 1863 onmem
2921 1820 3225 1864 creaturam
3255 1809 3574 1870 deduceret,
3607 1818 3665 1861 et.

2084 1917 2175 1969 per
2210 1910 2443 1970 cognata
2472 1910 2683 1954 natura:
2717 1910 2919 1955 nostra:
2949 1901 3195 1971 symbola
3228 1901 3293 1953 ad
3328 1900 3519 1955 ambos
3545 1916 3663 1954 moo

2083 1996 2180 2046 dos
2212 1991 2498 2060 theologia:
2541 2007 2640 2045 nos
2681 1992 2908 2046 duceret
2941 1993 3039 2061 (l).
3080 1992 3141 2045 Et
3174 1992 3392 2045 divinus
3420 1993 3661 2062 Chryso-

2082 2098 2296 2141 SIomus
2326 2086 2379 2139 in
2418 2086 2668 2139 oratione
2697 2086 2763 2139 ad
2807 2084 3151 2138 Theodorum
3181 2087 3417 2154 lapsum,
3451 2086 3664 2137 incum-

2086 2182 2218 2234 bens
2266 2180 2330 2231 ad
2381 2176 2781 2245 explanandum
2813 2176 2991 2230 illud:
3052 2174 3255 2228 Bonum
3307 2187 3385 2229 est
3439 2193 3533 2229 nos
3580 2176 3665 2227 Itie

2085 2288 2193 2324 esse
2221 2272 2265 2301 7°
2296 2289 2307 2323 :
2342 2270 2396 2321 Si
2434 2279 2635 2331 autem,
2686 2268 2879 2337 inquit,
2934 2284 3057 2321 cum
3110 2277 3323 2321 tenuem
3370 2266 3665 2338 quemdam

2088 2366 2301 2419 radium
2337 2362 2643 2415 futurorum
2673 2363 2903 2424 videret,
2933 2362 3046 2414 inec
3082 2362 3317 2424 dicebat,
3358 2361 3488 2429 quid
3521 2361 3667 2413 dicet

2088 2457 2375 2525 quispiam.
2405 2471 2529 2509 eum
2559 2453 2673 2522 ipsa
2706 2455 2905 2533 veritas
2937 2444 3119 2504 rerum
3153 2452 3371 2506 aderit?
3404 2452 3670 2514 Similiter

2040 2572 2041 2575 η
2090 2548 2449 2610 Anastasius,
2488 2544 2579 2612 qui
2619 2545 2673 2597 in
2719 2552 2899 2597 monte
2944 2542 3074 2596 Sina
3124 2543 3423 2607 habitavit,
3470 2544 3666 2597 festum

2091 2637 2587 2706 transfigurationis
2636 2634 2888 2689 laudibus
2930 2636 3210 2687 celebrans
3250 2634 3429 2688 :Cum
3469 2634 3667 2695 vellet,

2091 2733 2284 2800 inquit,
2316 2746 2343 2782 a
2377 2728 2737 2797 praesentibus
2784 2729 3016 2781 suadere
3066 2727 3171 2779 illis
3214 2727 3493 2790 futurum,
3545 2725 3672 2778 ferit.

2091 2820 2472 2875 admirabilem
2532 2818 2582 2870 iu
2646 2826 2824 2869 monte
2868 2814 3088 2869 Thabor
3138 2818 3563 2883 tbeOphaniam,
3618 2817 3670 2869 i:l

2090 2922 2192 2971 est,
2218 2910 2595 2977 apparitiouem
2625 2906 2743 2973 Dei,
2781 2915 3041 2976 tanquam
3078 2908 3132 2960 iu
3164 2907 3402 2974 imagine
3433 2907 3671 2973 quadam

2093 3004 2365 3071 quoddam
2408 3002 2759 3056 simulacrum
2794 2998 2941 3067 regni
2973 3000 3233 3053 caelorum
3277 3000 3668 3066 prrennntium.

2096 3097 2293 3148 Beatus
2324 3093 2747 3163 Clirysostomus
2783 3092 2834 3143 in
2863 3090 3283 3144 Commentariis
3327 3090 3387 3143 in“
3425 3093 3673 3159 Evange—

417 3190 641 3237 smctns
698 3181 969 3240 Maxitnus
1021 3188 1074 3239 in
1128 3188 1501 3257 speculatione
1540 3192 1712 3260 magis
1770 3190 1989 3244 dilatata
2018 3220 2061 3281 ρ
2097 3186 2227 3238 lium
2256 3181 2484 3235 Joannis
2516 3196 2637 3250 cap.
2671 3179 2724 3242 6,
2764 3179 2985 3231 humilia
3020 3178 3087 3231 42
3129 3194 3141 3230 :
3177 3178 3350 3243 Sicut,
3376 3180 3575 3247 inquit,
3619 3180 3672 3232 iu

418 3274 484 3324 de
511 3271 1055 3342 Transtiguratione:
1084 3278 1298 3331 llictum
1339 3292 1420 3333 est
1485 3280 1652 3349 igitur
1706 3282 1986 3349 superius,

417 3364 880 3432 quemadmodum
917 3378 1023 3422 tres
1075 3369 1148 3423 illi
1202 3370 1343 3423 beati
1382 3372 1612 3439 apostoli
1671 3387 1765 3440 per
1816 3374 1997 3443 splen-

418 3454 608 3508 dorem
640 3455 885 3517 lautitiis,
919 3460 1011 3526 qui
1045 3460 1095 3511 in
1128 3471 1311 3515 monte
1340 3462 1389 3513 in
1412 3461 1548 3516 faeie
1585 3460 1796 3516 Domini
1825 3478 1997 3532 appa-

423 3546 559 3604 ruit,
589 3546 653 3602 ad
692 3546 843 3599 illtllll
877 3547 975 3602 Dei
1029 3551 1394 3617 Splendorem,
1466 3554 1558 3621 qui
1606 3554 1859 3609 omnibus
1903 3556 1995 3623 qui

423 3640 795 3707 sunt,peuitus
827 3641 1233 3710 iuaspectal-ilis
1265 3654 1372 3707 est,
1411 3647 1710 3699 secundum
1775 3646 1999 3700 faculta-

425 3738 532 3782 tem
560 3739 614 3783 et
640 3731 867 3798 gloriam
916 3732 1358 3799 inexplicabilem
1419 3745 1472 3787 et
1529 3733 1857 3803 incognitam
1902 3750 1998 3789 oc-

425 3822 585 3877 culta:
617 3823 919 3879 divinitatis
956 3826 1181 3893 mystice
1237 3825 1667 3891 (iBtiUt‘ClJilllllll‘,
1701 3825 2003 3892 intelligen—

406 3926 510 3969 'tes
547 3915 728 3969 lumen
754 3917 898 3985 quod
930 3917 1060 3985 ipsis
1087 3917 1262 3986 majus
1302 3933 1463 3985 quam
1499 3927 1557 3971 ut
1597 3932 1792 3972 sensus
1836 3920 2003 3970 susti—

430 4022 557 4061 nere
585 4016 787 4075 posset,
811 4010 1126 4078 apparebat,
1155 4010 1462 4079 symbolum
1518 4024 1663 4064 esse.
1726 4010 1792 4064 Et
1844 4008 2001 4079 paulo

430 4110 553 4167 post
575 4099 913 4174 :ﬁxistimo,
944 4101 1138 4170 inquit,
1164 4102 1302 4157 duos
1328 4102 1518 4155 modos
1540 4102 1816 4171 generalis
1846 4102 2004 4155 theo-

429 4192 601 4259 lagize,
644 4207 737 4260 per
780 4206 842 4245 ea
893 4208 1015 4260 qua:
1064 4194 1115 4245 in
1172 4202 1356 4246 monte
1418 4193 1472 4246 in
1527 4192 2006 4263 transfiguratioue

430 4283 609 4338 divina
645 4294 795 4353 gesta
843 4294 991 4351 sunt,
1045 4288 1325 4356 expositos
1368 4302 1491 4341 esse
1526 4288 1770 4355 mystice.
1806 4287 1867 4340 Et
1900 4287 2004 4341 ite-

434 4391 552 4428 rum
582 4391 595 4427 :
629 4377 782 4430 illum
814 4376 1085 4447 fulgorem
1115 4379 1463 4433 excellentem
1494 4377 1651 4432 faciei
1681 4376 1889 4433 Christi
1921 4379 2005 4433 in-

504 4492 549 4523 ”
566 4491 758 4546 Matth.
785 4508 917 4557 xvii,
939 4494 1003 4549 4.

2098 3277 2342 3329 doctrina
2373 3272 2633 3325 tradenda
2666 3286 2770 3322 non
2797 3270 2981 3322 omnia
3011 3269 3307 3322 audiebant
3337 3285 3460 3323 cum
3496 3272 3673 3334 turba,

2098 3368 2175 3421 sic
2209 3366 2374 3417 etiam
2401 3363 2454 3415 in
2486 3363 2659 3429 signis
2689 3377 2793 3413 non
2825 3359 3009 3413 omnia
3044 3346 3196 3429 signa
3223 3376 3344 3414 cum
3382 3350 3679 3414 multitudi-

2100 3474 2166 3511 ne
2204 3457 2343 3521 Vulgi
2374 3454 2620 3521 videbant
2647 3468 2662 3516 ;
2691 3452 2975 3520 Oportebat
3002 3452 3172 3515 enim,
3208 3460 3269 3506 ut
3304 3454 3504 3521 quibus
3529 3470 3679 3505 com-

2101 3548 2362 3623 mittenda
2381 3557 2495 3600 erat
2513 3545 2663 3599 orbis
2686 3545 3008 3612 gubernatio
3028 3553 3077 3596 et
3105 3544 3446 3613 prrefectura,
3473 3545 3674 3612 aliquid

2100 3643 2336 3712 amplius
2368 3656 2528 3710 quam
2562 3638 2779 3708 reliqui,
2810 3639 3090 3692 baberent.
3127 3638 3191 3692 Et
3220 3656 3340 3708 qua:
3380 3640 3557 3708 signa,
3593 3642 3678 3694 iu-

2102 3736 2241 3804 quit,
2274 3749 2521 3787 seorsum
2562 3731 2631 3785 ab
2661 3732 2781 3785 aliis
2804 3730 3052 3783 vider'uut
3072 3731 3094 3783 ?
3118 3730 3677 3800 Transﬁguratiouem

2104 3830 2156 3879 in
2209 3834 2390 3877 monte
2436 3822 2672 3883 factam;
2708 3821 3132 3873 ambulationem
3168 3820 3219 3873 in
3255 3836 3425 3884 mari;
3463 3837 3525 3877 ac
3560 3831 3680 3891 post

2106 3908 2554 3971 resurrectionem
2602 3911 2774 3965 multa
2818 3922 2870 3965 et
2919 3927 3115 3981 magna
3178 3913 3386 3967 Rursus
3428 3913 3569 3966 idem
3624 3914 3678 3965 in

2107 4009 2327 4062 bomilia
2360 4007 2412 4059 in
2440 4004 2881 4069 Assumptionem
2916 4002 3151 4065 Domini,
3172 4005 3327 4072 cujus
3352 4005 3677 4073 principio-ut

2106 4110 2189 4154 est
2225 4140 2237 4152 .
2286 4096 2487 4150 La'tum
2537 4096 2743 4163 quidem
2784 4111 2934 4147 autne
2971 4095 3161 4161 festum
3192 4111 3208 4145 ς
3243 4096 3543 4150 Adiniratio
3584 4099 3685 4149 fuit

2109 4189 2370 4260 apostolis
2400 4196 2453 4240 et
2483 4199 2709 4254 stupor;
2749 4187 3007 4240 mortales
3034 4187 3176 4240 enim
3206 4205 3328 4240 tum
3366 4197 3549 4241 essent
3584 4205 3681 4240 na—

2110 4294 2253 4343 tura,
2283 4289 2336 4334 et
2371 4276 2681 4345 huiusmodi
2730 4276 3053 4344 spectaculis
3091 4291 3194 4329 non
3227 4278 3518 4331 assuefacti
3544 4318 3557 4341 ,
3587 4281 3683 4330 ob-

2114 4380 2462 4442 stupuerunt.
2485 4368 2589 4422 Sed
2626 4367 2770 4423 dicet
2799 4368 2997 4437 aliquis
3023 4384 3035 4417 :
3073 4366 3333 4423 Viderant
3363 4379 3487 4423 ante
3513 4380 3688 4423 trans-

1907 4582 2186 4646 Scholia.

507 4716 581 4781 (ll
625 4711 731 4765 Nos
762 4713 989 4764 duceret.
1024 4710 1310 4781 Declarant
1357 4709 1519 4781 hunc
1548 4708 1728 4781 locum
1779 4723 1841 4781 ea
1882 4690 2003 4775 quze
2044 4710 2085 4762 D
2114 4717 2168 4762 et
2198 4715 2433 4781 mentem
2471 4715 2573 4769 est,
2610 4716 2991 4781 esse_tantum,
3016 4708 3503 4781 ςισθιιίιιιυξςηίιίά
3542 4725 3694 4767 vero,

436 4778 579 4837 idem
656 4783 715 4836 S.
790 4781 1062 4834 Maximus
1149 4780 1348 4833 ibidem
1403 4780 1736 4847 subiungit:
1796 4778 2003 4831 Lumen

436 4856 600 4913 igitur
630 4852 685 4905 iu
724 4851 861 4904 facie
888 4849 1118 4917 Christi,
1145 4849 1290 4916 quod
1340 4848 1560 4901 humani
1594 4863 1793 4901 sensus
1824 4848 2001 4899 [πριιι-

440 4936 601 4976 tatem
656 4923 821 4985 vicit,
875 4921 1142 4987 figurabat
1184 4917 1448 4983 apostolis
1498 4917 1737 4987 modum
1772 4918 2012 4987 mystica)

440 4992 719 5059 theologia:
748 4986 1046 5045 secundum
1116 4988 1440 5056 egatiouem,
1471 4995 1528 5039 ut
1570 5003 1693 5039 eum
1728 4986 1893 5039 Deum
1921 4986 1979 5059 Adi
2000 5015 2013 5025 -

439 5057 920 5117 cianus—intinitum
948 5100 963 5123 ,
1004 5060 1515 5125 inciumprehensum
1544 5098 1556 5119 ,
1596 5066 1689 5109 aut
1721 5072 1885 5124 supra
1920 5057 2016 5109 bo-

448 5150 597 5194 num,
635 5146 797 5197 supra
833 5130 1128 5196 sapientem
1164 5127 1507 5195 ὑπερσχικῶς
1530 5167 1545 5188 ,
1579 5126 1629 5179 id
1665 5138 1766 5190 est,
1804 5140 2010 5197 super-

450 5206 586 5263 Lue,
628 5196 749 5269 quin
782 5201 1095 5266 negationes
1128 5199 1508 5261 declarantur;
1559 5198 1615 5269 in
1644 5212 1752 5262 quo
1791 5196 1951 5264 quide
1977 5212 2005 5246 ιι

423 5266 729 5335 theologi-ae
776 5270 940 5323 modo
989 5269 1244 5321 divinitas
1294 5277 1377 5319 est
1416 5266 1716 5319 secutidum
1752 5270 2009 5319 substan-

448 5344 574 5393 tiam
612 5339 921 5402 incll'abiiis,
953 5345 1009 5391 et
1038 5353 1201 5404 supra
1234 5352 1396 5405 quam
1442 5336 1711 5403 incognita
1737 5377 1749 5398 ,
1802 5336 2008 5399 nullum

450 5411 663 5479 penitus
692 5425 761 5461 ne
789 5408 992 5461 nudum
1029 5408 1243 5479 quidem
1275 5406 1556 5479 vestigium
1593 5410 1717 5479 post
1753 5420 1811 5479 se
1850 5406 2013 5479 reléuf

448 5474 642 5545 quens,
676 5494 773 5532 nec
799 5479 908 5532 ullo
940 5477 1096 5531 modo
1126 5476 1399 5529 ItOtioueul
1436 5474 1517 5527 sui
1544 5515 1557 5538 ,
1592 5476 1720 5542 quid
1766 5476 1875 5537 sit,
1913 5474 1964 5526 ttl
1992 5474 2006 5526 i

454 5554 792 5616 permittens;
820 5548 948 5615 quia
994 5547 1136 5614 quod
1183 5548 1479 5599 ineieatam
1530 5556 1632 5616 est,
1669 5559 1713 5616 _a
1765 5548 2013 5616 creatura

452 5614 849 5685 comprehendi
897 5633 1005 5670 non
1067 5624 1263 5685 potest,
1320 5629 1420 5667 nec
1465 5628 1493 5664 a
1547 5614 1714 5685 tinitis
1766 5614 2013 5685 pernosci

455 5682 599 5755 quod
646 5699 729 5741 est
771 5682 1171 5759 inliniturn..l£_x
1220 5685 1534 5759 huiusmodi
1581 5682 1863 5759 symbolis,
1900 5698 2019 5759 qua:

458 5751 582 5809 sunt
613 5772 772 5824 supra
802 5751 1060 5816 sensuru',
1098 5756 1172 5808 ait
1220 5751 1361 5824 idem
1399 5751 1623 5817 sanctus
1650 5751 1914 5824 Maximus
1966 5755 2018 5804 in

458 5820 827 5896 speculaiione
873 5827 1062 5880 undeci
1091 5840 1156 5877 na
1186 5820 1393 5880 :Deum
1422 5824 1517 5891 qui
1549 5837 1713 5891 supra
1751 5823 2017 5877 rationem

2110 4787 2164 4833 et
2196 4778 2491 4844 quomodo,
2529 4794 2589 4830 ac
2630 4778 2815 4843 quale,
2850 4789 2904 4831 et
2939 4780 3027 4831 ubi
3060 4822 3070 4843 ,
3108 4789 3159 4831 et
3184 4779 3435 4847 quando,
3472 4794 3695 4846 prorsus
3732 4786 3735 4789 ’

2111 4848 2382 4917 speculari
2430 4863 2534 4899 non
2567 4863 2635 4900 au
2660 4852 2831 4899 lentus
2856 4890 2868 4911 ,
2904 4864 3001 4901 nee
3033 4850 3335 4914 intelligere
3367 4865 3693 4915 possumus,

2114 4932 2291 4982 neque
2334 4919 2578 4984 cogitare
2628 4919 2884 4983 patimur.
2948 4918 3162 4969 Motum
3222 4934 3347 4971 vero
3412 4920 3700 4983 theologis

2112 4987 2455 5045 altirmantis.
2484 5002 2604 5053 qua:
2637 5003 2698 5038 ex
2741 4992 3009 5040 creaturis
3040 4989 3207 5041 Deum
3250 4987 3453 5050 laudat,
3494 4999 3550 5041 ut
3573 5005 3696 5041 eum

2112 5058 2367 5119 dicimus,
2415 5058 2579 5109 Deum
2622 5057 2844 5119 bonum,
2877 5059 3199 5123 sapientem,
3228 5056 3457 5125 justum,
3492 5060 3701 5121 signiti-

2115 5137 2299 5181 Cautes
2338 5128 2681 5193 operatioucs
2708 5136 2761 5194 et
2790 5129 3163 5194 prmidenlias
3204 5128 3340 5194 ejus,
3380 5132 3699 5181 vestimenta

2121 5195 2350 5249 candida
2377 5188 2686 5263 symbolice
2724 5188 3113 5263 "signiﬁcabant
3154 5217 3165 5250 :
3201 5188 3313 5249 Itiro
3361 5198 3505 5249 enim
3544 5210 3701 5250 erant

2117 5265 2361 5334 symboia
2406 5275 2805 5327 creaturarum,
2835 5280 2953 5332 qua:
2982 5269 3281 5319 secundum
3309 5268 3525 5319 divinas
3551 5267 3702 5321 ideas

2119 5336 2276 5388 facte
2300 5342 2444 5397 sunt,
2465 5344 2517 5384 et
2554 5336 2799 5403 symbula
2835 5338 3122 5389 verborum
3153 5337 3450 5403 St-ripturaz
3477 5350 3702 5399 saneta,

2120 5405 2319 5472 quibus
2357 5419 2442 5455 res
2483 5404 2679 5455 divina:
2711 5405 3050 5471 significata,
3095 5406 3257 5458 Vt‘luli
3294 5405 3500 5458 induta!
3535 5420 3658 5469 supt
3689 5428 3703 5472 ;

2121 5491 2243 5541 qua:
2274 5484 2403 5526 tunc
2435 5472 2654 5526 fuerunt
2680 5476 2884 5527 sanctis
2926 5476 3188 5541 apostolis
3238 5476 3375 5531 facta
3422 5475 3658 5531 dilucida
3688 5519 3701 5541 ,

2123 5554 2307 5612 aperta
2371 5553 2423 5595 et
2462 5543 2633 5603 (lara,
2659 5550 2713 5594 et
2752 5543 2960 5611 absque
2990 5546 3094 5598 ullo
3117 5545 3409 5610 :rnigmate
3435 5557 3703 5609 tortuoSo,

2125 5626 2179 5665 et
2226 5613 2523 5681 symboliea
2570 5614 2978 5666 iuumbratioue
3021 5615 3292 5668 intellecta
3319 5656 3331 5671 .
3384 5630 3446 5668 ac
3480 5619 3704 5668 verbum

2129 5683 2221 5735 Dei
2275 5684 2333 5753 in
2375 5683 2505 5750 ipsis
2542 5682 2783 5735 abditum
2836 5682 3232 5751 patefecerunt,
3264 5686 3490 5753 quando
3527 5687 3703 5751 perfe-

2129 5764 2269 5805 ctam
2317 5752 2406 5805 Dei
2436 5753 2795 5817 cognitionem
2828 5764 3192 5817 acceperunt,
3234 5764 3287 5807 et
3321 5754 3387 5809 ab
3418 5754 3717 5813 all'ectione

2133 5822 2319 5899 mundi
2352 5832 2399 5875 et
2439 5825 2617 5877 carnis
2651 5821 2887 5892 perfecte
2922 5824 3132 5878 liberati
3174 5835 3322 5879 sunt.
