4416 6448
759 371 856 430 851

750 583 872 626 rant
900 574 1116 642 quidem
1147 579 1297 645 prius
1332 581 1612 636 Dominum
1645 589 2109 657 transfiguratum,
2145 606 2193 645 et
2223 612 2318 646 nu-

749 667 868 718 bem
906 684 1026 734 qua:
1054 684 1149 723 eos
1179 674 1366 725 umbra
1399 682 1644 738 texerat;
1688 687 1742 729 at
1793 697 1900 733 non
1948 684 2191 736 viderant
2225 703 2323 738 nu-

749 759 870 810 bem
904 751 953 810 iri
983 774 1160 812 aerem
1192 770 1242 814 et
1282 763 1332 813 in
1366 766 1531 818 caelos
1563 779 1766 836 raptam
1795 811 1808 830 ,
1855 781 1906 822 et
1938 773 2319 840 suscipientem

751 845 1062 902 Dominum.
1101 849 1417 906 Miraculum
1449 854 1548 908 fuit
1575 859 1728 920 illud,
1766 861 2088 914 miraculmu
2120 865 2320 928 ethoc;

751 937 842 988 sed
877 939 978 990 hoc
1011 939 1217 991 firmius
1277 951 1330 992 et
1354 948 1712 1009 constantius;
1744 952 1844 1002 hoc
1881 951 1976 1002 illo
2003 953 2322 1012 sublimius.

753 1030 965 1078 tametsi
1000 1031 1162 1081 unius
1192 1031 1279 1084 Dei
1315 1042 1555 1099 potestas
1581 1045 1633 1086 et
1663 1042 1978 1104 mysterium
2013 1051 2147 1093 erat.
2182 1041 2325 1095 Tunc

755 1130 1117 1181 apparuerunt
1145 1121 1249 1172 illis
1276 1125 1469 1190 Moysis
1502 1133 1547 1174 et
1574 1122 1718 1176 Elius
1745 1143 1860 1177 cum
1887 1145 1946 1178 eo
1975 1129 2235 1195 loquentes
2255 1134 2322 1198 7';

757 1223 901 1260 nunc
942 1220 1118 1261 autem
1154 1210 1383 1265 tltronus
1415 1215 1764 1279 cherubicus,
1800 1216 1850 1268 id
1883 1227 1987 1281 est,
2016 1223 2184 1274 virtus
2212 1223 2328 1276 ina-

759 1299 1096 1365 Spcmabilis,
1141 1300 1189 1353 in
1224 1302 1365 1354 nube
1408 1303 1625 1357 abditus
1653 1317 1871 1372 repente
1903 1308 2192 1363 imminens
2227 1314 2328 1366 Do-

701 1435 709 1456 ,
757 1391 962 1441 miuum
1005 1407 1126 1443 cum
1177 1394 1350 1445 servis
1385 1394 1778 1460 colloquentem
1813 1400 2028 1464 rapuit;
2069 1410 2197 1453 tunc
2232 1403 2326 1455 l’c-

756 1488 873 1532 trus
901 1481 1232 1534 conti-tenter
1266 1485 1542 1550 respondit
1581 1503 1592 1536 :
1635 1486 1872 1550 Domine,
1905 1489 2091 1541 bonum
2120 1505 2194 1545 est
2236 1511 2330 1548 nos

753 1568 838 1622 hic
867 1589 1002 1635 esse;
1030 1574 1290 1640 faciamus
1325 1575 1408 1626 hic
1441 1577 1542 1627 tria
1577 1581 1917 1632 tabernacula
1962 1623 1977 1645 ,
2019 1583 2113 1635 tibi
2143 1601 2327 1649 unum,

756 1664 929 1732 Moysi
963 1683 1144 1729 unum,
1190 1665 1321 1719 Elite
1351 1685 1557 1731 unum;
1593 1686 1735 1722 nunc
1765 1683 1943 1747 autem
1977 1689 2148 1741 neque
2181 1677 2326 1744 loqui

756 1756 903 1811 ullus
945 1757 1249 1825 discipulus
1301 1760 1494 1826 potuit,
1535 1775 1631 1814 nec
1671 1777 1731 1814 os
1780 1765 2026 1830 aperire;
2056 1767 2185 1833 quin
2217 1768 2326 1821 imo

757 1847 953 1900 timore
983 1849 1221 1900 maximo
1264 1851 1535 1914 perterriti
1582 1853 2001 1920 obstupuerunt.
2036 1855 2330 1926 Gregorius

757 1935 1066 2006 Theologus
1097 1939 1149 1992 in
1175 1941 1421 1994 oratione
1472 1941 1537 1994 de
1585 1942 1727 1995 bono
1779 1945 1970 1999 ordine
2027 1947 2327 2002 disserendi

757 2031 834 2083 ait
868 2048 880 2081 :
909 2029 1006 2096 Qui
1045 2032 1345 2084 ascendunt
1395 2048 1514 2084 cum
1551 2032 1771 2088 Christo
1818 2036 1871 2088 in
1920 2040 2192 2092 montem?
2222 2056 2328 2094 non

755 2122 900 2174 enim
926 2137 1116 2174 otnnes
1146 2122 1363 2175 fuerunt
1388 2135 1722 2191 spectatores
1753 2127 1898 2183 illius
1927 2131 2198 2196 miraculi,
2235 2135 2327 2186 sed

758 2211 930 2265 Solum
969 2211 1181 2276 Petrus,
1213 2213 1466 2280 Jacobus,
1492 2225 1544 2268 et
1575 2216 1835 2271 Joannes.
1868 2219 1931 2270 Et
1961 2236 2151 2275 rursus
2181 2223 2326 2276 idem

757 2307 823 2357 al
872 2303 1136 2357 lleroncm
1178 2321 1190 2356 :
1239 2305 1371 2358 Cum
1413 2306 1584 2375 fulgor
1628 2321 1680 2362 et
1725 2310 1982 2378 splendor
2014 2315 2328 2381 angelorum

759 2410 1022 2462 t'orporee
1076 2396 1400 2461 figurantur,
1448 2399 1682 2451 arbitror
1732 2404 2035 2470 symbolum
2077 2407 2331 2472 puritatis

757 2502 944 2538 eorum
979 2501 1114 2539 esse.
1155 2485 1218 2538 Et
1256 2487 1308 2539 in
1345 2487 1409 2540 iis
1439 2504 1558 2556 quae
1592 2490 1642 2541 in
1693 2489 1829 2543 festo
1864 2492 1966 2544 hoc
2012 2505 2328 2545 canuntur:

760 2582 830 2632 lit
870 2578 960 2647 qui
990 2622 1002 2642 ,
1047 2579 1257 2648 inquit,
1305 2581 1568 2633 mirabilia
1608 2592 1695 2634 tua
1746 2597 2084 2649 spectarunt,
2121 2600 2179 2636 ea
2214 2602 2332 2651 quzn

758 2685 952 2737 passus
981 2685 1058 2731 es,
1095 2685 1158 2722 ne
1189 2670 1505 2724 formident.
1551 2672 1614 2725 Et
1647 2674 1696 2724 in
1742 2673 2127 2740 explanatione
2157 2676 2334 2729 Evan-

759 2762 881 2826 gelii
929 2760 1155 2813 Matthxi
1189 2776 1202 2812 :
1236 2760 1290 2813 ln
1328 2764 1589 2821 montem’,
1633 2760 1829 2829 inquit,
1865 2764 2133 2827 ascendit,
2170 2775 2226 2817 ut
2276 2767 2329 2818 in

756 2853 976 2907 occulto
995 2852 1310 2905 miraculum
1333 2862 1605 2919 operetur.
1640 2853 1710 2906 [ix
1739 2857 1933 2922 quibus
1961 2856 2162 2924 pateﬁt,
2190 2857 2331 2924 quod

757 2951 966 3005 ltttncn,
1013 2958 1120 3006 quo
1168 2943 1446 3010 splenduit
1477 2944 1738 2996 Dominus
1773 2947 1823 2995 in
1877 2957 2059 2997 monte.
2087 2947 2328 3006 Thabor,

754 3050 934 3103 neque
980 3035 1162 3086 divina
1207 3034 1512 3088 substantia
1552 3047 1665 3088 erat
1701 3036 1813 3102 (illa
1869 3037 2015 3089 enim
2075 3053 2175 3092 nec
2213 3037 2323 3090 ullo

1903 385 2226 446 JOANNIS
2270 390 2830 484 CYPARISSI'OTE

748 483 1123 548 ﬁgurationem
1185 489 1394 551 Petrus,
1433 495 1484 543 ct
1518 489 1770 559 Iacobus,
1803 507 1854 550 et
1878 499 2137 567 Joannes;
2175 505 2319 556 vide-
2352 510 2394 563 Α

3868 386 3980 456 852

3015 510 3238 566 CAPUT
3305 510 3388 564 Vl.

2423 639 2576 703 Quod
2603 657 2777 694 omnes
2814 645 3032 696 diversis
3069 646 3378 705 temporibus
3420 643 3632 694 luminis
3679 643 3848 693 divini
3883 657 3980 704 ap-

2494 713 2798 774 paritiones,
2836 728 3070 777 penonm
3099 715 3251 763 unius
3287 711 3404 762 Filii
3456 712 3546 763 ΙΛνὶ
3582 711 3789 773 eﬂ'ecms
3822 723 3940 761 sum
3963 750 3976 771 ,

2492 789 2540 828 et
2583 781 2719 844 quod
2749 782 3016 845 exemplar
3057 782 3287 838 corporis
3321 781 3434 841 ejus
3467 780 3749 844 glori/irati
3779 780 3985 842 symbo-

2495 863 2601 896 mm
2641 847 2738 909 fuit
2777 850 3065 899 divinitatis
3096 849 3206 914 ejus
3240 858 3448 912 propter
3481 850 3720 898 unionem
3749 847 3983 896 duarum

2495 915 2548 965 in
2598 914 2804 967 Christo
2856 917 3136 968 secundum
3190 917 3508 984 hgpostanim
3559 926 3890 984 naturarum,
3927 921 3982 984 et

2499 986 2623 1045 quia
2665 985 2799 1034 idem
2846 996 2958 1035 erat
3013 986 3146 1036 Deus
3180 982 3454 1046 eti/roma;
3497 985 3632 1034 unde
3663 985 3717 1034 in
3761 982 3983 1042 singulis

2498 1053 2769 1104 miraculis
2811 1052 3008 1104 Christi
3041 1055 3288 1104 divinitas
3320 1054 3713 1114 ostendebatur,
3762 1060 3811 1103 et
3847 1051 3988 1102 dete-

2496 1120 2738 1187 gebatur,
2775 1131 2930 1189 atque
2971 1122 3318 1188 aperiebatur.

2502 1231 2733 1286 Sanctus
2784 1232 3076 1298 Gregorius
3135 1232 3452 1301 Nyssenus,
3512 1231 3568 1283 in
3623 1228 3854 1296 epistola
3917 1224 3985 1278 ad

2429 1321 2789 1390 Theophilum
2824 1323 3247 1377 Alexandrinum
3280 1334 3468 1375 contra
3512 1319 3941 1388 Appollinarium
3971 1334 3988 1369 :

2430 1413 2537 1466 Nec
2569 1401 2752 1477 cnim,‘
2779 1414 2975 1481 inquit,
3003 1414 3130 1481 quia
3168 1423 3358 1465 auctor
3387 1413 3734 1470 saeculorum,
3763 1409 3993 1461 novissi-

2431 1503 2532 1556 mis
2561 1504 2754 1557 dielms
2786 1507 2931 1556 visus
2963 1513 3066 1565 est,
3098 1513 3151 1556 et
3185 1518 3306 1556 cum
3345 1503 3653 1554 hominibus
3699 1513 3994 1552 conversa-

2430 1603 2518 1647 tus
2564 1595 2734 1656 est",
2789 1594 2990 1646 ideirco
3041 1593 3148 1645 duo
3185 1591 3302 1644 Filii
3336 1591 3659 1655 secundum,
3692 1588 3984 1640 Ecclesiam

2432 1697 2809 1747 numerantur,
2851 1700 2992 1738 unus
3037 1693 3221 1737 auctor
3257 1683 3605 1744 saeculorum,
3644 1688 3698 1732 et
3727 1679 3865 1730 alius
3900 1677 3992 1742 qui

2433 1777 2484 1828 in
2534 1778 2638 1828 tlne
2666 1777 2986 1828 seculorum
3032 1777 3281 1827 humanae
3313 1774 3432 1825 vita:
3461 1785 3555 1838 per
3589 1783 3809 1823 carnem
3841 1776 3993 1835 pate-

2435 1866 2612 1918 factus
2647 1875 2748 1917 est.
2786 1864 2840 1918 Si
2874 1866 2996 1934 quis
3044 1866 3185 1917 enim
3219 1863 3557 1917 oeconomiae
3591 1860 3906 1927 apparuisse
3938 1859 3994 1910 in

2432 1973 2594 2013 carne
2623 1957 2961 2013 unigenitum
2997 1955 3085 2008 Dei
3130 1954 3306 2008 Patris
3346 1955 3540 2008 Filium
3577 1951 3652 2004 ita
3685 1950 3905 2016 accipit,
3937 1957 3996 2001 ut

2432 2050 2661 2102 alterum
2710 2046 2903 2100 Filium
2950 2045 3198 2106 fabricet,
3234 2059 3355 2096 cum
3387 2041 3753 2095 numeraverit
3800 2053 3991 2092 omnes

2433 2141 2795 2208 spparitiones
2833 2139 2923 2192 Dei
2971 2139 3173 2193 sanctis
3205 2136 3374 2189 factas
3402 2144 3526 2186 ante
3560 2149 3721 2202 quam
3749 2130 3992 2198 unigeni-

2433 2243 2521 2287 tus
2570 2233 2659 2286 Dei
2705 2232 2873 2284 Filius
2925 2232 2976 2283 in
3014 2245 3177 2284 carne
3209 2239 3510 2294 appareret,
3547 2238 3599 2279 et
3651 2241 3842 2279 omnes
3874 2237 3993 2284 aute

2433 2334 2556 2394 post
2607 2317 2898 2377 adventum
2947 2321 3065 2386 ejus
3116 2318 3269 2372 factm.
3304 2327 3428 2370 sunt
3478 2318 3542 2370 iis
3574 2316 3663 2383 qui
3698 2314 3842 2381 digni
3879 2311 3993 2364 fue-

2435 2425 2594 2478 runt;
2633 2415 2718 2468 hic
2753 2413 3053 2466 secundum
3087 2425 3370 2462 numerum
3405 2409 3600 2459 divinas
3639 2402 3994 2472 apparitionis

2436 2503 2837 2557 multitudinem
2871 2500 3102 2552 filiorum
3148 2496 3477 2549 fabricavit:
3513 2495 3725 2561 eritque
3756 2491 3804 2543 ei
3850 2505 3992 2542 unus

2435 2596 2649 2663 quidem
2690 2593 2876 2656 Filius,
2905 2592 2996 2659 qui
3034 2590 3261 2642 Abrahze
3290 2590 3501 2640 loeutus
3532 2594 3634 2647 est,
3673 2585 3805 2634 alter
3837 2596 3986 2642 vero,

2436 2692 2525 2755 qui
2575 2686 2720 2739 Is‘tac
2754 2684 3040 2751 apparuit;
3074 2683 3232 2744 alius,
3275 2680 3365 2748 qui
3402 2694 3522 2733 cum
3564 2677 3728 2729 Jacoh
3761 2676 3994 2726 luctatus

2435 2793 2550 2842 οδες
2584 2779 2746 2841 alius,
2774 2780 2864 2845 qui
2907 2792 2936 2830 a
2968 2775 3149 2846 Moyse
3189 2773 3421 2825 diversis
3452 2768 3882 2839 apparitionibus
3916 2774 4000 2816 est

2438 2873 2609 2932 visus,
2635 2871 2686 2923 iu
2712 2870 2936 2931 lumine,
2969 2869 3020 2920 in
3056 2867 3309 2933 caligine,
3343 2864 3393 2915 in
3424 2863 3676 2915 columna
3706 2860 3882 2917 nubis,
3916 2856 3998 2908 fa-

2437 2965 2517 3017 cie
2547 2964 2611 3015 ad
2646 2962 2865 3025 faciem,
2889 2960 2938 3011 in
2966 2957 3392 3021 posterioribus;
3423 2954 3558 3007 alius
3585 2941 3777 3004 rursus
3805 2949 3993 3009 Filius,

2439 3056 2528 3124 qui
2580 3055 2882 3108 successori
2925 3051 3124 3121 Moysis
3153 3047 3321 3102 adfuit
3351 3047 3403 3099 in
3450 3045 3594 3108 acie;
3624 3053 3675 3096 et
3706 3043 3864 3098 alius,
3904 3038 3998 3106 qui

759 3128 919 3180 modo
951 3127 1221 3192 expromi,
1256 3141 1430 3195 neque
1465 3129 1746 3194 cognosci,
1784 3145 1963 3196 neque
2004 3131 2198 3196 videri,
2229 3149 2327 3187 ne-
2356 3155 2398 3209 ς
2435 3162 2499 3214 pe

2256 3150 2398 3209 ἐξ-(ζ
2435 3161 2528 3214 per
2576 3145 2868 3212 procellam
2923 3141 3024 3195 Job
3078 3139 3378 3208 respondit,
3434 3145 3486 3190 et
3537 3135 3627 3203 qui
3679 3136 3730 3186 in
3785 3135 4000 3186 excelso

757 3234 863 3288 que
905 3218 1131 3286 cogitari
1167 3219 1390 3284 potest),
1417 3232 1517 3271 nec
1536 3227 1655 3271 crat
1684 3218 1922 3273 defluxio
1956 3222 2200 3287 quaedam
2227 3263 2240 3287 ,
2283 3235 2332 3278 et

757 3309 1017 3377 splendor
1068 3326 1133 3362 ex
1194 3307 1284 3360 illa
1329 3323 1559 3363 manans
1621 3310 1828 3378 (divina
1883 3312 2028 3365 enim
2082 3315 2332 3381 operatio

755 3415 984 3464 arterna,
1029 3402 1112 3454 vel
1145 3401 1324 3469 potius
1354 3417 1448 3468 per
1484 3417 1542 3455 sc
1583 3403 1832 3468 operatio
1870 3402 2019 3455 nullo
2049 3407 2208 3457 moJo
2242 3421 2328 3459 se-

755 3503 908 3547 creta
944 3507 1025 3546 e5t
1055 3507 1084 3546 a
1127 3493 1431 3547 substantia
1464 3491 1580 3558 ejus
1609 3511 1620 3553 ;
1660 3491 1770 3544 imo
1799 3493 2060 3560 quidquid
2093 3505 2172 3548 est
2205 3496 2334 3548 sub-

757 3585 954 3638 stantia
978 3585 1183 3647 dirina,
1204 3595 1285 3636 est
1304 3583 1544 3650 cucrgia,
1571 3584 1684 3637 sive
1702 3578 1953 3650 bperatio
1973 3584 2138 3652 ejus),
2164 3600 2333 3648 quare

756 3676 882 3745 quia
917 3691 1014 3729 nec
1046 3676 1168 3736 hoc,
1202 3691 1298 3730 nec
1332 3675 1462 3728 illud
1510 3685 1614 3740 est,
1663 3676 1989 3741 relinquitur
2016 3677 2329 3745 exetnplum

758 3771 933 3824 fuisse
960 3769 1145 3838 gloriae
1173 3778 1222 3822 et
1270 3768 1575 3829 splendoris
1613 3770 1860 3835 corporis
1901 3778 2021 3835 post
2083 3785 2333 3823 resurre-

757 3864 992 3918 ctionem
1025 3861 1334 3929 glorificati,
1361 3860 1783 3930 syutbolumque
1826 3845 1970 3914 illius
2008 3871 2214 3914 naturae
2243 3879 2335 3914 oc-

759 3957 920 4010 culta:
951 3965 1004 4009 ct
1036 3954 1442 4022 inaspectabilis
1475 3955 1527 4006 in
1567 3969 1631 4007 co
1665 3953 1904 4016 latentis,
1942 3963 1996 4006 et
2037 3954 2328 4023 imaginem

758 4061 974 4101 tenuem
1013 4046 1210 4099 futurae
1242 4045 1448 4114 gloriae,
1484 4055 1536 4097 et
1583 4044 1938 4096 simulacrum
1986 4047 2132 4113 regni
2170 4045 2334 4098 ctnln-

759 4153 906 4201 rum,
939 4153 1080 4190 nunc
1108 4137 1324 4205 quidem
1353 4144 1480 4187 ante
1510 4134 1959 4186 resurrectionem
1991 4134 2042 4185 iu
2073 4134 2336 4186 miraculo

758 4243 1059 4286 ostensum.
1088 4239 1137 4281 ct
1170 4229 1221 4280 in
1259 4227 1479 4294 Speculo
1512 4236 1676 4293 atque
1707 4228 2026 4293 :nnigmate;
2055 4226 2106 4277 in
2154 4224 2335 4280 futuro

757 4333 938 4374 autem
977 4321 1219 4387 speculis
1255 4319 1467 4376 solutis,
1503 4317 1677 4370 oculis
1708 4317 2106 4368 immortalibus
2135 4359 2146 4380 ,
2178 4327 2227 4368 et
2267 4319 2334 4370 ab

758 4410 979 4463 interitu
1013 4407 1198 4460 liberis
1228 4407 1364 4459 facie
1397 4405 1461 4458 ad
1500 4405 1692 4457 facient
1728 4405 2111 4472 spectandum,
2143 4406 2328 4472 exple-

757 4517 872 4556 tutu
901 4512 949 4554 et
986 4501 1322 4555 cumulatum
1352 4499 1560 4551 visione
1593 4497 1683 4550 Dei
1715 4498 2028 4566 aspcctabili
2064 4499 2161 4567 (Ι),
2193 4500 2336 4552 sicut
2366 4475 2416 4534 Β
2444 4504 2536 4572 qui
2573 4504 2625 4556 in
2673 4518 2836 4557 carne
2868 4502 3088 4556 latebat.
3138 4500 3201 4553 Et
3246 4513 3436 4551 rursus
3486 4496 3624 4548 idem
3675 4509 3690 4545 :

757 4597 876 4663 ipse
909 4605 1008 4648 cst.

829 4748 869 4775 ⁷¹
896 4745 1083 4798 Matth.
1124 4757 1253 4805 xrn,
1277 4743 1330 4799 3.
1407 4743 1451 4771 "
1485 4737 1715 4794 Baruclt.
1747 4754 1830 4801 ιιι,
1856 4739 1945 4794 58.

2437 3239 2631 3289 throno
2689 3235 2840 3288 Isaiae
2888 3232 3160 3301 apparuit,
3221 3240 3276 3284 et
3326 3229 3378 3280 in
3435 3228 3604 3296 ﬁgura
3650 3226 3884 3277 humana
3933 3225 4001 3276 ab

2436 3325 2717 3378 Ezechiele
2749 3325 2928 3377 verbis
2976 3321 3283 3388 descriptus
3316 3328 3432 3381 est,
3488 3327 3541 3371 et
3576 3316 3667 3385 qui
3705 3324 3890 3381 postea
3943 3315 3996 3365 in

2437 3415 2637 3467 lumine
2658 3413 2886 3467 Paulqu
2916 3411 3280 3466 circumfulsit
3307 3429 3320 3472 ;
3349 3419 3402 3461 et
3427 3407 3520 3476 qui
3548 3416 3703 3459 antea
3731 3406 3781 3456 in
3818 3410 4001 3456 monte

2437 3507 2490 3559 itt
2517 3506 2836 3559 sublimiore
2859 3504 3028 3572 gloria
3061 3504 3209 3555 visus
3237 3510 3341 3555 est.
3373 3499 3464 3552 Sin
3491 3509 3673 3552 autem
3702 3495 4000 3550 absurdum

2436 3605 2516 3648 est
2553 3595 2678 3659 hoc,
2714 3604 2764 3647 et
2810 3594 3027 3662 penitus
3080 3593 3327 3659 impiunt,
3359 3588 3535 3640 varias
3590 3585 3850 3653 unigeniti
3884 3582 4003 3635 Filii

2438 3688 2530 3741 Dei
2601 3686 2968 3754 apparitiones
3029 3685 3080 3736 in
3138 3695 3424 3735 numerum
3488 3677 3708 3732 totidem
3769 3674 4001 3727 filiorum

2439 3776 2650 3844 partiri,
2683 3790 2835 3842 παλμερ
2875 3771 3169 3826 absurdum
3219 3781 3321 3834 est,
3353 3787 3417 3824 ex
3451 3769 3683 3821 adventu
3742 3765 3794 3816 in
3841 3778 4004 3817 carne

2438 3867 2783 3919 οςεηεὶοιιθιιι
2846 3878 3044 3928 capere
3103 3860 3468 3914 constituendi
3525 3859 3752 3910 alterum
3802 3854 4001 3906 Filium

2439 3959 2529 4012 Dei
2566 3975 2578 4010 :
2619 3958 2948 4010 arbitramur
2975 3955 3115 4006 enim
3148 3953 3444 4007 secundum
3491 3963 3801 4002 mensuram
3839 3944 4011 3998 facul-

2440 4052 2565 4104 tatis
2591 4050 2853 4118 cujusque
2888 4062 3101 4110 eorum,
3132 4045 3333 4114 quibus
3375 4041 3514 4094 Deus
3543 4039 3856 4106 apparebat,
3907 4052 4007 4103 ap-

2441 4142 2689 4210 paruisse
2746 4155 2959 4207 semper
3023 4139 3210 4191 Deum.
3268 4136 3332 4188 Et
3381 4135 3570 4186 beatus
3604 4129 3899 4196 Gregorius
3951 4127 4004 4179 in

2438 4232 2684 4284 oratione
2718 4231 2781 4283 de
2811 4239 2958 4282 recto
2994 4228 3187 4280 ordine
3223 4225 3275 4278 in
3309 4221 3631 4278 disserendo
3662 4234 3676 4273 :
3704 4218 4012 4271 Ascendere

2442 4338 2570 4376 vero
2604 4325 2655 4375 in
2689 4331 2924 4375 montem
2965 4336 3097 4386 opus
3130 4318 3249 4379 fuit,
3279 4325 3335 4367 ιιι
3379 4329 3471 4382 per
3506 4313 3734 4366 formam
3765 4310 4016 4376 splende-

2443 4423 2541 4474 ret,
2599 4420 2651 4465 et
2696 4412 3035 4465 divinitatem
3093 4408 3429 4468 ostenderet,
3465 4405 3848 4471 detegerctque
3885 4416 4010 4452 eum

3749 4491 4016 4545 Divinitas

2451 4613 2546 4666 per
2575 4611 2632 4649 se
2666 4595 3073 4665 inaspectabilis
3111 4604 3222 4655 cSI;
3285 4591 3464 4645 veniet
3519 4595 3724 4649 autem,
3780 4593 3837 4638 ut
3895 4598 4016 4637 mea

2238 4828 2506 4890 Schoba.

832 4946 910 5013 (Ι)
959 4940 1202 5013 Ὀρατὴνν-
1229 4939 1568 5013 θεοφάἳξιαν,
1603 4936 1861 5013 visionem
1909 4933 2334 5013 Dei-aspectabi-

759 5002 864 5071 lem
897 5002 1081 5073 'vocat,
1119 5002 1302 5062 videre
1334 5002 1538 5063 sctlicet
1572 5007 1744 5059 oculis
1775 5006 1972 5058 mentis
1995 5002 2333 5073 divinitatem

762 5104 860 5155 per
893 5072 1094 5151 corpus
1120 5080 1322 5155 Christi
1355 5079 1652 5155 gloriosum
1700 5072 2219 5155 oc'ttlisuglorilicaltis
2252 5074 2332 5125 vi-

762 5142 881 5211 sum
916 5172 928 5208 :
961 5142 1036 5207 sic
1061 5152 1205 5205 enim
1239 5142 1541 5201 videbimus
1571 5162 1695 5199 eum
1728 5144 1883 5198 sicuti
1909 5152 2011 5206 est,
2048 5152 2106 5197 ut
2139 5142 2332 5197 beatus

760 5228 1002 5279 Joannes
1036 5225 1132 5275 ait.
1177 5220 1288 5272 Non
1323 5219 1540 5287 quidem
1571 5215 1838 5280 significat
1878 5213 2165 5287 videndam
2210 5227 2333 5287 esse

760 5301 813 5352 in
858 5298 1044 5347 futuro
1071 5283 1361 5346 esscntiam
1404 5286 1494 5340 Dei
1526 5287 1699 5339 oculis
1725 5284 2025 5352 corporeis,
2066 5283 2158 5336 sed
2184 5284 2331 5350 quod

760 5371 833 5422 ait
876 5365 1255 5418 Theodoretus
1293 5360 1343 5411 in
1396 5355 1823 5411 Commentariis
1877 5356 1931 5408 in
1977 5354 2019 5407 ll
2067 5354 2240 5420 Epist.
2267 5354 2332 5406 ad

758 5436 1004 5493 Corinth.
1043 5449 1166 5501 cap.
1213 5433 1244 5485 ι
1274 5429 1543 5501 :Natura,
1600 5426 1796 5501 inquit,
1847 5425 2048 5487 divrna,
2083 5440 2204 5501 qua:
2235 5425 2334 5477 sub

759 5517 1037 5574 aspectum
1064 5497 1169 5555 non
1194 5500 1359 5574 cadit,
1393 5513 1566 5574 neque
1597 5497 1744 5574 cerni
1786 5504 1981 5574 potest,
2009 5511 2112 5574 per
2143 5498 2334 5546 huma-

759 5568 986 5631 ttiiatetn
1042 5573 1249 5627 Christi
1303 5570 1489 5621 divino
1537 5569 1740 5619 lumine
1789 5568 2179 5619 circumfusam
2215 5606 2226 5626 ,
2277 5575 2332 5615 et

757 5640 1607 5717 splen-lentem,iacientemque
1647 5638 1827 5717 radios
1872 5635 2330 5717 cerniturnqnau-

757 5705 876 5771 tum
907 5720 1029 5770 licet
1071 5705 1279 5767 scilicet
1307 5711 1465 5764 oculo
1500 5705 1718 5771 mentis,
1746 5710 1846 5761 hoc
1881 5708 1955 5759 ait
1991 5705 2328 5771 significasse

755 5788 1009 5850 Paulum,
1070 5800 1191 5840 cum
1235 5783 1308 5837 ait
1359 5797 1371 5836 :
1422 5781 1523 5846 Qui
1558 5778 1688 5834 dixit
1744 5781 1807 5834 de
1852 5778 2086 5832 tenebrs
2148 5775 2329 5829 luuten

2443 4932 2862 5000 splendescere,
2904 4925 3249 5000 ipseilluxit
3295 4923 3347 5000 i_n
3398 4916 3904 5000 cerdiliuspostris
3949 4917 4014 4996 ad

2446 4986 2939 5056 illuminatiouein'
2979 4997 3220 5050 scientiae
3276 4992 3546 5045 claritatis
3593 4988 3710 5063 Dei
3765 4989 3815 5063 in
3882 4986 4022 5063 facie

2439 5073 2638 5127 Christi
2672 5068 2799 5125 Jesu
2843 5069 2909 5137 (Il
2948 5068 3069 5120 Cor.
3102 5081 3171 5137 tv,
3202 5064 3279 5137 6),
3307 5064 3489 5137 idest,
3514 5060 3604 5128 qui
3634 5057 3766 5137 olim
3801 5056 4022 5137 luminis

2442 5125 2692 5196 naturam
2729 5125 2858 5195 solo‘
2889 5138 3052 5191 verbo
3081 5125 3278 5197 effecit,
3326 5125 3590 5207 dicens
3624 5126 3746 5207 Fiat
3798 5125 3929 5207 lux,
3977 5125 4023 5207 is

2439 5229 2583 5267 nunc
2631 5227 2732 5264 suo
2771 5211 2972 5262 lumine
3018 5216 3227 5260 mentes
3276 5211 3489 5256 nostras
3541 5200 3908 5255 illuminavit.
3959 5203 4019 5246 ut

2441 5282 2532 5337 Dei
2561 5283 2786 5352 gloriam
2822 5295 2914 5352 per
2945 5278 3220 5352 Christum
3250 5271 3685 5352 perspiceremtts
3710 5283 3723 5330 ;
3762 5268 3901 5352 hanc
3928 5279 4022 5343 vo-

2443 5364 2530 5408 cat
2560 5337 2649 5407 iiic
2682 5337 2870 5405 aUctor
2903 5349 3004 5403 iste
3032 5337 3349 5417 aneﬁvstav
3382 5341 3604 5417 opashv,
3637 5337 3687 5417 id
3721 5337 4021 5417 esu-visio-

2441 5405 2688 5478 nem—Dei
2719 5419 3103 5489 aspectaltilem
3130 5405 3484 5489 ;'_hujusmo_di
3517 5405 3791 5489 estnvisio,
3822 5405 4020 5489 dequa

2441 5491 2497 5547 S.
2532 5494 2728 5547 Thom.
2856 5508 2893 5552 ι,
2924 5495 3116 5557 quaest.
3153 5478 3374 5557 12,'art_.
3401 5480 3468 5557 _3,
3512 5478 3577 5557 ad
3607 5478 3672 5557 2,
3703 5490 3824 5555 eum
3855 5478 3930 5557 ait
3955 5489 4021 5554 ex

2855 5542 3239 5631 intellectoset
3274 5542 3596 5631 refulgentia
3623 5549 3829 5631 diVimB_

2440 5622 2578 5687 'tatis'
2602 5636 2653 5686 in
2692 5631 3012 5697 corporibus
3040 5624 3354 5698 glorificatis
3381 5622 3623 5676 divinam
3668 5622 4014 5688 praesentum

2436 5708 2616 5760 statim
2660 5702 2934 5773 cognosci.
