4416 6448
448 424 554 486 8S3
565 437 571 442 '

1089 425 1330 484 DECAS
1353 426 1447 484 VI.
1472 448 1542 460 -
1567 423 1664 482 DE
1705 416 2348 484 AP‘PARI'i‘IO-NIBUS
2384 423 2999 492 DIVINIILUMINIS.

3555 428 3677 487 8543

451 534 669 601 quidem
701 531 973 607 utttcntia
1002 541 1108 594 est.
1148 534 1290 596 talis,
1320 533 1499 601 qualis
1531 532 1680 585 visus
1720 541 1801 585 est
1841 530 2004 583 disci-
2037 540 2080 589 Α
2114 527 2391 588 ﬁrmantes
2423 537 2804 599 aspectaliilem
2848 552 2967 588 esse
3005 536 3340 588 divinitatem
3375 535 3492 601 ejus
3543 538 3660 590 int}-

452 625 615 693 pulis,
649 625 726 676 vel
753 626 930 690 potius
959 625 1136 693 qualis
1170 625 1524 677 sul-ostensus
1558 630 1662 685 est,
1718 620 1880 673 nimis
1916 635 2008 672 su-

453 724 675 781 perante
722 715 1005 766 divinitate
1041 715 1329 766 humanam
1380 713 1753 765 carunculam.
1806 711 1879 762 Ac
1913 711 2009 762 ite-

453 818 571 854 rum
599 840 613 858 .
655 802 884 864 Lumen,
923 803 1118 868 inquit,
1154 800 1255 853 fuit
1303 802 1560 854 divinitas
1594 800 1679 852 illa
1730 799 1785 850 in
1829 808 2009 850 monte

453 891 735 957 discipulis
766 892 1107 946 subosteusa.
1142 889 1365 945 solidior
1393 888 1525 952 fere,
1553 903 1714 955 quam
1750 897 1809 940 ut
1839 887 2009 939 videri

455 992 653 1048 posset.
697 981 762 1033 Et
796 981 1159 1033 Damascenus
1189 997 1202 1032 :
1237 979 1496 1040 Assumit,
1540 979 1736 1046 inquit,
1780 978 2010 1045 purissi-

457 1084 604 1119 mum
655 1067 983 1136 virginitatis
1048 1067 1500 1129 instrumentum,
1545 1076 1604 1119 ut
1645 1067 1738 1133 qui
1786 1066 2009 1135 gloriam

455 1158 570 1210 Filii
604 1155 1129 1219 aeternam-vidisset,
1160 1156 1311 1218 illud,
1364 1155 1425 1206 In
1455 1156 1710 1222 principio
1741 1165 1852 1208 erat
1887 1154 2015 1208 Ver-

459 1245 587 1296 bum
624 1252 862 1297 tonaret.
911 1243 975 1297 Et
1018 1245 1233 1297 divinus
1264 1245 1686 1311 Cbrysostomus
1715 1244 2014 1310 explanans

454 1333 586 1385 illud
621 1351 632 1385 :
669 1332 903 1385 Vidimus
918 1334 1138 1400 gloriam
1162 1334 1302 1400 eius,
1328 1335 1548 1403 gloriam
1571 1337 1720 1403 quasi
1753 1334 2015 1404 Uuigenigi

461 1438 494 1472 a
529 1421 686 1474 Patre
716 1437 733 1473 :
761 1421 1070 1489 Nunquam,
1103 1424 1294 1489 inquit,
1328 1425 1606 1483 vidissent,
1639 1424 1742 1476 nisi
1778 1439 1872 1491 per
1894 1439 2017 1476 cor-
2064 1437 2068 1440 ·

466 1526 567 1576 pus
621 1511 901 1564 nobiscum
940 1510 1107 1563 altum
1154 1520 1207 1564 et
1248 1513 1530 1568 nutritum.
1581 1513 1646 1565 Et
1700 1514 1897 1566 iterum
1961 1509 2013 1566 in

459 1600 706 1653 oratione
747 1601 814 1652 de
843 1599 1344 1670 Transfiguratione
1373 1621 1386 1655 :
1425 1601 1696 1664 Ostendit,
1727 1603 1921 1668 inquit,
1961 1611 2018 1655 et

461 1704 566 1739 non
599 1690 839 1742 ostendit
870 1690 1286 1760 gloriam'regui
1307 1693 1403 1744 sui
1433 1693 1600 1746 divini
1655 1693 2018 1760 inaspectabi-

461 1777 528 1829 lis
565 1796 578 1830 :
608 1780 846 1831 ostendit
894 1780 1136 1848 quidem,
1189 1790 1250 1833 ιιι·
1282 1797 1375 1834 eos
1413 1791 1590 1835 certos
1637 1781 1876 1846 faceret;
1907 1798 2018 1836 non

459 1875 638 1920 autem
689 1870 949 1930 ostrndit,
981 1885 1046 1922 ue
1090 1885 1204 1923 una
1232 1885 1354 1923 cum
1383 1882 1602 1938 aspectu
1649 1873 1810 1925 vitam
1851 1875 2014 1926 etiam

461 1958 789 2012 amitterent.
855 1959 919 2012 Et
965 1961 1180 2014 divinus
1227 1961 1457 2015 Cosmas
1506 1963 1556 2014 in
1609 1978 1820 2018 canone
1869 1963 2014 2027 festi,

459 2048 674 2100 cantico
709 2059 903 2116 quarto
934 2067 947 2101 :
982 2048 1054 2101 Ex
1085 2066 1270 2114 carne,
1301 2050 1496 2118 inquit,
1527 2061 1615 2105 tua
1649 2054 1781 2106 radii
1817 2054 2014 2127 divini-
2045 2036 2051 2042 ’

469 2139 598 2190 tatis
620 2140 863 2193 exibant.
897 2141 1038 2192 Idem
1067 2140 1244 2193 adhuc
1274 2141 1325 2194 in
1352 2143 1540 2208 quinto
1567 2145 1780 2196 cantico
1813 2161 1826 2196 :
1854 2143 2035 2197 Com--

468 2229 661 2281 ruistus
709 2244 814 2280 non
861 2229 1106 2290 confuse,
1141 2229 1432 2281 carbonem
1484 2231 1783 2286 divinitatis
1836 2242 2023 2286 osten-

464 2319 614 2373 disti;
651 2320 861 2374 ltursus
885 2321 1306 2391 Chrysostomus
1335 2323 1387 2374 in
1421 2322 1640 2374 homilia
1664 2322 1752 2384 42,
1783 2323 1834 2376 in
1856 2323 2021 2376 Joan-

465 2427 584 2464 nem
610 2428 622 2463 :
655 2409 868 2472 Vident,
900 2411 1098 2478 inquit,
1127 2410 1275 2462 illum
1306 2410 1740 2463 deambulautem
1784 2412 1834 2463 in
1864 2414 2022 2472 mari;

463 2511 518 2556 et
546 2502 626 2556 eis
657 2503 991 2556 conturbatis
1030 2502 1161 2555 dicit
1191 2520 1204 2555 :
1236 2501 1412 2554 Noli'e
1446 2502 1649 2566 timere,
1677 2519 1770 2572 ego
1797 2519 1913 2555 sum
1943 2505 2044 2567 7',

467 2605 636 2655 quare
668 2605 776 2642 non
816 2592 1065 2644 ascendit
1093 2592 1272 2644 statim
1311 2592 1361 2644 in
1400 2593 1712 2659 navigium?
1752 2594 1886 2658 Quia
1929 2611 2027 2645 vo—

471 2680 614 2733 lebat
661 2682 839 2748 majus
881 2683 1200 2734 miraculum
1245 2682 1443 2747 facere,
1482 2693 1535 2736 et
1578 2685 1913 2738 divinitatem
1948 2687 2028 2738 eis

469 2771 709 2837 apertius
735 2771 1059 2840 patefacere.
1094 2773 1155 2825 Et
1191 2787 1420 2839 magnus
1462 2773 1692 2828 Basilius
1712 2792 1730 2827 -:
1772 2775 1848 2828 Ex
1897 2791 2028 2828 vcn-

472 2863 563 2925 tis,
601 2862 796 2929 inquit,
831 2873 884 2915 et
924 2865 1082 2925 mari,
1121 2879 1240 2930 quae
1269 2863 1316 2916 ei
1368 2865 1710 2930 obedierunt,
1757 2883 2042 2937 cognove-

475 2965 600 3006 runt
633 2955 969 3006 divinitatem
1000 2956 1133 3024 ejus.
1170 2956 1244 3009 Ex
1285 2958 1697 3024 operationibus
1738 2958 1902 3024 igitur
1941 2976 2037 3011 ci:-

468 3044 659 3109 gnitio,
697 3057 746 3096 et
775 3059 839 3096 ex
871 3046 1178 3111 cognitione
1223 3048 1584 3115 pmticiscitur
1613 3049 1915 3103 veneratio.
1965 3049 2028 3102 Et

2115 623 2284 674 uitam
2317 633 2370 675 et
2394 613 2868 698 iiicogjiitam,'sed
2899 624 3307 676 similitudinem
3336 623 3656 687 divinitatis,

2108 727 2270 779 quam
2315 723 2570 779 tanquam
2604 715 2657 765 in
2693 713 2928 776 imagine
2963 721 3016 764 et
3039 713 3258 778 speculo
3295 721 3456 778 atque
3500 715 3664 774 anni,-

2111 811 2253 854 tnate
2300 805 2748 869 contemplamur.
2805 803 2869 854 Et
2919 803 3082 863 sicut,
3134 817 3257 854 cum
3316 803 3425 855 sint
3458 803 3660 856 alioqui

2112 891 2335 943 infinitae
2364 891 2560 944 divina:
2606 891 2868 956 imagines
2908 891 3134 954 Christi,
3171 908 3274 944 non
3313 892 3464 944 multi
3502 892 3662 945 (lbi-i-

2111 982 2201 1041 sti,
2244 980 2343 1034 sed
2376 996 2518 1035 unus
2549 990 2756 1034 tantum
2791 981 3053 1034 Dominus
3088 991 3266 1034 noster
3317 981 3469 1034 iesus
3503 982 3662 1034 Citri-

2111 1081 2264 1133 stus;
2307 1071 2386 1124 sic
2437 1087 2558 1125 cum
2613 1052 2721 1124 sint
2760 1072 2982 1123 infinita:
3031 1072 3291 1137 imagines
3341 1072 3662 1132 divinitatis,
3707 1072 3719 1083 '

2111 1175 2230 1227 qu:e
2280 1174 2442 1227 supra
2491 1161 2849 1212 substantiam
2887 1168 2992 1221 est,
3041 1169 3098 1211 ct
3145 1160 3284 1212 sicut
3329 1173 3668 1225 unaqinequo

2113 1252 2290 1316 imago
2321 1249 2497 1300 divina
2528 1249 2785 1316 inscripta
2821 1260 2899 1300 est
2925 1247 3201 1311 Christus,
3231 1249 3308 1300 sic
3331 1261 3671 1313 unaqnchuo

2116 1340 2305 1390 harum
2359 1337 2779 1389 similitudinum
2829 1338 3079 1391 divinitas
3126 1340 3389 1405 appellata
3434 1347 3536 1390 est.
3596 1337 3669 1388 Ιιῖι

2113 1426 2304 1477 ordine
2350 1425 2520 1484 enim,
2563 1423 2761 1490 inquit,
2809 1426 3050 1476 omnium
3102 1441 3307 1486 rerum,
3362 1435 3413 1476 ut
3465 1425 3554 1487 qui
3605 1428 3671 1474 ab

2116 1516 2235 1582 ipso
2271 1513 2445 1565 factus
2468 1521 2571 1574 est,
2605 1522 2659 1565 et
2701 1516 2789 1579 qui
2839 1513 3103 1578 imagines
3131 1512 3393 1579 quasdam
3432 1520 3480 1562 et
3523 1512 3673 1562 sini-

2116 1604 2376 1657 litudincs
2427 1604 2733 1657 divinorum
2777 1604 2894 1667 ejus
2945 1605 3336 1669 exemplarium
3379 1603 3558 1660 habet,
3606 1603 3669 1651 a.l

2116 1696 2246 1749 illud
2292 1711 2630 1762 supremum,
2671 1696 2812 1762 quod
2851 1696 2992 1746 ultra
3035 1696 3447 1748 universitatem
3493 1711 3671 1745 rerum

2117 1797 2221 1848 est,
2257 1787 2340 1838 via
2378 1787 2644 1838 etordinc
2685 1801 2782 1851 pro
2809 1786 3013 1837 viribus
3048 1785 3424 1845 ascendimus;
3453 1795 3502 1835 ct
3533 1784 3674 1846 quoii

2118 1877 2247 1944 plus
2272 1883 2376 1936 est,
2411 1876 2626 1929 divinus
2677 1890 2881 1933 Sermo,
2921 1874 3229 1933 Faciamus,
3266 1875 3457 1940 inquit,
3514 1873 3679 1923 hom."-

2118 1979 2230 2017 nem
2260 1963 2328 2014 ad
2355 1965 2632 2031 imaginem
2660 1975 2707 2015 et
2729 1964 3128 2014 similitudinem
3161 1973 3395 2014 nostram
3423 1962 3467 1990 “
3491 1980 3502 2024 ;
3535 1977 3640 2025 quo
3666 1963 3676 2009 Ι

2118 2064 2298 2106 autem
2341 2053 2470 2104 illud
2507 2054 2896 2106 suhnstcndcre
2924 2063 2975 2105 ct
3013 2052 3336 2104 adumbrare
3361 2052 3490 2103 dicit
3521 2052 3678 2103 simi-

2090 2142 2399 2198 .litudinem
2442 2142 2769 2203 divinitatis,
2835 2143 3177 2195 manifestius
3231 2143 3331 2196 hoc
3386 2143 3441 2194 fit
3497 2157 3560 2196 ex
3616 2143 3680 2192 iis

2121 2250 2242 2302 quae
2286 2234 2476 2286 scribit
2524 2234 2663 2285 idem
2714 2233 3007 2299 Gregorius
3061 2233 3369 2292 Theologus
3424 2242 3681 2295 tanquam

2123 2343 2179 2381 se
2209 2328 2322 2395 ipse
2357 2327 2716 2393 interpretans
2743 2326 2793 2375 in
2843 2326 2980 2375 libro
3018 2323 3089 2376 De
3122 2323 3380 2390 theologia
3413 2322 3684 2384 secundo,

2124 2420 2399 2489 quomodo
2446 2419 2559 2471 ha-c
2607 2425 2855 2485 oporteat
2900 2416 3199 2483 intelligere
3235 2433 3247 2467 :
3283 2413 3454 2476 Sicut,
3490 2415 3684 2480 inquit,

2127 2513 2330 2564 umbrae
2363 2520 2413 2562 et
2450 2509 2713 2576 imagines
2757 2509 2886 2560 solis
2921 2507 2970 2558 in
3018 2507 3196 2574 aquis,
3238 2508 3472 2559 inliru'is
3515 2508 3689 2558 Ot‘lt'is

2062 2639 2068 2647 .
2128 2602 2293 2654 soli-ni
2323 2600 2743 2662 suboswndunt,
2789 2601 2916 2666 quia
2949 2600 3028 2652 sol
3063 2601 3194 2666 ipse,
3241 2614 3364 2651 eum
3401 2614 3534 2666 puro
3571 2601 3689 2666 ejus

2131 2693 2336 2745 lumine
2377 2707 2572 2746 sensus
2621 2702 2808 2743 noster
2845 2692 3114 2754 vincatur,
3151 2692 3316 2743 videri
3350 2706 3413 2744 ex
3456 2691 3693 2744 advers:-

2134 2798 2237 2834 non
2264 2779 2462 2849 pot'cst,
2482 2783 2738 2848 quocirca
2767 2797 2963 2834 sensus
2993 2793 3177 2833 noster
3220 2782 3485 2843 vincatur,
3522 2784 3689 2833 vidi-ti

2131 2891 2195 2927 ex
2225 2874 2453 2926 adverso
2480 2889 2582 2924 non
2617 2882 2812 2941 potest,
2843 2873 3099 2939 quocirca
3133 2873 3231 2924 hoc
3262 2874 3529 2940 significat
3565 2874 3698 2923 sub-

2135 2965 2441 3024 ostendere,
2465 2965 2606 3032 quod
2650 2980 2846 3018 sensus
2883 2979 2987 3016 non
3033 2972 3208 3031 potest
3247 2964 3446 3031 liquide
3489 2964 3695 3027 videre,

2136 3057 2239 3110 hoc
2286 3055 2696 3109 similitudinem
2731 3055 2848 3123 ejus
2891 3071 2987 3122 per
3030 3070 3251 3121 aquam,
3284 3065 3376 3106 aut
3414 3070 3506 3122 per
3532 3056 3692 3106 aiiam

472 3133 523 3184 in
559 3134 622 3186 iis
645 3149 766 3201 qua:
801 3135 850 3185 in
895 3135 1127 3187 mediam
1169 3136 1548 3190 Pentecostent-
1581 3147 1851 3190 canuntur
1887 3154 1899 3189 :
1938 3137 2038 3190 νο-
2063 3151 2105 3205 C
2141 3162 2251 3199 rem
2284 3147 2595 3214 quampiam
2638 3147 3014 3198 intermediam
3048 3145 3375 3212 exprimere,
3426 3146 3514 3197 Sic
3551 3147 3693 3197 ωε...

473 3225 548 3275 nit
579 3225 815 3276 medium
861 3225 1071 3277 dierum
1108 3224 1475 3290 Pcmecostes,
1509 3243 1632 3281 cum
1667 3226 1919 3281 Christus
1952 3229 2035 3280 di-

476 3315 596 3365 vina
641 3324 904 3383 potestate
933 3316 1169 3369 tenuiter
1199 3298 1434 3377 detecta,
1473 3319 1829 3385 paralyticom
1870 3335 2034 3372 sana-

476 3406 578 3469 vit;
619 3415 672 3458 et
710 3406 760 3458 in
790 3423 980 3460 novam
1013 3407 1346 3460 Dominicam
1383 3427 1395 3462 :
1423 3409 1668 3474 Domine,
1704 3411 1900 3478 inquit,
1929 3412 2036 3463 ful-

476 3512 604 3561 gere
663 3496 928 3550 tolerabili
964 3498 1266 3552 divinitatis
1300 3499 1500 3553 clausis
1543 3501 1729 3569 januis
1774 3502 2034 3568 adfuisti;

475 3600 525 3639 et
552 3585 756 3639 infinita
792 3589 897 3639 alia
939 3589 1230 3655 ejusmodi.
1260 3588 1332 3641 Ex
1358 3591 1554 3658 quibus
1587 3591 1930 3645 manifestum
1959 3595 2036 3654 iit,

477 3678 931 3744 quemadmodum
967 3679 1108 3732 idem
1138 3689 1190 3734 et
1218 3697 1359 3735 unus
1389 3682 1559 3734 Filius
1581 3681 1693 3746 Dei,
1721 3692 1775 3735 et
1802 3681 2037 3735 Verbum

485 3766 678 3830 l'atris,
713 3767 806 3835 qui
846 3777 964 3820 erat
995 3777 1122 3821 ante
1158 3769 1446 3822 adventum
1495 3769 1546 3822 in
1583 3786 1768 3831 carne.
1807 3771 1892 3823 hic
1926 3771 2041 3837 ipse

481 3859 862 3922 apparationes
891 3857 1057 3909 variis
1104 3858 1438 3925 temporibus
1481 3858 1655 3911 factas
1686 3860 2038 3926 operabatur,

481 3953 535 3996 et
565 3943 615 3996 in
649 3943 878 3996 adventu
912 3959 1011 3997 suo
1043 3958 1167 3998 cum
1201 3961 1386 4008 carne,
1424 3947 1667 4014 quandiu
1701 3962 1822 4000 cum
1864 3948 2044 4000 homi-

489 4036 650 4088 nibus
687 4044 932 4089 versatus
972 4046 1079 4098 est,
1122 4037 1209 4090 hic
1263 4038 1380 4105 ipse
1414 4038 1631 4091 easdem
1679 4041 2061 4107 apparitioues.

487 4127 576 4179 Dei
609 4142 729 4180 cum
781 4136 1046 4194 potestate
1083 4127 1316 4182 faciebat
1346 4146 1362 4180 :
1394 4141 1452 4184 et
1484 4139 1770 4199 postquam
1804 4134 2044 4200 comple-

490 4218 566 4269 vit
592 4218 951 4270 oeconomiam
983 4218 1242 4273 adventus
1277 4220 1360 4273 sui
1396 4220 1446 4273 in
1489 4236 1676 4284 carne,
1708 4231 1760 4274 et
1786 4224 1836 4275 in
1881 4223 2048 4277 t-(Blos

485 4318 797 4376 assumptus
827 4319 1169 4373 cst,.rnrsus
1204 4310 1292 4362 hic
1332 4311 1446 4377 ipse
1489 4312 1789 4365 secundum
1823 4328 2051 4365 mensu-

484 4416 596 4453 ram
630 4401 1207 4468 potestatis-cujusque
1238 4400 1386 4466 fecit,
1429 4413 1484 4456 et
1514 4403 1883 4457 facit-natura:
1916 4420 2049 4466 suae,

2138 3236 2432 3304 Gregorius
2489 3236 2754 3288 visionem
2809 3237 3196 3300 interpretatus
3257 3243 3338 3288 est
3395 3236 3696 3297 notionem,

2138 3327 2550 3381 libro-secundo
2583 3327 2648 3379 de
2681 3327 2818 3380 Filio
2863 3346 2875 3381 :
2917 3327 3043 3393 Qui,
3098 3329 3297 3396 inquit,
3327 3330 3467 3380 norit
3509 3328 3704 3380 Filium

2140 3419 2266 3487 (hoc
2296 3418 2436 3471 enim
2471 3418 2741 3486 signiﬁcat
2779 3419 2908 3471 illud
2952 3437 2965 3471 :
2999 3419 3099 3483 Qui
3135 3420 3310 3487 vidit),
3340 3421 3476 3472 novit
3504 3437 3705 3487 quoque

2140 3510 2448 3564 Patrem".
2492 3510 2554 3582 η
2582 3508 2819 3564 Joannes
2851 3509 3278 3580 Chrysostomus
3324 3528 3338 3565 :
3389 3511 3706 3579 Respondit,

2142 3603 2340 3668 inquit,
2373 3600 2600 3663 Judwis,
2629 3611 2681 3654 et
2705 3601 2876 3654 dixit:
2909 3601 3023 3655 Non
3053 3603 3196 3670 quod
3233 3603 3442 3655 Patrem
3474 3606 3597 3671 quis
3627 3605 3696 3653 vi-

2141 3693 2241 3753 dit,
2268 3692 2370 3746 nisi
2414 3692 2506 3760 qui
2537 3700 2710 3745 estex
2757 3693 2896 3756 Deo;
2942 3693 3102 3745 etiam
3135 3691 3224 3745 hic
3252 3693 3513 3746 visionem
3556 3705 3714 3745 meat

2142 3783 2531 3851 cognitionem.
2574 3781 2742 3852 lgitnr
2793 3783 3019 3846 vidisse,
3070 3792 3365 3850 spectasse,
3421 3784 3713 3835 snhostei-

2144 3874 2312 3933 disse,
2346 3873 2727 3934 adumbrasse,
2765 3871 3061 3934 detexisse,
3113 3872 3369 3936 nudasse,
3417 3873 3723 3949 indicasso,

2145 3961 2490 4031 patefecisse,
2523 3961 2602 4015 vel
2636 3961 2958 4028 simpliciter
2998 3963 3316 4030 accipienda
3355 3972 3480 4015 sunt
3525 3977 3619 4030 pro
3643 3979 3708 4015 eo

2147 4053 2289 4123 quod
2331 4063 2416 4107 est
2455 4053 2816 4116 cognovisse;
2872 4055 2952 4105 vel
2996 4053 3312 4120 accipienda
3363 4065 3488 4106 sunt
3525 4069 3619 4121 pro
3649 4069 3714 4101 t-o

2149 4142 2302 4213 quod-
2329 4153 2410 4196 est
2454 4151 2713 4211 tanquam
2757 4144 2810 4194 in
2861 4143 3095 4211 imagine
3136 4153 3189 4197 et
3229 4145 3586 4198 similitudine
3624 4162 3718 4212 per

2151 4244 2427 4304 aspectum
2461 4236 2741 4288 oculorum
2795 4236 3162 4304 perspexisse.
3219 4236 3481 4289 Similiter
3525 4252 3714 4304 parum

2151 4327 2452 4380 divinitatis
2481 4328 2789 4394 aperuisse,
2833 4335 2888 4379 et
2936 4337 3154 4379 tenuem
3201 4327 3545 4395 splendorem
3601 4329 3720 4397 ejus

2156 4419 2355 4471 vidisse
2417 4420 2497 4470 sic
2541 4420 2792 4485 accipere
2841 4428 3077 4485 oportet,
3129 4431 3192 4469 ac
3244 4417 3287 4470 si
3344 4417 3593 4472 dicamus
3627 4436 3722 4486 per

455 4509 604 4583 ‘qna:
638 4509 800 4559 supra
837 4493 1018 4545 omnia
1061 4502 1164 4556 est,
1214 4495 1566 4561 spectacula;
1613 4505 1666 4549 et
1712 4496 1853 4549 sicut
1897 4508 2050 4548 ante-
2085 4478 2128 4531 ι)
2158 4524 2199 4576 ει

1978 4508 2050 4548 [θ’
2085 4478 2128 4531 D
2158 4509 2379 4576 specula
2409 4519 2462 4560 et
2492 4509 2778 4574 audgmata
2806 4509 3130 4574 conjecisse.
3159 4506 3266 4560 Nec
3289 4509 3433 4560 enim
3465 4495 3722 4562 divinitas

484 4599 647 4649 quam
687 4583 1052 4646 fierethomo,
1076 4599 1237 4637 omne
1266 4586 1571 4654 symbolum
1600 4597 1653 4640 et
1673 4602 1835 4641 omne
1868 4603 2050 4640 exem-

485 4675 623 4741 plar,
657 4675 962 4729 divinitatis
992 4674 1258 4744 eiuserat
1290 4675 1608 4744 symbolum.
1643 4688 1698 4730 et
1739 4679 2052 4745 exemplar;

489 4762 566 4814 sic
600 4771 653 4813 et
696 4778 840 4816 nunc
871 4764 1150 4830 exemplar
1181 4766 1429 4831 corporis
1468 4764 1583 4831 ejus
1627 4766 1934 4832 gloriﬁcati.
1969 4764 2054 4817 di-

491 4853 732 4907 vinitatis
763 4854 892 4921 ejus
920 4854 1226 4922 symbolum
1270 4864 1390 4917 est;
1429 4869 1572 4907 unus
1598 4855 1743 4908 enim
1779 4864 1860 4909 est
1890 4855 2057 4908 Filius

487 4955 537 4996 et
565 4944 740 5007 Dens;
775 4953 828 4996 et
860 4953 982 5011 post
1024 4953 1358 5013 assumptam
1397 4946 1789 4997 humanitatem
1833 4947 2055 5013 sangui-

494 5051 611 5089 nem
645 5033 737 5088 Dei
767 5044 820 5087 et
848 5051 1048 5104 corpus
1091 5035 1181 5088 Dei
1212 5037 1301 5104 pie
1329 5052 1671 5089 veneramur.
1715 5036 1866 5090 Sicut
1893 5037 2056 5102 igitur

493 5127 627 5190 haec,
690 5126 772 5180 sic
817 5127 1122 5196 symbolum
1182 5127 1406 5179 humani
1469 5128 1716 5195 corporis
1763 5127 2057 5195 glorificati

493 5202 795 5286 symboluiu
844 5234 964 5272 esse
1003 5218 1311 5271 divinitatis
1344 5219 1465 5285 ejus
1517 5219 1602 5285 pie
1642 5219 1787 5270 dot-ti
1845 5234 2056 5279 HlltlllS.

493 5322 544 5364 ct
577 5311 628 5363 in
669 5311 899 5380 singulis
926 5310 1043 5378 ejus
1073 5310 1272 5364 divinis
1321 5309 1491 5374 signis
1526 5311 1891 5367 divinitatem,
1936 5326 2058 5377 qua!

496 5415 655 5468 supra
709 5401 1070 5457 substantiam
1125 5409 1224 5465 est,
1279 5401 1619 5464 subostendi,
1661 5400 1711 5452 et
1761 5400 1958 5468 tit'lt‘gi,
2006 5409 2060 5452 et

495 5490 717 5557 aperiri,
754 5499 809 5542 et
846 5490 1038 5552 videri,
1072 5498 1128 5542 et
1174 5491 1433 5557 spectari,
1465 5500 1609 5542 recte
1648 5498 1810 5556 atque
1859 5504 1988 5540 Sane
2031 5503 2060 5538 a

495 5582 852 5650 sapientibus,
877 5582 967 5647 qui
993 5581 1183 5634 'diviua
1212 5583 1429 5645 eallent,
1451 5582 1799 5650 accepimus,
1840 5595 1947 5634 non
1983 5579 2064 5631 af-

2157 4599 2355 4661 niinor,
2405 4606 2495 4648 aut
2532 4597 2704 4664 major
2741 4612 2797 4650 se
2827 4598 2963 4664 ipsa,
3016 4598 3324 4650 videntibus
3368 4599 3672 4650 ostenditur
3708 4616 3721 4648 :

2158 4690 2250 4742 sed
2285 4688 2468 4756 potius
2500 4689 2870 4755 eademreque
2907 4688 3141 4749 infinita,
3168 4698 3221 4740 et
3251 4704 3357 4740 non
3391 4690 3724 4757 vestigabilis

2158 4788 2210 4832 et
2252 4779 2617 4846 impartibilis,
2671 4778 3058 4830 convenienter
3110 4794 3380 4831 mensurze
3423 4779 3720 4831 videntium

2161 4885 2324 4923 omne
2387 4885 2558 4938 genus
2611 4871 2876 4921 luminum
2931 4880 3102 4930 creat,
3153 4879 3207 4922 et
3248 4871 3313 4924 ad
3366 4871 3720 4925 elevationem

2167 4962 2429 5015 mentium
2463 4970 2773 5014 nostrarum
2822 4963 3093 5029 proponit.

567 5755 610 5785 τ’
638 5756 821 5809 .llattli.
860 5730 988 5824 xiv,
1028 5757 1118 5811 27.
1195 5760 1236 5792 τι
1273 5758 1409 5813 ccn.
1443 5775 1478 5823 ι,
1508 5757 1598 5813 26.
1675 5760 1720 5791 ἰ
1750 5756 1941 5812 Matth.
1977 5757 2162 5822 xi,27.
