4416 6448
768 386 871 448 ἓεῦ

1354 507 1581 563 CAPUT
1625 508 1734 563 VII.

766 637 920 698 Quod
949 654 1068 689 enni
1091 637 1561 704 pulchritudinem.
1591 657 1745 701 quam
1786 641 1953 692 Adam
1986 651 2106 694 ante
2138 658 2325 704 percu-

836 718 945 756 tum
976 724 1075 757 non
1106 708 1379 759 obedientli
1410 708 1687 769 habuerat,
1712 726 1848 760 nunc
1872 721 2115 761 naturam
2141 712 2329 760 huma-

834 792 954 825 nam
1000 792 1329 837 recuperasse
1364 768 1623 829 Diiminiu'
1648 768 1703 829 iii
1741 788 1913 830 monte
1950 778 2157 831 Tliabor
2188 779 2240 831 in
2275 794 2329 830 se

832 845 1041 909 quidem
1079 847 1223 906 prius
1252 846 1319 896 ad
1355 849 1521 898 vivum
1556 849 1831 908 expressit,
1858 860 2033 910 postea
2066 864 2180 901 vero
2216 858 2327 914 post

834 916 1265 966 resurrectionem
1303 931 1454 966 suam
1505 918 1638 967 sicut
1691 919 1797 984 ipse
1846 916 2100 969 Dominus
2149 918 2329 969 eodem

836 984 1033 1036 lumine
1061 986 1222 1035 multo
1246 987 1532 1049 copiosiore
1559 988 1654 1053 (ti),
1683 988 1999 1038 naturaliter
2023 987 2329 1053 splendebit,

836 1054 913 1103 sic
952 1070 1124 1104 rerum
1176 1054 1381 1104 habebit
1409 1056 1583 1120 jnatos
1617 1068 1977 1121 cuiiseqnentes
2013 1061 2121 1108 sole
2153 1056 2323 1120 splen-

833 1122 1089 1183 didiores,
1117 1124 1314 1174 scilicet
1350 1127 1625 1176 restituens
1657 1140 1741 1177 eos
1774 1126 1825 1175 in
1860 1128 2008 1177 illum
2042 1124 2330 1177 beatitudi-

833 1207 945 1243 nem
977 1208 1094 1259 qua'
1126 1201 1241 1245 erat
1273 1202 1395 1247 ante
1420 1202 1689 1262 peccatum
1722 1194 1874 1247 Δάαι.

838 1327 1063 1379 Dirinus
1086 1326 1329 1382 Andreas
1350 1328 1625 1383 Cretensis
1658 1331 1709 1382 in
1744 1344 1940 1397 magno
1962 1345 2172 1384 canone
2216 1331 2327 1384 ait:

769 1414 935 1467 Amisi
973 1414 1205 1483 primam
1241 1431 1413 1468 meam
1463 1416 1946 1483 pulchritudinem,
1984 1428 2035 1471 et
2081 1419 2330 1471 decorem

762 1520 939 1557 meum
973 1524 985 1567 ;
1016 1515 1070 1558 et
1120 1507 1243 1559 inde
1274 1506 1432 1573 iaceo
1469 1510 1671 1570 nudus,
1705 1520 1757 1560 et
1801 1508 1958 1575 pudet
2019 1507 2085 1560 Et
2124 1508 2330 1575 Grego-

763 1600 876 1651 iius
906 1596 1217 1665 Theologus
1247 1598 1363 1666 (b):
1409 1598 1655 1653 Pelliceis
1686 1599 1886 1652 tunicis
1916 1600 2183 1663 induitur,
2220 1601 2332 1651 for;-

764 1697 910 1741 tasse
942 1689 1211 1741 crassiore
1241 1704 1427 1752 carne,
1469 1698 1521 1741 ct
1570 1691 1809 1749 mortali,
1840 1701 1892 1743 et
1926 1690 2083 1753 dura,
2130 1705 2193 1741 ac
2246 1704 2330 1742 re-

760 1790 1055 1847 pugnante.
1088 1781 1150 1832 Et
1178 1779 1346 1833 divini
1372 1789 1535 1847 atque
1563 1781 1702 1833 beati
1733 1781 1961 1834 Cosmas
1983 1792 2035 1833 et
2061 1782 2323 1845 Joannes,

761 1872 814 1924 in
870 1872 1175 1925 canonibus
1232 1873 1283 1924 in
1317 1870 1875 1938 Traiisligurationeiii
1919 1891 1929 1925 :
1980 1872 2081 1938 Qui
2131 1880 2326 1937 totum,

760 1965 1041 2033 inquiunt,
1064 1966 1229 2017 Adam
1258 1966 1501 2033 gestasti,
1526 1966 1759 2026 Christe,
1793 1975 2038 2017 naturam
2069 1966 2331 2021 obscura-

767 2068 875 2108 iam
909 2067 960 2109 et
1014 2058 1321 2109 hebetatam
1374 2066 1744 2116 commutasti,
1772 2068 1822 2108 cl
1855 2057 1968 2121 sple
2030 2058 2190 2109 lidani
2224 2058 2329 2119 iam

760 2158 919 2200 antea
958 2148 1277 2213 reddidisti,
1314 2160 1365 2203 et
1390 2148 1780 2202 immutatione
1815 2148 2139 2200 formre‘tuaz
2171 2147 2327 2199 deifi-

760 2241 916 2290 casti.
970 2238 1035 2292 Et
1083 2239 1317 2293 iterum:
1354 2240 1406 2292 lu
1443 2240 1587 2292 hunc
1630 2240 1774 2292 enim
1828 2249 2064 2291 montem
2098 2254 2219 2291 cum
2272 2246 2328 2290 ιιι

762 2329 1016 2380 Salvator
1053 2312 1158 2380 una
1210 2344 1332 2381 cum
1370 2329 1654 2395 discipulis
1689 2328 1794 2381 tuis
1831 2331 2200 2390 asceiidisses,
2240 2343 2332 2381 na-

760 2431 938 2472 turam
966 2420 1017 2472 in
1052 2421 1222 2472 Adam
1257 2420 1648 2481 inuinbratam,
1677 2421 2117 2487 transﬁguratus,
2147 2420 2333 2488 splen-

762 2512 895 2559 ileie
938 2524 1132 2561 rursus
1173 2507 1367 2572 fecisti,
1403 2519 1623 2561 mutans
1655 2524 1773 2561 eam
1806 2510 1856 2561 in
1889 2509 2194 2564 divinitatis
2228 2520 2333 2564 tua:

760 2598 989 2661 gloriam
1016 2608 1069 2651 et
1102 2597 1472 2664 splendorem.
1508 2597 1571 2650 Et
1606 2598 1801 2651 iterum
1839 2618 1850 2649 τ
1888 2598 2054 2653 llodie
2082 2602 2334 2656 Christus

761 2690 813 2739 in
861 2698 1043 2742 mente
1084 2688 1303 2742 Thalior
1355 2700 1605 2742 naturam
1664 2692 1834 2743 Adam
1898 2692 2229 2756 immutavit,
2282 2702 2333 2745 et

759 2780 1097 2844 splendidam
1129 2781 1358 2836 reddens
1386 2783 1683 2837 dedicavit.
1714 2781 1777 2835 Et
1808 2784 2003 2835 iterum
2090 2784 2188 2848 Qui
2222 2798 2333 2835 ma-

760 2874 923 2927 iaibus
946 2875 1431 2942 inaspectabilihus
1458 2876 1731 2927 hominem
1758 2877 1821 2927 ad
1850 2877 2139 2941 imaginem
2163 2884 2331 2938 tuam,

757 2965 994 3026 thriste,
1038 2965 1309 3026 formasti,
1366 2964 1827 3033 pulchritudinem
1881 2967 1957 3016 tui
2007 2964 2332 3033 exemplaris

759 3058 810 3107 in
863 3067 1057 3109 natura
1095 3071 1123 3108 a
1158 3066 1208 3109 te
1245 3056 1476 3108 formata
1510 3055 1899 3107 demonstrasti
1936 3070 2041 3106 non
2076 3064 2328 3121 tanquam

1915 394 2235 455 JOANNIS
2273 395 2830 496 CYPARISSlOTtE

2355 511 2403 567 Α
2436 515 2625 581 possit,
2669 530 2831 582 quem
2871 514 3091 583 quidem
3155 515 3208 566 in
3263 522 3448 565 monte
3499 512 3996 575 transbgurationis

3887 392 3992 453 856

2432 601 2645 654 Domini
2674 601 2886 670 Moyses
2908 611 2960 656 et
2989 601 3136 655 Elias
3160 610 3524 669 gestarentur.
3549 599 3609 652 Et
3628 614 3853 664 magnus
3877 602 3996 653 ltiti-

2431 693 2618 762 nysius
2666 694 2845 760 capite
2895 693 3071 760 primo
3120 691 3193 745 De
3236 692 3425 745 divinis
3472 691 3792 752 nominibus,
3842 688 3997 745 Nunc

2432 786 2677 853 quidem.
2710 785 2906 852 inquit,
2941 784 3182 838 ebaritas
3210 782 3301 836 Dei
3328 797 3453 850 erga
3486 782 3734 836 homines
3779 783 3831 834 in
3874 797 3999 835 san-

2430 879 2532 930 ctis
2583 876 2973 944 Scriptnriset
3020 874 3336 941 apostolicis
3372 872 3760 926 traditionibus
3792 887 3998 925 conve-

2432 970 2646 1023 nienter
2681 970 2835 1022 nobis
2879 984 2941 1021 ea
2990 968 3247 1036 quaesiit)
3299 965 3716 1033 intelligentiam
3772 966 3997 1026 cadunt,

2434 1075 2607 1115 sacris
2638 1062 2992 1129 operimentis
3010 1059 3110 1113 sub
3125 1074 3344 1113 sensum
3360 1058 3675 1112 cadentibus
3689 1056 3823 1111 velat
3845 1065 4000 1120 ;etea

2433 1166 2553 1217 qum
2582 1167 2743 1215 Supra
2774 1150 3132 1204 substantiam
3167 1158 3316 1210 sunt,
3353 1150 3418 1201 iis
3444 1164 3566 1215 qua:
3598 1150 3650 1200 in
3687 1163 3867 1201 rerum
3905 1162 4003 1200 na-

2436 1251 2558 1293 tura
2595 1251 2749 1301 sunt,
2790 1241 3036 1308 obtegit;
3068 1240 3273 1293 formas
3312 1249 3366 1293 et
3402 1240 3605 1302 figuras
3638 1238 3705 1292 iis
3736 1253 3858 1306 qua:
3889 1236 4001 1289 for-

2435 1346 2519 1383 ma
2547 1341 2603 1385 et
2633 1331 2802 1399 figura
2836 1340 3046 1389 carent.
3071 1330 3330 1395 obducit;
3358 1338 3411 1382 et
3439 1328 3568 1381 illud
3598 1342 3764 1379 unum
3796 1338 3849 1377 et
3874 1328 4006 1380 sim-

2436 1423 2578 1491 plex,
2611 1423 2756 1491 quod
2785 1437 2948 1489 supra
2998 1421 3361 1475 substantiam
3405 1430 3457 1472 et
3500 1429 3754 1472 naturam
3796 1426 3901 1477 est,
3951 1424 4004 1467 et

2438 1512 2583 1578 quod
2611 1512 2831 1578 figurari
2865 1525 2970 1562 non
3000 1517 3201 1575 potest,
3229 1508 3489 1560 varietate
3518 1506 3796 1573 signorum
3835 1512 4005 1570 parti-

2436 1599 2623 1651 biliuin
2655 1600 2997 1665 multiplicat,
3024 1606 3075 1649 et
3098 1596 3339 1661 emugit;
3368 1610 3490 1648 cum
3521 1610 3645 1646 vero
3674 1594 4007 1645 immortales

2436 1690 2563 1743 facti
2589 1691 2814 1749 erimus.
2838 1698 2891 1742 et
2914 1690 2979 1741 ad
3010 1689 3159 1742 illum
3218 1689 3593 1741 beatissimum
3623 1695 3818 1740 statum
3850 1683 4003 1736 Clui-

2436 1782 2504 1834 sti
2527 1782 2758 1835 similem
2787 1780 3338 1848 pervenieuiiis,iiinc
3366 1792 3601 1844 semper,
3622 1785 3766 1829 Slt‘ul
3788 1784 3860 1827 ait
3880 1790 4004 1827 sera

2437 1870 2743 1938 Seiiptura,
2768 1886 2892 1922 cum
2926 1868 3158 1922 Domino
3186 1884 3413 1929 erimus,
3444 1867 3640 1933 expleti
3671 1866 4006 1930 Contempla-

2435 1948 2675 2016 tionibus
2706 1962 3019 2030 purissimis
3064 1960 3411 2027 aspectabilis
3452 1960 3667 2026 quidem
3703 1958 4003 2025 apparitio-

2436 2056 2520 2108 nis
2555 2056 2667 2117 Dei,
2703 2070 2823 2123 qua:
2859 2070 2959 2106 nos
3008 2052 3358 2105 lucidissiniis
3407 2052 3711 2117 fulgoribus
3769 2052 4008 2100 circum-

2436 2144 2647 2205 fundet.
2689 2155 2744 2197 ut
2793 2144 3094 2213 discipulos
3135 2144 3167 2194 ii
3236 2142 3324 2194 'll'i
3368 2142 3711 2195 dis-inissima
3767 2139 4009 2191 Transti-

2435 2240 2758 2305 gurationc.
2818 2235 3223 2303 inaspectabilis
3281 2248 3409 2286 vero
3470 2232 3893 2284 illuminationis
3951 2232 4003 2283 in

2436 2339 2617 2382 incute
2658 2328 2899 2380 materia:
2931 2333 3155 2393 experte
3179 2333 3233 2377 et
3274 2324 3561 2392 iinpatibili
3594 2324 3887 2391 participes
3930 2321 4008 2372 ef-

2436 2420 2584 2479 focti,
2618 2419 2780 2473 simul
2809 2429 2861 2471 ct
2889 2418 3132 2481 unionis,
3163 2431 3284 2483 qua:
3313 2428 3491 2467 mente
3524 2414 3738 2481 eoneipi
3774 2428 3880 2466 non
3916 2428 4008 2479 po-

2436 2520 2565 2569 test,
2604 2513 2657 2563 in
2696 2510 2935 2578 jactibus
2989 2509 3188 2578 ignotis
3219 2517 3271 2560 et
3296 2507 3477 2560 beatis
3527 2505 3807 2558 radiorum
3841 2519 4006 2570 supra

2436 2603 2654 2654 modum
2680 2602 2974 2657 clarorum,
3003 2599 3054 2650 iu
3081 2599 3387 2651 imitatione
3414 2596 3681 2649 diviniore
3706 2596 4006 2647 cuilostium

2436 2692 2700 2745 mentium
2730 2708 2743 2754 ;
2778 2690 2984 2743 erimus
3016 2688 3184 2751 enim,
3217 2689 3359 2741 sicut
3392 2688 3466 2739 ait
3496 2686 3776 2752 Scriptura
3810 2686 3879 2744 τ’,
3915 2700 4011 2735 an-

2436 2786 2573 2853 gelis
2603 2784 2865 2851 :equales.
2901 2792 2955 2835 et
2990 2782 3082 2833 filii
3120 2780 3234 2847 Dei,
3272 2778 3398 2832 facti
3433 2778 3541 2833 filii
3567 2778 4002 2829 resurrectionis.

2439 2878 2561 2930 l|;rc
2594 2886 2818 2929 sanctus
2845 2874 3111 2927 Maximus
3138 2888 3260 2924 cuin
3298 2872 3547 2930 adnotat,
3574 2869 3701 2919 Sani
3723 2869 3783 2926 ti,
3811 2868 4007 2931 inquit,

2436 2971 2488 3023 in
2512 2969 2914 3021 resurrectione
2935 2976 3132 3017 statum
3160 2964 3388 3016 similem
3417 2961 3619 3014 Christi
3646 2976 3765 3012 cum
3790 2961 4012 3011 immor-

2438 3061 2645 3113 talitate
2682 3059 3077 3125 adipiscentur,
3132 3054 3337 3121 spleud.
3361 3063 3479 3105 rites
3515 3068 3682 3118 supra
3718 3067 3881 3117 quam
3931 3052 4010 3102 sol

760 3142 811 3192 in
850 3140 1103 3209 imagine,
1138 3140 1230 3193 scd
1260 3150 1518 3206 tanquam
1544 3139 1636 3206 qui
1674 3153 1823 3192 esses
1853 3140 2153 3191 substantia
2192 3138 2331 3192 Deus
2356 3149 2403 3214 α
2436 3157 2504 3223 5p

2259 3149 2403 3214 “SC
2436 3154 2702 3223 splendet,
2749 3160 2889 3203 Sicut
2938 3148 3197 3201 Dominus
3247 3148 3297 3197 iii
3350 3155 3530 3196 monte
3585 3144 4003 3208 transfiguratus

760 3242 812 3283 ιι
848 3232 987 3285 idem
1025 3232 1207 3283 homo.
1242 3229 1303 3283 Et
1333 3230 1527 3281 iterum
1559 3245 1571 3281 :
1604 3227 1705 3293 Qui
1737 3230 1865 3281 olim
1899 3245 2022 3281 cum
2066 3228 2247 3299 Moyse
2282 3231 2331 3281 in

760 3329 944 3374 monte
975 3320 1102 3372 Sina
1150 3335 1243 3387 per
1287 3319 1532 3389 symbola
1578 3320 1794 3373 locutus
1841 3329 1942 3381 est,
1991 3319 2333 3372 cum'dixit:

761 3413 873 3479 rgo
906 3428 1043 3475 sum,
1068 3415 1154 3478 qui
1181 3412 1362 3463 sum"
1391 3452 1405 3475 ,
1437 3410 1595 3463 hodie
1622 3412 2043 3481 transfiguratus
2069 3413 2119 3463 in
2151 3420 2348 3480 inontc.

762 3506 982 3559 'l'babor
1014 3520 1197 3557 cuiam
1239 3505 1547 3573 discipulis,
1577 3504 1815 3557 ostendit
1856 3510 1907 3556 in
1938 3520 1995 3557 sc
2029 3504 2144 3572 ipso
2181 3514 2335 3557 natu-

763 3615 878 3651 iam
916 3601 1211 3651 humanam
1241 3598 1305 3649 ad
1342 3597 1618 3665 exemplar
1652 3598 2113 3665 pulchritudinem
2148 3598 2335 3662 imagi-

761 3694 845 3743 tttS
889 3704 1241 3757 recuperasse
1303 3687 1366 3740 Et
1402 3696 1624 3741 sanctus
1657 3686 1895 3756 Cyrillus
1930 3688 2069 3739 libro
2101 3691 2335 3756 septimo

759 3798 948 3835 eorum
982 3798 1120 3851 quos
1148 3798 1307 3837 more
1342 3780 1540 3850 dialogi
1573 3790 1794 3849 SCl'IpSIl.
1825 3800 1835 3833 :
1874 3781 2067 3835 Nonne
2100 3780 2337 3834 dicimus

760 3875 1116 3927 fabrefactum
1141 3890 1260 3927 esse
1293 3873 1569 3925 hominem
1607 3874 1656 3924 in
1692 3884 1829 3925 terra
1864 3876 2161 3927 Secundum
2194 3876 2327 3927 inia-

763 3985 941 4031 ;_inein
983 3966 1071 4020 Dei
1098 3966 1119 4017 ?
1150 3966 1281 4031 Quis
1336 3961 1437 4018 hoc
1470 3966 1665 4033 neget?
1699 3965 1799 4029 Qui
1854 3978 2034 4019 autem
2093 3968 2331 4020 diriiiain

761 4061 1054 4125 imaginem
1085 4058 1241 4111 nobis
1274 4058 1555 4124 iusculpit,
1592 4066 1645 4108 et
1679 4058 2149 4123 pulchritudinem
2172 4075 2331 4125 supra

760 4168 926 4209 uuam
959 4153 1233 4207 cale-stem
1268 4151 1438 4203 instar
1472 4151 1629 4218 sigilli
1671 4150 1721 4201 in
1761 4153 1916 4203 nobis
1950 4151 2231 4219 imprimit,
2268 4168 2333 4205 an

764 4259 868 4298 ica
915 4255 999 4297 est
1044 4244 1315 4312 spiritus?
1352 4242 1415 4294 Et
1448 4243 1667 4296 divinus
1707 4243 2030 4295 Anastasius
2076 4245 2335 4308 Sinaites,

764 4343 815 4392 izi
858 4339 1107 4391 oratione
1152 4339 1203 4390 in
1239 4320 1799 4403 Transfigurationein
1846 4354 1860 4389 :
1915 4335 2086 4390 Ilodie
2144 4348 2335 4390 natura

763 4432 850 4481 illa
878 4428 1090 4493 Adami,
1118 4443 1235 4495 qua:
1266 4428 1459 4480 similis
1493 4426 1598 4478 Deo
1625 4426 1784 4489 facta,
1810 4426 1872 4478 ad
1906 4427 2197 4481 deiforines
2224 4427 2336 4479 for-

2440 3254 2545 3307 est,
2581 3246 2726 3297 sicut
2767 3241 3058 3308 Aposmlus
3091 3242 3157 3292 de
3193 3238 3397 3289 sanitis
3427 3246 3495 3287 ait
3532 3252 3543 3287 :
3584 3234 3728 3286 Tunc
3756 3243 3908 3286 erunt
3943 3234 4013 3283 si-

2439 3348 2522 3391 cut
2555 3348 2602 3389 et
2634 3338 2738 3403 ipse
2766 3345 2862 3397 est,
2897 3345 2942 3386 et
2984 3348 3182 3397 semper
3219 3346 3332 3381 cum
3376 3329 3597 3379 Domitio
3630 3326 3884 3379 erimus"
3915 3365 3927 3377 .
3960 3336 4014 3376 Cl

2438 3427 2684 3481 dl\illum
2721 3426 2842 3490 ejus
2886 3439 3084 3490 corpus
3117 3421 3321 3490 ὁρατὴν
3370 3420 3539 3471 αὖτοῦ
3572 3419 3916 3483 θεννξὰνειιν.
3960 3418 4009 3468 id

2438 3530 2555 3578 est,
2595 3518 2965 3585 aspectubifein
3006 3514 3099 3566 Dei
3144 3514 3528 3580 oppuritinnem
3581 3521 3754 3571 \'0l°:il,
3808 3521 3862 3561 ut
3903 3509 3952 3571 ja
3982 3528 4011 3561 ιι

2440 3615 2541 3667 hoc
2569 3612 2768 3665 dictum
2804 3609 2961 3661 simul
2994 3608 3221 3675 quadret
3270 3607 3319 3655 iii
3360 3602 3736 3661 Nestorianos,
3783 3612 3834 3653 ct
3866 3603 3994 3652 Ace-

2442 3704 2655 3771 plialos,
2687 3713 2734 3753 et
2771 3701 2821 3751 iit
2861 3714 2955 3751 eos
3010 3698 3100 3764 qui
3138 3698 3472 3763 ζθιιῖιιῖιιιιιιι·,
3526 3709 3633 3745 tioii
3694 3707 3815 3744 esse
3873 3706 4014 3743 Ill'l‘C

2438 3811 2583 3848 cum
2612 3807 2774 3847 carne
2810 3790 3120 3841 Dominum.
3177 3785 3266 3837 list
3304 3786 3355 3837 in
3400 3784 3618 3835 Christo
3665 3780 4014 3849 aspectabilis

2439 3884 2686 3955 quaedam
2716 3882 2984 3950 apparitio
3015 3878 3129 3939 Dei,
3167 3893 3285 3945 quze
3314 3886 3395 3929 est
3423 3890 3550 3927 cato
3577 3874 3693 3942 cju
3730 3876 3966 3924 animata
3998 3889 4007 3899 -

2438 3985 2490 4029 Ct
2527 3983 2605 4027 est
2639 3972 2805 4034 altera
2836 3968 3105 4037 apparitio
3141 3966 3229 4015 Dei
3267 3965 3455 4030 νοητή,
3496 3962 3545 4012 id
3580 3972 3681 4016 est,
3709 3976 3828 4026 qua:
3860 3973 3982 4008 iiicn

2439 4075 2489 4119 te
2526 4063 2845 4131 percipitur,
2884 4075 3001 4127 quae
3034 4073 3061 4110 a
3098 4057 3258 4109 nobis
3307 4068 3437 4107 tunc
3468 4052 3761 4117 perfectius
3793 4050 4014 4117 partiri-

2440 4158 2677 4228 paliitur,
2706 4152 2923 4223 quando
2956 4148 3199 4203 convm‘si
3235 4148 3298 4198 ad
3329 4146 3520 4204 Deum,
3557 4144 3843 4212 splendore
3869 4143 4017 4194 illinc

2440 4247 2679 4315 perfecte
2710 4251 2935 4311 accepto
2965 4254 3132 4293 unum
3166 4238 3415 4305 copulate
3446 4235 3763 4295 efﬁciantur,
3796 4234 4009 4285 liberati

2440 4352 2469 4390 a
2504 4334 2859 4389 varietatibus
2888 4347 2950 4385 ex
2984 4328 3381 4396 (‘0iiip0sitiono
3417 4325 3916 4384 ιιι-(ιιίτ-ἰειδθιιιιιιιις.
3950 4322 4014 4373 lit

2442 4426 2760 4481 Anastasius
2789 4424 3046 4477 Siiiaites.
3083 4422 3133 4471 iii
3169 4420 3418 4470 oratione
3458 4418 3509 4467 in
3545 4414 4015 4481 Traiisligiii'aiio-

764 4538 880 4575 was
917 4520 1185 4574 idolorum
1234 4519 1523 4572 obscurata
1562 4525 1697 4577 erat,
1746 4520 2127 4586 transfigurata
2160 4528 2241 4572 est
2280 4520 2332 4574 in
2370 4484 2415 4541 D
2445 4538 2565 4575 nem
2597 4536 2609 4571 :
2640 4516 2800 4582 Quid,
2862 4514 3058 4576 inquit,
3104 4512 3305 4576 majus,
3353 4518 3404 4560 ct
3443 4506 3614 4573 magis
3667 4506 4013 4571 stupendum,

762 4615 1039 4679 antiquam
1072 4627 1223 4663 suam
1261 4610 1724 4678 pulchritudinem
1756 4611 1819 4661 ad
1851 4610 2139 4676 imaginem
2174 4621 2223 4663 et
2259 4612 2331 4663 si-

760 4702 1125 4753 imlitudinem
1162 4701 1277 4752 Dei.
1314 4698 1483 4751 llodie
1538 4710 1752 4761 natura,
1800 4715 1917 4766 qua:
1955 4701 2005 4751 in
2055 4701 2331 4756 montibus

760 4801 1063 4852 ert':l\(,‘t‘:tl,
1096 4798 1148 4842 et
1176 4790 1313 4841 idola
1353 4791 1619 4850 coluerat,
1653 4790 1768 4841 siue.
1797 4790 1876 4841 sui
1910 4793 2232 4853 mutatione,
2275 4796 2327 4848 in

760 4894 944 4936 ianute
989 4883 1236 4947 qumsita,
1291 4880 1609 4948 SplCIILIOI'PS
1661 4880 1962 4933 divinitatis
2010 4883 2339 4954 refulgentes

759 4977 964 5027 ιιιιιίδιί.
1003 4972 1171 5025 llodie
1204 4972 1292 5040 qui
1324 4971 1526 5023 tunicis
1558 4972 1661 5023 illis
1697 4973 1969 5035 tristibus,
2002 4985 2055 5026 el
2086 4978 2335 5033 molestis

761 5068 967 5122 tunicis
997 5068 1220 5118 indutus
1248 5064 1369 5127 fuit,
1405 5065 1657 5117 vestitum
1696 5081 1723 5117 a
1777 5066 1886 5118 Deo
1932 5066 2132 5120 [actum
2182 5087 2337 5124 sum-

762 5163 888 5229 psit,
947 5160 1178 5211 induciis
1212 5158 1390 5209 lumen
1449 5166 1700 5224 tanquam
1761 5159 2163 5212 vestimentum.
2227 5164 2340 5214 lnio

761 5263 926 5306 etiam
963 5253 1048 5303 illi:
1083 5267 1244 5302 aurea
1290 5249 1599 5317 eloquentia
1633 5248 1957 5317 TltCOlngltS,
2011 5252 2061 5301 iii
2107 5253 2329 5307 humilia

764 5346 830 5397 de
858 5343 1065 5409 jejunio
1098 5346 1176 5396 sic
1212 5342 1325 5395 ait:
1365 5342 1558 5393 Amisit
1605 5342 1772 5392 Adam
1808 5344 2059 5394 vestitum
2088 5344 2326 5396 immor-

765 5437 987 5489 talitatis
1039 5436 1271 5503 rcgium,
1309 5433 1737 5501 pulcherrimum
1792 5450 1954 5501 supra
2005 5450 2166 5503 quam
2225 5438 2331 5488 dici

834 5569 1064 5621 "Exod.
1102 5586 1181 5625 iii.
1210 5571 1291 5621 Η.
1371 5568 1412 5599 ’⁷
1441 5567 1629 5619 .‘latih.
1663 5582 1798 5631 xui,
1833 5567 1918 5618 Idl.

838 5712 911 5770 iui
946 5712 997 5763 Id
1017 5722 1119 5764 est.
1150 5723 1273 5759 vere
1306 5708 1428 5760 etin
1456 5709 1754 5758 sul-stantia
1789 5723 1905 5756 sua.

836 5782 908 5843 ibi
942 5782 994 5833 lu
1020 5780 1267 5833 oratione
1308 5780 1357 5831 iii
1393 5778 1627 5831 Natalem
1655 5778 1874 5831 Christ'.

2443 4626 2605 4680 quam
2647 4605 2815 4659 \ideri
2867 4604 3030 4656 Donni
3068 4602 3116 4653 in
3152 4602 3323 4652 forma
3363 4597 3599 4649 hominis
3650 4594 3786 4647 facie
3839 4600 4019 4661 splen-

2441 4704 2657 4755 dentem
2690 4700 2832 4751 sicut
2860 4695 2938 4747 sol
2971 4694 3241 4760 Spit-ItilCl,
3269 4700 3320 4741 et
3348 4707 3508 4755 supra
3536 4705 3695 4756 quam
3726 4688 3805 4738 sol
3838 4689 4015 4753 splen.

2442 4793 2534 4846 del
2578 4790 2961 4859 refulgenlciii,
2996 4797 3050 4838 et
3110 4784 3289 4836 radios
3325 4782 3546 4834 luminis
3576 4782 3693 4833 sine
3734 4781 4014 4830 intermis-

2440 4885 2591 4936 sione
2632 4881 2739 4933 ulla
2784 4879 3103 4941 iacientem,
3141 4886 3193 4926 et
3244 4873 3545 4940 purissimo
3576 4871 3744 4937 digito
3785 4871 3861 4920 ori
3914 4883 4016 4920 suo

2442 4972 2698 5037 imposito
2731 4970 2832 5034 (ι’),
2865 4966 3147 5033 discipulis
3182 4965 3272 5031 qui
3309 4977 3431 5014 cum
3466 4978 3529 5014 eo
3567 4962 3673 5012 illic
3709 4970 3891 5015 erant,
3926 4958 4011 5009 di-

2438 5072 2647 5115 centem
2680 5076 2691 5110 :
2737 5059 2825 5109 Sic
2863 5055 3145 5121 fulgebunt
3182 5053 3312 5120 justi
3360 5054 3409 5104 in
3444 5051 3854 5121 resurrectione
3885 5091 3893 5107 ,
3933 5048 4013 5100 sic

2440 5152 2914 5222 gloriﬁeabuntur,
2955 5149 3007 5199 in
3044 5148 3182 5199 hanc
3212 5143 3439 5211 gloriam
3468 5140 3926 5198 immuialmntur,
3960 5139 4011 5189 in

2440 5243 2753 5315 huiusmodi
2799 5243 3005 5303 lumen,
3059 5240 3110 5291 in
3163 5240 3300 5291 hanc
3351 5250 3522 5303 ipsam
3582 5232 3900 5299 imaginem,
3960 5230 4011 5281 in

2441 5340 2582 5393 hanc
2625 5337 2882 5405 speciem,
2922 5335 2972 5385 in
3001 5332 3242 5385 eauulcm
3279 5328 3666 5383 b-atiiudinem
3700 5324 4013 5377 conforma-

2446 5434 2668 5491 buntur,
2702 5426 3008 5484 eonformes
3045 5435 3100 5479 ct
3146 5435 3499 5479 consessores
3532 5419 3658 5472 facti
3697 5416 3828 5469 milii
3880 5412 4017 5468 Filio

2004 5568 2046 5597 ⁷⁸
2083 5568 2100 5622 Ι
2134 5567 2324 5623 Thess.
2367 5581 2436 5631 iv,
2498 5566 2580 5620 l6.

2517 5704 2585 5769 (τ)
2624 5702 2925 5765 Signiﬁcat,
2964 5700 3105 5768 quod
3135 5696 3410 5767 discipulis
3442 5692 3549 5747 illic
3581 5690 3736 5753 dixit,
3799 5685 4013 5741 Nemini

2442 5774 2677 5826 dixerizis
2710 5774 2978 5823 ttsiuncm.
