4416 6448
412 427 517 487 857

1071 426 1308 485 necas
1337 425 1433 484 v1.
1470 448 1538 458 ——
1575 421 1670 482 DE
1715 404 2359 481 Armmrmmaus
2388 419 2637 511 omni
2663 417 3018 479 Ltmms.

3552 418 3666 478 858

415 534 537 593 Dei.
572 532 634 586 Et
656 532 727 599 in
770 534 843 597 iis
874 546 996 600 qua:
1041 532 1096 585 in
1151 535 1254 586 hoc
1306 532 1504 585 festum
1542 540 1877 584 e'antantnr:
1915 528 1985 582 Ut
2011 530 2059 586 A
2090 530 2289 599 inquit,
2320 532 2542 586 diabolo
2572 543 2621 585 et
2646 532 2864 609 angelis
2898 530 3018 597 ejus
3046 528 3113 581 ad
3153 536 3483 589 tormentum
3515 544 3659 597 pra:-

417 623 755 679 ostenderes,
798 622 1000 689 inquit,
1043 622 1480 674 immutationem
1516 621 1829 673 mortalium
1857 633 1981 672 cum

418 713 591 782 gloria
615 722 727 772 tua,
761 710 1036 771 Salvator,
1066 712 1119 762 in
1152 710 1395 764 secundo
1418 725 1445 761 a
1469 710 1651 763 lvenlu
1684 718 1775 762 tuo
1805 708 1986 760 horri-

420 805 512 857 bili
554 812 815 863 tuturam.
850 802 903 854 in
934 811 1119 855 monte
1154 802 1573 869 transﬁguratus
1624 816 1705 853 es.
1754 798 1817 851 Et
1851 798 1987 851 Gre-

420 894 608 964 gorius
651 891 1077 967 Theolognsfin
1127 893 1377 945 oratione
1424 891 1476 943 in
1517 888 1759 943 Natalem
1810 886 1993 940 Domi-

424 986 517 1038 ni:
552 984 724 1049 Quam
760 984 941 1045 multi,
987 982 1189 1050 inquit,
1224 982 1375 1035 niihi'
1404 990 1706 1035 conventus
1752 976 1992 1032 celebres

423 1074 479 1127 iu
511 1073 743 1142 singulis
767 1069 974 1127 Christi
1009 1074 1286 1137 mysteriis
1311 1074 1333 1125 ?
1356 1086 1588 1142 quorum
1620 1070 1862 1124 omnium
1897 1082 1991 1120 ca—

424 1174 522 1233 put
554 1180 721 1233 unum
769 1174 852 1219 est
886 1180 1002 1218 mea
1038 1165 1323 1232 perfectio,
1357 1172 1411 1217 et
1443 1162 1800 1224 instauratio,
1842 1168 1894 1213 et
1927 1159 1993 1212 ad

428 1258 664 1321 primum
716 1256 889 1308 Adam
937 1256 1204 1311 reversio.
1261 1254 1323 1307 Et
1371 1253 1666 1318 Gregorius
1716 1249 1995 1321 Nyssenus

430 1348 575 1400 libro
616 1328 793 1413 primo
823 1348 874 1398 in
904 1345 1269 1421 Ecclesiasten
1302 1362 1314 1398 :
1345 1342 1493 1397 Talis
1517 1343 1653 1396 facta
1679 1354 1762 1395 est
1789 1342 1994 1404 anima,

431 1436 611 1503 qualis
642 1452 834 1491 rursus
863 1445 1047 1504 postea
1080 1435 1375 1489 emundata
1406 1434 1689 1507 apparebit
1720 1451 1731 1496 ;
1788 1433 1892 1484 tale
1920 1422 2024 1501 ia?

426 1536 579 1579 etum
610 1536 694 1578 est
734 1540 959 1593 corpus,
991 1527 1133 1597 quod
1161 1526 1411 1577 manibus
1447 1523 1535 1575 Dei
1559 1522 1855 1574 formatum
1893 1531 1996 1581 cst,

430 1617 594 1683 quale
622 1625 861 1683 tempore
896 1631 997 1669 suo
1025 1616 1356 1669 resurrectio
1384 1614 1801 1665 demonstrabit.
1832 1611 1999 1675 Quale

423 1709 567 1759 enim
602 1716 721 1772 post
752 1709 1200 1761 resurrectionem
1232 1722 1354 1761 esse
1382 1706 1611 1769 videbis,
1646 1706 1751 1758 tale
1780 1706 2004 1758 omnino

427 1800 521 1851 inn
546 1802 739 1866 primo;
764 1816 859 1854 nec
876 1816 1021 1853 enim
1046 1802 1190 1853 aliud
1210 1812 1288 1854 est
1310 1801 1656 1863 resurrectio,
1675 1815 1833 1867 quam
1856 1798 2001 1851 redi-

2088 628 2312 687 paratus
2344 619 2611 673 dividitur
2641 634 2773 673 voce
2816 618 3052 688 Domini,
3090 627 3147 670 ut
3174 617 3302 685 quia
3335 617 3532 684 duplex
3572 621 3654 673 vis

2087 718 2226 763 inest
2251 711 2383 780 igni,
2411 725 2515 763 una
2542 711 2755 771 urendi,
2781 710 2948 762 altera
2974 709 3309 760 illumiuamh
3330 748 3343 770 ,
3376 708 3502 761 illud
3540 724 3666 764 acre

2085 812 2134 856 et
2166 818 2328 856 urens
2357 802 2537 869 dignis
2561 802 3162 868 ernciaturelinqnatur
3185 817 3198 862 ;
3222 801 3363 867 quod
3392 815 3518 853 vero
3542 800 3667 853 illu-

2092 896 2286 957 minat,
2315 903 2365 947 ct
2391 892 2738 961 splendidum
2771 902 2875 956 est,
2903 895 3159 946 hilaritati
3191 894 3481 947 laetantium
3513 894 3669 945 attri-

2094 987 2311 1041 bnatur.
2366 985 2482 1038 Vox
2546 986 2714 1054 ig'tur
2763 984 2975 1038 Dcinim
3030 984 3323 1038 dividentis
3392 984 3663 1037 ﬂammam

2096 1079 2259 1143 ignis,
2305 1086 2357 1128 et
2392 1074 2718 1145 partientis;
2760 1083 2819 1127 ut
2852 1075 2991 1141 ignis
3027 1074 3279 1126 tormenti
3326 1089 3434 1125 non
3484 1075 3670 1138 Splen-

2101 1169 2227 1221 deat
2276 1177 2328 1220 et
2369 1169 2548 1220 lumen
2608 1167 3029 1221 resurrectionis
3062 1183 3168 1220 non
3203 1176 3343 1219 urat.
3377 1165 3671 1221 Et‘rursns

2096 1257 2236 1309 libro
2268 1257 2441 1324 primo
2483 1255 2830 1333 Hexaemeri°
2870 1256 3017 1320 Erat,
3072 1256 3269 1323 inquit,
3309 1255 3524 1322 quidem
3555 1265 3669 1308 sta-

2101 1358 2187 1400 tus
2237 1348 2509 1415 antiquior
2563 1358 2682 1400 ortu
2741 1348 2952 1408 mnmli,
2999 1350 3090 1416 qui
3145 1356 3441 1415 potestates
3478 1362 3670 1414 supra-

2103 1439 2406 1491 mundanas
2440 1438 2691 1501 decebat,
2723 1454 2884 1504 supra
2919 1448 3153 1504 tempus,
3187 1448 3423 1491 internus
3457 1448 3509 1491 et
3538 1454 3664 1505 per-

2106 1542 2341 1598 petitus:
2383 1531 2434 1581 in
2466 1544 2531 1581 eo
2575 1538 2757 1583 autem
2798 1538 2939 1583 statu
2971 1540 3251 1581 creaturas
3292 1540 3481 1581 auctor
3506 1540 3558 1581 et
3594 1530 3672 1582 l'a-

2108 1621 2346 1675 liricator
2393 1620 2634 1673 universi
2671 1619 2887 1683 ell‘ecit;
2924 1620 3102 1672 lumen
3153 1620 3489 1682 intellet-tilo,
3526 1620 3672 1688 quod

2112 1713 2435 1766 beatitudini
2468 1713 2809 1781 diligentiam
2841 1712 3128 1765 Dominum
3154 1712 3556 1774 conveniebat;
3592 1727 3676 1764 ra-

2114 1808 2277 1858 tionis
2302 1814 2602 1873 compotes,
2633 1816 2683 1857 et
2711 1803 3127 1870 inaspectablles
3160 1814 3405 1862 naturas.
3431 1817 3676 1854 omneir-

427 1902 515 1944 tns
543 1896 603 1942 ad
628 1892 1168 1961 antiquum.Hinclit
1192 1894 1841 1961 manifestum-qqueam
1873 1894 1993 1961 pnl~
2036 1874 2073 1927 η
2115 1914 2219 1965 que
2252 1897 2502 1951 ordinem
2539 1912 2747 1949 earum.
2775 1895 2840 1948 Et
2872 1894 3167 1963 Gregorius
3201 1894 3501 1963 Nysst‘nus,
3539 1894 3677 1945 libro

429 1989 795 2040 chritmliuem
824 2005 986 2056 quam
1019 1990 1201 2043 habuit
1228 1992 1395 2044 Adazn
1419 2001 1708 2057 antequam
1736 2004 1841 2042 non
1872 1991 2009 2043 obes

427 2080 588 2138 tliret,
642 2087 695 2130 et
745 2095 866 2133 eum
904 2082 1269 2150 splendorem,
1302 2083 1352 2133 in
1391 2098 1498 2148 quo
1539 2092 1666 2134 tunc
1696 2080 1993 2134 secundum

431 2182 679 2222 na:uram
731 2179 947 2223 creatus
993 2182 1094 2232 est,
1156 2187 1299 2223 nunc
1346 2170 1610 2225 Dominus
1664 2171 1715 2222 in
1772 2184 1999 2237 corpore

430 2276 532 2315 SIIO
562 2262 798 2314 humano
828 2277 1183 2331 recuperasse
1209 2273 1462 2315 naturam
1499 2264 1789 2315 humanam
1824 2261 1998 2331 pra-li-

432 2334 665 2421 curarit,
694 2368 816 2406 cum
848 2354 899 2405 iu
930 2364 1113 2408 moole
1144 2353 1363 2408 Thahor
1383 2356 1505 2423 plus
1534 2370 1695 2421 quam
1718 2353 1794 2405 sol
1818 2352 1998 2419 splen-

432 2448 544 2497 duit
577 2460 588 2505 ;
625 2453 808 2512 p0stea
841 2455 1020 2499 tamen
1088 2457 1205 2515 post
1237 2448 1693 2500 resurrectionem
1728 2461 1880 2499 suam
1924 2444 2001 2497 si-

436 2546 525 2589 cut
565 2547 813 2589 laturam
861 2537 929 2589 ab
959 2537 1180 2589 interitu
1219 2539 1487 2604 liberaiit,
1541 2547 1594 2590 et
1641 2538 1999 2591 immortalem

438 2624 694 2685 reddidit,
730 2625 811 2676 sic
856 2623 903 2676 ei
945 2633 1120 2677 totum
1157 2625 1499 2690 Spleinlnreiu
1540 2626 1796 2697 restituit,
1836 2626 2028 2677 mnltn'

440 2716 646 2785 majore
680 2730 843 2781 quam
877 2715 983 2768 dict
1021 2726 1198 2784 potest
1235 2756 1249 2778 ,
1284 2717 1487 2769 lumine
1511 2720 1715 2769 circum
1747 2731 1865 2769 eam
1892 2716 2005 2769 cul-

440 2808 650 2867 luceus,
686 2807 999 2875 habensque
1031 2822 1213 2860 secum
1248 2809 1340 2875 qni
1378 2818 1805 2876 consequantur,
1830 2809 2007 2875 justus

440 2898 559 2963 plus
593 2898 706 2950 sole
734 2895 1003 2966 fulgentes
1031 2915 1044 2950 :
1092 2899 1236 2965 quod
1278 2899 1321 2952 si
1359 2915 1467 2952 non
1501 2899 1653 2966 plene
1684 2911 1734 2952 et
1773 2902 2007 2967 perferte

441 2988 621 3066 hodie,
664 3000 718 3041 at
768 2999 911 3041 certe
942 2990 991 3041 in
1024 2990 1299 3042 communi
1328 2990 1539 3060 generis
1572 2991 1793 3042 humani
1827 3006 2009 3042 resur-

440 3085 705 3145 rectione,
754 3096 876 3132 eum
915 3097 1014 3133 nos
1049 3081 1100 3133 in
1152 3098 1212 3135 ea
1266 3082 1379 3150 ipsa
1429 3092 1623 3135 natura
1676 3082 2009 3135 immortales

2113 1989 2290 2055 primo
2321 1984 2761 2053 Confutattonum
2788 1986 2839 2038 in
2888 1983 3229 2045 Eunomium,
3261 2001 3315 2039 c.
3350 1986 3454 2038 26:
3493 1986 3680 2039 Omni-

2113 2080 2234 2149 bus,
2265 2079 2464 2146 inquit,
2490 2078 2728 2131 arbitror
2762 2086 2946 2130 notum
2972 2092 3112 2138 esse,
3140 2093 3234 2130 eos
3267 2076 3413 2138 dico,
3444 2078 3534 2144 qui
3566 2091 3679 2128 me-

2107 2171 2367 2223 diocriter
2406 2185 2467 2223 ea
2512 2184 2633 2236 quae
2664 2180 2813 2230 sunt,
2861 2169 3371 2233 consideraverunt,
3406 2169 3547 2233 quod
3583 2184 3680 2221 au-

2109 2270 2225 2313 ctor
2257 2259 2517 2324 universi,
2553 2259 2646 2328 qui
2689 2260 2909 2324 sazcula,
2951 2260 3064 2313 sive
3091 2275 3289 2322 (erum,
3330 2270 3383 2313 et
3418 2260 3593 2313 locum
3626 2260 3680 2312 in

2109 2356 2211 2411 eis.
2248 2363 2503 2420 tanquam
2541 2353 2938 2419 receptaculum
2967 2366 3157 2405 eorum
3188 2368 3306 2420 qua:
3336 2354 3387 2405 in
3420 2353 3501 2405 eis
3541 2350 3681 2406 facta

2110 2458 2257 2504 Sitnl.
2290 2445 2487 2507 elIeeit,
2516 2445 2568 2498 in
2601 2445 2686 2499 his
2727 2456 2877 2506 creat
2904 2446 3087 2498 omnia
3118 2462 3131 2508 ;
3174 2461 3289 2500 nec
3320 2448 3463 2506 enim
3504 2454 3686 2511 potest

2111 2541 2406 2607 quidquam
2455 2555 2646 2595 eorum
2697 2554 2817 2607 qua:
2863 2548 3041 2591 creata
3083 2547 3232 2601 sunt,
3286 2540 3367 2591 vel
3404 2549 3683 2597 creantur.

2114 2648 2219 2682 non
2250 2647 2372 2684 esse
2404 2630 2483 2683 vel
2533 2631 2585 2683 in
2638 2630 2781 2692 loco,
2818 2630 2897 2680 ιτς-Ι
2932 2629 2983 2680 in
3037 2616 3412 2697 tempora-Et
3456 2646 3684 2698 magnus

2114 2723 2467 2780 Athanasius,
2505 2722 2639 2773 libro
2690 2721 2931 2774 secundo
2962 2718 3163 2793 Contra
3208 2720 3479 2774 Arianos:
3518 2721 3687 2787 Igitur

2118 2815 2286 2867 multo
2336 2814 2505 2881 magis
2549 2813 2740 2866 l‘etrus
2769 2827 2875 2864 non
2916 2822 3228 2864 creaturam
3261 2827 3381 2866 esse
3418 2813 3690 2881 signiﬁca-

2118 2907 2228 2967 bat,
2257 2920 2376 2956 cum
2408 2904 2513 2955 huc
2543 2903 2722 2955 aiebat
2753 2921 2765 2967 ;
2793 2904 3001 2955 sciebat
3025 2904 3168 2955 enim
3199 2920 3317 2957 esse
3343 2904 3536 2957 Filium
3571 2905 3686 2965 lici,

2116 3013 2276 3063 quem
2312 2996 2595 3048 confessus
2629 3003 2765 3056 erat,
2802 2993 3051 3061 inquiens
3080 3011 3092 3045 :
3121 2991 3195 3045 Tu
3228 3011 3279 3047 es
3315 2994 3559 3048 Christus
3592 2994 3687 3048 Fi—

2119 3086 2220 3138 lius
2260 3086 2349 3136 Dei
2387 3085 2484 3135 viri
2508 3082 2552 3113 ⁸⁰
2582 3101 2595 3136 ;
2635 3082 2728 3136 sed
2763 3082 2942 3150 potius
2976 3083 3343 3152 signiﬁcabat,
3381 3100 3603 3153 regnum
3637 3096 3692 3139 et

444 3172 589 3243 laeti,
624 3182 821 3225 statum
859 3171 1059 3225 Christi
1094 3172 1347 3235 similem,
1378 3181 1429 3226 et
1464 3174 1842 3227 beatissimum
1879 3188 2002 3225 cum
2036 3186 2080 3245 ο
2114 3179 2452 3230 dominatum
2485 3178 2604 3243 ejus
2638 3178 2689 3228 in
2721 3177 2877 3229 nobis
2905 3192 2995 3245 per
3016 3178 3245 3245 gratiam
3271 3184 3517 3231 creatum
3547 3194 3689 3240 esse,

441 3267 458 3314 t
489 3266 657 3316 hristo
684 3278 1057 3337 assequemur,
1092 3281 1213 3317 cum
1250 3264 1469 3319 Christo
1500 3266 1757 3319 chorcatn
1791 3266 1989 3318 ducen-

444 3364 524 3405 tes
552 3392 563 3403 .
604 3353 723 3406 tinis
755 3355 901 3406 enim
936 3354 1223 3407 charitatis
1260 3354 1561 3408 Salvatoris
1591 3371 1717 3424 erga
1756 3370 1852 3408 nos
1898 3370 2013 3407 ma-

439 3447 577 3514 joris
610 3462 770 3513 quam
816 3456 873 3499 ut
900 3448 1123 3513 cogitari
1162 3446 1355 3519 possit,
1423 3459 1610 3500 nostra
1643 3447 1903 3515 perfectio
1932 3457 2013 3499 est

445 3548 497 3591 et
535 3539 876 3595 instauratio.
907 3549 959 3591 et
982 3541 1045 3591 ad
1080 3540 1311 3607 primum
1339 3539 1505 3591 Adam
1536 3539 2015 3593 reditusaChristo

449 3646 545 3701 per
601 3632 992 3684 humanitatem
1048 3646 1197 3683 suam
1256 3631 1664 3699 sapientissime
1704 3630 2011 3685 conlectus.

1030 3738 1257 3795 CAPUT
1306 3738 1435 3795 Vlil.

434 3861 605 3925 Quod
636 3862 701 3912 sit
729 3856 1013 3911 secundant
1046 3856 1323 3907 essemiant
1364 3857 1601 3921 Intrarunt
1634 3854 1807 3925 lumen
1842 3869 2019 3905 resur-

525 3932 791 3990 rectionis,
833 3940 879 3980 et
919 3927 1053 3991 quod
1088 3927 1151 3978 sit
1192 3942 1405 3989 regnum
1446 3925 1535 3976 Dei
1571 3923 1718 3975 nobis
1753 3940 2021 3991 prmpara-

525 4014 656 4061 tum,
687 4012 734 4051 et
770 4014 885 4068 qua:
917 4005 1102 4048 ctt‘tlas
1141 3996 1390 4057 ca‘lestis,
1426 4010 1541 4063 quw
1577 3995 1643 4045 ad
1680 4010 1892 4064 regnum
1926 3994 2021 4047 Dei

525 4074 765 4135 pertinet.

533 4184 754 4248 Magnus
803 4179 1034 4232 Basilius
1090 4178 1140 4230 in
1178 4176 1397 4252 homilia
1453 4186 1606 4229 sexta
1659 4175 2022 4229 Ilextmneri:

462 4275 563 4328 Nec
621 4286 740 4339 ego,
784 4270 983 4339 inquit,
1034 4271 1156 4322 diro
1206 4284 1361 4336 posse
1398 4279 1447 4322 te
1499 4280 1590 4321 aut
1639 4284 1721 4322 me
1759 4270 1938 4321 lumen
1997 4284 2025 4321 a

456 4381 685 4433 ςοιρυιυ
715 4365 846 4417 solis
878 4377 1189 4425 secernere,
1243 4360 1336 4415 sed
1376 4363 1519 4429 quod
1546 4377 1608 4413 ea
1642 4376 1761 4429 quae
1805 4377 1833 4413 a
1873 4363 2027 4415 nobis

457 4472 787 4531 cogitatione
819 4455 1059 4523 separari
1095 4466 1343 4521 possunt,
1396 4462 1625 4521 possunt
1673 4464 1797 4506 actu
1828 4452 1895 4505 ab
1934 4469 2029 4505 au-

2117 3279 2169 3321 et
2202 3270 2487 3321 exsistere.
2532 3267 2593 3319 Et
2616 3267 2832 3320 divinus
2859 3266 3283 3336 Chrysostoiuus
3337 3268 3388 3320 in
3438 3270 3689 3323 oratione

2116 3379 2277 3429 quam
2309 3362 2583 3428 inscripsit
2624 3372 2813 3413 contra
2847 3361 3156 3424 hmrctieos,
3188 3370 3243 3413 et
3277 3362 3327 3413 in
3376 3363 3689 3429 petitionem

2120 3452 2351 3504 ﬁliorum
2385 3449 2652 3511 Zehediei,
2681 3465 2800 3516 qua:
2839 3450 3027 3517 incipit
3090 3450 3218 3502 Heri
3253 3465 3314 3501 ex
3342 3450 3474 3501 bello
3501 3451 3693 3503 reversi

2120 3560 2323 3603 sumus,
2368 3544 2689 3603 Considera,
2732 3543 2932 3609 inquit,
2960 3542 3126 3595 etiam
3159 3541 3245 3595 hie
3277 3542 3502 3595 inultam
3532 3558 3694 3611 gene-

2123 3638 2198 3690 ris
2254 3637 2422 3688 nnstri
2476 3634 2937 3699 prornratiom-m,
2985 3650 3109 3685 cum
3151 3633 3395 3701 loquitur
3453 3633 3519 3685 iis
3556 3651 3695 3702 quos

2124 3746 2322 3783 corona
2360 3728 2561 3777 donat:
2593 3725 2793 3787 Venite,
2825 3725 3023 3788 inquit,
3055 3723 3308 3775 benedicti
3347 3722 3546 3785 Patris,
3571 3741 3695 3790 pos-

2125 3822 2290 3873 sidete
2342 3829 2584 3885 paratum
2640 3818 2776 3868 vobis
2839 3830 3054 3883 regnum
3104 3824 3226 3866 ante
3271 3815 3698 3890 constitutionem

2129 3914 2347 3970 mundi;
2384 3912 2450 3963 iis
2483 3922 2611 3961 vero
2647 3906 2738 3975 qui
2781 3916 3127 3973 torquentur,
3164 3922 3271 3958 non
3296 3906 3441 3958 dixit
3473 3924 3483 3959 :
3527 3905 3697 3959 [tete-'-

2128 4008 2236 4057 dite
2269 4018 2295 4055 a
2332 4018 2435 4064 me,
2470 3998 2765 4059 maledicti,
2796 4000 2849 4050 in
2884 3999 3057 4066 ignem
3094 4006 3342 4066 paratum
3393 3997 3571 4059 vobis,
3604 4000 3700 4051 sed

2130 4105 2375 4163 paratum
2416 4092 2629 4143 diabolo
2677 4100 2723 4143 et
2774 4090 2973 4157 angelis
3015 4089 3130 4155 ejus
3158 4090 3226 4153 '",
3282 4104 3506 4156 regnum
3555 4088 3698 4140 enim

2135 4186 2447 4239 hominibus
2480 4182 2820 4249 praeparavit,
2856 4180 3159 4248 gehennam
3205 4195 3335 4231 vero
3382 4196 3487 4233 non
3525 4182 3701 4233 hemi-

2136 4279 2318 4338 nihus,
2360 4274 2555 4341 inquit,
2610 4275 2701 4325 sed
2730 4271 2941 4322 diabolo
2976 4281 3023 4322 et
3057 4270 3255 4335 angelis
3292 4271 3429 4337 ejus.
3466 4272 3619 4333 Quod
3656 4273 3703 4327 si

2134 4383 2231 4416 vos
2261 4366 2338 4417 sic
2378 4364 2537 4415 vitam
2572 4362 2816 4429 egeritis,
2868 4373 2924 4413 ut
2971 4360 3118 4426 digni
3175 4353 3443 4428 supplicio
3489 4374 3538 4414 et
3580 4380 3701 4415 cru-

2137 4460 2280 4510 eiutu
2312 4455 2453 4517 sitis,
2489 4469 2703 4521 azqnum
2742 4466 2823 4507 est
2860 4461 2917 4504 ut
2965 4454 3119 4505 rohis
3156 4452 3257 4519 ipsi
3287 4454 3461 4520 ignem
3492 4470 3703 4521 praepa-

420 4558 431 4573 ‘
456 4568 607 4603 ciore
644 4562 850 4601 natura:
880 4545 1122 4615 separari
1154 4564 1166 4597 :
1206 4548 1475 4614 siquidem
1505 4558 1557 4600 et
1584 4558 1639 4600 tu
1677 4548 1782 4600 vim
1813 4548 2027 4620 urendi,
2062 4534 2109 4591 D
2140 4562 2289 4603 nasse
2338 4544 2749 4599 existimemini.
2806 4545 2881 4597 Ac
2939 4544 3057 4595 ride
3107 4553 3310 4612 quanta
3376 4545 3448 4597 sit
3496 4545 3585 4599 Dei
3640 4548 3706 4620 ad

457 4660 577 4708 qua:
611 4650 660 4691 in
692 4641 813 4706 igne
856 4638 1018 4697 inest,
1076 4652 1103 4688 a
1153 4638 1443 4703 splendore
1477 4638 1595 4704 ejus
1632 4653 1887 4706 separare
1918 4652 2027 4690 non

463 4744 658 4800 lutilos;
694 4741 746 4781 at
802 4731 941 4783 licus
996 4744 1119 4781 cum
1161 4729 1319 4780 vellet
1361 4728 1624 4780 [aiunlnm
1665 4744 1824 4781 suum
1860 4726 2033 4780 admi-

463 4842 485 4875 r
511 4824 617 4875 .hili
652 4810 914 4874 miracnlo
946 4832 1285 4895 convertere,
1323 4820 1497 4887 ignem
1527 4819 1709 4887 injecit
1744 4820 1902 4883 rubo,
1942 4818 2034 4887 qui

461 4937 489 4967 ει
545 4917 660 4967 τυιη
710 4912 995 4980 Splendnre
1033 4912 1375 4965 illicieutiam
1428 4913 1668 4975 haberet,
1720 4910 2030 4964 facultatem

464 5024 595 5060 vero
625 5007 813 5059 nrendi
850 5021 1102 5076 vacuam,
1132 5015 1184 5057 et
1210 5004 1340 5057 nihil
1366 5015 1613 5072 agentem
1644 5022 1657 5068 ;
1691 5004 1833 5058 sicut
1865 5003 2030 5057 David

465 5108 717 5167 testatur,
749 5112 871 5148 eun
907 5097 982 5147 ait
1012 5113 1024 5149 :
1068 5096 1172 5147 l'ox
1212 5098 1419 5148 Domini
1451 5096 1726 5146 dii-utentis
1763 5097 2037 5162 ﬂammam

471 5191 605 5257 tg‘tis
635 5190 712 5251 ’9;
757 5188 897 5239 unde
946 5204 1123 5240 seruio
1174 5190 1395 5255 quidam
1430 5190 1602 5239 l‘ertur
1647 5202 1902 5251 arcanus,
1947 5188 2039 5255 qui

474 5297 573 5334 uos
607 5281 764 5331 docet
792 5281 843 5330 in
878 5281 1413 5333 rcmuiterationibus
1442 5294 1688 5348 Operam,
1718 5282 1840 5332 vita:
1877 5279 2041 5344 hujus

470 5373 816 5424 divuleudam
846 5387 968 5425 esse
1006 5382 1252 5425 naturam
1292 5372 1469 5441 ignis;
1503 5382 1554 5423 et
1602 5373 1779 5424 lumen
1816 5372 2038 5439 quidem

464 5465 629 5533 jnstis
656 5463 719 5515 ad
754 5462 1063 5525 fruendum,
1094 5479 1174 5531 pai
1194 5473 1295 5515 tem
1318 5449 1445 5515 vero
1468 5463 1655 5515 nremli
1682 5463 1745 5514 ad
1772 5463 2038 5535 dolmcm,

472 5557 581 5609 reis
616 5555 934 5623 torqucndis
964 5557 1352 5609 secernendam
1379 5571 1517 5609 t-Sse.
1558 5555 1622 5607 Et
1659 5573 1849 5609 rursus
1899 5556 2037 5608 idem

473 5645 690 5701 Psalmu
719 5648 981 5699 vicesimo
1008 5660 1199 5711 octavo
1225 5648 1275 5700 in
1299 5647 1520 5700 humilia
1543 5648 1827 5701 moralium
1860 5666 1867 5699 ;
1900 5644 2039 5713 Ignis

2133 4639 2457 4693 charitatem
2490 4655 2612 4705 t‘t'gzi
2649 4636 2897 4688 homines
2925 4637 3250 4703 propensiu:
3282 4638 3520 4689 nondum
3546 4649 3707 4691 erant

2134 4733 2225 4800 qui
2259 4739 2550 4789 certarent,
2584 4737 2637 4781 et
2663 4728 2774 4795 jam
2820 4742 3039 4780 coronze
3069 4738 3123 4779 ct
3150 4726 3366 4794 pranuia
3408 4739 3706 4795 prnparata

2138 4832 2328 4876 erant:
2358 4821 2632 4891 i’ossidete
2682 4819 2850 4881 enim,
2884 4819 3078 4885 inquit,
3110 4834 3323 4886 regnum
3352 4828 3594 4882 partitum
3627 4835 3720 4873 ι·ο-,

2136 4914 2210 4964 bis
2259 4922 2379 4964 ante
2416 4912 2847 4963 constitutionem
2883 4900 3088 4963 mundi.
3126 4911 3268 4963 Idem
3310 4911 3548 4963 iterum:
3593 4910 3708 4964 Non

2138 5004 2315 5057 solum
2344 5019 2502 5077 nosa
2529 5004 2814 5055 tormentis
2840 5003 3089 5054 liberavit
3116 5002 3386 5066 Christus,
3420 5002 3513 5056 Sed
3542 5005 3707 5055 etiam

2139 5095 2303 5145 vitam
2357 5093 2513 5146 nobis
2562 5093 2783 5146 donavit
2835 5094 3005 5143 multo
3056 5093 3495 5158 splendilmrem,
3546 5105 3709 5157 qn:.m

2139 5194 2258 5238 erat
2281 5184 2467 5252 prior;
2506 5184 2558 5237 in
2585 5185 2747 5236 alium
2776 5198 2874 5237 nos
2904 5184 3207 5235 introduxit
3234 5183 3517 5245 mundum,
3548 5183 3709 5233 aliam

2136 5287 2436 5329 Cl'c.:ltlt‘alll
2472 5277 2665 5329 (-ll'ecit.
2700 5276 2762 5328 Et
2794 5286 3017 5327 sanctus
3071 5275 3251 5327 Isaae.
3288 5274 3463 5335 'l'imc,
3518 5275 3713 5340 inquit,

2140 5372 2332 5431 Deum,
2366 5380 2417 5420 et
2450 5372 2652 5423 senties
2685 5370 2777 5436 qui
2816 5380 2864 5421 te
2899 5369 3075 5426 tinxit,
3146 5380 3200 5418 et
3240 5368 3483 5427 roborat,
3519 5377 3571 5417 et
3616 5384 3714 5443 eu-

2149 5464 2336 5523 s.odit,
2388 5470 2439 5513 et
2474 5461 2564 5529 qui
2614 5472 2829 5529 propter
2862 5470 2911 5514 le
2956 5460 3224 5526 duplicem
3277 5460 3535 5511 mundum
3568 5456 3714 5520 fecit,

2152 5570 2318 5606 unum
2349 5553 2564 5619 quidem
2593 5562 2850 5620 tanquam
2885 5552 3203 5619 magistrum
3238 5558 3293 5601 et
3326 5547 3717 5608 institutorem,

2149 5659 2521 5697 verumtamen
2558 5624 2823 5697 can-iurum
2856 5663 2867 5707 ;
2908 5645 3137 5697 alterunt
3176 5654 3300 5694 vero
3328 5650 3587 5707 tanquam
3618 5632 3717 5689 d0-

545 5820 754 5875 ”Pml.
817 5840 1002 5891 SXVlll,
1066 5828 1113 5881 7.
1194 5826 1235 5853 "’
1277 5824 1459 5882 Matth.
1502 5839 1610 5890 xu,
1649 5825 1725 5876 lt}.
1809 5824 1845 5851 ’δι
1908 5821 2097 5875 Matth.
2160 5838 2283 5885 ur,
2332 5821 2416 5881 ὀὶ,
2476 5821 2534 5875 [ιί
