4416 6448
767 373 890 436 859-

1943 378 2262 438 IOANNlS
2302 366 2875 466 cvpantsem'rre

3891 368 4022 445 δεῖν

764 498 916 537 mum
949 496 1254 554 paternam,
1282 497 1334 539 et
1365 485 1738 542 hmreditatem
1778 498 1925 542 tuam
1953 501 2233 544 aeterna".
2268 491 2322 542 Et
2361 493 2401 546 Α
2432 493 2685 554 stantias.
2727 493 2921 561 inquit,
2963 508 3068 548 non
3105 503 3364 562 tanquam
3425 495 3822 566 symbolorum,
3873 512 4006 564 qua

765 587 996 638 magnus
1032 573 1260 627 Basilius
1294 574 1346 626 in
1386 574 1754 630 Hexaemero:
1793 578 1962 642 Quid.
2013 580 2209 647 inqttit.
2239 581 2327 632 illa

765 658 1112 711 beatitudine
1139 660 1362 727 dignum
1397 664 1634 729 cogitare
1663 664 1788 731 quis
1821 676 2018 733 potest.
2053 682 2212 732 quam
2246 669 2331 720 la:-

763 749 932 801 tiﬁcat
969 749 1167 802 ﬂumen
1218 750 1306 801 Dei
1331 790 1344 812 ,
1377 763 1428 804 et
1458 753 1576 819 ejus
1637 755 1826 807 artifex
1859 766 1912 809 et
1937 756 2228 810 fabricator
2250 769 2331 811 est

770 837 934 897 Deus.
971 853 1132 905 quam
1171 839 1374 893 Paulus
1401 843 1678 894 civitatem
1714 845 1991 897 C(elestetn
2029 859 2188 899 vocat
2224 849 2346 903 illis

765 936 1148 992 przeparatam,
1179 929 1268 994 qui
1304 942 1521 996 propter
1556 932 1713 983 [idem
1752 933 1845 985 D'ei
1872 935 2117 988 civitates
2153 944 2326 986 terre—

766 1031 864 1068 nas
897 1017 1289 1081 reliquerunt?
1334 1021 1514 1084 cujus,
1555 1022 1753 1089 inquit.
1806 1025 2002 1078 artifex
2047 1036 2099 1078 et
2141 1039 2332 1081 auctor

765 1103 943 1156 Deus-
966 1103 1042 1155 Ex
1070 1107 1270 1171 quibus
1297 1107 1351 1159 lit
1387 1108 1762 1172 manifestum,
1792 1113 1933 1178 quod
1972 1114 2215 1167 futurum
2243 1119 2336 1166 lu-

767 1208 888 1244 men
924 1196 1353 1248 resurrectionis
1377 1199 1676 1250 secundum
1724 1201 2017 1253 essentiam
2072 1205 2330 1268 splendor

755 1277 848 1336 ’ρει
887 1283 1047 1350 ignis,
1087 1284 1363 1350 splendor.
1393 1286 1636 1353 inquam.
1671 1301 1953 1354 separatus
1989 1292 2056 1343 ab
2083 1292 2227 1359 igne.
2262 1295 2330 1347 ab

764 1388 829 1425 eo
859 1377 949 1441 qui
984 1375 1160 1441 ignem
1192 1375 1418 1438 creavit,
1473 1378 1565 1444 qui
1601 1378 1945 1442 splendorem
1983 1383 2204 1446 quidem
2239 1384 2329 1448 ju-

765 1463 865 1516 stis
912 1465 978 1513 ad
1022 1464 1474 1517 illuminationem
1525 1469 1806 1530 attribuit;
1840 1471 1945 1521 vim
1983 1487 2109 1523 vero
2140 1475 2330 1524 urcndi

767 1558 955 1626 iis-qui
995 1559 1364 1626 deliquerunt,
1400 1561 1463 1611 ad
1492 1560 1760 1614 dolorem.
1793 1562 2114 1615 Sicut‘euim
2149 1566 2329 1618 la-titia

761 1648 926 1714 justis
982 1656 1107 1700 ante
1148 1650 1592 1701 constitutionem
1648 1651 1832 1702 tnundi
1884 1661 2067 1719 parata
2105 1664 2207 1715 est,
2255 1657 2335 1707 sic

767 1737 896 1790 item
934 1740 1109 1804 iisqui
1145 1748 1526 1807 peccaverunt,
1559 1741 1886 1808 supplicium
1917 1757 1928 1793 :
1955 1751 2006 1794 et
2031 1743 2169 1794 sicut
2193 1758 2328 1796 nova

763 1839 815 1879 et
850 1827 1107 1881 inusitata
1140 1841 1221 1883 est
1252 1831 1570 1897 illius-ignis
1608 1832 1751 1884 ustio
1788 1832 1939 1900 (non
1969 1832 2111 1885 enim
2141 1848 2333 1887 cuusu-

763 1918 860 1968 mit
894 1931 957 1968 ea
983 1932 1101 1984 quae
1150 1919 1201 1970 in
1233 1934 1356 1970 eum
1393 1919 1591 1985 injecta
1617 1929 1762 1984 sunt,
1795 1920 1859 1973 ad
1914 1921 2086 1974 instar
2119 1933 2324 1977 naturre

765 2006 906 2072 ignis
936 2007 1080 2074 quia
1109 2009 1438 2062 nobis-nunc
1458 2013 1702 2062 cernitur
1727 2028 1738 2073 ;
1766 2012 1858 2064 sed
1888 2012 2065 2079 potius
2091 2014 2326 2066 dolorem

764 2098 991 2165 quidem
1027 2102 1315 2167 aequalem.
1355 2112 1459 2156 ant-
1493 2104 1753 2171 majorem
1807 2105 1970 2159 infert
2001 2108 2220 2176 injectis
2273 2109 2326 2161 in

762 2203 912 2250 eum.
955 2205 981 2241 a
1032 2195 1405 2246 consumendo
1456 2210 1583 2246 vero
1618 2195 1828 2249 alienus
1859 2201 2004 2266 est).
2033 2199 2110 2252 sic
2163 2201 2326 2250 etiam

765 2278 1096 2331 illuminatio
1143 2282 1231 2333 illa
1268 2282 1319 2334 in
1363 2283 1643 2336 meliorem
1678 2292 1885 2337 mutata
1922 2295 2025 2350 est,
2055 2301 2216 2353 quam
2262 2288 2331 2339 sit

763 2380 954 2422 nosna
1005 2371 1364 2434 illuminatio;
1401 2384 1594 2440 estque
1630 2374 1873 2427 caelestis
1906 2385 1958 2427 et
1991 2376 2329 2441 inseparabi-

765 2461 854 2524 lis,
891 2473 942 2514 et
991 2464 1166 2516 oculis
1213 2465 1613 2518 immortalibus
1660 2466 1966 2519 immortale
2008 2471 2210 2519 lttznen.
2251 2469 2327 2520 Ad

764 2550 1177 2606 similitudinem
1213 2555 1378 2620 igitur
1423 2556 1841 2610 illuminationis
1894 2573 2118 2624 regnum
2169 2575 2331 2626 para-

767 2651 878 2692 tnm
911 2643 1093 2711 justis.
1127 2653 1208 2698 est
1231 2645 1482 2712 effectum
1516 2655 1568 2700 et
1599 2655 1840 2700 creatum
1870 2661 1906 2698 a
1930 2648 2033 2698 Deo
2063 2648 2330 2708 universi.

765 2735 857 2800 qui
895 2738 1126 2787 mundos
1163 2736 1299 2788 duos
1329 2737 1527 2796 ell‘ecit.
1569 2753 1736 2789 unum
1786 2737 2005 2803 quidem
2061 2740 2203 2788 hunc
2241 2754 2334 2790 no-

767 2839 939 2879 strum
972 2830 1232 2881 caducum
1267 2843 1317 2882 et
1349 2830 1617 2898 fragilem.
1654 2833 1886 2883 alterum
1920 2847 2043 2881 vero
2073 2844 2330 2882 :eternam

767 2921 1017 2981 domum,
1066 2930 1119 2972 et
1158 2921 1433 2974 caelestem
1467 2931 1628 2988 atque
1666 2921 1996 2972 immobilem
2033 2921 2327 2985 civitatem,

765 3018 819 3060 et
864 3019 1124 3061 aternum
1154 3009 1273 3076 ejus
1317 3027 1565 3078 regnum,
1599 3022 1651 3064 et
1687 3011 2052 3066 dominatum.
2090 3021 2142 3065 et
2174 3011 2332 3077 cujus

768 3096 882 3166 ipse
915 3113 1037 3151 vere
1070 3115 1160 3152 rex
1195 3110 1248 3151 et
1276 3101 1533 3152 dominus
1564 3109 1668 3153 est.

1363 3211 1594 3267 CM‘IIT
1628 3212 1716 3264 IX.

771 3324 921 3389 Quod
951 3342 1098 3377 omne
1129 3343 1303 3378 iumen
1333 3327 1438 3378 sive
1476 3328 1687 3384 sensile.
1720 3328 1826 3380 sive
1900 3327 2222 3387 intellnclile.
2278 3343 2344 3380 ex

843 3413 959 3446 rrro
1003 3406 1050 3447 et
1107 3411 1266 3458 supra
1311 3397 1662 3447 substantiam
1714 3398 1913 3449 lumine
1979 3397 2244 3465 refulget:
2293 3408 2343 3450 et

841 3467 977 3533 quod
1000 3466 1171 3516 lumen
1204 3466 1510 3517 intellectile
1550 3465 1684 3517 Deus
1720 3477 1819 3518 est.

845 3558 1067 3623 Magnus
1103 3556 1392 3625 Dionysius
1420 3559 1595 3623 Capite
1630 3557 1804 3623 primo
1838 3557 2074 3610 Caelestis
2112 3557 2344 3610 Hierar-

774 3648 904 3699 enim
934 3662 950 3698 :
987 3644 1172 3708 Omne,
1213 3647 1409 3712 inquit,
1435 3648 1619 3696 (latum
1664 3649 1854 3698 bonum
1881 3657 1927 3698 et
1961 3664 2110 3698 omne
2150 3650 2344 3699 donum

772 3741 1053 3806 perfectum
1080 3741 1358 3791 desursum
1384 3748 1458 3791 est
1509 3739 1823 3791 descendens
1886 3757 1918 3792 a
1988 3740 2149 3792 Patre
2187 3741 2346 3792 Iumi-

774 3846 897 3881 num
922 3831 1009 3882 ⁸⁸⁸.
1052 3829 1156 3882 Sed
1202 3840 1253 3882 et
1295 3832 1474 3881 munis
1514 3833 1788 3882 etnanatio
1817 3831 2039 3883 luminis
2092 3847 2121 3884 a
2187 3831 2344 3884 Patre

772 3922 1187 3990 proﬁciscentis,
1224 3937 1342 3989 qum
1377 3922 1440 3974 ad
1463 3937 1560 3976 nos
1595 3932 1848 3991 tanquam
1897 3924 2098 3975 bonum
2133 3923 2334 3976 donum

772 4014 945 4079 venit,
981 4030 1178 4067 rursus
1233 4024 1491 4082 tanquam
1565 4016 1658 4069 vis-
1697 4016 1944 4082 quaedam
1997 4015 2193 4068 nniliea
2250 4030 2348 4068 nos

774 4120 992 4157 sursum
1023 4106 1282 4168 elevatus,
1314 4108 1590 4174 simplices
1619 4107 1814 4168 reddit,
1865 4117 1919 4159 et
1946 4107 2010 4160 ad
2083 4109 2341 4160 unitatem

777 4197 953 4250 Patris
990 4199 1393 4264 congregantis,
1423 4206 1474 4251 et
1512 4199 1575 4249 ad
1611 4199 2016 4266 simplicitatem
2083 4201 2162 4266 (ι)
2189 4201 2346 4254 deiti-

775 4289 1298 4341 catnconvertitzsi
1354 4290 1574 4357 quidem
1633 4305 1696 4342 ex
1744 4292 1861 4358 ipso
1925 4291 2128 4353 omnia,
2190 4301 2243 4343 et
2297 4293 2346 4345 in

777 4381 975 4446 ipsuin,
1013 4380 1152 4432 sicut
1182 4381 1256 4431 ait
1293 4395 1446 4432 saera
1497 4379 1776 4446 Scriptura
1807 4380 1922 4433 δι”.
1956 4379 2143 4433 Jcsum
2179 4382 2347 4448 igitur

776 4472 1113 4529 invocantes.
1141 4471 1230 4537 qui
1260 4481 1341 4523 est
1367 4471 1548 4522 lumen
1584 4481 1892 4538 paternum.
1929 4471 2111 4524 lumen
2153 4487 2344 4525 verum

771 4563 920 4629 quod
947 4563 1209 4615 illuminat
1232 4578 1447 4615 onmem
1475 4564 1746 4615 hominem
1784 4566 2090 4617 venientem
2129 4565 2181 4617 in
2208 4569 2353 4618 hunc

780 4652 1041 4704 mundqu
1073 4653 1142 4715 ⁸⁸,
1176 4668 1271 4719 per
1302 4667 1465 4720 quem
1494 4653 1782 4706 habuimus
1817 4669 2098 4707 accessum
2144 4653 2208 4704 ad
2249 4652 2350 4705 Pa-

776 4755 914 4797 trem
966 4745 1058 4806 ⁸²⁶,
1116 4746 1443 4811 principium
1487 4745 1730 4810 luminis,
1797 4748 1849 4798 in
1921 4745 2355 4800 illuminationes

776 4833 1097 4890 saurtarum
1137 4837 1547 4904 Scripturarum
1581 4853 1611 4890 a
1641 4838 1894 4892 Patribus
1964 4837 2199 4891 traditas
2257 4854 2355 4905 pro

779 4931 986 4981 viribus
1020 4932 1349 4980 intueamur.
1387 4928 1447 4980 Et
1483 4945 1672 4982 rursus
1699 4930 1841 4982 idem
1879 4945 1995 4997 cap.
2024 4929 2080 4992 '7,
2108 4930 2352 4997 ejusdem

780 5020 1114 5074 Hieran-Irim
1150 5021 1375 5074 cmlestis
1416 5021 1950 5089 :Contemplatricrs
1991 5032 2171 5075 autem
2232 5023 2363 5074 sub—

849 5136 915 5166 "'
943 5135 1060 5191 Jac.
1083 5152 1121 5197 l,
1151 5136 1232 5188 t7.
1308 5135 1566 5188 ""Roin.
1596 5137 1780 5199 “,3'5.
1859 5137 1901 5165 ’τ’
1930 5133 2084 5188 ιΙ-ιθιιο
2110 5151 2145 5197 1.
2174 5134 2224 5188 9-

2432 583 2514 634 vel
2542 597 2723 645 sensu,
2752 585 2832 637 vel
2867 595 3043 638 mente
3067 586 3455 653 percipiantur,
3503 589 3870 654 spectatrices.
3897 603 3994 640 ne-

2431 686 2533 737 quc
2575 672 3325 742 varietatecontemplationis
3360 691 3641 730 sacrarum
3682 677 3994 745 Scriptura—

2435 776 2551 812 rum
2584 762 2647 814 ad
2673 762 2838 814 Deum
2863 764 3101 818 elevatas
3125 784 3138 828 ;
3161 767 3251 819 sed
3281 777 3536 834 tanquam
3597 770 3746 822 omni
3803 769 3996 835 cogni-

2435 850 2581 904 tioue
2609 852 2840 918 simplici
2872 854 3082 906 altioris
3115 855 3338 908 luminis
3366 857 3631 922 expletas.
3664 866 3717 909 et
3746 865 3993 908 contem-

2431 941 2669 1007 platione
2701 943 2845 994 illius
2875 943 3330 1020 pulchritudinis.
3376 961 3497 1014 quae
3548 957 3629 999 est
3652 946 3892 1000 ell'ectrix
3939 954 4014 1000 ει·

2432 1034 2584 1099 origo
2614 1033 3058 1100 pulchritudinis.
3086 1046 3139 1089 et
3160 1053 3283 1104 quae
3303 1053 3463 1105 supra
3483 1040 3844 1091 substantiam
3883 1051 3989 1103 est,

2433 1129 2486 1171 et
2517 1122 2568 1172 in
2596 1122 2764 1174 tribus
2798 1123 3063 1189 splendet.
3123 1135 3392 1190 quatenus
3443 1125 3526 1178 las
3584 1137 3688 1188 est,
3741 1127 3994 1188 refertas.

2432 1210 2833 1264 cuminuuionis
2864 1228 2993 1264 vero
3022 1211 3148 1267 Jesu
3178 1215 3435 1267 similiter
3491 1216 3782 1283 participes
3823 1217 4017 1269 lactes

2435 1313 2540 1349 non
2573 1301 2623 1349 in
2662 1301 2990 1368 imaginibus
3016 1313 3202 1356 sancte
3256 1304 3582 1363 informatis.
3648 1319 3769 1372 qute
3829 1306 3995 1356 veluti

2435 1389 2618 1442 formze
2655 1390 2705 1440 iit
2765 1392 2842 1443 eis
2877 1391 3124 1445 deiﬁcam
3182 1395 3591 1447 similitudinem
3662 1395 3996 1461 exprimant.

2433 1478 2525 1528 sed
2555 1485 2812 1544 tanquam
2843 1481 3062 1532 vere'ad
3091 1495 3215 1534 eum
3275 1483 3776 1550 appropinquantes
3800 1484 3850 1535 in
3880 1485 4019 1550 ipsas

2437 1568 2606 1633 prima
2655 1569 3069 1636 participatione
3140 1572 3472 1640 cognitionis
3536 1573 3797 1629 luminum
3855 1573 3997 1639 ejus,

2435 1672 2553 1722 qua:
2584 1656 2774 1710 tleiiica
2806 1667 2958 1722 sunt,
2990 1668 3099 1712 etc.
3133 1661 3210 1715 Ac
3233 1676 3422 1715 rursus
3452 1661 3592 1714 idem
3647 1676 3768 1727 cap.
3806 1663 3861 1723 4,
3926 1661 4006 1714 οε

2435 1744 2622 1798 divinis
2647 1746 2942 1799 nominibus
2971 1764 2989 1801 .'
3020 1748 3176 1803 Nunc
3213 1759 3393 1803 autem
3453 1751 3838 1803 celebrandum
3890 1765 3993 1801 no-

2442 1833 2524 1885 bis
2592 1834 2846 1887 laudibus
2885 1842 2966 1888 est
3007 1851 3203 1889 nomen
3271 1835 3517 1899 luminis,
3567 1852 3677 1905 quo
3724 1852 3999 1890 summum

2437 1925 2634 1978 bonum
2667 1925 3020 1988 nominatur;
3047 1941 3326 1980 summum
3355 1929 3500 1980 enim
3534 1928 3736 1980 bonum
3800 1929 4002 1980 dicitur

2435 2015 2616 2066 lumen
2644 2015 2973 2076 intellecttle.
3007 2016 3132 2083 quia
3159 2030 3377 2068 omnem
3421 2028 3657 2071 mentem
3719 2033 4004 2086 supraem-

2435 2104 2625 2157 lestem
2674 2104 2860 2173 implet
2925 2107 3128 2160 lumine
3181 2106 3520 2170 intellectili;
3556 2122 3768 2160 omnem
3820 2119 4000 2160 autem

2437 2195 2795 2262 ignorantiam
2826 2203 2878 2247 et
2909 2209 3154 2249 errorem
3191 2210 3258 2249 ex
3285 2196 3538 2250 omnibus
3571 2197 3787 2252 animis.
3822 2198 4004 2264 inqui-

2439 2282 2539 2335 bus
2564 2293 2668 2346 est,
2722 2284 2894 2347 ejieit,
2921 2294 2976 2337 et
3031 2284 3161 2352 ipsis
3206 2285 3460 2338 omnibus
3513 2286 3694 2338 lumen
3753 2298 4001 2341 sanctnn;

2439 2374 2701 2439 impertit.
2746 2389 3046 2442 earumque
3091 2375 3279 2428 oculos
3337 2377 3532 2428 mentis
3593 2390 3631 2431 a.
3654 2375 3880 2444 caligine
3935 2393 4001 2430 ex

2440 2463 2744 2531 ignorantia
2767 2465 3094 2518 circumfusa
3118 2475 3387 2534 repurgat
3417 2478 3469 2519 et
3495 2467 3686 2519 liberat
3715 2485 3728 2529 ;
3757 2475 3811 2519 et
3845 2469 3999 2520 esci-

2440 2561 2514 2608 tat
2545 2563 2707 2620 atque
2748 2554 2923 2620 aperit
2955 2555 3118 2606 multa
3158 2557 3426 2622 gravitate
3454 2556 3806 2608 tenebrarum
3853 2571 4006 2608 COIII-

2436 2657 2652 2709 pressos
2680 2651 2732 2694 et
2756 2644 2992 2706 clausos,
3043 2644 3243 2711 datque
3299 2647 3532 2712 primum
3590 2645 3809 2713 quidem
3889 2661 4003 2695 tne-

2441 2736 2678 2786 diocrem
2740 2735 3103 2802 splendorem,
3159 2733 3353 2787 deinde
3404 2743 3660 2803 tanquam
3719 2735 4005 2802 degustato

2442 2825 2669 2887 lumine,
2704 2836 2752 2878 ct
2799 2826 3098 2895 oculisj'am
3169 2827 3341 2895 magis
3389 2838 3511 2894 post
3571 2829 4003 2897 di-gustationcm

2440 2917 2621 2970 lumen
2657 2920 3063 2985 appeti-.ntibus.
3111 2919 3283 2983 magis
3331 2919 3672 2985 scimpsrtit,
3725 2927 3778 2971 et
3823 2921 4007 2984 copio-

2440 3009 2556 3062 sius
2590 3009 2782 3076 l'ulget,
2815 3009 2942 3078 quia
2997 3009 3303 3062 dilexerunt
3361 3010 3623 3073 multum;
3679 3025 3741 3064 ac
3793 3025 4008 3078 semper

2365 3092 2410 3153 C
2444 3114 2535 3152 eas
2563 3100 2788 3153 ulterius
2818 3102 3067 3168 provehit
3098 3103 3450 3170 proportione
3490 3101 3660 3154 studii
3690 3116 3880 3152 earum
3939 3102 4005 3153 ad

2446 3191 2816 3258 aspiciendum
2847 3207 3088 3246 sursum.
3135 3191 3340 3246 Lumen
3375 3192 3542 3259 igitur
3569 3191 3877 3245 intellectile
3922 3194 4006 3243 di-

2445 3283 2588 3334 citur
2617 3283 2745 3334 illud
2787 3284 3011 3348 bonum,
3047 3284 3190 3352 quod
3241 3293 3324 3337 est
3381 3299 3541 3351 supra
3595 3299 3757 3338 omne
3800 3285 4009 3347 lutnen.

2447 3383 2702 3441 tanquam
2726 3374 2845 3426 fons
2865 3375 3165 3439 radiorum,
3188 3386 3237 3428 et
3256 3374 3448 3428 elIusio
3470 3375 3691 3428 luminis
3732 3376 4012 3429 inundans

2447 3481 2662 3518 onmem
2695 3476 2925 3519 mentem
2974 3450 3473 3534 supramundanam
3539 3465 3615 3533 (‘2)
3677 3476 3726 3519 et
3780 3468 4015 3519 circum-

2447 3560 2802 3623 mnnzlanam,
2824 3569 2874 3611 et
2902 3561 3253 3617 mundanam.
3283 3574 3345 3610 ex
3388 3558 3722 3624 plenitudine
3754 3573 3852 3610 sua
3886 3558 4013 3610 illit-

2449 3653 2688 3714 minans.
2721 3659 2773 3703 et
2808 3658 2954 3702 tutas
2998 3664 3184 3702 earum
3217 3649 3500 3702 facultates
3548 3647 3881 3717 intelligendi
3930 3662 4016 3700 rc—

2449 3757 2680 3804 novaus,
2702 3750 2753 3793 et
2775 3755 2964 3794 onmes
3005 3740 3314 3801 continens,
3358 3746 3630 3806 quatenus
3679 3752 3841 3804 supra
3899 3752 4019 3790 om-

2452 3847 2548 3884 nes
2614 3830 2894 3891 tenditur;
2963 3828 3286 3880 etonmibus
3342 3827 3695 3887 antecellens.
3745 3838 4016 3894 quatenus

2449 3936 2614 3989 supra
2647 3935 2838 3973 omnes
2869 3927 2997 3982 stat,
3037 3928 3090 3970 et
3125 3918 3368 3970 utsemel
3396 3918 3593 3982 dicam,
3624 3933 3838 3970 omnem
3866 3920 4017 3985 prin-

2449 4014 2685 4081 cipatum
2747 4011 3080 4063 illuminandi
3145 4018 3399 4076 tanquam
3463 4009 3713 4076 princeps
3772 4008 4016 4070 luminis.

2448 4114 2501 4158 et
2533 4119 2694 4172 supra
2728 4118 2889 4170 quam
2940 4103 3147 4165 ltnnen,
3221 4101 3271 4163 in
3300 4116 3358 4154 se
3413 4101 3862 4165 comprehensum
3928 4099 4023 4149 ba-

2452 4197 2564 4258 bet,
2623 4206 2674 4248 et
2734 4210 2894 4261 supra
2947 4208 3110 4262 quam
3171 4192 3328 4245 liabet
3389 4201 3443 4245 et
3513 4191 3818 4260 praababet;
3863 4199 4024 4259 atque

2451 4289 2633 4343 omnia
2671 4289 2879 4341 ratione
2920 4297 2970 4339 et
3005 4297 3185 4338 mente
3229 4286 3430 4336 utentia
3479 4293 3792 4350 congregat,
3837 4291 3891 4335 et
3969 4284 4022 4335 in

2455 4396 2620 4432 unum
2659 4378 2912 4446 C0plll.ll;
2953 4377 3149 4430 ctenim
3224 4375 3376 4428 sicut
3446 4375 3761 4441 ignorantia
3832 4387 4024 4425 erran-

2454 4482 2534 4526 tes
2620 4471 2864 4531 diriinit.
2931 4469 3009 4521 sic
3087 4468 3350 4520 adventus
3434 4465 3658 4518 luminis
3733 4472 4027 4531 congregat

2449 4572 2504 4617 et
2541 4562 2756 4630 copulat
2807 4560 3156 4620 illuminatos.
3200 4556 3514 4626 pet‘licitque
3573 4570 3686 4618 eos.
3742 4566 3813 4623 et_
3845 4556 3909 4607 ad
3973 4555 4025 4607 id

2449 4655 2590 4723 quod
2654 4651 2939 4716 vere'cst,
3001 4658 3292 4711 convertit,
3348 4662 3377 4700 a
3457 4647 3660 4700 multis
3699 4647 4025 4713 opinationi-

2463 4746 2564 4797 bus
2597 4758 2689 4796 eos
2721 4755 3001 4800 revocans.
3030 4755 3096 4792 ac
3123 4741 3312 4792 varios
3361 4747 3637 4806 aspectus,
3675 4738 3754 4789 vel
3813 4746 3872 4788 nt
3907 4752 4027 4788 ma-

2461 4839 2543 4905 gis
2578 4835 2790 4903 proprie
2831 4835 3028 4897 dicam,
3095 4834 3248 4886 varia
3284 4833 3397 4886 visa
3461 4833 3513 4886 in
3555 4847 3714 4885 uuam
3759 4847 3938 4883 veram
3977 4839 4030 4884 et

2463 4942 2650 4996 puram
2710 4940 2777 4979 ac
2826 4925 3123 4994 simplicem
3183 4924 3549 4993 cogn'tionem
3616 4923 3913 4981 contrahit,
3976 4929 4030 4974 et

2470 5021 2798 5072 nnoluminc
2826 5019 3025 5072 unilico
3058 5017 3265 5085 implet.
3311 5013 3424 5069 lmo
3451 5025 3503 5069 et
3523 5014 3820 5083 Gregorius
3849 5013 4029 5067 Τυρο-

2302 5135 2584 5201 “'pres.
2606 5151 2662 5200 tt,
2693 5135 2755 5189 13
2782 5153 2796 5200 ;
2827 5134 2980 5188 Rom.
3014 5149 3064 5197 ν,
3093 5132 3146 5187 2.

2266 5228 2547 5292 Schoba.

851 5334 925 5394 (li
971 5331 1083 5403 lloc
1113 5336 1551 5403 rontingit.cum
1603 5351 1793 5389 sumus
1846 5333 2036 5403 eodem
2075 5346 2251 5403 sensu
2295 5341 2349 5403 c_t

784 5401 1078 5462 stuttcn‘ia.
1136 5407 1275 5459 sic-nt
1311 5400 1622 5474 iiApostulus
1669 5405 1912 5471 przeiipit
1961 5401 1998 5466 (I
2060 5400 2287 5474 Cor.r_t._
2325 5401 2340 5451 Ι

784 5484 997 5540 sequ;
1055 5477 1197 5537 qttol
1251 5471 1466 5539 quitum
1525 5494 1617 5542 per
1666 5475 2133 5540 partiripationem
2180 5471 2348 5542 divini

785 5539 1016 5611 luminis
1051 5547 1127 5605 lit,
1177 5539 1543 5611 impleturdtte
1595 5539 1720 5596 illud
1758 5546 1809 5596 itt
1848 5542 2141 5605 I‘Jvangi-lio
2181 5539 2351 5591 Joan-

787 5615 920 5666 n‘s:
979 5610 1044 5665 Ut
1088 5628 1138 5668 rt
1176 5610 1274 5682 ipsi
1327 5619 1378 5670 in
1432 5617 1586 5669 nobis
1621 5631 1787 5668 uanm
1841 5615 1950 5666 sint
1991 5611 2169 5679 (Joun.
2221 5627 2350 5673 xvu,

784 5683 868 5719 m‘.

858 5711 932 5825 (ἐ)
965 5756 1198 5827 Angelos
1247 5756 1671 5813 ςλιὶυῖιςηιίυϊρδ
1692 5754 1823 5810 dicit
1875 5752 2199 5808 asiu'mtes
2242 5748 2349 5803 Deo

2460 5331 2624 5400 (Dan.
2646 5343 2764 5393 \‘lll,
2789 5343 2840 5384 et
2860 5332 3080 5397 angelos
3098 5329 3360 5382 obeuntes
3379 5329 3688 5400 ministeria
3703 5328 3842 5400 circa
3866 5327 4035 5377 homi-

2462 5396 2554 5455 ites
2594 5406 2643 5453 in
2681 5403 3040 5462 ltucmuudo;
3079 5401 3142 5452 ad
3174 5401 3268 5452 bos
3304 5401 3530 5466 pertinet
3564 5399 3692 5450 illttd
3726 5398 3775 5449 in
3813 5396 4028 5450 Denter.

2463 5488 2607 5524 xxxii
2640 5489 2652 5521 :
2682 5471 2973 5524 Constituit
3011 5471 3271 5529 tertnitms
3299 5469 3708 5536 gentiumjuxta
3747 5482 4032 5536 numerum

2461 5543 2776 5606 angelorum
2803 5541 2912 5593 Dei.
2937 5542 2999 5592 Et
3023 5542 3072 5590 in
3112 5539 3357 5604 Evaugcl.
3384 5539 3592 5605 (.llattlr.
3635 5535 3786 5603 svnt)
3814 5553 3826 5589 :
3852 5536 4035 5601 Angeli

2461 5629 2648 5664 eorum
2699 5627 2914 5678 semper
2969 5611 3150 5662 vident
3195 5609 3388 5660 fattiem
3447 5608 3658 5670 Patris;
3713 5617 3762 5660 ct
3799 5606 4038 5669 animas,

2462 5698 2598 5750 quas
2637 5682 2942 5735 mundanas
2981 5687 3191 5734 tuentes
3223 5688 3400 5732 vocat.
