4416 6448
371 402 471 471 861
1004 408 1244 471 DECAS
1286 411 1385 471 VI.
1430 437 1496 448 -
1530 410 1626 469 DE
1652 407 2299 468 APPARI'FIONIBUS
2336 410 2576 472 DIVlNl
2609 410 2955 471 LUMlNlS.
3486 401 3606 464 δεῖ

371 522 549 587 logus.
592 515 832 573 Eterttis
865 519 1082 587 quidem
1125 521 1262 586 ipse,
1304 522 1497 587 inquit.
1553 522 1692 574 Deus
1711 530 1789 573 est
1840 521 1921 571 lu—
1952 522 1994 573 Α
2025 528 2135 569 tum
2168 519 2434 575 bonorum
2474 523 2550 590 (Ι)
2596 522 2982 574 immutabilem
3032 518 3197 570 don'tt
3240 517 3433 579 dgnis.
3499 516 3577 567 Ex

372 619 596 671 men,et
624 594 729 662 non
762 609 1073 672 alius.0uid
1133 612 1276 663 enim
1307 626 1443 679 opus
1508 620 1627 664 erat
1685 607 1927 664 secundo
2028 606 2225 673 quibus
2288 608 2345 658 tit
2407 607 2781 668 manifestum.
2830 608 2972 673 quod
3027 619 3186 657 omne
3236 602 3414 655 lumen
3468 605 3584 655 sive

372 698 576 751 lumine
605 699 671 751 iis
709 700 801 767 qui
832 701 1131 753 maximum
1191 700 1431 756 habent?
1454 734 1457 738 ›
1484 701 1551 754 iis
1601 708 1782 752 autent
1832 695 1924 766 qui
2027 697 2249 757 sensile,
2273 696 2387 748 sive
2420 696 2727 749 intellectile
2763 712 2826 748 ex
2865 712 2994 748 vero
3024 704 3077 748 et
3110 709 3272 760 supra
3322 693 3592 744 substan-

370 797 500 842 sunt
557 786 721 849 inira.
749 797 803 841 et
841 789 1044 842 circum
1082 804 1205 853 nos,
1231 790 1457 856 primam
1488 790 1650 856 hujus
1708 788 1928 840 luminis
2029 784 2154 837 tiam
2191 786 2394 837 lumine
2416 784 2646 853 rclulget
2678 803 2691 839 :
2727 794 2779 838 et
2810 785 2951 852 quod
2979 787 3118 839 Deus
3142 785 3346 837 dicitur
3390 782 3575 833 lumen

369 878 477 928 vim
500 876 758 938 eliulgere
793 874 941 930 facit.
979 876 1188 932 Rursus
1260 878 1401 932 idem
1452 878 1505 931 in
1558 878 1800 931 secundo
1855 875 1930 929 De
2030 875 2359 936 iutellectile.
2411 875 2537 942 quia
2595 890 2658 929 es
2716 875 3052 944 plenitudine
3100 888 3194 927 sua
3279 872 3594 924 universum

371 965 630 1038 theologia
662 967 799 1019 libro
830 983 845 1020 :
889 966 1193 1032 Quantum.
1218 969 1414 1037 inquit.
1448 980 1528 1022 est
1563 968 1693 1021 illud
1722 970 1928 1030 lumen,
2031 964 2287 1016 mundum
2313 964 2380 1017 ab
2412 963 2722 1030 ignorantia
2745 964 3086 1025 abstraltcus,
3130 963 3194 1015 ad
3221 962 3593 1029 cognitionem

372 1054 418 1107 si
454 1054 558 1106 hoc
601 1054 1001 1108 considerasti?
1048 1054 1161 1109 Hoc
1209 1059 1288 1109 sol
1318 1065 1402 1110 est
1428 1058 1481 1110 in
1508 1056 1575 1109 iis
1621 1071 1742 1125 quae
1767 1071 1930 1110 sensu
2032 1052 2115 1105 sui
2142 1053 2429 1114 convertit.
2460 1063 2516 1107 et
2548 1069 2656 1107 uno
2689 1054 2892 1106 lumine
2911 1054 3108 1106 uniliro
3136 1052 3343 1119 implet.
3372 1051 3600 1103 demon-

376 1143 771 1212 percipiuntnr,
827 1144 973 1211 quod
1027 1153 1111 1198 cst
1159 1145 1248 1199 ille
1314 1147 1369 1198 in
1417 1144 1485 1199 iis
1538 1161 1662 1215 quae
1701 1144 1801 1199 sub
1853 1147 1934 1199 in-
2034 1150 2262 1196 stratum
2298 1142 2498 1211 alioqui
2532 1152 2638 1205 est.
2672 1144 2815 1212 quod
2847 1158 2940 1212 per
2970 1157 3129 1195 omne
3152 1138 3598 1208 lumen.etqund

372 1234 722 1303 telligentiam
752 1234 979 1295 cadunt.
1013 1234 1154 1288 dixit
1187 1235 1410 1302 quidam
1449 1249 1514 1288 ex
1549 1235 1775 1289 exteris.
1840 1233 1933 1288 Sol
2032 1233 2371 1296 cernitur,et
2411 1234 2552 1302 quod
2615 1234 2976 1300 deprecamur
3036 1232 3236 1300 signari
3290 1247 3451 1299 super
3505 1244 3604 1282 nos

371 1324 518 1378 enim
542 1333 819 1390 aspectum
853 1324 1142 1389 illuminat,
1174 1323 1315 1377 sicut
1340 1324 1435 1378 ille
1498 1337 1775 1388 mentem;
1838 1327 1922 1397 sql
2034 1338 2100 1375 ex
2141 1322 2319 1375 divina
2358 1321 2495 1376 facie
2526 1321 2777 1385 Domini,
2829 1322 2894 1375 ad
2950 1322 3093 1375 aliud
3152 1322 3335 1374 lumen
3387 1318 3602 1373 intullc-

372 1424 459 1468 est
498 1413 898 1480 pulcherrimus
922 1428 988 1467 ex
1021 1414 1277 1467 omnibus
1302 1428 1424 1482 quae
1469 1423 1791 1476 cernuntur,
1855 1417 1934 1470 si-
1979 1428 1983 1434 '
2034 1410 2163 1464 ctile
2190 1419 2245 1464 et
2275 1410 2613 1463 inaccessum
2647 1410 2790 1475 quod
2826 1412 2878 1462 in
2916 1408 3093 1466 Patre.
3118 1417 3172 1460 et
3204 1406 3363 1463 Filio.
3405 1402 3601 1471 etSpi-

372 1512 463 1556 cut
501 1500 591 1554 ille
625 1515 689 1554 ex
721 1502 977 1555 omnibus
1002 1517 1123 1570 qua:
1181 1502 1579 1571 intelliguntur.
1624 1502 1687 1557 Et
1734 1500 1929 1557 beatus
2036 1498 2143 1551 ritu
2171 1507 2363 1552 sancto
2391 1498 2851 1565 contemplamur,
2886 1498 3228 1557 adducimur,
3254 1504 3311 1547 ut
3346 1496 3449 1558 iam
3494 1507 3593 1559 per

372 1578 844 1661 Cbrysostomus:
874 1593 1190 1661 Splendeat,
1245 1593 1443 1659 inquit,
1474 1595 1632 1648 nobis
1683 1604 1938 1663 peccato-

376 1680 527 1733 ribus
556 1678 733 1732 lutnen
758 1692 907 1733 tuum
939 1690 1199 1734 aeternum
1232 1700 1245 1745 ;
1290 1682 1471 1735 lumen
1506 1692 1768 1736 internum
1820 1698 1940 1735 om-

374 1768 505 1820 nino
536 1768 778 1836 intelligo
804 1769 1065 1839 Spiritum
1096 1780 1367 1834 sanctum,
1414 1773 1505 1840 qui
1556 1773 1827 1826 illuminat
1886 1783 1939 1825 et

375 1859 685 1912 sanctiﬁcat
717 1861 932 1913 animas
966 1870 1209 1923 nostras,
1240 1862 1436 1929 dequo
1457 1862 1751 1930 Apostolus
1788 1881 1799 1916 :
1834 1865 1939 1916 Mi—
1974 1843 2014 1897 Β

375 1948 470 2009 sit,
504 1950 698 2017 inquit.
736 1948 869 2002 Deus
894 1947 1152 2017 Spiritum
1186 1949 1314 2005 Filii
1345 1952 1427 2005 sui
1456 1952 1508 2002 in
1541 1952 1697 2003 corda
1732 1962 1937 2016 nostra,

375 2040 582 2095 scilicet
616 2042 681 2095 ad
720 2041 1135 2119 illuminandum
1168 2057 1229 2096 ea
1248 2042 1369 2107 “‘°;
1403 2058 1561 2111 quem
1593 2044 1819 2113 gratiam
1848 2042 1941 2098 Dei

376 2143 539 2187 vocat
571 2150 584 2185 :
621 2132 749 2185 Dico
788 2144 985 2194 autem,
1018 2134 1216 2202 inquit.
1255 2151 1346 2201 per
1395 2135 1621 2202 gratiam
1677 2133 1774 2186 Dei
1828 2150 1943 2203 qua:

375 2224 505 2275 data
536 2233 611 2275 est
644 2223 791 2286 mihi.
826 2224 1063 2277 omnibus
1082 2224 1170 2292 qui
1201 2235 1321 2277 sunt
1347 2226 1483 2278 inter
1535 2241 1644 2285 nos,
1666 2241 1765 2276 non
1823 2225 1941 2292 plus

376 2327 579 2379 sapere,
624 2329 783 2381 quam
822 2324 1021 2380 oportet
1063 2330 1264 2381 sapere,
1321 2314 1410 2368 sed
1441 2330 1622 2382 sapere
1639 2316 1707 2366 ad
1749 2314 1943 2366 sobrie-

378 2410 539 2455 tatem
567 2403 633 2456 ".
662 2403 734 2456 De
766 2417 875 2470 quo
891 2404 1053 2457 etiam
1087 2407 1343 2473 prOpIieta
1378 2404 1539 2459 David
1567 2406 1732 2459 dixit:
1767 2404 1940 2456 Emit-

378 2503 428 2546 te
458 2492 622 2546 lucem
651 2505 817 2558 tuam,
852 2480 899 2549 et
927 2496 1191 2549 ueritatem
1221 2508 1365 2549 tuam
1393 2497 1458 2559 “,
1511 2509 1566 2551 et
1601 2496 1685 2550 ειη
1748 2497 1944 2551 lumine

378 2595 469 2641 tuo
483 2587 771 2641 videbimus
790 2588 1031 2641 lumen".
1055 2588 1259 2642 Lumen
1277 2592 1419 2641 enim
1440 2587 1733 2653 estFilius,
1760 2590 1944 2644 lumen
1974 2632 1980 2639 .

377 2689 459 2734 est
485 2672 720 2746 Spiritus
749 2689 994 2743 sanctus,
1033 2677 1213 2732 lumen
1242 2690 1326 2733 est
1376 2678 1556 2733 Pater.
1600 2679 1742 2746 Quin
1779 2682 1943 2735 etiam

380 2769 435 2822 in
471 2768 809 2834 quotidianis
857 2769 1307 2837 precationibus:
1373 2768 1610 2831 Christe.
1666 2770 1942 2839 inquiunt,

380 2860 562 2912 lumen
588 2876 798 2921 verum,
827 2860 918 2928 qui
950 2860 1014 2912 ad
1076 2861 1490 2913 illutninaudum
1524 2876 1740 2915 omnem
1772 2863 1948 2916 Inomi-

378 2965 504 3004 nem
531 2951 582 3003 in
626 2952 886 3003 mundum
911 2951 1106 3005 venisti
1153 2950 1223 3015 ⁸⁸,
1258 2952 1501 3021 signetur
1529 2967 1695 3021 super
1732 2967 1828 3006 nos
1861 2953 1946 3006 lu-

378 3057 503 3095 nn-n
537 3042 775 3095 vultus"
807 3042 904 3107 tui,
939 3051 998 3095 ut
1024 3040 1077 3096 in
1103 3056 1168 3095 eo
1190 3042 1470 3098 videamus
1501 3044 1679 3097 lumen
1704 3044 1947 3099 inacccs-

2040 1588 2242 1641 lumina
2296 1602 2415 1654 qua:
2463 1589 2740 1651 videntur,
2820 1598 2872 1642 et
2908 1602 3029 1655 qua:
3082 1585 3479 1650 intelliguntur.
3536 1582 3603 1634 ad

2040 1691 2201 1728 unam
2228 1676 2611 1742 cogitationem
2647 1691 2990 1735 revocemur,
3029 1689 3192 1741 supra
3221 1687 3383 1726 omne
3423 1673 3604 1723 lumen

2044 1772 2095 1819 et
2126 1779 2340 1818 onmem
2364 1765 2774 1835 intelligentiam
2809 1780 2928 1818 esse
2978 1765 3168 1819 Deum.

2674 1856 2901 1911 CAPUT
2930 1857 2997 1912 Χ.

2049 1946 2201 2013 Quod
2227 1947 2430 1999 divinus
2454 1945 2677 2016 Moyses,
2700 1958 2746 2000 et
2765 1951 2810 2000 ei
2830 1949 3023 2001 similes
3052 1950 3227 2001 omnin
3270 1949 3318 1998 lu
3332 1949 3470 1997 mina
3528 1950 3609 1995 si-

2116 2032 2170 2068 ve
2200 2017 2294 2067 sub
2340 2032 2548 2069 sensum
2607 2019 2871 2080 cadentia,
2903 2034 3007 2070 stre
3063 2021 3154 2070 sub
3210 2018 3610 2085 intelligentiam

2115 2085 2554 2151 relinquentes,in
2583 2087 2859 2153 caliginem
2905 2088 3383 2153 splendidissimum
3439 2088 3614 2152 ingre-

2114 2155 2352 2215 diuntur.
2386 2157 2436 2207 in
2454 2172 2613 2207 unum
2657 2173 2772 2207 cum
2820 2156 3030 2219 inﬁnito
3076 2157 3177 2209 Deo
3207 2172 3296 2224 per
3356 2156 3612 2224 ignoran-

2120 2225 2249 2275 tiam
2276 2238 2322 2277 et
2358 2225 2489 2277 nihil
2516 2225 2737 2277 videndo
2775 2224 3029 2291 copulati.

2115 2313 2339 2383 Magnus
2366 2313 2677 2388 Dionysius.
2712 2317 2764 2368 iu
2792 2317 2931 2368 libro
2973 2315 3043 2368 De
3064 2316 3282 2385 mystica
3329 2316 3613 2383 theologia,

2044 2422 2164 2474 cap.
2198 2408 2417 2475 primo:
2460 2406 2551 2460 Sic
2577 2407 2762 2476 igitur,
2828 2409 3022 2475 inquit.
3048 2408 3267 2461 divinus
3326 2407 3617 2460 Bai-tholo-

2046 2517 2214 2555 nitens
2240 2500 2396 2559 dixit.
2451 2499 2676 2552 multam
2706 2511 2826 2553 esse
2897 2498 3247 2565 theologiam.
3309 2508 3360 2552 et
3404 2501 3619 2567 pertexi-

2046 2608 2235 2663 guam;
2268 2599 2322 2644 et
2354 2590 2706 2659 Evangelium
2740 2604 2857 2643 esse
2921 2588 3088 2641 lutum
3122 2600 3174 2642 et
3226 2605 3505 2659 magnum,
3564 2601 3619 2642 et

2049 2696 2238 2735 rursus
2274 2722 2291 2749 ,
2345 2680 2619 2733 concisum
2670 2694 2788 2733 esse
2831 2678 2960 2732 illud
3016 2679 3201 2732 divino
3260 2680 3472 2748 ingcnio
3511 2696 3529 2746 ;
3565 2691 3623 2733 ut

2047 2772 2178 2826 mihi
2202 2772 2433 2834 videtur,
2463 2771 2754 2833 intellexit,
2775 2772 2917 2839 quod
2955 2771 3092 2824 bona
3124 2773 3370 2823 omnium
3431 2786 3623 2823 rerum

2046 2879 2208 2919 causa
2235 2874 2311 2916 e5t
2343 2862 2560 2933 quidem
2590 2861 2795 2931 copiosi
2828 2862 3112 2924 sermonis,
3140 2870 3192 2914 et
3235 2862 3397 2915 simul
3436 2862 3618 2914 lnevis

2046 2970 2110 3008 ac
2151 2954 2351 3008 nullius
2379 2954 2677 3013 sermonis.
2704 2962 2890 3022 utpote
2923 2968 3043 3020 qua:
3095 2966 3272 3019 neque
3326 2952 3455 3014 diri,
3518 2968 3617 3004 nnc

2047 3046 2266 3115 intelligi
2301 3056 2485 3115 queat,
2516 3046 2643 3115 quia
2674 3046 2945 3100 universis
2987 3045 3183 3099 creatis
3213 3045 3428 3097 cxrcllit
3464 3059 3625 3111 supra

381 3149 527 3196 sum.
558 3145 609 3184 et
641 3133 819 3184 lumen
855 3134 1033 3187 laetum
1059 3142 1262 3187 sanctae
1292 3134 1474 3203 gloria:
1497 3136 1817 3189 immortalis
1839 3134 1945 3189 Pa—
1975 3167 2018 3224 ο
2051 3140 2445 3202 substantiam;
2490 3148 2542 3192 et
2578 3138 2703 3207 quia
2739 3137 2851 3189 sola
2890 3138 3009 3191 sine
3041 3137 3404 3203 operimentis
3424 3146 3476 3189 et
3533 3151 3629 3187 ve—

385 3227 504 3285 tris.
524 3224 762 3279 cmlestis
781 3223 1037 3291 Spiritus,
1054 3223 1197 3277 beati
1213 3222 1364 3277 lesu.
1385 3222 1521 3277 Cum
1548 3236 1765 3278 ventum
1783 3235 1863 3278 est
1881 3226 1947 3279 ad

381 3330 636 3370 occasum
656 3315 809 3376 solis.
835 3314 951 3369 viso
971 3314 1175 3368 lumine
1194 3300 1524 3383 vespertino.
1552 3314 1833 3369 laudamus
1853 3315 1953 3370 Pa-

382 3417 543 3466 trem.
575 3414 629 3459 et
647 3404 867 3468 Filium,
886 3414 939 3458 et
954 3406 1215 3474 Spiritum
1244 3417 1513 3461 sanctum.
1533 3407 1597 3460 Et
1623 3409 1836 3463 divinus
1857 3407 1953 3460 Du-

381 3513 694 3559 tnascenus.
711 3499 761 3550 in
776 3498 1132 3563 carminibus,
1148 3496 1375 3561 Lumen,
1392 3500 1951 3567 inquit,immutabile,

388 3570 627 3642 Verbum
662 3586 1077 3641 luminisl’atris
1107 3586 1331 3655 ingeniti
1359 3588 1411 3641 in
1439 3588 1641 3642 lumine
1671 3596 1764 3641 tuo
1797 3589 1953 3641 hodie

386 3678 504 3731 viso
553 3678 606 3731 in
633 3675 874 3742 Tliabor,
911 3677 1097 3731 lumen
1148 3678 1385 3733 vidimus
1423 3679 1634 3733 Patrem
1665 3680 1868 3743 lumen,
1900 3691 1954 3737 et

382 3769 669 3837 Spiritum,
726 3768 1121 3823 illuminantem
1188 3786 1403 3825 omnem
1453 3781 1785 3826 creaturam.
1839 3776 1952 3827 llllO

379 3872 439 3915 ct
468 3859 764 3930 Gregorius
792 3859 1139 3931 Tlteologus'.
1173 3861 1229 3915 ln
1272 3863 1497 3927 lumine.
1539 3865 1734 3934 inquit.
1765 3864 1953 3918 Domi-

385 3951 441 4005 ni
467 3952 587 4005 vide
617 3951 796 4004 lumen
832 3968 846 4004 :
873 3952 926 4004 itt
959 3951 1171 4021 Spiritu
1204 3952 1295 4005 Dci
1328 3950 1527 4007 Filium
1592 3957 1951 4023 amplectere.

387 4042 569 4095 lumen
594 4041 794 4120 trinum
819 4052 871 4095 et
919 4042 1271 4110 impartibile.
1313 4042 1378 4097 Et
1416 4054 1644 4100 sanctus
1684 4046 1954 4103 Maximus

387 4133 441 4185 in
467 4131 788 4200 Theologicis
814 4131 921 4200 (a):
947 4131 1175 4195 Lumen,
1197 4134 1393 4203 inquit,
1422 4136 1642 4201 dicitur,
1665 4147 1717 4191 et
1739 4149 1864 4196 \'ll'.l,
1902 4152 1956 4195 et

388 4226 744 4287 resurrectio,
779 4231 832 4278 et
856 4225 1080 4286 veritas.
1113 4225 1295 4279 lumen
1327 4227 1548 4295 quidem
1575 4238 1633 4282 ut
1695 4231 1954 4297 splendor

385 4316 712 4375 animarum.
749 4324 871 4368 etut
897 4320 1243 4369 tenebrarum
1280 4317 1599 4385 ignorantiae
1673 4324 1950 4390 eXpulsur,

384 4419 435 4459 et
472 4421 527 4460 ut
558 4407 871 4460 illtnninans
913 4418 1148 4462 montem
1183 4412 1247 4462 ad
1280 4410 1690 4481 intelligendum
1728 4430 1949 4476 arcana,

2061 3247 2116 3286 re
2140 3232 2444 3289 ostenditur
2468 3230 2534 3284 iis
2559 3230 2651 3297 qui
2688 3238 2885 3283 cuncta
2923 3240 3046 3297 quae
3090 3228 3325 3295 impura,
3398 3241 3629 3294 qumque

2058 3339 2192 3394 pura
2223 3332 2371 3385 sunt,
2396 3330 2778 3391 pertranseunt
2803 3340 2815 3384 ;
2845 3329 2896 3373 et
2924 3322 3014 3389 qui
3054 3333 3269 3372 onmem
3320 3335 3618 3372 ascensum

2058 3416 2123 3469 ad
2154 3429 2215 3467 ea
2249 3430 2368 3481 qu=e
2399 3421 2546 3477 sunt,
2581 3424 2770 3467 sancta
2803 3422 2856 3467 et
2912 3426 3148 3471 summa.
3210 3420 3469 3477 superant
3505 3428 3517 3471 ;
3580 3418 3633 3462 οε

2060 3506 2242 3558 omnia
2275 3505 2459 3557 divina
2489 3504 2716 3568 lumina,
2741 3513 2793 3556 et
2829 3518 3016 3568 sonos,
3045 3514 3096 3555 et
3124 3516 3406 3556 sermones
3462 3501 3631 3555 coele-

2060 3608 2169 3652 stes
2202 3596 2538 3665 relinquunt,
2563 3605 2616 3649 et
2653 3595 2707 3647 in
2745 3595 3030 3662 caliginem
3091 3592 3487 3661 ingrediuntur,
3541 3592 3631 3644 ulti

2059 3703 2185 3742 vere
2216 3698 2318 3745 est.
2346 3689 2488 3741 sicut
2519 3687 2595 3739 ait
2616 3685 2924 3753 Scriptura.
2960 3684 3063 3748 Qui
3093 3695 3168 3737 est
3206 3683 3350 3734 ultra
3384 3682 3632 3745 omnin”;

2061 3794 2167 3832 nun
2199 3778 2343 3832 enim
2370 3776 2691 3846 simpliciter
2729 3778 2809 3843 (a)
2862 3776 3082 3828 divinus
3142 3772 3354 3842 Moyses
3400 3773 3632 3840 primum

2057 3872 2278 3940 jubetur
2308 3878 2364 3922 ut
2403 3884 2464 3924 se
2502 3878 2780 3937 repurget,
2815 3867 3010 3920 deinde
3046 3875 3103 3917 ut
3166 3882 3223 3919 se
3253 3880 3413 3917 anon
3450 3880 3637 3931 repur-

2060 3964 2202 4033 gatis
2226 3971 2439 4031 separet
2482 3971 2573 4028 ;et
2603 3973 2725 4030 post
2749 3977 2965 4015 omnem
3016 3957 3457 4027 repurgationcm
3535 3942 3636 4007 au;

2060 4056 2482 4111 ditmulttsonas
2515 4055 2693 4119 tubas,
2736 4067 2798 4107 ac
2827 4052 2971 4106 videt
3036 4052 3209 4104 multa
3272 4050 3477 4101 lumina
3538 4064 3638 4114 pu-

2063 4162 2153 4201 ros
2181 4157 2235 4201 et
2261 4146 2589 4216 multiplices
2622 4146 2803 4199 radios
2831 4134 3098 4212 iacientia
3127 4160 3140 4196 :
3200 4149 3385 4209 postea
3416 4156 3442 4192 a
3496 4139 3641 4207 vulgi

2064 4242 2410 4296 multitudine
2433 4248 2736 4307 separatur.
2770 4248 2824 4290 et
2858 4252 2980 4290 cum
3031 4236 3219 4288 electis
3263 4232 3643 4287 sacerdotibus

2067 4336 2135 4389 ad
2160 4350 2435 4387 summum
2483 4332 2758 4400 fastigium
2799 4332 3106 4383 divinorum
3157 4344 3484 4382 ascensuum
3519 4345 3644 4381 cva-

2062 4428 2173 4489 dit;
2215 4425 2307 4478 sed
2344 4427 2608 4477 hactenus
2636 4424 2873 4475 nondum
2901 4432 2986 4474 est
3017 4435 3139 4475 eum
3176 4421 3295 4489 ipso
3350 4421 3484 4482 Deo,
3546 4434 3644 4472 nec

358 4507 438 4568 ‘rt
457 4500 749 4552 osteu-Iens
784 4501 1067 4567 tnysteria.
1102 4515 1222 4568 quae
1240 4501 1392 4569 puris
1430 4511 1639 4557 tantum
1697 4516 1950 4573 aspccta-
1988 4510 2036 4568 ι)
2062 4531 2102 4569 ει

1898 4520 1950 4559 ι·
1988 4510 2036 4568 D
2062 4531 2186 4569 eum
2214 4516 2356 4568 videt
2380 4514 2825 4583 (inaspectabilis
2849 4514 2993 4565 enim
3025 4511 3151 4577 εει),
3195 4512 3286 4566 scd
3328 4496 3517 4562 locum
3564 4509 3642 4560 \i-

388 4588 857 4652 bilia'sunt;vita
892 4599 1072 4644 autem
1121 4591 1347 4656 dicitur,
1400 4594 1526 4660 quia
1577 4595 1776 4649 animis
1835 4612 1957 4663 qua:

388 4676 676 4730 Dominum
709 4677 964 4745 diligunt,
998 4689 1199 4731 motum
1243 4696 1336 4736 eas
1366 4682 1649 4736 ducentem
1695 4685 1746 4737 in
1796 4689 1961 4741 rebus

386 4766 587 4820 divinis
629 4767 867 4835 pucbet;
911 4771 1239 4823 resurrectio
1296 4782 1477 4827 autem
1532 4786 1779 4839 vocatur,
1830 4778 1957 4845 quia

390 4872 625 4915 mentem
658 4864 726 4914 ab
770 4862 1059 4917 affectione
1121 4876 1335 4921 mortua
1394 4883 1575 4922 rerum
1621 4873 1956 4926 caducarum

388 4954 609 5017 excitat,
631 4966 683 5008 et
705 4956 773 5008 ab
801 4957 948 5008 Otltlti
980 4972 1175 5024 genere
1218 4962 1586 5029 corruptionis
1616 4976 1670 5017 ct
1706 4965 1960 5019 interitus

392 5043 685 5098 libet-amet
713 5060 905 5113 puram
939 5049 1148 5113 reddit;
1181 5054 1379 5105 veritas
1411 5067 1559 5118 vero.
1619 5058 1747 5124 quia
1808 5058 1961 5112 habi-

461 5208 548 5239 ⁸³⁸⁸
594 5208 770 5263 Galat.
817 5225 890 5274 IV,
937 5209 989 5263 6.

461 5210 548 5239 ω·-
594 5210 770 5263 Cum,
817 5225 890 5274 ιν,
937 5210 989 5263 6,
1069 5210 1114 5241 ⁸³
1168 5210 1322 5264 lium.
1357 5229 1452 5278 xu,
1486 5213 1540 5269 5.

392 5280 447 5333 7.
522 5279 567 5311 ⁸⁸
637 5278 835 5333 Bnhes.
900 5295 973 5333 tv.
1027 5279 1082 5333 6.

637 5278 835 5347 Bpltes.
900 5295 973 5344 tv,
1027 5279 1082 5335 6.

1617 5216 1663 5246 “
1695 5215 1838 5271 Psal.
1878 5236 2010 5286 XLII,
2042 5224 2094 5277 '5.

2066 4607 2178 4664 dct.
2215 4606 2305 4659 ubi
2356 4607 2542 4669 stetit;
2601 4609 2703 4657 hoc
2779 4614 2958 4657 autem
3012 4604 3265 4656 existimo
3314 4601 3643 4669 significare,

2068 4695 2408 4750 divinissima
2443 4703 2497 4747 et
2549 4710 2760 4747 summa
2815 4710 3007 4747 eorum
3061 4710 3183 4759 qua:
3240 4702 3540 4747 cernuntur
3584 4700 3638 4743 ct

2068 4787 2465 4854 intelliguntur,
2495 4767 2780 4839 sermones
2814 4785 3085 4852 quosdam
3156 4800 3299 4853 esse,
3324 4783 3414 4851 qui
3469 4782 3647 4850 subji-

2068 4881 2217 4934 ciunt
2240 4880 2404 4932 menti
2436 4879 2525 4932 illa
2552 4894 2673 4946 qua:
2708 4890 2835 4930 sunt
2870 4880 3118 4943 subjecta
3155 4893 3217 4928 ac
3254 4877 3535 4943 supposita
3596 4875 3644 4927 ei

2067 4972 2160 5039 qui
2189 4968 2793 5029 lllllVCl’SlsalllCCt‘iill;
2855 4969 3055 5036 quibus
3087 4971 3377 5034 prmseutia
3446 4968 3641 5033 ipsius.

2068 5078 2190 5131 quae
2215 5078 2433 5118 onmem
2466 5063 2856 5130 cogitationem
2902 5062 3102 5113 mentis
3139 5062 3329 5121 \‘lllCll,
3392 5060 3633 5111 declara-

2170 5223 2216 5253 "
2291 5223 2431 5276 l‘sal.
2464 5239 2624 5285 xxxv.
2686 5220 2772 5276 ll).
2852 5220 2897 5251 ⁸⁸
2927 5217 3088 5273 Juan.
3123 5235 3158 5281 I,
3188 5220 3239 5272 9.
3317 5220 3360 5249 ⁸⁷
3397 5218 3538 5270 l‘sai.
3575 5233 3648 5284 tv,

1866 5382 2136 5446 SchoHa.

463 5476 540 5554 ll)
580 5473 834 5554 Habitum
867 5474 989 5554 lidei
1038 5486 1091 5531 et
1136 5479 1398 5554 virtutum
1449 5484 1613 5547 dicit;
1670 5486 1794 5554 quia
1832 5486 1965 5540 lidcs

394 5552 707 5599 credentem
746 5549 925 5599 tirmat
967 5549 1017 5599 in
1057 5550 1302 5609 veritate.
1333 5561 1384 5604 ct
1430 5549 1707 5608 veritatem
1755 5559 1805 5607 in
1839 5575 1961 5607 iri-tt-

394 5616 576 5681 dtute,
615 5615 838 5686 DtOnys.
873 5617 925 5670 in
961 5616 1138 5672 Dicin.
1176 5637 1374 5674 numm.
1408 5641 1528 5693 cap.
1568 5628 1619 5688 7,
1654 5628 1793 5681 und:
1822 5629 1962 5697 Apu-

467 5753 549 5828 (a)
578 5756 633 5812 In
668 5757 842 5816 hecat.
881 5760 1180 5833 theologica
1212 5764 1265 5832 2,
1290 5782 1407 5836 cap.
1444 5766 1528 5821 70.

2076 5490 2247 5543 Stolus
2306 5490 2666 5542 sulslant‘atn
2736 5490 2950 5542 wcavit
3013 5503 3192 5540 rcrutn
3251 5488 3645 5553 spct'un..'at'tttn

2074 5559 2263 5629 (llebr.
2308 5578 2364 5619 ll.
2407 5569 2475 5627 ι).
2512 5566 2560 5611 nl
2602 5570 2687 5613 est
2720 5565 3145 5613 ltrtnaturntutn.

2151 5768 2220 5838 tl);
2254 5767 2304 5821 ll
2344 5776 2423 5820 est
2459 5766 2611 5835 quasi
2655 5766 2786 5819 nillil
2819 5767 2966 5820 aliud
2995 5766 3335 5834 signiﬁcetur
