4416 6448
789 425 895 486 863

1953 419 2280 486 JOANNIS
2316 417 2884 478 CYPARISSIOTIE

3931 418 4032 484 864

793 547 878 586 ιω·
903 531 1160 585 insistens
1202 541 1458 597 tanquam
1495 530 1546 580 in
1592 528 1841 598 vestigiis
1904 532 2136 585 summis
2189 533 2354 584 lntcl-
2389 542 2433 596 Α
2464 533 2576 594 Dei,
2602 543 2655 586 et
2691 533 2869 598 ignem
2905 531 3033 582 item
3069 528 3360 596 imaginem
3401 529 3530 592 Dei;
3566 539 3620 584 et
3654 545 3681 582 a
3748 532 4033 582 nobiliori—

791 626 1023 678 lactibus
1047 625 1288 677 locorum
1313 624 1427 690 ejus
1453 622 1925 674 sanctissimorum
1959 640 1972 674 :
2009 637 2070 677 ac
2124 632 2256 685 tunc
2285 625 2355 677 ab

789 718 994 786 iisqua:
1026 717 1295 778 videntur,
1322 723 1375 767 et
1398 715 1465 767 ab
1489 715 1557 768 iis
1587 714 1674 782 qui
1705 715 1908 775 vident,
1968 715 2256 769 absolutus
2303 726 2356 768 et

790 808 1176 878 expedittts,in
1222 805 1509 872 caliginem
1550 820 1672 857 vere
1691 805 1974 873 mysticam
2029 805 2351 874 ignorantiae

792 899 1122 966 Ingreditur,
1147 898 1199 949 in
1228 913 1332 965 qua
1368 896 1597 964 mystica
1631 896 1865 965 caligine
1886 912 2079 951 omnes
2108 901 2360 951 notiones

790 991 1054 1053 excludit,
1079 991 1202 1044 etin
1239 989 1462 1058 ipsoqui
1498 989 1748 1042 funditus
1783 1004 1958 1056 neque
1978 990 2146 1058 tangi,
2183 1005 2360 1057 neque

793 1087 959 1136 videri
997 1094 1195 1152 potest,
1231 1083 1423 1145 haeret,
1452 1081 1631 1138 lactus
1683 1093 1830 1137 totus
1859 1083 2030 1149 ipsius
2063 1084 2155 1151 qtti
2217 1085 2360 1136 ultra

790 1177 976 1228 omnia
994 1185 1101 1238 est,
1136 1191 1312 1244 neque
1332 1191 1486 1239 suus,
1522 1190 1622 1228 nec
1652 1176 1818 1227 ullius
1840 1174 2085 1237 alterius,
2113 1190 2236 1227 cum
2297 1190 2362 1229 eo

765 1280 964 1319 autem
1002 1268 1201 1335 quiest
1244 1268 1458 1335 penitus
1510 1265 1839 1333 incognitus.
1891 1280 1987 1332 per
2020 1266 2358 1319 vacationent

788 1357 966 1410 omnis
1037 1356 1382 1426 cognitionis,
1463 1355 1760 1409 secundum
1799 1355 2074 1408 meliorem
2149 1365 2362 1421 partem

788 1449 1098 1515 copulatus.
1168 1447 1231 1499 Et
1285 1445 1580 1514 Gregorius
1633 1445 1943 1514 Theologus
1975 1447 2027 1497 in
2113 1446 2360 1499 oratione

790 1533 856 1586 de
924 1533 1237 1599 baptismo:
1289 1531 1449 1595 Deus,
1483 1533 1678 1600 inquit,
1754 1542 1838 1587 est
1867 1534 2047 1586 lumen
2078 1550 2360 1587 sumntum

787 1631 843 1674 et
898 1622 1260 1685 inaccessum,
1333 1620 1477 1688 quod
1542 1635 1715 1689 neque
1740 1630 1918 1675 mente
1947 1623 2356 1691 comprehendi,

790 1726 968 1778 neque
1011 1715 1258 1766 oratione
1300 1713 1544 1780 expromi
1598 1721 1793 1780 potest,
1851 1713 2107 1782 quodque
2142 1729 2356 1767 omnem

791 1815 1040 1856 n-turam
1119 1803 1350 1858 rabonis
1414 1803 1732 1871 participem
1790 1802 2134 1857 illuminandi
2197 1806 2358 1858 habet

793 1893 842 1945 la
883 1894 1137 1946 nitatem:
1216 1894 1319 1947 hoc
1399 1903 1481 1948 est
1533 1893 1585 1946 in
1647 1893 1713 1948 iis
1781 1910 1901 1963 quzc
1957 1895 2355 1962 intelliguntur,

792 1985 940 2050 quod
1005 1985 1083 2039 sol
1122 1986 1172 2038 in
1268 1985 1334 2038 iis
1360 2000 1479 2053 quae
1506 1957 1829 2039 sentiuntur.
1857 1985 1931 2038 Ex
1960 1957 2160 2054 quibus
2190 1996 2354 2056 patet,
2387 1957 2431 2015 Β

787 2074 972 2127 omnia
1051 2075 1274 2137 lumina,
1312 2076 1426 2130 sive
1458 2092 1577 2144 qua:
1609 2091 1774 2130 sensu
1836 2078 2239 2145 percipiuntur,
2289 2077 2362 2131 si-

791 2181 857 2218 ve
888 2181 1007 2230 qua:
1037 2166 1416 2236 intelligentia,
1478 2167 1618 2222 intra
1653 2169 1884 2238 relinqui
1911 2170 1979 2223 ab
2009 2169 2075 2224 iis
2132 2171 2221 2236 qui
2289 2169 2355 2223 ad

792 2271 1063 2310 summam
1097 2258 1612 2326 contemplationem
1647 2264 1766 2326 ejus
1820 2259 1912 2328 qui
1968 2260 2109 2312 ultra
2171 2261 2359 2313 omnia

790 2358 894 2410 est,
925 2359 1237 2411 evaserunt,
1273 2359 1331 2402 et
1396 2350 1448 2402 itt
1497 2351 1784 2420 caliginem
1856 2353 2354 2420 splendidissimam

790 2458 897 2493 non
926 2443 1413 2510 cornprcbendendi
1446 2459 1568 2496 eum
1627 2444 1856 2510 ingressi
1892 2454 2041 2510 sunt,
2072 2445 2221 2496 nullo
2276 2445 2359 2497 lu-

795 2549 938 2584 mine
969 2549 1089 2585 eum
1121 2534 1456 2601 exprimente
1492 2545 1544 2589 et
1574 2536 1911 2602 designanlc.
1949 2535 2021 2589 Ex
2089 2537 2360 2602 capitibus

796 2625 1069 2688 dispositis
1100 2636 1312 2679 constat
1333 2627 1598 2694 expositio
1632 2628 1940 2680 materiaria
1968 2629 2125 2697 hujus
2161 2630 2364 2697 partis;

792 2717 1192 2768 οκιιξηδὶοριιὶιιι
1228 2717 1490 2771 luminum
1525 2717 1830 2772 divinorum
1865 2729 1958 2772 aut
1985 2720 2034 2771 in
2072 2720 2366 2773 luminibus

791 2821 912 2875 qum
935 2805 1620 2873 sentiuntur,continetur;
1648 2820 1701 2863 et
1721 2809 1852 2864 facit
1876 2811 2044 2864 solem
2074 2811 2362 2879 imaginem

2450 623 2574 684 bus,
2597 634 2654 674 ut
2686 622 2802 674 sole
2843 621 3149 682 ctlumine,
3187 621 3418 685 imponit
3459 621 3566 672 Deo
3603 638 3798 673 nomen
3863 622 4025 673 lumi—

2465 715 2652 776 nis;et
2689 729 2716 764 a
2778 713 2991 774 mediis,
3028 721 3086 764 ιιι
3123 712 3193 764 ab
3259 713 3402 779 igne,
3469 723 3561 764 aut
3613 713 3922 763 continetur
3976 712 4029 762 in

2462 805 2753 860 luminibus
2782 805 3160 874 syrnbolicisin
3191 806 3390 872 quibus
3413 807 3680 872 [ιι-διεῖναι)
3703 814 3784 857 est
3812 805 4028 872 appari-

2462 899 2537 952 tio
2601 899 2824 952 luminis
2892 897 3032 952 facta
3063 899 3116 950 itt
3181 897 3525 949 divinissima
3599 897 4034 960 trauslignratio-

2465 1004 2532 1043 ne
2597 990 2778 1043 vultus
2841 990 3080 1051 Domini,
3141 989 3232 1052 qtti
3283 988 3856 1056 splenduit-sicutsol,
3913 1002 4034 1052 qu:e

2461 1079 2710 1131 decorem
2779 1080 3023 1146 corporis
3103 1078 3303 1130 Christi
3368 1087 3488 1145 post
3567 1075 4026 1128 resurrectionem

2463 1167 2696 1236 gloriosi
2726 1167 2852 1220 lacti
2895 1178 3154 1234 tanquam
3214 1167 3269 1219 itt
3319 1167 3551 1234 imagine
3578 1165 4029 1232 repraesentabat;

2460 1269 2513 1313 et
2562 1259 2862 1327 symbolum
2918 1269 3033 1311 erat
3085 1258 3404 1317 divinitatis,
3443 1275 3563 1326 qua:
3591 1259 3642 1327 in
3680 1273 3744 1310 eo
3778 1257 3974 1308 latebat
4017 1271 4032 1309 :

2459 1352 2584 1417 quia
2661 1350 2714 1401 in
2790 1349 3017 1402 CltristO‘
3092 1347 3372 1402 S.tlvatore
3460 1356 3647 1399 nostro
3729 1347 3870 1397 idem
3955 1355 4039 1397 est

2461 1443 2642 1494 dicere
2701 1441 3008 1506 symbolum
3083 1441 3332 1506 corporis
3384 1438 3669 1507 glnrificati
3733 1446 3788 1488 et
3836 1437 4035 1488 divini—

2460 1533 2587 1584 tatis
2640 1531 2776 1599 ejns,
2815 1540 2867 1583 et
2903 1531 3065 1598 “quod
3112 1531 3313 1592 lumen,
3381 1531 3524 1598 quod
3575 1531 3652 1583 sic
3691 1529 3743 1581 in
3808 1530 4038 1583 Domino

2463 1622 2514 1672 in
2571 1632 2751 1675 monte
2805 1622 3022 1674 Tltabor
3072 1623 3344 1689 apparuit,
3393 1622 3850 1685 pulchritudinem
3906 1621 4037 1672 Atla:

2460 1721 2582 1763 ante
2615 1721 2891 1778 peccatum
2944 1710 3289 1779 signiﬁcavit,
3345 1726 3573 1779 eamque
3618 1712 3729 1777 jam
3784 1720 4033 1761 naturam

2459 1802 2513 1856 iit
2577 1802 2909 1854 humanitate
2966 1801 3171 1855 Christi
3248 1801 3617 1869 recupei-asse,
3678 1811 3732 1854 et
3794 1802 4034 1854 futurum

2459 1906 2579 1946 esse
2633 1901 2754 1959 post
2828 1896 3279 1946 resurrectionem
3352 1893 3698 1959 Splendorom
3739 1893 4036 1961 iustorum,

2461 1983 2664 2050 er'quid
2691 1985 2761 2038 sit
2791 1985 3091 2037 secundum
3133 1987 3506 2038 exslstentiam
3543 1986 3747 2043 lumen,
3799 1985 3942 2050 quod
3981 1986 4032 2036 in

2463 2077 2646 2130 futuro
2709 2080 2991 2145 apparebit
3025 2087 3147 2144 post
3199 2076 3714 2130 rcsttrrectirmem:
3777 2091 3831 2129 et
3890 2076 4032 2141 quod

2463 2167 2606 2222 Deus
2636 2168 3276 2232 estlutnenintellectile,
3332 2167 3554 2236 quodin
3605 2167 3814 2219 naturis
3857 2167 4035 2217 ini-or-

2462 2258 2640 2328 porcis
2672 2260 2941 2327 splendet,
2980 2268 3253 2327 quatenus
3289 2274 3413 2311 vere
3471 2257 3780 2325 splendoris
3845 2270 4034 2306 earum

2461 2350 2681 2402 cll‘et'tor
2703 2360 2804 2409 est.
2838 2358 3114 2417 postremo
3140 2350 3258 2401 loco
3278 2349 3620 2401 vacationem
3662 2349 3729 2400 ab
3755 2346 3902 2399 omni
3948 2345 4034 2399 Iu-

2467 2441 2609 2493 tuiue
2644 2440 2957 2506 posuimus;
2995 2451 3048 2494 et
3078 2441 3246 2508 ipsam
3287 2441 3528 2493 divinant
3584 2440 3891 2502 caliginem.
3947 2436 4036 2487 Ni-

2471 2533 2539 2584 hil
2577 2533 2738 2601 igitur
2763 2535 2816 2585 itt
2853 2534 3167 2586 materiaria
3225 2534 3568 2601 expositione
3611 2532 3771 2596 hujus
3841 2538 4041 2582 trai-ta-

2469 2625 2633 2676 tionis
2677 2625 2742 2678 tle
2790 2626 2994 2677 lumine
3041 2626 3467 2692 prtclermissum
3527 2634 3630 2686 cst,
3679 2622 3808 2690 quin
3858 2624 4041 2689 potius

2470 2716 2650 2770 Omnis
2678 2716 2848 2768 divini
2880 2716 3105 2770 luminis
3137 2716 3380 2769 oatcnsio
3407 2716 3639 2770 breviter
3671 2722 3898 2768 tractata
3935 2721 4035 2766 est.

1397 3082 1644 3144 DECAS
1685 3085 2053 3146 SEPTIMA.
2087 3117 2159 3128 —
2193 3086 2304 3145 DE
2331 3082 3401 3162 DIFINAJ’ARTICIPATIONE.

1424 3230 1652 3285 CAPUT
1683 3233 1724 3286 Ι.

795 3363 947 3428 Quod
982 3366 1250 3432 proprium
1301 3364 1392 3418 Dei
1433 3376 1530 3426 est.
1575 3369 1758 3420 adesse
1806 3371 2046 3421 omnibus
2078 3385 2365 3423 secundum

866 3435 1259 3497 substantiam;
1298 3445 1345 3487 ct
1392 3437 1524 3487 sicut
1574 3439 1874 3490 substantia
1912 3442 2058 3491 adest
2103 3447 2360 3503 praesens,

864 3506 942 3555 εἰς’
969 3507 1127 3576 etiam
1161 3508 1458 3571 operatione
1489 3507 1636 3559 adest
1666 3523 1682 3559 :
1711 3517 1756 3560 et
1785 3511 1901 3575 quis
1931 3509 2112 3560 modus
2136 3510 2203 3561 sit
2226 3525 2356 3576 pra!-

864 3577 1049 3627 s-mtite
1080 3574 1193 3640 ejus
1216 3578 1303 3643 qui
1331 3576 1588 3642 explicari
1619 3593 1717 3628 non
1750 3574 1940 3645 pateat.

866 3688 1104 3740 Sanctus
1141 3684 1388 3741 Justinus
1442 3697 1665 3758 martyr,
1712 3689 1766 3742 in
1817 3689 2076 3744 Oratione
2114 3691 2179 3744 de
2216 3701 2362 3745 recta

793 3777 1141 3832 tonl‘essioue
1173 3779 1249 3832 ait
1289 3797 1300 3831 :
1334 3780 1622 3843 Quomodo
1656 3782 1892 3834 Verbum
1927 3783 2123 3851 ubique
2154 3795 2238 3836 est
2282 3800 2367 3838 se-

797 3872 1035 3922 cundum
1079 3871 1477 3924 substantiam?
1513 3873 1578 3924 Et
1609 3873 1883 3940 quomodo
1911 3875 1963 3927 iit
1996 3891 2097 3928 suo
2129 3877 2365 3944 templo?

797 3958 873 4010 Et.
900 3961 1006 4011 nim
1037 3961 1079 4013 si
1114 3962 1222 4032 illic
1251 3972 1359 4023 est,
1397 3963 1536 4015 sicut
1563 3973 1644 4017 est
1682 3964 1733 4016 iit
1767 3966 2045 4026 omnibus,
2083 3967 2212 4018 nihil
2246 3983 2362 4020 ant-

796 4043 936 4115 ptiiis
974 4052 1192 4104 habebit
1220 4053 1503 4120 templum,
1533 4063 1696 4121 atque
1721 4066 1914 4107 caetera
1945 4059 2147 4110 omnia.
2179 4057 2240 4110 Et
2275 4059 2363 4111 ubi

796 4141 926 4192 illud
965 4156 1250 4208 ponemus,
1280 4145 1424 4210 quod
1455 4145 1717 4210 scriptum
1747 4153 1829 4196 est
1860 4161 1872 4196 :
1902 4143 1968 4195 In
2009 4147 2120 4211 ipso
2158 4147 2364 4199 Imbitat

793 4233 1066 4300 p!eititudo
1097 4233 1390 4284 divinitatis
1423 4235 1874 4299 corporaliter”?
1913 4235 2007 4289 Sin
2036 4247 2216 4290 autem
2239 4239 2364 4305 quis

797 4327 1082 4384 concedat.
1128 4326 1299 4394 magis
1329 4341 1448 4380 esse
1501 4327 1551 4379 in
1592 4328 1814 4395 templo,
1846 4344 1951 4382 non
2007 4331 2152 4383 adest
2189 4333 2365 4382 omni-

795 4418 896 4469 bus
940 4418 1238 4470 secundum
1298 4418 1686 4482 substantiam,
1741 4422 1883 4488 quod
1942 4429 2021 4474 est
2081 4421 2361 4489 proprium

796 4507 909 4558 Dei.
945 4505 1175 4561 Evidens
1207 4515 1590 4576 argumentum
1632 4519 1714 4563 est
1772 4511 2030 4574 perﬂdize,
2066 4512 2250 4565 dicere
2303 4514 2366 4566 de

2386 3237 2430 3300 C
2463 3240 2588 3306 quia
2637 3237 2874 3305 potentia
2931 3235 3020 3289 Dei
3057 3235 3312 3288 nmnilnts
3361 3249 3483 3302 qua:
3541 3233 3697 3292 ﬁunt,
3735 3232 4036 3284 secundum

2469 3329 2826 3382 attbstantiant
2877 3329 3086 3390 aderat,
3119 3327 3251 3378 nihil
3295 3326 3542 3393 amplius
3566 3323 3822 3391 templum
3861 3324 4039 3389 ipsum

2470 3421 2522 3473 itt
2555 3434 2662 3485 quo
2706 3417 2827 3481 fuit,
2861 3417 3135 3470 habebat?
3177 3415 3348 3468 llabet
3397 3417 3498 3467 hoc
3543 3414 3956 3475 dubitationem,
3990 3421 4041 3466 et

2468 3511 2596 3564 illud
2636 3511 2828 3573 habet;
2877 3520 2927 3562 et
2963 3510 3092 3562 lides
3126 3518 3210 3561 est
3255 3507 3541 3574 utriusque
3568 3506 3923 3558 dubitationis
3953 3522 4045 3559 so-

2470 3603 2622 3657 lutio.
2679 3601 2863 3654 Vidisti
2900 3600 3356 3669 quemadmodum
3407 3589 3543 3650 ratio
3585 3597 3787 3650 invicta
3843 3600 4042 3649 evertit

2468 3695 2785 3764 perﬁdiam;
2823 3693 2939 3744 vide
2973 3692 3186 3759 linguas
3218 3705 3340 3741 cum
3376 3687 3484 3740 Deo
3515 3699 3816 3756 pugnantes
3849 3703 3929 3764 oe-
3951 3690 4035 3739 lit-

2468 3800 2577 3838 sas.
2616 3785 2757 3837 Idem
2790 3783 2988 3835 etiam:
3027 3783 3120 3834 Dic
3152 3782 3315 3848 igitur
3347 3780 3622 3848 quomodo
3652 3777 3882 3831 Verbum
3907 3761 4037 3830 caro

2469 3877 2692 3938 factum,
2736 3879 2904 3929 castos
2938 3891 3042 3927 non
3081 3873 3412 3941 dereliquit?
3449 3870 3592 3923 Sane
3632 3871 3843 3932 dicetis,
3889 3873 4035 3938 quod

2467 3983 2694 4021 manens
2748 3967 2905 4028 Deus,
2940 3965 3021 4019 sic
3079 3964 3254 4016 factus
3303 3972 3407 4016 est.
3449 3961 3660 4014 ltursus
3713 3977 3842 4027 ergo
3875 3960 4040 4012 diuite

2468 4060 2646 4122 nobis,
2690 4059 2963 4126 queutodo
2994 4070 3240 4118 manens,
3267 4053 3442 4105 factus
3464 4053 3590 4106 est?
3618 4051 3672 4103 Si
3707 4052 3850 4103 enim
3892 4067 4043 4100 man-

2467 4149 2705 4216 sitquod
2741 4155 2878 4209 erat,
2924 4131 3204 4214 quomodo
3240 4143 3416 4195 factus
3458 4153 3540 4195 est
3570 4142 3715 4209 quod
3755 4155 3859 4192 non
3894 4142 4046 4191 erat?

2467 4240 2559 4294 Siti
2618 4250 2800 4292 autem
2849 4239 3040 4290 factus.
3078 4245 3159 4289 est
3212 4236 3354 4302 quod
3411 4250 3518 4286 non
3576 4244 3712 4295 erat,
3763 4233 4038 4300 qumnolo

2468 4332 2672 4385 mansit
2717 4330 2862 4397 quod
2910 4329 3059 4381 erat?
3123 4327 3358 4379 Dubium
3418 4326 3582 4377 babes
3631 4326 3693 4373 de
3746 4323 4040 4379 solutione,

2469 4423 2605 4474 habe
2654 4422 2815 4472 ctiam
2866 4420 3092 4471 dubium
3152 4417 3218 4469 de
3271 4416 3428 4468 modo
3465 4415 3706 4466 nnionis.
3763 4417 3827 4465 At
3863 4414 4041 4463 credis

2467 4513 2610 4582 quod
2645 4527 2892 4573 manens,
2926 4511 3100 4562 factus
3130 4516 3209 4560 est
3236 4526 3250 4571 ;
3282 4508 3441 4561 crede
3473 4507 3634 4557 etiam
3684 4506 3874 4557 adesse
3921 4507 4040 4553 ubi-

796 4603 923 4665 ttco,
957 4601 1281 4665 Quomodo?
1325 4601 1610 4666 Quomodo
1661 4605 1782 4657 εωΙί
1815 4603 2036 4658 ell'ector
2077 4616 2181 4667 est,
2227 4622 2365 4672 quo-
2402 4584 2442 4636 υ
2471 4622 2575 4674 que
2626 4603 2924 4658 secundum
2969 4600 3327 4654 substantiam
3379 4596 3635 4658 Verbum,
3683 4607 3737 4649 et
3770 4598 4043 4664 pra-cipue

798 4692 958 4743 niodo
994 4702 1170 4754 terrm,
1204 4696 1478 4760 quomodo
1512 4696 1695 4756 matis,
1720 4697 1970 4763 aerisque
1999 4707 2052 4750 et
2087 4699 2362 4765 stirpium,

792 4793 844 4842 et
882 4785 1241 4836 animantium
1274 4787 1538 4841 omnium.
1581 4798 1631 4840 ct
1663 4789 1740 4840 tui
1792 4790 1999 4850 ipsius?
2030 4788 2130 4854 Qui
2179 4789 2363 4843 omnia

795 4877 1083 4938 diligenter
1111 4879 1175 4929 de
1217 4876 1328 4930 Deo
1359 4879 1581 4945 quaeris,
1613 4881 1766 4944 plane
1810 4881 1982 4943 dices,
2011 4881 2192 4932 omnia
2236 4896 2364 4948 pro-

793 4969 1018 5024 tlutisse
1060 4971 1275 5036 copiosa
1309 4973 1544 5039 potentia
1587 4988 1706 5024 sua.
1740 4970 1875 5024 Num
1919 4972 2082 5040 igitur
2126 4974 2365 5040 potentia

792 5057 889 5113 Dei
921 5061 1103 5112 aderat
1140 5062 1440 5113 secundum
1484 5063 1740 5115 accidens
1784 5063 1849 5114 iis
1881 5077 1998 5129 quae
2042 5063 2258 5125 llebant,
2298 5079 2363 5116 an

798 5155 1097 5207 secundum
1160 5154 1560 5206 substantiam?
1612 5155 1666 5208 Si
1733 5155 2030 5208 secundum
2087 5156 2363 5218 accidens,

797 5245 985 5296 aderat
1019 5245 1237 5310 quidem
1274 5245 1378 5296 illis
1407 5247 1560 5311 quasi
1592 5257 1794 5309 essent,
1817 5255 2106 5314 antequam
2139 5248 2364 5309 tierent;

799 5335 1065 5402 t-iqnidi-tn
1108 5337 1361 5391 accidens
1393 5353 1498 5390 non
1537 5347 1620 5391 est
1647 5339 1945 5390 secundum
1984 5347 2233 5389 naturam
2274 5353 2367 5404 per

803 5440 881 5478 se.
923 5425 1015 5476 sed
1050 5425 1098 5476 itt
1132 5426 1402 5491 aliquibus
1433 5427 1584 5494 prius
1627 5427 1892 5495 subjectis
1926 5429 2157 5481 exsistit.
2203 5428 2269 5479 At
2321 5425 2366 5478 si

803 5518 904 5568 hoc
931 5515 1218 5568 ridiculum
1261 5527 1362 5579 est,
1401 5519 1728 5587 ri-linquitur
1770 5519 2067 5586 potentiam
2117 5517 2207 5572 Dei
2249 5535 2366 5569 titti-

804 5609 966 5660 tiibus
1014 5607 1205 5661 adesse
1248 5613 1547 5664 secundum
1582 5611 1966 5665 substantiam.
2024 5611 2161 5664 Num
2206 5610 2369 5680 igitur

879 5779 922 5809 “
957 5777 1164 5836 Coloss.
1200 5799 1258 5847 tt,
1289 5782 1340 5837 9.

2475 4693 2874 4762 quodammodo
2900 4705 3020 4742 esse
3050 4691 3100 4740 in
3142 4689 3342 4754 templo
3386 4701 3507 4738 suo.
3561 4685 3675 4743 lino
3721 4692 3774 4735 ct
3821 4694 4045 4735 sanctus

2475 4785 2796 4839 Anastasius
2849 4782 3242 4839 Antiocbcnus,
3287 4781 3338 4829 in
3374 4779 3514 4830 libro
3553 4775 3624 4829 De
3653 4775 4047 4827 incircumscri-

2473 4890 2584 4948 pto,
2611 4880 2685 4930 ait
2721 4879 2863 4932 tSetl
2899 4876 3147 4943 quidam,
3179 4875 3373 4941 inquit,
3400 4883 3456 4926 ttt
3489 4873 3722 4940 videtur,
3757 4871 4046 4922 inﬁrmita-

2477 4979 2580 5022 tem
2616 4968 2845 5037 proprim
2871 4975 3079 5018 natura
3118 4965 3170 5016 iii
3204 4963 3370 5016 Deum
3408 4962 3766 5019 transferunt.
3808 4961 4043 5014 restrit-ti

2477 5063 2529 5115 in
2568 5060 2840 5119 maximis,
2866 5069 2917 5111 ct
2939 5058 3317 5110 existimantes
3350 5055 3546 5108 melius
3569 5068 3687 5107 esse
3718 5052 4042 5105 c0ntrahrt-e

2477 5153 2710 5205 divinam
2744 5161 2991 5203 naturam
3029 5165 3056 5199 a
3094 5149 3314 5200 materia
3362 5162 3526 5214 quatu
3553 5146 3894 5205 existimare,
3925 5159 4045 5196 eam

2479 5259 2645 5311 u~que
2699 5244 2763 5294 ad
2819 5241 3002 5294 omnia
3059 5239 3203 5293 tendi
3263 5249 3315 5291 t-t
3355 5238 3595 5306 porrigi;
3650 5251 3868 5304 prorsus
3903 5237 4048 5286 arbi-

2480 5346 2684 5387 trantes
2715 5333 2865 5387 nefas
2895 5343 2948 5386 ct
2991 5335 3214 5400 impium
3257 5345 3399 5392 esse,
3446 5341 3690 5381 naturam
3738 5327 3882 5379 illaut
3925 5340 4047 5394 qu.e

2481 5429 2766 5496 plusquam
2819 5425 2955 5476 ultra
2991 5437 3172 5475 omnia
3220 5433 3321 5483 cst,
3364 5420 3509 5472 indui
3566 5417 3889 5485 corporibus
3941 5431 4046 5468 non

2480 5514 2818 5577 dcet-litibus,
2853 5512 3103 5566 sordibus
3135 5520 3186 5562 et
3217 5520 3353 5563 letro
3379 5511 3542 5562 odore
3588 5509 3782 5578 plenis,
3813 5507 3892 5560 vel
3926 5508 4046 5563 ani-

2483 5609 2586 5662 wis
2621 5607 2802 5675 impiis
2831 5623 2843 5670 ;
2888 5607 2970 5660 vel
3005 5604 3127 5659 aliis
3162 5602 3509 5672 quibusdam,
3559 5618 3676 5668 qua:
3724 5601 3948 5655 minime
3981 5599 4049 5652 de
