4416 6448
724 456 831 524 867

726 665 887 706 tenus
922 665 1101 710 omne,
1129 659 1182 702 et
1215 657 1386 701 totum
1412 684 1428 710 ,
1462 657 1516 700 et
1560 646 1850 716 partemin
1891 659 1949 700 se
1981 647 2094 711 ipsa
2137 659 2290 698 com-

727 741 1048 810 prehendit;
1089 747 1140 791 ct
1186 739 1538 805 supraliabct,
1585 745 1638 788 et
1691 736 2002 794 antcliahet,
2054 734 2288 801 perfecta

728 831 946 898 quidem
994 838 1076 880 est
1142 828 1195 879 in
1251 825 1595 894 imperfectis,
1659 834 1914 892 tanquam
1952 823 2292 892 principialis

731 935 893 973 causa
928 917 1279 986 perfectionis
1308 935 1320 979 ;
1360 913 1677 983 imp-mlecta
1711 926 1890 967 autem
1927 914 1980 966 in
2015 912 2290 980 perlectis,

728 1017 987 1076 tanquam
1023 1022 1350 1074 supraquam
1387 1006 1644 1073 perfecta,
1679 1015 1731 1056 et
1763 1005 2150 1073 antepcrfecta,
2181 1005 2291 1057 for-

728 1113 815 1152 ma
850 1099 1034 1150 forma:
1057 1136 1072 1159 ,
1110 1097 1345 1149 effectrix
1375 1098 1426 1147 iu
1460 1097 1525 1149 iis
1552 1113 1671 1163 qum
1697 1105 1886 1149 carent
1921 1096 2093 1150 forma
2123 1136 2134 1157 ,
2173 1107 2292 1149 tan-

727 1203 889 1255 quam
925 1187 1258 1255 principialis
1290 1201 1449 1238 causa
1482 1186 1688 1247 formae,
1725 1191 1840 1237 sine
1873 1184 2044 1238 forma
2086 1185 2136 1237 in
2164 1185 2295 1252 ipsis

719 1278 942 1337 formis,
973 1285 1156 1343 utpote
1180 1291 1341 1344 supra
1371 1274 1636 1338 formam;
1669 1276 1973 1328 substantia
2007 1275 2141 1328 tntis
2168 1275 2298 1327 sub-

733 1369 950 1420 stantiis
982 1366 1241 1419 insistens
1284 1365 1586 1430 impollute,
1622 1376 1672 1416 et
1715 1365 1782 1416 ab
1814 1364 1960 1415 omni
1993 1365 2295 1418 substantia

729 1471 891 1524 Supra
921 1455 1278 1508 substantiam
1313 1457 1584 1505 abstracta
1612 1490 1626 1512 ,
1659 1461 1767 1505 tota
1801 1454 2090 1520 principia,
2122 1462 2175 1506 et
2211 1468 2299 1506 or-

729 1548 882 1600 dines
917 1545 1176 1599 deﬁniens
1201 1584 1214 1607 ,
1248 1559 1410 1611 supra
1444 1559 1605 1596 omne
1642 1545 1965 1611 principium
2000 1553 2053 1597 et
2081 1561 2296 1597 omnem

729 1637 978 1690 ordinem
1016 1636 1299 1687 collocata.
1337 1632 1403 1684 Et
1440 1649 1668 1700 magnus
1713 1635 2065 1698 Athanasius,
2115 1634 2169 1686 in
2206 1635 2297 1684 Di-

728 1729 1039 1794 sputationc
1072 1736 1255 1778 contra
1291 1725 1514 1776 Arium:
1549 1723 1860 1777 Secundum
1905 1724 2017 1778 haec
2046 1724 2299 1777 divinitas

727 1818 908 1872 Patris
935 1825 986 1869 et
1020 1815 1135 1868 Filii
1166 1826 1348 1867 sancta
1379 1823 1430 1867 et
1452 1812 1824 1873 sanctiﬁcans.
1846 1819 1976 1881 'qu:e
2000 1813 2300 1867 sanctiﬁcat

727 1908 911 1960 omnia
948 1921 1067 1973 qua:
1102 1905 1366 1956 rationem
1423 1905 1771 1971 participant,
1805 1903 2003 1969 quibus
2044 1902 2170 1954 data
2219 1910 2301 1953 est

726 1996 913 2047 libera:
942 1994 1238 2046 voluntatis
1271 2000 1324 2044 et
1372 1991 1538 2043 studii
1591 2000 1829 2059 potestas
1883 1991 1949 2044 ad
1983 1979 2300 2059 capiendam

727 2089 972 2137 sanctam
1016 2088 1070 2134 et
1121 2079 1334 2132 beatam
1370 2080 1728 2132 substantiam
1770 2079 1822 2131 iu
1859 2081 2301 2132 communionem

728 2171 1202 2228 sanctiﬁcationis.
1221 2171 1282 2223 Et
1307 2172 1524 2225 divinus
1549 2171 1781 2240 Cyrillus
1814 2171 1866 2223 in
1891 2169 2170 2223 Tltesattris
2188 2169 2261 2235 (α)
2283 2188 2300 2223 :

730 2264 886 2317 Sicut
921 2263 1106 2331 igitur,
1139 2262 1314 2330 inquit
1340 2299 1353 2322 ,
1390 2261 1584 2313 mulier
1611 2261 1786 2328 gloria
1820 2261 1918 2313 viri
1955 2270 2146 2314 vocata
2180 2271 2261 2314 est
2286 2302 2300 2325 ,

728 2355 854 2423 quia
889 2362 1091 2423 partem
1129 2368 1189 2406 ex
1222 2351 1480 2404 membris
1510 2352 1628 2418 ejus
1655 2352 1720 2404 ad
1759 2352 1844 2404 sui
1891 2350 2302 2405 fabricationem

730 2444 976 2512 accepit,
1015 2442 1094 2497 sic
1125 2443 1208 2494 vir
1239 2441 1407 2511 gloria
1445 2441 1538 2495 Dei
1576 2441 1880 2510 appellatus
1907 2451 2014 2503 est,
2057 2445 2183 2506 quia
2219 2441 2300 2494 fa-

729 2543 852 2590 ctus
890 2543 974 2588 est
1023 2534 1292 2602 particeps
1338 2533 1654 2585 substantiae
1701 2532 1819 2601 ejus
1868 2548 1960 2600 per
2040 2532 2301 2599 Spiritum

730 2634 1005 2688 sanctum,
1039 2626 1128 2693 qui
1164 2625 1215 2676 iit
1262 2637 1326 2676 eo
1361 2624 1646 2676 habitavit.
1686 2622 1751 2675 Et
1801 2638 1991 2677 rursus
2025 2624 2162 2676 idem
2195 2623 2303 2676 dis-

730 2731 919 2771 serens
960 2716 1026 2770 de
1079 2715 1284 2782 Spiritu
1336 2724 1528 2768 saneto
1578 2731 1591 2766 :
1643 2713 1814 2777 Igitur
1867 2715 2302 2782 quandoquidem

736 2808 942 2877 Spiritu
977 2817 1166 2875 sancto
1195 2806 1475 2859 habitante
1509 2806 1560 2857 in
1590 2805 1655 2858 iis
1678 2806 1770 2873 qui
1794 2806 1900 2860 Deo
1922 2807 2129 2874 probati
2157 2815 2304 2870 sunt,

733 2901 984 2954 Christus
1013 2908 1098 2951 est
1127 2900 1219 2965 qui
1254 2895 1474 2959 habitat,
1510 2911 1731 2950 necesse
1761 2907 1843 2949 est
1891 2898 2072 2949 dicere
2120 2897 2302 2965 ipsum

738 2991 1004 3058 Spiritum
1041 2988 1240 3041 divinas
1284 2986 1606 3040 substantiae
1634 3001 1790 3051 esse;
1829 2989 1988 3055 cujus
2017 2988 2306 3054 participes

731 3081 862 3135 facit
891 3095 984 3132 cos
1015 3080 1106 3146 qui
1143 3080 1317 3145 ipsum
1367 3077 1730 3144 participant,
1765 3088 1818 3129 et
1851 3077 2047 3130 iterum
2086 3077 2223 3129 idem
2253 3079 2304 3130 in

1863 449 2188 511 IOANNIS
2226 448 2784 510 mamssrom
2842 522 2847 529 _

728 579 875 628 pars,
919 571 1092 628 neque
1120 564 1289 612 totum
1328 562 1450 610 est:
1483 562 1537 610 et
1566 564 1647 611 est
1683 562 1879 620 totum,
1907 565 1960 608 et
1982 571 2127 623 pars,
2163 571 2294 624 qua-
2324 555 2368 610 Α

3854 420 3956 507 stis

2987 550 3213 606 CAPUT
3276 550 3362 605 ﬁl-

2397 637 2547 701 Quod
2580 639 2952 704 participnntes
2982 638 3212 690 divinum
3247 640 3620 700 substantiam,
3656 653 3746 702 per
3779 638 3954 702 Spiri-

2466 716 2575 758 tum
2608 719 2848 760 sanctum
2881 705 3081 759 Filium
3119 707 3232 769 Dei,
3277 709 3366 774 qui
3398 722 3557 774 supra
3604 707 3955 774 substantiam

2463 787 2562 837 est,
2585 777 2966 842 participamus
2987 793 3004 840 ;
3031 788 3076 828 et
3093 778 3228 826 hunc
3249 773 3644 842 participnntes,
3667 773 3826 826 Deum
3849 775 3956 826 Pa-

2466 855 2597 896 trem
2628 846 3005 909 pnrticipamus
3040 884 3054 906 ,
3094 856 3249 906 atque
3277 848 3349 896 ita
3370 846 3615 913 efﬁcimur
3641 843 3830 896 divime
3862 858 3960 894 ua-

2465 922 2600 964 [αι-ω
2629 922 2676 965 et
2704 913 3004 966 substantia
3032 917 3332 981 participes.

2466 1002 2728 1057 Dominus
2762 1004 2837 1056 ait
2860 1005 2910 1056 in
2941 1004 3230 1071 Evattgelio
3264 1020 3276 1054 :
3310 1000 3414 1066 Qui
3448 1001 3622 1070 diligit
3675 1017 3774 1063 me,
3817 1011 3965 1052 mau-

2396 1091 2526 1143 duta
2578 1108 2691 1143 mea
2741 1093 3001 1154 servabit;
3038 1100 3085 1143 et
3122 1107 3214 1160 ego
3257 1101 3307 1144 et
3359 1090 3519 1144 Pater
3567 1078 3825 1143 veniemus
3855 1129 3870 1152 ,
3916 1098 3963 1141 et

2398 1182 2719 1234 mansionem
2773 1182 2915 1248 apud
2962 1199 3076 1235 eum
3132 1183 3386 1248 faciemus
3426 1182 3493 1234 ".
3545 1181 3699 1247 Quod
3746 1181 3961 1249 quidem

2399 1284 2628 1338 magnus
2652 1279 2706 1321 et
2736 1284 2979 1323 summus
3012 1272 3372 1337 apostolorum
3411 1269 3601 1324 Petrus
3633 1270 3690 1323 in
3732 1270 3964 1337 Epistola

2399 1374 2494 1412 sua
2528 1359 2777 1427 explicat,
2809 1374 2930 1413 cum
2965 1362 3038 1412 ait
3068 1378 3081 1413 :
3112 1360 3315 1415 Divina
3344 1372 3549 1415 natura:
3583 1374 3846 1414 consortes
3877 1362 3963 1428 {a-

2399 1449 2470 1500 cti
2507 1464 2684 1501 sumus
2705 1451 2772 1502 ".
2801 1449 3164 1503 Consentium
3199 1467 3320 1502 cum
3353 1466 3418 1504 eo
3447 1466 3566 1518 qua!
3609 1451 3810 1504 Paulus
3841 1453 3964 1502 item

2402 1550 2633 1601 magnus
2675 1536 2792 1588 ait:
2828 1535 3058 1588 Nescitis
3108 1539 3246 1604 quod
3297 1538 3540 1606 templum
3587 1539 3681 1591 Dei
3732 1540 3876 1601 estis,
3917 1550 3964 1590 et

2404 1626 2636 1690 Spiritus
2661 1625 2755 1678 Dei
2782 1626 2980 1677 habitat
3018 1629 3071 1678 in
3093 1629 3234 1679 vobis
3257 1630 3343 1680 °'?
3369 1628 3432 1681 Et
3455 1645 3644 1683 rursus
3673 1646 3687 1680 :
3721 1627 3823 1682 Vos
3845 1633 3967 1680 estis

2403 1714 2649 1780 templum
2692 1713 2785 1766 Dei
2819 1718 3050 1775 viventis,
3101 1717 3235 1768 sicut
3290 1718 3424 1769 dixit
3481 1716 3654 1780 Deus,
3701 1716 3966 1779 Quoniam

2402 1804 2650 1856 habitabo
2681 1806 2731 1856 in
2765 1808 2861 1865 eis,
2901 1819 2945 1857 et
2981 1807 3356 1869 inambulubo;
3394 1816 3442 1858 et
3477 1823 3564 1858 ero
3590 1809 3662 1859 eis
3708 1807 3865 1868 Deus,
3913 1819 3966 1858 et

2405 1895 2506 1960 ipsi
2551 1903 2703 1946 erunt
2739 1895 2866 1946 milii
2903 1896 3125 1961 populus
3156 1898 3224 1950 “.
3266 1897 3528 1949 Similiter
3576 1897 3667 1964 qui
3718 1898 3969 1961 deinceps

2405 1986 2681 2038 consecuti
2723 1996 2849 2038 sunt
2881 1987 3076 2038 sancti.
3116 1987 3340 2055 Magnus
3370 1989 3720 2050 Athanasius,
3750 1991 3803 2040 in
3841 1985 3969 2054 Epi-

2406 2075 2539 2126 stola
2577 2073 2643 2126 ad
2684 2073 3034 2144 Serapionem
3064 2092 3076 2127 :
3106 2075 3198 2129 Sic
3235 2087 3439 2141 autem,
3473 2077 3693 2144 inquit,
3734 2075 3968 2144 signati,

2405 2170 2766 2217 consentanea
2817 2176 3023 2218 naturae
3058 2165 3251 2218 dii-ina:
3273 2177 3559 2221 consortes
3591 2167 3871 2230 cllicimur,
3903 2164 3977 2218 si-

2405 2265 2496 2306 cut
2541 2253 2732 2308 Petrus
2775 2255 2950 2318 disit,
2985 2266 3146 2323 atque
3194 2257 3266 2310 ita
3313 2259 3491 2311 omnis
3528 2273 3776 2313 cieatura
3811 2259 3970 2315 Verbi

2407 2346 2678 2411 particeps
2718 2345 2947 2399 efﬁcitur
2982 2349 3032 2398 iu
3079 2346 3283 2414 Spiritu
3331 2359 3543 2410 sancto,
3576 2358 3630 2401 et
3674 2365 3766 2417 per
3798 2350 3974 2419 Spiri-

2409 2452 2524 2493 tum
2577 2451 2828 2495 sanctum
2880 2443 3114 2496 dicimur
3155 2445 3442 2513 paiticipes
3479 2444 3612 2508 Dei,
3657 2446 3732 2498 ait
3777 2447 3920 2500 enim
3958 2465 3971 2502 :

2410 2533 2639 2584 Nescitis
2673 2535 2811 2599 quod
2846 2534 3090 2597 templum
3125 2535 3216 2587 Dei
3248 2539 3393 2602 estis,
3425 2548 3476 2589 et
3508 2534 3737 2603 Spiritus
3764 2535 3858 2590 Des'
3882 2539 3976 2590 Ita-

2408 2624 2539 2676 bt’tat
2582 2625 2634 2675 in
2669 2625 2854 2680 vobis?
2885 2625 2948 2678 Et
2991 2628 3131 2679 idem
3182 2628 3234 2680 in
3272 2631 3457 2680 eadem
3491 2630 3719 2697 epistola
3766 2645 3778 2679 :
3822 2630 3978 2684 Nunc

2409 2725 2588 2767 autem
2619 2730 2743 2768 cum
2780 2716 3014 2769 dicimur
3041 2720 3327 2786 participes
3351 2721 3574 2782 Christi,
3600 2731 3651 2774 et
3685 2722 3978 2790 participes

2411 2804 2525 2866 Dei,
2563 2806 2966 2861 demonstratur
2998 2810 3260 2872 chrisma,
3302 2811 3352 2863 id
3390 2819 3472 2863 est
3507 2813 3712 2874 unctio,
3745 2829 3813 2880 qu
3835 2833 3861 2862 ιε
3895 2821 3980 2867 est

2411 2896 2462 2947 in
2491 2897 2668 2959 nobis,
2705 2907 2758 2950 et
2790 2898 3050 2967 sigitltim,
3084 2900 3227 2968 quod
3261 2917 3364 2953 non
3404 2910 3488 2954 est
3522 2913 3724 2955 naturae
3752 2914 3979 2967 creatai,

2409 2990 2501 3039 sed
2535 2986 2679 3049 Filii,
2712 2991 2801 3058 qui
2837 3006 2929 3055 per
2959 2989 3224 3058 Spiritum
3262 3001 3508 3044 sanctum
3541 3009 3639 3046 nos
3663 3008 3787 3046 eum
3823 2993 3981 3047 Patte

2411 3079 2714 3149 cetijungit,
2753 3080 2854 3133 lioc
2895 3081 3040 3134 enim
3077 3080 3314 3134 Joannes
3355 3086 3514 3150 paulo
3565 3098 3726 3152 supra
3780 3085 3979 3137 docens

731 3177 936 3227 cisdetn
973 3189 986 3224 :
1019 3170 1112 3225 Est
1147 3170 1314 3240 igitur
1357 3167 1596 3239 Spiritus
1626 3178 1846 3223 sanctus
1873 3168 2171 3222 secundum
2207 3185 2300 3222 na-
2333 3175 2378 3236 ς
2411 3173 2627 3238 scripsit
2658 3188 2672 3224 :
2709 3171 2770 3224 In
2808 3173 2902 3224 hoc
2935 3175 3287 3240 cognoscimus
3314 3175 3448 3243 quod
3479 3175 3531 3225 in
3558 3174 3660 3227 Deo
3684 3191 3979 3237 manemus,

735 3274 911 3316 turam
953 3263 1112 3324 Deus,
1144 3263 1343 3330 quippe
1379 3259 1470 3328 qui
1504 3270 1728 3313 sanctos
1765 3270 2083 3328 regenerat,
2117 3268 2175 3312 ut
2203 3261 2311 3313 sint

733 3371 903 3409 unum
933 3370 1054 3408 cunt
1092 3354 1220 3413 Deo,
1262 3352 1354 3419 qui
1394 3351 1601 3403 habitat
1636 3350 1687 3402 iit
1726 3349 1831 3403 eis.
1867 3349 1931 3401 Et
1958 3349 2134 3403 adhuc
2170 3351 2308 3403 idem

738 3448 793 3501 iti
825 3449 1029 3501 eisdem
1067 3460 1079 3494 :
1115 3443 1254 3508 Quid
1311 3444 1476 3511 igitur
1523 3456 1657 3510 opus
1705 3450 1788 3494 est
1836 3442 1995 3503 longo
2023 3442 2310 3505 verborum

741 3541 978 3592 circuitu
1003 3535 1102 3596 titi,
1151 3545 1198 3587 et
1250 3534 1578 3607 multiplices
1627 3532 1877 3585 notiones
1921 3533 2128 3585 texere?
2167 3533 2313 3585 lianc

741 3629 887 3682 enim
927 3627 1102 3694 ipsam
1151 3624 1257 3675 vim
1304 3623 1736 3675 sanetilieauteni
1777 3637 1841 3674 ex
1888 3621 2044 3675 Patre
2093 3636 2316 3673 manan-

737 3730 866 3780 tein,
904 3733 1024 3784 qua:
1056 3713 1381 3783 imperfectis
1415 3714 1600 3765 tribuit
1631 3712 2017 3780 perfectionem
2047 3753 2062 3777 ,
2088 3713 2317 3766 dicimus

736 3825 858 3863 esse
922 3808 1187 3876 Spiritum
1246 3816 1535 3868 sanctum;
1596 3819 2168 3872 superv:tcattetttttqtte
2233 3816 2316 3857 est

736 3908 1049 3953 creaturam
1108 3912 1202 3966 per
1252 3897 1597 3963 iutcrjectttin
1649 3897 1885 3948 medium
1940 3896 2270 3949 sanctilit-ari
2301 3935 2315 3957 ,

737 4007 860 4044 cum
889 3990 1194 4057 benignitas
1222 3988 1312 4040 1)νὶ
1341 3987 1560 4055 dignata
1599 3985 1765 4039 fuerit
1789 4002 1964 4057 usque
1995 3990 2059 4039 ad
2094 3988 2318 4040 minima

739 4083 1057 4150 pervadere,
1116 4088 1170 4131 et
1207 4093 1268 4132 ea
1305 4093 1399 4145 per
1447 4077 1706 4142 Spiritum
1750 4093 1907 4131 suum
1956 4078 2317 4132 sanctiﬁcarc.

738 4171 803 4226 Et
853 4170 1068 4222 divinus
1101 4168 1462 4236 Tthplianes
1509 4168 1560 4219 in
1597 4167 1835 4222 Cantieis
1869 4170 1984 4223 suis
2019 4185 2032 4221 :
2067 4167 2274 4222 Lumen
2305 4211 2319 4234 ,

738 4263 933 4334 inquit,
963 4261 1124 4314 unius
1164 4260 1438 4328 principii,
1474 4268 1526 4311 et
1556 4258 1606 4310 iii
1644 4259 1816 4313 tribus
1848 4259 2162 4328 splendens,
2197 4260 2322 4313 sub-

738 4354 934 4410 stant'a
965 4353 1082 4404 sine
1108 4350 1394 4422 principio,
1429 4348 1795 4417 pulchritudo,
1826 4351 2088 4404 immensa
2120 4351 2326 4406 habitat

740 4451 793 4505 iii
837 4448 998 4501 corde
1029 4462 1172 4508 meo,
1204 4453 1257 4497 ct
1295 4445 1492 4497 iterum
1527 4443 1578 4495 in
1612 4443 1818 4496 eisdem
1854 4460 1868 4496 :
1905 4442 2017 4496 Rex
2062 4444 2317 4497 cmlestis.

738 4537 1027 4604 paraclete,
1072 4533 1305 4602 Spiritus
1347 4532 1621 4597 veritatis,
1657 4531 1750 4599 qui
1788 4532 1986 4598 ubique
2020 4531 2148 4585 ades
2181 4547 2319 4599 pra:-

739 4643 884 4690 sens,
917 4637 969 4678 et
995 4626 1176 4677 omnia
1210 4624 1422 4691 imples,
1462 4622 1553 4689 qui
1589 4636 1649 4674 es
1686 4623 1973 4674 thesaurus
2008 4622 2274 4674 bonorum
2303 4661 2318 4687 ,

738 4729 791 4771 ct
825 4724 945 4770 vita:
977 4717 1151 4778 dator,
1195 4717 1338 4775 Veni,
1375 4722 1426 4766 et
1460 4713 1638 4764 habita
1680 4711 1732 4764 in
1761 4713 1953 4775 nobis;
1997 4721 2050 4764 et
2088 4713 2319 4765 emunda

742 4825 841 4863 nos
877 4811 942 4860 ab
976 4808 1125 4861 omni
1160 4806 1392 4865 macula,
1426 4814 1477 4856 et
1517 4804 1694 4855 salvas
1728 4802 1808 4856 lac
1842 4804 2050 4856 animas
2083 4812 2320 4857 nostras.

740 4899 819 4952 Ex
863 4900 1260 4967 quibus‘patet,
1294 4901 1436 4965 quod
1476 4895 1581 4948 Deo
1618 4897 1914 4949 secundum
1965 4897 2319 4950 subsmtttiam

742 5000 1033 5060 praesente,
1088 4990 1446 5044 sulistautiniit
1489 4989 1607 5057 ejus
1641 4990 1976 5056 impermiSIe
2029 4991 2322 5058 participa-

742 5098 861 5136 mus
893 5099 904 5135 :
940 5093 992 5135 et
1025 5083 1165 5149 quod
1198 5082 1308 5149 ipsa
1337 5089 1419 5132 est
1455 5095 1572 5147 qtire
1604 5095 1703 5133 nos
1745 5081 2085 5144 sanctiﬁcat,
2129 5091 2183 5135 et
2227 5082 2323 5134 lia-

740 5175 872 5227 hitat
907 5174 959 5225 iit
1012 5173 1187 5236 nobis,
1223 5186 1432 5239 nosque
1464 5171 1531 5221 ab
1571 5170 1718 5221 omni
1753 5170 1869 5222 labe
1917 5186 2012 5243 per
2059 5171 2320 5241 Spit-itum

741 5281 900 5320 suum
931 5265 1022 5334 qui
1055 5279 1218 5339 supra
1251 5257 1611 5319 sobstatttitim
1645 5269 1750 5327 est,
1797 5273 2070 5331 repurgat.

809 5497 856 5527 ⁹¹
923 5494 1077 5550 Joatt.
1135 5509 1244 5557 XIV,
1292 5493 1382 5549 23.

1464 5491 1506 5523 "
1540 5492 1580 5549 ll
1617 5493 1766 5549 Petr.
1803 5509 1842 5562 t,
1876 5496 1932 5548 4.

813 5727 891 5796 (tt)
926 5725 1041 5780 Lib.
1070 5744 1188 5787 XIII,
1223 5743 1344 5797 cap.
1378 5728 1432 5782 5.

815 5799 888 5867 (ο)
930 5800 1212 5870 Quomodo
1244 5813 1424 5854 autem
1463 5801 1819 5872 participctur
1851 5801 1996 5858 Deus
2029 5803 2331 5859 secundum

2012 5497 2058 5526 "
2092 5497 2106 5550 Ι
2150 5496 2277 5552 Cor.
2315 5517 2396 5565 ut,
2423 5499 2511 5553 i6.

2410 3269 2458 3312 et
2491 3262 2598 3326 ipse
2627 3262 2679 3312 in
2713 3263 2882 3322 nobis,
2924 3277 2986 3312 ra:
3015 3261 3213 3328 Spiritu
3245 3264 3359 3332 ejus
3389 3280 3537 3330 quem
3564 3265 3708 3317 dedit
3741 3267 3888 3319 nobis
3913 3267 3979 3320 ".

2416 3352 2472 3404 Si
2507 3363 2685 3404 autem
2717 3354 3133 3422 participatione
3173 3355 3408 3422 Spiritus
3458 3357 3633 3409 sancti
3689 3354 3985 3410 cﬂicicmur

2416 3452 2697 3497 c0iisortes
2724 3445 2918 3497 divinie
2951 3453 3176 3518 naturae,
3215 3445 3440 3497 insanus
3475 3444 3636 3499 fuerit
3668 3434 3712 3498 Si
3741 3445 3865 3514 quis
3903 3446 3986 3499 di-

2416 3543 2502 3586 cat
2543 3549 2660 3588 esse
2702 3532 2962 3602 Spiritum
2998 3543 3246 3588 sanctum
3291 3545 3494 3587 natura:
3541 3545 3767 3597 create,
3800 3544 3852 3586 et
3879 3549 3986 3587 non

2419 3625 2545 3688 Dei;
2575 3625 2642 3678 ob
2680 3624 2819 3676 hanc
2857 3626 2999 3677 enim
3053 3641 3271 3677 causam
3325 3635 3408 3679 est
3457 3626 3508 3677 in
3571 3627 3904 3690 hominibus,
3936 3635 3990 3678 et

2419 3730 2515 3784 per
2543 3729 2663 3767 eum
2703 3715 2948 3768 homines
2970 3714 3310 3779 deiﬁt-antur;
3339 3715 3380 3767 si
3411 3727 3587 3768 autem
3619 3717 3851 3778 deilicat,
3882 3730 3987 3767 non

2420 3817 2501 3860 est
2536 3806 2757 3859 dubium
2800 3806 2927 3874 quin
2983 3817 3174 3859 natura
3228 3807 3348 3875 ejus
3387 3816 3579 3860 natura
3613 3806 3706 3860 Dei
3743 3809 3834 3860 sit.
3872 3807 3988 3860 Ma-

2421 3911 2561 3964 gnus
2591 3895 2824 3949 Basilius
2855 3896 2907 3949 itt
2951 3895 3016 3948 iis
3049 3911 3168 3963 qua!
3200 3895 3264 3949 de
3301 3896 3505 3966 Spiritu
3540 3906 3729 3949 sancto
3759 3897 3986 3950 scribit:

2422 3987 2598 4049 Nulla,
2625 3989 2821 4056 inquit,
2858 3997 3102 4040 creatura
3136 3988 3202 4041 ab
3235 3991 3414 4042 anima
3468 3991 3695 4043 rationis
3742 4000 3991 4059 compote

2421 4079 2737 4149 participari
2773 4088 2969 4148 potest,
3008 4080 3078 4132 ita
3109 4091 3169 4132 ttt
3202 4080 3253 4133 in
3286 4094 3348 4134 ea
3388 4082 3595 4134 habitet
3618 4082 3912 4143 οὐσιωδὼς.
3940 4083 3991 4135 id

2423 4179 2504 4222 est
2542 4169 2842 4222 secundum
2877 4169 3240 4224 substantiam
3275 4171 3375 4239 (ὸ),
3419 4158 3653 4239 Spiritus
3703 4187 3828 4225 vero
3869 4188 3996 4224 san-

2425 4269 2546 4313 ctus
2585 4261 2789 4314 habitat
2817 4261 2869 4313 in
2904 4275 2966 4315 ea
2997 4293 3017 4321 ,π
3050 4262 3193 4314 sicut
3236 4263 3311 4315 ait
3360 4261 3640 4331 Scriptura
3674 4279 3686 4314 :
3725 4263 3994 4328 Templum

2425 4354 2550 4407 estis
2587 4352 2698 4414 Dei,
2725 4361 2773 4406 et
2809 4351 3041 4419 Spiritus
3074 4353 3165 4406 Dei
3201 4354 3403 4407 habitat
3431 4358 3484 4408 in
3518 4357 3681 4420 vobis;
3704 4357 3998 4409 .increatus

2429 4443 2587 4512 igitur
2617 4453 2697 4497 est
2730 4443 2966 4511 Spiritus
3007 4456 3252 4507 sanctus,
3283 4455 3335 4499 et
3360 4447 3550 4500 beatus
3579 4447 3815 4516 Cyrillus
3853 4449 3901 4498 iti
3930 4447 3999 4501 iis

2429 4549 2549 4601 qua:
2589 4533 2654 4586 de
2686 4532 2890 4602 Spiritu
2921 4545 3114 4589 sancto
3143 4538 3362 4605 scripsit
3403 4555 3417 4591 :
3456 4536 3558 4592 Per
3584 4555 3642 4593 se
3675 4539 3835 4608 igitur
3865 4554 3997 4608 ope-

2429 4633 2583 4679 ratur
2624 4625 2678 4677 iu
2726 4626 2883 4679 nobis
2920 4626 3157 4696 Spiritus
3195 4640 3415 4684 sanctus
3463 4645 3588 4684 vere
3631 4631 4000 4695 sanctiﬁcans,

2432 4727 2478 4770 et
2513 4732 2610 4770 nos
2644 4715 2827 4771 secum
2863 4720 2916 4772 in
2954 4737 3119 4774 unum
3162 4737 3258 4776 sua
3292 4723 3679 4792 conjunctione
3716 4724 4002 4792 copulatis,

2430 4823 2492 4862 ac
2521 4809 2718 4863 divinae
2746 4821 2949 4864 naturae
2979 4813 3272 4882 participes
3301 4814 3554 4870 elﬁciens.
3592 4816 3658 4869 Et
3687 4831 3912 4870 rursus:
3946 4817 4003 4870 Si

2431 4902 2784 4968 accipientes,
2819 4902 3017 4970 inquit.
3057 4904 3318 4973 Spiritum
3365 4905 3607 4972 Christi,
3651 4925 3744 4976 per
3772 4926 3897 4965 eum
3935 4912 4000 4963 ad

2431 4991 2599 5044 Deum
2632 4990 2843 5046 Patrem
2882 4994 3222 5059 adducimur,
3256 4994 3511 5067 tanquam
3559 4999 3755 5054 divinat
3797 5011 4004 5057 natura!

2429 5094 2708 5139 consortes
2741 5088 2886 5150 lacti,
2923 5089 3081 5142 modo
3115 5091 3219 5143 erit
3247 5099 3517 5156 creatura,
3554 5107 3649 5162 per
3678 5107 3836 5162 quem
3877 5108 4001 5147 cum

2432 5175 2540 5230 Deo
2572 5187 2828 5246 tanquam
2866 5194 3037 5247 genus
3070 5182 3500 5251 conjungimur?
3532 5184 3726 5239 Adhuc
3767 5185 3907 5241 idem
3945 5186 4001 5240 in

2429 5270 2698 5337 Capitibus
2743 5271 2810 5324 de
2852 5271 3057 5340 Spiritu
3101 5287 3291 5330 sancto
3320 5292 3334 5328 :
3380 5277 3435 5332 Si
3467 5293 3660 5334 servus
3691 5291 3794 5343 est,
3829 5288 3889 5335 ut
3919 5276 4003 5334 la-

2587 5497 2632 5528 “
2666 5498 2708 5552 ll
2761 5497 2888 5553 Cor.
2927 5517 2999 5566 VI,
3042 5504 3125 5560 16.
3205 5507 3476 5564 ⁹⁸Ηοτιη.
3548 5527 3620 5577 tv,
3684 5513 3768 5569 l3.

2443 5735 2806 5815 substantiam
2845 5755 2872 5791 a
2910 5749 3202 5815 creatura.
3259 5753 3312 5796 et
3370 5760 3476 5798 non
3533 5747 3901 5815 participctur,
3952 5759 4015 5806 ut

2443 5817 2589 5862 recte
2619 5808 2970 5880 intelligatur,
3004 5814 3207 5882 legatur
3236 5828 3358 5884 cap.
3393 5817 3461 5869 to
3493 5808 3654 5890 lii-jus
3693 5808 3930 5880 decadis.
