4416 6448
372 409 498 477 ’880

1169 404 1424 464 ’ΒΕΟΑΞ
1464 407 1596 464 ΥΠ.
1642 421 1710 440 -⁴·
1745 403 2131 463 DE-DIVINA
2183 407 2843 466 I‘ARTICIPATIONE.

3503 400 3607 463 8'70

395 528 512 568 ctus
551 513 629 565 vel
661 520 874 566 creatus
908 512 1141 578 Spiritus
1174 523 1394 566 sanctus
1421 549 1436 574 ,
1467 514 1740 580 quomodo
1773 514 1824 565 in
1874 527 1940 566 eo
1992 522 2034 572 Α
2066 516 2243 567 ritiam
2280 517 2487 569 deﬂecti
2522 517 2661 570 Dens
2708 527 2923 583 propter
2963 512 3379 580 magnitudinem
3427 524 3479 565 ct
3527 530 3620 564 t'x-

394 589 737 658 clamamus:
763 601 906 654 Abba
941 601 1101 653 Pater
1131 603 1218 654 "1
1255 601 1451 653 Verum
1487 617 1518 654 a
1551 603 1810 654 servitute
1835 603 1957 668 qui~

396 694 516 744 deni
561 693 752 744 liberat
781 705 874 744 eos
899 729 914 752 ,
946 690 1000 742 in
1045 691 1246 756 quihus
1275 700 1378 748 est.
1412 690 1492 743 vel
1526 693 1707 756 potius
1743 692 1957 757 reflugit

402 781 455 831 in
489 781 628 832 lilios
679 777 969 839 libertatis,
1019 768 1224 830 faciens
1269 792 1365 830 eos
1414 780 1706 845 participes
1751 786 1957 830 natura!

396 883 543 930 stur;
577 879 802 921 nonest
831 867 993 935 igitur
1018 881 1210 920 servus
1234 884 1249 930 ;
1270 867 1413 935 quod
1439 869 1482 920 si
1513 882 1619 919 non
1643 877 1724 920 est
1751 881 1959 927 servus,

2063 607 2365 658 cellentiam
2413 610 2620 658 naturai
2647 623 2663 669 ;
2693 607 2820 672 quin
2849 607 3026 672 potius
3062 612 3211 655 tanto
3244 603 3413 669 magis
3441 603 3506 654 ad
3543 604 3622 653 Ιν-

2062 690 2284 742 nitatem
2317 692 2505 756 vergit,
2535 701 2740 757 quanto
2764 691 2966 756 majora
3001 690 3052 742 in
3082 704 3146 741 eo
3167 700 3311 747 sunt,
3339 703 3400 740 ex
3422 688 3622 755 quibus

2063 794 2229 831 unum
2256 817 2272 839 ,
2311 783 2470 848 idque
2504 783 2928 848 pulcherrimum
2964 790 3046 832 est
3074 822 3089 843 ,
3127 779 3338 831 bonitas
3369 793 3490 846 quae
3523 793 3620 845 per

2056 865 2282 929 Fiium,
2317 867 2458 921 sicut
2489 869 2601 936 ipse
2630 868 2705 921 ait
2733 869 2810 932 ",
2843 870 2894 919 in
2933 869 3104 919 malos
3133 878 3184 920 et
3219 868 3386 919 bonos
3414 866 3624 932 pertin-

397 958 560 1026 ig'tur
601 972 771 1025 neque
796 966 1086 1020 vereatnra,
1145 972 1267 1012 esse
1314 967 1493 1011 autem
1544 967 1872 1019 creaturam,
1907 967 1963 1011 ct
2064 955 2162 1020 git,
2203 956 2335 1008 nulli
2383 970 2606 1023 prorsus
2637 957 2718 1008 sui
2764 955 3227 1022 participationem
3270 953 3623 1020 praecludeus.

402 1048 679 1100 numerari
720 1062 962 1111 servum,
1002 1047 1135 1101 nihil
1170 1049 1313 1101 aliud
1342 1054 1487 1100 esset
1521 1060 1680 1113 quam
1713 1046 1961 1113 refugere

390 1151 430 1189 -a
465 1137 644 1188 divina
677 1136 1018 1198 substantia,
1071 1151 1133 1188 ac
1177 1151 1369 1190 rursus
1418 1135 1562 1186 idem
1616 1135 1669 1187 in
1711 1134 1911 1188 eisdem
1947 1152 1962 1186 :

405 1227 544 1279 Deus
579 1225 743 1294 igitur
774 1234 856 1279 est
882 1225 1116 1293 Spiritus
1140 1225 1238 1294 qui
1268 1240 1371 1279 nos
1407 1227 1471 1276 ad
1513 1224 1612 1279 Dei
1648 1223 1961 1279 similitudi-

403 1331 526 1368 nem
557 1314 779 1379 format,
811 1330 918 1368 non
950 1324 1201 1382 tanquam
1247 1329 1340 1382 per
1372 1315 1599 1383 gratiam
1636 1313 1958 1387 ministran-

405 1415 533 1466 lein,
568 1404 658 1457 sed
694 1419 787 1468 per
814 1402 1052 1457 divinam
1087 1412 1330 1456 naturam
1362 1402 1824 1470 participationem
1872 1395 1970 1455 sui

2066 1042 2414 1111 Par-tieipatio
2449 1059 2576 1097 vero
2603 1044 2781 1096 Patris
2813 1058 2906 1109 per
2934 1042 3128 1094 Filium
3161 1044 3212 1093 in
3267 1043 3468 1110 Spiritu
3501 1058 3628 1094 san-

2066 1144 2155 1187 cto
2189 1135 2406 1200 proprie
2454 1143 2507 1187 ct
2549 1135 2801 1186 decenter
2836 1131 2922 1195 fit;
2978 1132 3118 1184 sirut
3141 1132 3300 1184 etiam
3335 1131 3501 1183 solem
3535 1145 3627 1197 per

2069 1222 2409 1288 splendorem
2441 1237 2506 1274 ex
2539 1235 2604 1275 eo
2633 1236 2739 1274 non
2787 1222 2906 1273 sine
2933 1220 3113 1272 calore
3171 1219 3370 1271 editum
3405 1220 3628 1286 pantici-
3678 1240 3686 1250 -

2070 1331 2286 1382 panius.
2321 1317 2477 1368 Sicut
2512 1316 2675 1382 igitur
2702 1327 2865 1367 nemo
2895 1315 3039 1366 dit-at
3085 1313 3349 1366 dissimile
3377 1326 3496 1364 esse
3529 1310 3627 1362 soli

2075 1405 2253 1457 lumen
2292 1406 2433 1474 quod
2485 1421 2548 1458 es
2600 1407 2718 1472 ipso
2759 1405 3041 1467 emittitur,
3073 1403 3153 1454 vel
3186 1403 3417 1455 calorem
3448 1441 3462 1462 ,
3503 1403 3628 1467 quia

403 1493 470 1544 iis
501 1491 592 1559 qui
621 1491 767 1560 digtti
796 1501 942 1553 sunt,
972 1493 1204 1544 donans.
1244 1490 1306 1542 Et
1337 1505 1456 1558 quas
1477 1501 1560 1544 est
1595 1492 1783 1544 horum
1805 1480 1973 1546 ﬁdes?
2072 1511 2164 1563 per
2194 1496 2289 1550 ista
2321 1496 2675 1564 participatur
2711 1495 2830 1558 sol;
2865 1495 2944 1548 sic
2991 1509 3095 1546 non
3147 1501 3228 1546 est
3280 1507 3527 1551 necesse,
3573 1502 3631 1542 ut

405 1585 686 1650 scriptura
729 1595 878 1636 sacra
897 1631 924 1657 η,
974 1579 1259 1647 Scriptura
1294 1581 1550 1634 divinitus
1601 1579 1774 1633 amata
1803 1617 1820 1640 ,
1854 1594 1974 1647 qua:
2071 1586 2242 1638 Filius
2281 1587 2349 1639 sit
2389 1585 2530 1638 Patri
2575 1584 2883 1644 dissimilis,
2933 1583 3059 1651 quia
3107 1583 3262 1635 Pater
3308 1598 3404 1651 per
3436 1580 3628 1633 Filium

405 1682 589 1740 aperte
618 1682 670 1726 et
696 1671 931 1740 perfecte
963 1671 1016 1723 in
1047 1686 1212 1723 unum
1245 1671 1462 1737 copulat
1497 1669 1662 1723 Deum
1710 1679 1763 1721 et
1800 1669 1972 1735 Spiri-

402 1773 518 1818 tum
549 1764 702 1831 ejus;
739 1777 833 1814 ner
864 1763 1018 1815 aliter
1053 1761 1285 1814 futuram
1325 1775 1446 1814 esse
1479 1760 1567 1813 Dei
1593 1760 1975 1827 participatio-

409 1868 555 1916 nem,
591 1852 819 1921 nisiper
851 1850 1111 1918 Spiritum
1141 1859 1413 1910 sanctum,
1434 1861 1626 1916 api-rte
1660 1848 1815 1901 docet
1851 1863 1866 1901 :
1895 1850 1970 1900 si-

405 1946 620 2012 quidem
671 1943 931 1996 Dominus
970 1951 1155 1995 uoster
1201 1939 1360 1994 .lesus
1393 1939 1642 1993 Christus
1681 1939 1747 1991 de
1769 1939 1926 1991 omni
1954 1975 1968 1998 ,

405 2037 618 2104 opinor,
653 2034 794 2087 fideli
830 2043 883 2086 et
917 2032 1058 2085 bono
1088 2029 1387 2099 dicit:Ego
1416 2038 1464 2082 et
1501 2029 1659 2082 Pater
1694 2020 1971 2092 veniemus,

2076 1675 2448 1742 participatur,
2501 1674 2629 1740 qttin
2652 1675 2837 1739 potius
2872 1673 3101 1724 similem
3149 1687 3242 1739 per
3287 1673 3465 1723 omnia
3511 1687 3632 1724 esse

2078 1761 2436 1815 demonstrat.
2467 1760 2576 1814 -Uhi
2621 1763 2765 1814 enim
2826 1760 2951 1813 facti
2994 1762 3284 1828 participes
3329 1759 3476 1820 Filii,
3530 1777 3632 1811 non

2073 1854 2349 1919 priumur
2380 1853 2794 1920 participatione
2826 1849 3026 1912 Patris,
3056 1851 3324 1917 quomodo
3349 1866 3452 1902 non
3479 1850 3638 1902 erunt

2073 1946 2210 1998 idem
2263 1946 2420 1999 Pater
2461 1954 2512 1998 et
2550 1945 2778 1998 Filius?
2820 1943 2918 1997 Ubi
2953 1955 3132 1997 autem
3165 1953 3246 1998 est
3287 1945 3473 1996 eadem
3507 1948 3637 1996 sub.

2075 2033 2293 2093 stantia,
2321 2049 2480 2101 quem
2502 2033 2678 2087 locum
2703 2034 2921 2087 habebit
2953 2033 3367 2087 dissimilitudo?
3397 2035 3437 2087 Β
3474 2049 3639 2100 εῃσιη-

383 2137 454 2180 -et
481 2128 799 2179 mansionem
833 2123 970 2190 apud
992 2137 1107 2175 eum
1130 2121 1404 2190 faciemus.
1436 2130 1490 2175 el
1520 2137 1532 2172 :
1570 2118 1636 2172 1η
1668 2122 1761 2172 hoc
1788 2135 1976 2189 Cogno-
2075 2125 2232 2178 deaot
2261 2124 2462 2178 Christi
2495 2133 2929 2192 oppugnatores.
2969 2125 3047 2175 Ex
3083 2124 3279 2191 quibus
3315 2125 3370 2175 fit
3403 2125 3635 2177 manife-

407 2220 600 2272 seimus
634 2216 777 2286 quod
814 2214 1033 2268 iit-uobis
1060 2223 1156 2276 est,
1192 2229 1254 2267 ea:
1285 2212 1492 2278 Spiritu
1513 2228 1665 2282 quem
1706 2213 1846 2265 dedit
1885 2229 1976 2265 no-

2075 2224 2243 2276 stum,
2277 2215 2418 2282 quod
2452 2216 2830 2283 participantes
2867 2214 3125 2282 Spiritum
3162 2223 3440 2277 sanctum,
3475 2229 3534 2280 pa
3570 2224 3642 2266 ι.-

393 2313 517 2372 "bis,
555 2309 696 2363 lose
733 2323 881 2364 enim
911 2308 1034 2376 quis
1078 2315 1251 2376 potest
1305 2308 1527 2375 copiose
1572 2304 1770 2358 habere
1821 2304 1976 2357 habi-
2076 2305 2543 2375 cipamnsFilium
2577 2305 2768 2371 Deum,
2794 2316 2848 2360 ct
2894 2308 3038 2360 hunc
3077 2308 3488 2376 participant”,
3515 2321 3640 2376 par-

409 2413 614 2455 tantem
650 2407 705 2455 ct
740 2408 1041 2454 versantem
1085 2406 1276 2451 natura
1332 2407 1386 2450 et
1434 2411 1559 2450 vere
1611 2395 1797 2458 Deum,
1852 2410 1974 2449 cum

415 2493 677 2562 Spiritum
706 2492 827 2561 ejus
860 2490 1168 2559 acceperit,
1201 2503 1306 2541 non
1338 2488 1592 2551 alienum,
1627 2502 1805 2555 neque
1833 2486 1970 2541 sub-

2080 2397 2366 2462 ticipainus
2402 2396 2565 2450 Deum
2599 2395 2850 2460 Patrem,
2883 2407 3048 2466 atque
3085 2399 3156 2451 ita
3188 2397 3451 2452 efficimur
3475 2409 3646 2452 totus

2078 2489 2274 2542 divinae
2304 2501 2511 2542 naturai
2549 2498 2602 2544 et
2635 2490 2953 2544 substantia:
2997 2489 3314 2559 participes.
3363 2491 3648 2556 Quomodo

413 2585 614 2636 stantia
650 2583 717 2634 ab
744 2597 829 2635 eo
863 2581 1180 2634 distsactum
1216 2587 1269 2632 et
1302 2577 1612 2641 divulsum,
1667 2576 1759 2629 sed
1797 2575 1982 2649 potius
2073 2598 2157 2634 om

1903 2589 1982 2649 ιιιῆ
2073 2598 2206 2634 vero
2239 2583 2330 2636 liat
2358 2583 2409 2636 iu
2445 2583 2600 2638 nobis
2631 2583 2972 2651 participatio
2997 2582 3303 2644 Trinitatis,
3332 2599 3453 2651 qua:
3485 2598 3647 2652 supra

414 2689 479 2726 ex
512 2673 649 2740 ipso,
680 2682 733 2724 et
765 2671 1012 2736 iuvipsos,
1042 2676 1096 2721 et
1125 2668 1399 2737 proprium
1427 2668 1566 2734 ejus,
1598 2676 1652 2720 et
1702 2666 1966 2734 a‘qualem

399 2779 536 2817 cum
561 2750 625 2816 eo
648 2761 984 2814 dominatum
1009 2765 1332 2826 gestantem,
1351 2766 1407 2811 et
1429 2757 1506 2812 sic
1531 2758 1864 2810 nominatum
1882 2757 1980 2825 (α),

2084 2666 2442 2721 substantiam
2473 2680 2595 2734 est,
2618 2670 2732 2724 dici
2767 2686 2870 2724 non
2909 2677 3115 2738 potest;
3152 2671 3293 2725 sicut
3326 2687 3500 2740 neque
3541 2674 3651 2727 dici

2079 2755 2427 2830 potest,'qu-is
2456 2762 2646 2816 modus
2670 2762 2746 2817 sit
2775 2762 3093 2816 substantia:
3117 2763 3236 2829 eius
3255 2801 3269 2823 ,
3296 2771 3350 2816 et
3379 2766 3654 2832 quomodo

415 2863 469 2907 et
503 2864 762 2921 tanquam
817 2851 870 2904 in
909 2851 1099 2904 ordine
1129 2847 1249 2902 Filii
1274 2849 1352 2918 (li)
1395 2861 1732 2916 assumptum
1771 2857 1985 2916 preptrr
2086 2851 2158 2905 sit
2185 2851 2394 2920 ubique
2425 2867 2661 2921 praesens
2700 2853 2999 2906 secundum
3031 2852 3415 2908 substantiam.

399 2945 660 2999 eamdem
687 2952 955 2996 naturam.
978 2941 1109 2995 Etiu
1137 2956 1258 3009 cap.
1285 2940 1308 2991 l
1354 2940 1474 2993 libri
1495 2955 1557 2993 σιν
1573 2938 1982 3000 Tltesauroram,

417 3046 675 3102 tauquam
718 3037 769 3086 in
807 3047 1036 3102 persona
1073 3032 1449 3085 haereticorum
1499 3045 1513 3082 :
1560 3031 1783 3083 Alienus
1828 3039 1908 3082 est
1955 3043 1982 3079 a

401 3125 916 3182 communicatione
947 3132 1238 3187 nostra,-et
1265 3139 1293 3175 a
1321 3123 1476 3174 nobis
1508 3137 1612 3174 non
1642 3119 1986 3189 participabi-

421 3219 486 3271 Iis
519 3233 610 3286 per
642 3233 700 3270 se
731 3217 904 3284 ipsum
929 3213 1105 3269 lPater
1137 3224 1351 3280 propter
1381 3213 1600 3267 nimiam
1624 3223 1676 3266 et
1702 3227 1989 3275 summam,

412 3291 628 3380 etquae
663 3309 731 3362 ab
767 3310 1004 3361 humana
1025 3304 1383 3373 natura-capi
1417 3318 1522 3358 non
1559 3312 1754 3372 potest,
1794 3303 1994 3356 divini-

426 3399 1070 3468 wisparticipationem,
1105 3398 1319 3465 capitur
1348 3405 1528 3448 autem
1555 3435 1569 3457 ,
1612 3404 1665 3447 et
1696 3402 1778 3447 est
1810 3395 1861 3447 in
1897 3409 1996 3446 no-

411 3491 508 3545 ‘bis
539 3505 631 3557 per
661 3489 852 3542 Filium
887 3497 1139 3556 tanqttam
1173 3501 1266 3554 per
1293 3486 1556 3539 minorem
1589 3484 1815 3539 scilicet.
1850 3482 1997 3548 Quo-
2057 3493 2062 3499 ‘

412 3582 586 3634 modo
610 3581 791 3648 igitur—
807 3578 1003 3632 similis
1023 3576 1178 3630 Patri
1200 3616 1220 3640 ,
1254 3577 1344 3645 qui
1383 3591 1410 3630 a
1451 3577 1608 3631 nobis
1638 3577 1751 3644 capi
1783 3585 1957 3645 potest

427 3673 518 3740 qui
562 3671 714 3723 illum
749 3682 943 3737 capere
979 3682 1083 3719 non
1119 3666 1447 3733 possumus?
1473 3656 1679 3720 Contra
1728 3682 1856 3720 vero
1880 3667 1993 3720 dis-

429 3773 629 3833 putans
686 3759 926 3830 Cyrillus
963 3756 1196 3821 :Ebrii,
1223 3757 1434 3825 inquit,
1490 3773 1684 3812 rursus
1718 3769 1846 3812 sunt
1880 3760 1995 3812 suis

427 3853 657 3908 insaniis
690 3851 779 3906 isti
804 3858 1206 3919 oppugnatores
1242 3847 1358 3914 Dei,
1389 3863 1495 3902 non
1527 3849 1911 3914 intelligentes,
1937 3857 1997 3902 ut

424 3953 665 4012 apparet,
703 3957 879 4012 neque
925 3956 1047 4012 quae
1097 3941 1411 4011 loquuntur,
1463 3955 1638 4011 neque
1685 3942 1751 3995 de
1800 3942 1998 4009 quibus

427 4035 718 4088 alliruiaut.
752 4033 810 4086 Si
847 4031 1017 4094 enim,
1050 4040 1110 4084 ut
1143 4046 1240 4085 vos
1263 4030 1476 4095 dicitis,
1508 4031 1691 4086 omnia
1720 4047 1911 4101 magna
1945 4041 2000 4087 et

428 4141 587 4193 supra
622 4135 871 4178 naturam
895 4132 1019 4178 sunt
1048 4124 1102 4176 in
1124 4121 1310 4186 Patre,
1338 4138 1561 4178 necesse
1587 4133 1671 4178 est
1699 4125 1998 4179 concedere

429 4232 609 4286 parem
637 4217 934 4274 bonitatem
964 4216 1042 4270 illi
1075 4216 1275 4271 inesse.
1303 4216 1584 4281 Quomodo
1612 4217 1776 4287 igitur
1806 4219 1897 4286 qui
1919 4227 2001 4272 est

429 4323 641 4363 summe
680 4309 875 4373 bonus,
915 4321 1020 4361 non
1071 4315 1250 4376 potest
1280 4307 1401 4376 capi
1435 4308 1509 4361 ab
1539 4307 1606 4362 iis
1640 4310 1730 4376 qni
1761 4311 2001 4364 bonitate

2683 2964 2913 3020 CAPUT
2953 2964 3042 3020 IV.

2078 3077 2242 3144 Quod
2285 3079 2662 3146 participantes
2705 3081 2934 3131 divinum
2993 3090 3259 3139 naturam.
3313 3097 3413 3132 non
3463 3085 3654 3149 gratim

2164 3152 2345 3207 solius,
2375 3160 2425 3200 et
2466 3165 2556 3208 per
2580 3167 2632 3200 se
2657 3164 2756 3199 nou
2785 3152 3116 3203 subsistentia
3143 3153 3426 3216 participes
3451 3169 3656 3213 sumus,

2166 3217 2255 3270 sed
2288 3220 2449 3282 ips-us
2479 3217 2711 3285 Spiritus
2742 3220 2911 3270 saucii
2943 3222 3176 3280 viventis,
3205 3231 3252 3272 et
3292 3236 3384 3285 per
3414 3236 3468 3271 se
3517 3237 3660 3272 exsi-

2164 3289 2385 3350 stcntis;
2416 3301 2463 3338 et
2499 3290 2633 3353 quod
2669 3300 2806 3340 tatus
2851 3289 2983 3339 Deus
3041 3291 3210 3340 trt'mts
3242 3291 3409 3354 gratia
3438 3290 3659 3348 dicitur.

2165 3371 2209 3409 et
2247 3356 2402 3408 simul
2440 3355 2634 3417 Filius,
2667 3371 2820 3420 atque
2851 3358 3080 3422 Spiritus
3103 3370 3314 3410 sanctus
3349 3359 3555 3427 gratia;
3585 3359 3662 3412 si-

2166 3427 2390 3494 gi‘llatim
2416 3430 2771 3494 unusquisque
2797 3430 2982 3478 horum
3006 3429 3178 3494 gratia
3211 3429 3432 3488 dicitur,
3465 3429 3664 3479 dicitur

2167 3512 2283 3546 rero
2304 3495 2616 3566 rliammiyme
2646 3497 2846 3564 gratia.
2884 3497 2936 3548 id
2968 3506 3067 3558 est,
3101 3497 3241 3566 quod
3274 3501 3338 3550 ab
3368 3498 3455 3559 his
3483 3512 3662 3564 perso-

2168 3569 2247 3617 nis
2278 3565 2360 3632 ﬁt.

2169 3677 2404 3732 Sanctus
2452 3677 2710 3748 Cyrillus,
2746 3677 2885 3731 libro
2936 3677 3168 3746 septimo
3203 3675 3546 3747 Dialogorum
3591 3680 3662 3732 ad

2101 3770 2370 3824 Ilermiam
2399 3787 2412 3823 :
2437 3769 2514 3832 Si,
2551 3769 2749 3837 inquit,
2781 3770 2950 3836 gratia
2977 3785 3097 3837 quae
3122 3785 3214 3836 per
3234 3769 3500 3838 Spiritum
3531 3785 3662 3823 sau-

2099 3874 2243 3916 ctnm
2276 3863 2457 3922 datur,
2483 3862 2712 3918 discissa
2736 3869 2850 3916 erat
2881 3875 2910 3915 a
2935 3861 3235 3915 substantia
3271 3861 3506 3929 Spiritus
3531 3876 3665 3934 san-

2099 3955 2191 4017 cti,
2229 3968 2328 4008 cur
2374 3969 2483 4007 non
2536 3961 2725 4022 aperte
2758 3953 2894 4008 dixit
2942 3954 3133 4008 beatus
3165 3955 3382 4023 quidem
3429 3953 3664 4023 Moyses,

2100 4045 2244 4113 quod
2279 4045 2553 4114 producw
2583 4046 2847 4098 animanti
2880 4046 3168 4112 inspiravit
3199 4045 3428 4112 gratiam
3477 4057 3667 4098 auctor

2102 4137 2368 4199 Omnium,
2423 4137 2651 4204 gratiam
2708 4136 2833 4189 dico
2881 4150 2979 4204 per
3039 4135 3448 4202 inspiratiouem
3500 4136 3669 4189 vitae?

2102 4223 2350 4278 Christus
2382 4238 2510 4276 vero
2561 4223 2743 4285 nobis,
2788 4224 3028 4290 Accipite
3073 4226 3300 4293 gratiam
3331 4225 3398 4286 ",
3456 4225 3670 4279 scilicet

2103 4327 2201 4380 per
2241 4313 2603 4367 ministerium
2640 4312 2876 4380 Spiritus
2903 4315 3121 4368 sancti?
3149 4316 3288 4380 Quin
3326 4317 3505 4383 potius
3539 4315 3670 4371 illud

430 4397 708 4467 indigent?
731 4395 1015 4465 Quomodo
1043 4409 1127 4453 est
1155 4407 1299 4452 totus
1340 4398 1539 4462 bonus,
1571 4399 1662 4468 qui
1703 4399 1870 4453 nimia
1903 4415 1998 4454 su-
2098 4404 2322 4472 quidem
2353 4413 2602 4456 vocatum
2633 4413 2716 4458 est
2749 4402 3088 4471 Spiraculum
3122 4407 3244 4458 vita:
3266 4407 3311 4438 ’ν
3341 4421 3355 4469 ;
3392 4407 3500 4459 vita
3524 4406 3672 4460 enim

429 4505 522 4559 pra
559 4499 826 4544 creatura:
854 4487 1166 4545 facultatem
1201 4489 1440 4543 bonitate
1471 4490 1728 4544 omnibus
1753 4493 1838 4544 sui
1870 4504 1993 4558 par-
2029 4503 2073 4557 ο
2102 4503 2219 4546 erat
2249 4487 2444 4546 naturti
2475 4492 2806 4557 divinitatis,
2844 4493 3114 4563 siquidem
3149 4509 3275 4549 vere
3302 4497 3354 4548 in
3391 4496 3508 4564 ipso
3536 4482 3674 4549 rivi-

387 4585 398 4602 ‘
429 4581 799 4650 ticipationem
841 4579 1163 4649 praeludit-1
1193 4577 1487 4648 Oportebat
1513 4580 1657 4634 enim
1691 4582 1853 4650 (quod
1882 4583 2004 4649 qui-

429 4671 551 4725 dem
584 4685 772 4725 verum
801 4671 1022 4725 videtur
1038 4671 1202 4738 esse),
1240 4681 1299 4724 ut
1341 4670 1433 4738 qui
1467 4680 1549 4725 est
1565 4686 1777 4726 summe
1806 4672 1999 4734 bonus,

430 4763 727 4816 bonitatem
756 4762 858 4815 sibi
892 4763 1305 4816 convenientem
1342 4761 1624 4816 adhiberet
1652 4763 1928 4827 omnibus,
1951 4769 2005 4816 et

429 4871 548 4908 eam
580 4855 797 4912 cunctis
847 4853 1217 4923 indigentibus
1247 4852 1312 4907 ad
1348 4850 1637 4906 lruendum
1678 4851 2007 4919 impartiret.

433 4947 633 5002 Verum
681 4947 792 5017 jam
827 4945 928 4999 hoc
958 4943 1162 4999 fecisse
1183 4953 1427 5013 apparet,
1457 4959 1581 4998 cum
1615 4945 1881 5013 promittit
1910 4945 2010 4998 ha-

433 5039 730 5094 bitatorum
765 5052 824 5092 se
861 5038 914 5090 iu
947 5037 1125 5100 nobis,
1172 5046 1226 5089 et
1258 5036 1741 5099 iuambulaturum,
1765 5043 1821 5089 et
1872 5050 2005 5104 pro-

435 5132 602 5191 mittit
629 5129 1086 5200 adoptare-lilios.
1118 5128 1300 5184 Inanis
1327 5127 1493 5197 igitur
1527 5127 1817 5197 impiorum
1848 5142 2003 5196 quie-

435 5223 540 5278 stio
572 5233 688 5286 est;
727 5231 951 5292 apparet
973 5224 1142 5289 enim,
1175 5222 1630 5291 quemadmodum
1656 5237 1762 5277 non
1793 5223 1860 5276 ad
1898 5221 2001 5275 du-

2109 4598 2251 4646 mus,
2285 4597 2586 4647 movemur,
2632 4595 2687 4636 et
2735 4585 3007 4647 sumus';
3039 4599 3174 4638 voce
3224 4599 3407 4638 autem
3458 4585 3675 4645 Domini

2108 4672 2310 4726 dictum
2355 4681 2474 4727 est:
2517 4672 2759 4740 Accipite.
2785 4671 3042 4739 Spiritum
3074 4685 3340 4740 sanctum,
3375 4677 3499 4744 quia
3552 4677 3670 4746 ipse

2109 4779 2235 4819 vere
2261 4769 2313 4818 in
2347 4764 2604 4818 cordibus
2625 4764 2960 4818 credentium
2988 4764 3214 4818 habitat.
3245 4765 3306 4834 [is
3333 4766 3492 4835 paulo
3513 4778 3673 4835 post:

2109 4855 2336 4920 Quando
2369 4853 2534 4924 igitur
2564 4853 2632 4907 ad
2669 4854 3084 4908 similitudinem
3111 4854 3318 4908 Christi
3350 4854 3677 4922 formamur,

2113 4947 2228 5013 ipse
2261 4945 2423 5000 etiam
2464 4946 2516 4998 in
2553 4945 2712 4999 nobis
2741 4947 3116 5015 consignatur,
3153 4957 3206 5000 et
3235 4948 3458 5013 pulchre
3491 4953 3681 5018 expri-

2113 5039 2283 5092 mitur
2312 5046 2570 5106 tanquam
2604 5052 2698 5106 per
2739 5036 3008 5106 Spiritum
3059 5041 3386 5094 naturaliter
3421 5041 3680 5098 similem.

2116 5127 2256 5183 Deus
2280 5144 2411 5198 ergo
2442 5142 2526 5183 est
2562 5127 2802 5197 Spiritus
2849 5138 3096 5196 sanctus,
3131 5132 3224 5200 qui
3257 5132 3322 5184 ad
3363 5132 3684 5186 similitudi-

2110 5237 2231 5276 nem
2268 5221 2358 5276 Dei
2408 5220 2610 5276 format
2649 5238 2759 5277 non
2812 5235 3072 5292 tanquam
3106 5238 3203 5292 per
3253 5226 3482 5292 gratiam
3519 5225 3686 5278 minis

505 5425 550 5456 κ
594 5424 756 5482 Rom.
817 5442 934 5490 rttt,
999 5425 1086 5482 15.
1164 5381 1422 5513 f’Matth.
1468 5428 1520 5493 v,
1569 5405 1657 5483 ιδ.
1733 5424 1780 5460 ⁸⁸
1814 5425 1973 5481 Joan.
2017 5440 2110 5492 xx,
2142 5423 2235 5480 22.

1569 5405 1657 5483 L3.
1733 5424 1780 5460 "
1814 5425 1973 5481 Joan.
2017 5440 2110 5492 xx,
2142 5423 2235 5480 22.
2311 5425 2357 5457 ⁹’
2404 5422 2541 5483 Gen.
2575 5443 2633 5488 tt,
2658 5425 2714 5478 7.
2791 5426 2809 5458 ⁸
2853 5428 2972 5481 Act.
3011 5443 3145 5492 svnt,
3174 5424 3267 5480 28.

508 5612 587 5682 (ο)
615 5612 678 5665 Et
707 5614 784 5666 sic
809 5615 1156 5670 nominatum.
1181 5614 1235 5670 ld
1261 5625 1342 5670 est
1373 5594 1736 5672 Dominum."
1765 5616 1889 5672 Cor.
1917 5633 1998 5671 Ill.

510 5684 585 5752 (lt)
616 5683 671 5736 In
707 5687 900 5738 ordine
928 5685 1046 5746 Filii
1071 5698 1381 5755 asstuuptus
1405 5691 1600 5742 dicitur
1619 5690 1852 5758 Spiritus
1885 5704 2012 5743 san-

446 5764 606 5820 etus,
659 5759 784 5824 quia
838 5765 1157 5812 numeratur
1188 5759 1379 5814 tertius
1408 5796 1424 5823 ,
1468 5761 1610 5815 sicut
1638 5761 1774 5809 dicit
1823 5758 2013 5813 Matth.

2110 5631 2303 5686 sum,
2340 5615 2809 5686 Baptizanteseos
2844 5617 2920 5673 in~
2946 5617 3154 5671 nomine
3183 5613 3362 5686 Pallia
3393 5623 3438 5666 et
3481 5611 3609 5666 Filii
3639 5625 3690 5676 et

2118 5685 2350 5769 Spiritus
2381 5684 2591 5769 sancti;
2633 5696 2683 5740 et
2725 5687 2858 5741 illud
2899 5686 3110 5744 lJoatt.
3145 5702 3173 5740 v
3213 5702 3229 5749 ξ
3266 5684 3389 5740 Tres
3440 5697 3556 5738 sunt
3601 5687 3692 5752 qui

2127 5767 2504 5822 testimonium,
2533 5769 2639 5816 etc.
