4416 6448
770 421 879 490 871

1935 417 2260 479 JOANNIS
2284 411 2856 476 ’CYPA‘THSSIOTIE

3898 403 4000 466 872

769 540 1054 594 strantcm,
1090 530 1180 585 sed
1210 540 1467 599 tanquam
1492 543 1608 598 ipse
1635 528 2105 598 participationem
2139 529 2336 583 divina:
2367 535 2408 585 Α
2440 535 2604 593 atque
2635 525 2705 578 lla
2743 524 2798 577 tit
2830 522 2980 577 illud:
3019 519 3190 589 Egoet
3228 518 3390 572 Pater
3408 518 3690 580 veniemus,
3716 527 3761 569 et
3782 520 4012 567 mansio-

777 631 991 674 natura:
1034 621 1212 689 dignis
1258 621 1509 687 largiens.
1543 615 1608 671 Et
1656 633 1849 672 rursus
1896 619 2039 671 idem
2091 619 2333 672 ibidem:

765 706 990 772 Templa
1041 708 1157 770 Dei,
1214 709 1322 760 imo
1367 708 1532 760 etiam
1583 708 1657 760 dii
1695 720 1978 772 vocamur,
2027 716 2082 761 et
2123 723 2336 771 sumus,

769 811 938 861 quare
957 806 1162 858 autem,
1208 798 1320 849 inte
1335 809 1490 861 νιοβε
1516 798 1883 850 adversarium
1909 812 1924 857 ;
1949 797 2217 864 siquidem
2245 811 2339 849 su-

772 901 895 938 tnus
927 902 1050 938 vere
1079 887 1370 955 participes
1401 889 1561 941 nuda:
1591 896 1644 940 et
1678 902 1786 940 non
1815 901 1910 955 per
1937 895 1994 940 se
2021 887 2340 942 exsisteutis

771 979 979 1043 gratim,
1013 987 1065 1030 at
1088 993 1198 1031 non
1224 981 1324 1040 sic,
1354 994 1696 1046 nequaquam
1723 997 1740 1042 ;
1766 979 1960 1048 templa
1978 979 2122 1033 enim
2149 993 2340 1033 sumus

774 1064 1012 1133 Spiritus
1063 1068 1237 1120 sancti
1284 1083 1377 1134 per
1425 1083 1482 1120 se
1529 1067 1893 1132 exsistentis;
1941 1067 2115 1120 vocati
2157 1079 2338 1120 autrm

771 1139 966 1207 sumus
1002 1156 1077 1208 dii
1129 1167 1346 1224 prepter
1395 1155 1596 1223 ipsum,
1650 1165 1836 1223 utpote
1887 1157 2082 1208 divina:
2134 1166 2341 1209 natura:

771 1254 994 1311 propter
1031 1246 1476 1310 coniunctionem
1517 1260 1640 1297 cum
1696 1246 1817 1312 ipso
1859 1246 2154 1314 participes
2189 1246 2335 1299 facti.

748 1335 838 1387 -Ει
869 1335 1072 1388 iterum-
1091 1337 1228 1389 idem
1267 1338 1316 1388 in
1355 1337 1604 1390 eisdem:
1642 1335 1722 1388 An
1761 1353 1867 1390 non
1910 1336 2144 1391 dicimus
2172 1337 2341 1391 labri-

769 1427 882 1477 cari
909 1427 1184 1479 hominem
1213 1428 1277 1478 ad
1310 1427 1602 1495 imaginem
1626 1429 1720 1484 Dei
1745 1432 1768 1482 Ἰ
1791 1429 1927 1492 Quis
1959 1439 2115 1496 neget
2138 1419 2163 1479 τ
2187 1428 2341 1492 Quod

767 1523 950 1566 autent
982 1513 1273 1579 imaginem
1309 1513 1596 1581 imprimit,
1622 1527 1675 1569 et
1702 1517 1874 1569 instar
1909 1516 2071 1584 sigilli
2106 1515 2343 1584 pulchri-

769 1603 1017 1656 tudinem
1074 1605 1572 1672 supramundanam
1621 1604 1804 1669 elliclt,
1835 1621 1901 1658 an
1943 1620 2054 1658 non
2098 1617 2182 1659 est
2223 1606 2344 1673 Spi-

771 1696 909 1745 ritus
954 1694 1304 1747 sanctusl-At
1344 1709 1472 1759 non,
1512 1695 1711 1762 inquit,
1742 1706 1800 1747 ut
1830 1693 1999 1760 Deus,
2029 1697 2121 1748 sed
2171 1705 2229 1748 ut
2259 1697 2343 1748 di-

771 1785 912 1835 vina:
949 1785 1139 1851 gratiae
1186 1784 1456 1846 minister,
1504 1784 1668 1852 igitur
1709 1800 1814 1837 non
1851 1786 1987 1854 ipse,
2038 1789 2131 1839 sed
2165 1787 2340 1856 gratia

770 1889 867 1943 per
913 1874 1088 1942 ipsum
1141 1876 1516 1945 consignatur.
1569 1876 1816 1938 Videtur,
1868 1876 2063 1945 inquit.
2110 1874 2342 1931 Necesse

770 1981 900 2035 ergo
935 1973 1052 2018 erat
1108 1966 1380 2035 appellare
1410 1967 1688 2020 hominem
1725 1968 2017 2036 imaginem
2050 1967 2254 2037 gratite,
2289 1979 2344 2022 et

769 2075 880 2112 non
915 2060 1096 2127 potius
1136 2058 1426 2126 imaginem
1465 2057 1580 2122 Dei,
1615 2058 1921 2127 Gregorius
1954 2060 2251 2129 Nyssenus,
2289 2062 2341 2113 iit

768 2150 996 2202 Cantica
1032 2148 1411 2228 canticorum:
1443 2147 1622 2213 Qudd,
1655 2150 1852 2218 inquit,
1888 2164 2015 2203 vere
2043 2158 2126 2203 est
2154 2149 2346 2217 praedi-

769 2239 1003 2291 candum
1042 2238 1282 2298 beatum.
1338 2252 1541 2291 numen
1588 2238 1767 2306 ipsum
1813 2237 2056 2298 divinum
2091 2249 2197 2300 est,
2229 2239 2343 2304 ipsa

770 2328 1122 2396 pulchritudo
1170 2327 1591 2394 inexplicabilis,
1647 2327 1762 2394 ipsa
1819 2342 1914 2394 per
1959 2343 2018 2382 se
2054 2331 2248 2397 gratia,
2294 2339 2347 2382 et

769 2421 1065 2489 sapientia,
1091 2429 1144 2473 et
1172 2431 1433 2487 potestas.
1460 2417 1525 2482 Et
1555 2418 1778 2473 divinus
1812 2419 2109 2490 Gregorius
2138 2420 2191 2474 itt
2219 2436 2346 2472 ora-

771 2516 922 2566 tione
967 2513 1035 2566 de
1081 2512 1364 2565 divinitate
1399 2519 1592 2565 contra
1632 2511 1921 2574 Eva‘grium
1959 2512 2291 2565 monachum
2323 2531 2336 2566 :

772 2605 1041 2658 Similiter
1069 2603 1255 2673 igitur,
1297 2604 1496 2672 inquit,
1539 2603 1630 2672 qui
1665 2604 1823 2658 dator
1851 2613 1933 2656 est
1971 2606 2213 2657 omnium
2246 2606 2344 2659 bo-

771 2709 992 2758 norum,
1033 2689 1125 2762 qui
1164 2695 1411 2747 veritatis
1448 2694 1784 2753 moderator,
1825 2704 1879 2746 et
1912 2694 2209 2749 Salvatoris
2240 2697 2345 2748 Pa-

769 2796 874 2852 ter,
912 2788 1285 2841 dimanantem
1320 2790 1619 2856 quamdam
1671 2786 1791 2841 Filii
1825 2802 1880 2840 et
1910 2782 2146 2858 Spiritus
2175 2791 2346 2844 sancti

771 2879 1000 2947 gratiam
1050 2880 1420 2933 intellectilem
1482 2879 1548 2933 ad
1607 2895 1705 2933 nos
1764 2882 1950 2945 misit,
2007 2897 2184 2949 neque
2234 2883 2348 2948 ipse

770 2971 1438 3046 quidquamincommodi
1470 2971 1521 3023 in
1548 2972 1851 3024 substantia
1880 2987 2073 3040 passus
2106 2983 2211 3038 est;
2243 2989 2347 3025 non

771 3065 914 3114 rnint
967 3063 1132 3115 ullam
1171 3063 1608 3116 imminutionem
1660 3063 1830 3116 subiit
1868 3075 2084 3132 pr0pter
2129 3065 2345 3117 illorum

2441 632 2557 668 item
2609 616 2749 682 apud
2804 631 2919 667 eum
2981 614 3307 678 [aciemus‘,
3341 612 3483 663 sicut
3511 610 3714 662 dictum
3764 615 3866 660 est.
3912 603 4014 657 Ubi

2429 709 2587 762 enim
2612 718 2695 761 est
2724 707 2927 769 lumen,
2954 705 3062 759 illic
3095 713 3180 757 est
3209 702 3483 770 splendor:
3529 708 3582 753 et
3616 701 3704 753 ubi
3737 697 4010 767 splendor,

2435 799 2516 853 ibi
2579 807 2664 851 est
2697 788 2859 875 lituus
2920 797 3185 864 operatio,
3243 802 3298 846 et
3357 790 3641 860 splendida
3684 788 3878 859 gratia.
3927 789 3991 841 Et

2443 905 2670 959 magnus
2693 885 2924 940 Basilius
2959 885 3010 937 in
3043 883 3270 953 epistola
3293 883 3358 936 ad
3394 881 3716 951 Gregorium
3737 880 4002 934 'fratrem:

2433 976 2634 1042 Omne,
2671 976 2867 1043 inquit,
2903 975 3125 1036 bonum,
3185 974 3551 1040 quodcunque
3595 986 3659 1023 ex
3706 970 3888 1023 divina
3919 985 4014 1036 po-

2437 1077 2640 1122 testate
2666 1067 2729 1118 ad
2763 1082 2862 1120 nos
2889 1065 3160 1127 deveniat,
3203 1062 3580 1130 Operationem
3609 1059 3795 1128 gratia
3829 1062 4012 1112 omnia

2446 1159 2498 1211 in
2529 1158 2684 1211 nobis
2716 1157 2989 1225 operantis
3016 1167 3139 1208 esse
3168 1138 3420 1214 dicimus,
3456 1150 3633 1202 omnia
3665 1153 3808 1201 enim
3833 1164 4018 1214 opera-

2446 1260 2532 1300 tur
2554 1263 2686 1300 unus
2708 1256 2762 1300 et
2788 1247 2933 1299 idem
2957 1243 3234 1313 Spiritus';
3253 1256 3316 1295 ac
3343 1256 3532 1294 rursus
3563 1241 3727 1292 idem:
3756 1237 4018 1308 Spiritum

2445 1349 2693 1394 sanctum
2715 1338 2814 1406 qui
2843 1353 2917 1391 es
2962 1336 3071 1390 Deo
3102 1333 3338 1395 exsistit,
3374 1333 3574 1385 fontem
3610 1331 3730 1384 dico
3763 1322 4022 1386 sanctita-

2445 1429 2538 1491 tis,
2580 1436 2899 1495 potestatem
2955 1426 3077 1478 vita:
3107 1421 3457 1484 eﬂ'ectricem,
3510 1428 3564 1474 et
3597 1419 3825 1489 gratiam
3862 1418 4022 1485 perli-

2446 1519 2675 1572 cientem
2704 1533 2722 1581 ;
2750 1531 2851 1585 per
2870 1531 3033 1584 quem
3066 1507 3239 1566 homo
3254 1515 3544 1581 adoptatur
3575 1511 3762 1574 Filius,
3799 1520 3849 1564 et
3876 1511 4020 1578 quod

2445 1611 2673 1680 mortale
2712 1618 2818 1672 est,
2851 1606 3090 1661 clticitur
3117 1605 3446 1667 immortale,
3511 1617 3677 1656 unum
3709 1616 3803 1668 per
3838 1601 4022 1654 ornuia

2444 1717 2570 1756 cum
2626 1700 2786 1758 Patre
2820 1709 2873 1752 et
2909 1698 3071 1751 Filio.
3107 1695 3399 1758 Prreterea,
3422 1693 3722 1748 secundum
3758 1693 4024 1760 homony-

2448 1793 2611 1848 tniam
2648 1790 2946 1844 divinitatis
2975 1787 3076 1857 (a),
3127 1801 3248 1855 quas
3282 1799 3448 1853 supra
3501 1781 3861 1838 substantiam
3919 1794 4020 1843 est,

2452 1878 2701 1948 quaedam
2735 1877 2838 1930 alia
2867 1877 3127 1929 dicuntur
3147 1875 3346 1942 gratia.
3383 1873 3639 1927 Declarat
3673 1872 3775 1926 hoc
3800 1871 4020 1937 Paulus,

2446 1985 2570 2024 cum
2597 1969 2846 2023 scribens
2868 1968 2935 2020 ad
2957 1965 3254 2018 Romanos:
3284 1962 3376 2017 Sic
3402 1981 3542 2033 ergo,
3574 1963 3828 2032 inquit,¢t
3856 1965 3910 2015 in
3928 1963 4022 2013 hac

2448 2073 2675 2123 tempore
2706 2055 2941 2128 reliquiae
2984 2058 3267 2112 secundum
3299 2057 3601 2110 elertionem
3655 2057 3835 2122 gratia
3864 2054 4024 2106 salute

2449 2153 2606 2221 facta:
2662 2159 2804 2204 sunt.
2859 2149 2915 2202 Si
2944 2159 3117 2202 autem
3176 2150 3372 2218 gratia,
3399 2147 3512 2215 jam
3540 2161 3642 2198 non
3663 2159 3733 2198 ex
3761 2144 4023 2209 operibus,

2450 2241 2650 2308 alioqui
2674 2239 2845 2306 gratia
2874 2239 2992 2306 jam
3024 2255 3126 2291 non
3171 2247 3245 2290 est
3271 2238 3468 2305 gratia.
3521 2234 3581 2288 Si
3610 2244 3785 2288 autem
3813 2247 3877 2286 ea:
3907 2248 4024 2300 ορε-

2451 2333 2617 2396 ribus,
2662 2332 2780 2399 jam
2834 2347 2938 2384 non
2975 2341 3053 2384 est
3104 2331 3286 2398 gratia
3320 2346 3338 2382 :
3389 2329 3590 2398 alioqui
3638 2319 3766 2393 opus
3816 2343 3918 2378 non
3947 2333 4023 2378 est

2450 2425 2623 2491 opus‘.
2655 2423 2722 2477 Et
2749 2438 2938 2476 rursus
2971 2423 3111 2475 idem
3149 2421 3439 2491 Apostolus
3491 2439 3503 2474 :
3536 2419 3723 2474 Gratia
3749 2419 3884 2471 enim
3913 2416 4025 2469 sal-

2451 2517 2500 2569 vi
2535 2516 2665 2583 facti
2693 2515 2865 2569 estis’.
2909 2515 2971 2568 Et
2995 2514 3191 2580 iterum
3226 2533 3238 2567 :
3272 2515 3386 2566 Non
3417 2514 3556 2566 enim
3586 2513 3712 2564 estis
3744 2510 3838 2564 sub
3895 2511 4022 2578 lege,

2451 2608 2540 2660 ted
2581 2607 2672 2660 sub
2709 2608 2884 2674 gratia
2911 2606 2953 2659 ⁸.
2993 2605 3052 2658 Et
3093 2607 3228 2659 alias
3262 2628 3274 2659 ς
3314 2605 3380 2657 lu
3414 2607 3589 2674 gratia
3625 2605 3742 2661 hac,
3776 2617 3892 2669 qua
3924 2602 4026 2652 mi-

2452 2698 2714 2746 nistratur
2753 2711 2784 2746 a
2809 2694 2959 2746 nobis
2994 2696 3036 2748 '.
3067 2695 3131 2748 Et
3167 2710 3358 2747 rursus
3392 2713 3404 2746 :
3442 2693 3524 2745 Ea:
3555 2708 3656 2760 quo
3684 2692 3768 2743 die
3799 2690 4023 2742 audistis

2452 2795 2500 2837 et
2528 2787 2842 2852 coguoristis
2881 2786 3110 2854 gratiam
3144 2787 3195 2837 in
3234 2785 3328 2837 Dei
3358 2785 3574 2837 veritate
3604 2782 3668 2836 ‘°.
3713 2781 3776 2834 Et
3808 2783 4028 2834 divinus

2453 2877 2875 2946 Chrysostomus
2934 2879 3232 2946 explanans
3285 2877 3414 2930 illud
3478 2894 3490 2930 :
3555 2875 3640 2927 Ea:
3703 2875 4026 2942 plenitudine

2453 2970 2568 3035 ejus
2605 2985 2780 3022 omnes
2816 2971 3110 3037 accepimus
3143 2970 3181 2999 ¹¹
3212 3010 3225 3032 ,
3261 2979 3316 3022 et
3349 2987 3362 3022 :
3399 2967 3640 3021 Gratiam
3668 2984 3762 3035 pro
3803 2968 3978 3035 gratia
4007 2980 4023 3015 :

2455 3059 2703 3125 Qualem,
2746 3062 2943 3128 inquit,
2987 3074 3083 3129 pro
3123 3060 3312 3128 quali?
3353 3061 3458 3113 Pro
3491 3070 3668 3111 vetere
3699 3073 3932 3117 novatn;
3976 3066 4027 3108 rt

771 3154 836 3207 ad
881 3170 979 3206 nos
1013 3153 1326 3218 adventum,
1363 3169 1535 3220 usque
1561 3154 1626 3206 ad
1681 3169 1783 3208 nos
1835 3163 2246 3221 processerunt,
2296 3166 2349 3208 et
2376 3167 2420 3226 ε
2457 3155 2507 3206 ἱιι
2545 3154 2673 3206 illud
2709 3170 2723 3204 :
2767 3152 2955 3205 Gratia
2991 3154 3125 3205 salvi
3167 3153 3297 3220 [acti
3332 3155 3458 3206 estis
3485 3168 3501 3204 :
3528 3149 3644 3204 Non
3675 3167 3738 3203 ex
3771 3150 4026 3217 operibus

771 3245 1132 3298 nihilominus
1165 3259 1192 3297 a
1231 3242 1389 3297 Patre
1417 3245 1808 3313 iuseparahiles
1845 3245 2224 3313 perstiterunt,
2257 3261 2348 3299 ex-

770 3350 897 3402 pers
930 3335 1076 3386 enim
1124 3333 1295 3401 partis
1342 3328 1449 3395 est;
1494 3341 1551 3385 ut
1601 3348 1628 3386 a
1664 3333 1936 3402 principio
1968 3334 2233 3404 diximus,
2266 3334 2348 3386 di-

769 3426 900 3475 vina
939 3433 1155 3476 natura.
1189 3423 1244 3475 ln
1270 3423 1466 3490 primis
1505 3431 1686 3476 autem
1719 3424 1934 3477 divinus
1966 3423 2258 3491 Apostolus
2292 3424 2346 3476 in

769 3515 1010 3583 Epistola
1036 3516 1100 3567 atl
1132 3514 1315 3567 Titum
1342 3515 1416 3566 ait
1439 3537 1452 3566 -.
1479 3513 1934 3584 Apparuitgratia
1969 3514 2137 3578 Dei",
2179 3517 2348 3585 gratia

768 3610 980 3673 scilicet
1049 3608 1324 3671 salutaris,
1387 3607 1645 3661 omnibus
1697 3608 2008 3660 hominibus
2058 3620 2177 3660 eum
2240 3623 2349 3675 qtto

770 3700 1119 3753 consentiunt
1141 3700 1229 3768 qui
1263 3700 1314 3752 in
1337 3699 1566 3752 cantiCIs
1598 3699 1991 3753 ecclesiasticis
2007 3698 2215 3752 dicunt:
2240 3700 2348 3766 Ap-

769 3793 952 3858 paruit
985 3790 1252 3852 Salvator,
1276 3790 1365 3857 qui
1393 3801 1475 3842 e51
1501 3789 1669 3857 gratia
1693 3797 1745 3842 et
1767 3792 1992 3852 veritas,
2033 3792 2085 3842 itt
2125 3787 2347 3841 Jordatii

770 3879 1006 3931 ﬂuentis:
1037 3888 1092 3932 et
1113 3880 1283 3945 gratia
1313 3877 1576 3930 habitavit
1605 3880 1658 3931 iit
1688 3889 1759 3942 te,
1791 3888 1912 3946 qua:
1940 3877 2032 3931 Dei
2067 3888 2238 3930 mater
2268 3894 2348 3943 es;
2381 3864 2390 3871 “

769 3981 823 4023 et
844 3970 1410 4038 mundum‘splendore
1437 3970 1756 4023 illustravit.
1776 3968 1833 4020 Et
1854 3969 2070 4022 divinus
2091 3969 2347 4038 Ephrem,

770 4065 825 4116 in
853 4063 1113 4118 Oratione
1129 4063 1195 4115 de
1215 4062 1391 4116 salute
1421 4062 1647 4116 animae:
1671 4062 1922 4127 Quando,
1943 4043 2347 4129 inquit,lvoluit,

769 4154 1038 4222 benignus
1077 4163 1132 4206 et
1163 4152 1479 4206 misericors
1513 4151 1657 4206 Deus
1679 4153 1910 4205 liberare
1938 4167 2038 4205 nos
2063 4153 2130 4204 ab
2157 4152 2351 4219 hujus-

769 4246 916 4300 tnodi
955 4258 1162 4308 errore,
1198 4244 1436 4297 visitavit
1468 4259 1567 4297 nos
1597 4243 1777 4296 oriens
1804 4259 1868 4296 es
1901 4244 2010 4307 alto
2032 4247 2072 4306 ';
2097 4253 2152 4297 et
2183 4260 2351 4312 appa-

769 4338 880 4390 ruit
923 4334 1013 4388 L‘ei
1049 4337 1220 4405 gratia
1252 4336 1533 4400 salutaris,
1574 4336 1833 4403 deditque
1865 4351 1922 4389 se
1972 4337 2084 4403 ipse
2115 4338 2165 4387 itt
2203 4352 2353 4388 corn-

769 4429 1128 4482 tnutationem
1174 4443 1273 4496 pro
1311 4428 1492 4480 nobis.
1525 4427 1593 4481 Et
1633 4429 1850 4492 sapiens
1880 4428 2138 4497 Cyrillus:
2192 4427 2346 4491 Quae,

2459 3244 2716 3311 prepriis,
2779 3243 2974 3310 inquit,
3015 3245 3106 3298 sed
3150 3245 3340 3312 gratis.
3401 3247 3467 3300 Et
3514 3258 3743 3310 magnus
3787 3241 4028 3294 Alltatta-

2457 3334 2596 3395 sius,
2620 3335 2760 3387 libro
2799 3335 2958 3388 tertio
3003 3333 3206 3387 Contra
3238 3333 3466 3386 Ariauos
3502 3349 3516 3361 ο
3555 3331 3771 3385 Sciebat
3805 3331 3893 3384 ubi
3928 3328 4030 3381 La-

2458 3441 2620 3479 zarus
2677 3426 2918 3494 jacebat,
2981 3425 3348 3494 interrogabat
3405 3434 3605 3489 tamen,
3669 3433 3726 3476 ttt
3775 3432 4026 3491 suscepta

2457 3525 2643 3570 nOstra
2683 3516 3008 3586 ignorantia,
3055 3519 3343 3585 largiretur
3382 3517 3538 3570 nobis
3577 3525 3633 3568 ut
3672 3530 4030 3582 cognoscere-

2413 3656 2416 3660 .
2459 3624 2578 3662 mus
2612 3611 2787 3662 sofutn
2818 3623 3002 3662 verum
3046 3607 3259 3661 Patrem
3294 3623 3476 3670 suum,
3505 3615 3559 3660 et
3597 3623 3759 3675 quem
3809 3617 4028 3676 propter

2458 3714 2556 3753 nos
2593 3698 2656 3753 ad
2708 3703 2938 3754 salutem
2966 3700 3224 3753 omnium
3282 3700 3448 3762 misit,
3483 3715 3589 3767 qua
3642 3700 3816 3769 major
3854 3701 4025 3769 gratia

2457 3805 2566 3844 non
2610 3800 2784 3856 potest
2818 3806 2955 3844 esse.
2995 3790 3071 3844 Ex
3106 3792 3301 3860 quibus
3335 3800 3502 3859 patet,
3527 3791 3670 3860 quod
3697 3791 3820 3845 lacti
3857 3790 4022 3859 parti-

2459 3862 2606 3952 cipes
2632 3895 2841 3936 naturae
2877 3882 2992 3946 Dei,
3022 3899 3127 3935 non
3162 3884 3317 3945 Ittl_d;[‘
3335 3883 3522 3952 gratiae
3559 3898 3586 3935 a
3627 3884 3732 3936 Deo
3757 3888 4029 3937 manantis

2458 3984 2512 4027 et
2553 3991 2673 4044 quae
2711 3989 2803 4042 per
2842 3989 2901 4027 se
2944 3991 3050 4026 non
3079 3974 3313 4037 exsistit,
3347 3974 3639 4042 partit-ipes
3664 3987 3888 4029 sumus;
3934 3972 4028 4026 sed

2460 4069 2635 4132 ipsius
2685 4066 2923 4135 Spiritus
2957 4080 3116 4133 supra
3168 4065 3552 4128 Substantiant,
3595 4075 3648 4117 et
3694 4063 3913 4126 viiiliei,
3967 4080 4030 4116 ac

2459 4173 2555 4228 per
2590 4173 2649 4212 se
2685 4158 3036 4219 exsistentis;
3080 4166 3131 4207 et
3174 4171 3267 4222 per
3309 4157 3451 4208 hunc
3494 4155 3670 4222 ipsum
3708 4170 3828 4207 cum
3873 4153 4032 4207 Patre

2458 4262 2514 4306 ct
2554 4250 3001 4317 Filio'copulari,
3042 4250 3244 4302 divinae
3285 4259 3491 4301 natura:
3526 4231 3814 4303 consortes
3861 4251 4028 4302 cilici-

2460 4358 2617 4411 ntur;
2658 4350 2711 4395 et
2745 4343 2844 4394 hac
2875 4341 3047 4407 gratia
3093 4341 3354 4402 ditamur,
3403 4342 3573 4406 gratia
3615 4341 3824 4394 scilicet
3871 4342 4030 4394 trium

2461 4448 2846 4501 personarum,
2892 4447 3012 4500 qua:
3052 4442 3135 4485 est
3168 4446 3262 4499 per
3300 4448 3357 4485 se
3386 4420 3577 4503 gratia.
3614 4431 3673 4485 Et
3716 4433 3859 4486 sicut
3910 4449 4031 4491 crc-
4087 4502 4096 4507 _

771 4519 966 4587 inquit.
1005 4520 1175 4588 gratia
1207 4520 1460 4587 apparuit
1495 4519 1694 4574 nobis?
1727 4528 1819 4571 aut
1845 4518 2021 4587 qualis
2051 4517 2139 4571 Dei
2175 4530 2347 4587 grataa
2385 4515 2426 4570 D
2457 4525 2603 4578 ditur
2644 4538 2765 4577 esse
2815 4523 3131 4575 communis
3169 4521 3456 4574 uobiscum
3493 4537 3587 4590 per
3633 4537 3690 4589 se
3730 4524 3923 4591 gratia,
3951 4527 4031 4576 sic

769 4611 1033 4675 salutaris
1093 4611 1350 4664 omnibus
1392 4611 1708 4664 hominibus
1749 4610 2067 4678 apparuisse
2123 4607 2350 4662 dicitur?

768 4704 935 4770 Atqui
953 4703 1302 4755 manifestum
1322 4713 1405 4755 est
1430 4701 1573 4770 quod
1591 4701 1666 4755 ait
1696 4700 1881 4754 David.
1900 4700 2038 4754 Deus
2068 4699 2347 4763 Dominus,

766 4805 814 4846 et
850 4795 1099 4863 apparuit
1125 4793 1320 4858 nobis';
1355 4802 1498 4847 et'ut
1528 4794 1701 4861 ipsius
1732 4793 1903 4860 gloria
1940 4792 2098 4866 nobis
2137 4793 2202 4845 dc
2231 4807 2341 4844 cu:-

770 4886 821 4938 lu
854 4895 1133 4952 appareat,
1181 4894 1588 4952 exspectamus.
1635 4882 1699 4934 Et
1732 4899 1961 4952 magnus
1992 4882 2346 4945 Athanasius,

768 4979 822 5031 in
857 4977 1087 5045 cpistola
1134 4977 1200 5030 ad
1237 4977 1629 5045 Serapionem,
1672 4976 1891 5040 Omnia,
1929 4974 2349 5043 inquit,.l‘attis

769 5078 893 5121 sunt
930 5067 1050 5121 Filii
1086 5085 1099 5132 ;
1151 5084 1318 5137 quare
1358 5071 1711 5132 charismata,
1749 5083 1869 5135 qua:
1897 5082 1924 5119 a
1956 5066 2096 5119 Filio
2122 5066 2183 5119 'in
2226 5066 2350 5135 Spi-

768 5174 872 5214 r.tu
910 5162 1130 5224 dantur,
1162 5161 1338 5215 Patris
1364 5163 1696 5215 charismata
1731 5171 1880 5214 sunt:
1915 5168 1968 5212 et
2000 5175 2124 5213 cum
2163 5159 2215 5211 in
2252 5174 2349 5212 no-

769 5254 852 5306 bis
890 5261 973 5306 est
1012 5252 1247 5320 Spiritus
1279 5265 1529 5316 sanctus,
1553 5254 1825 5322 ineoipso
1852 5253 2015 5306 etiam
2049 5261 2132 5305 est
2157 5251 2347 5316 Pater;

2450 4618 2613 4669 etiam
2652 4614 2930 4683 sigillatim
2966 4629 3306 4683 unaquaque
3343 4629 3570 4682 persona
3606 4615 3788 4667 divina
3839 4631 3903 4667 ex
3937 4617 4034 4667 tri-

2450 4707 2759 4775 bus-gratia
2792 4705 3027 4770 dicitur;
3070 4715 3124 4758 et
3159 4703 3396 4757 maxime
3431 4719 3683 4758 summus
3725 4705 3865 4758 Deus
3903 4706 4027 4757 Sal-

2451 4808 2628 4859 vator,
2661 4805 2714 4849 et
2756 4811 2847 4864 qur
2884 4805 2966 4848 est
3009 4809 3175 4863 supra
3207 4795 3603 4860 substantiam,
3640 4795 3876 4862 Spiritus
3908 4814 4033 4847 sau-

2457 4899 2597 4951 ctus,
2638 4897 2866 4954 uterque
2900 4886 3064 4940 simul
3102 4886 3273 4954 gratia
3304 4886 3590 4938 bimanans
3621 4886 3842 4938 dicitur.
3886 4884 4035 4939 Suut

2457 4981 2620 5064 igitur
2663 4980 2778 5033 haec
2818 4979 2992 5047 gratia
3049 4979 3308 5032 dicuntur
3359 4966 3769 5046 principialiter,
3810 4985 3861 5029 et
3895 4976 4035 5028 divi-

2458 5087 2572 5135 ne,
2604 5083 2654 5125 et
2692 5071 3006 5138 efﬁcienter,
3042 5070 3120 5124 sic
3159 5069 3486 5137 homonyme
3523 5082 3685 5120 omne
3722 5067 3906 5120 datum
3939 5068 4036 5119 bu-

2460 5181 2613 5227 num,
2645 5166 2791 5232 quod
2835 5165 2902 5216 ab
2943 5162 3076 5230 ipsis
3118 5160 3366 5229 personis
3406 5159 3606 5211 divinis
3656 5158 3720 5211 ad
3764 5174 3863 5210 nos
3911 5172 4035 5224 pior-

2462 5255 2750 5318 liciscitur,
2794 5264 3052 5323 tanquam
3108 5251 3435 5308 beneﬁcium
3491 5250 3650 5304 nobis
3695 5259 3938 5303 creatum
3981 5260 4035 5303 ct

832 5459 880 5531 "°
921 5499 1028 5554 Tit.
1120 5519 1180 5564 tt,
1223 5502 1302 5555 ll.
1382 5501 1400 5529 '
1471 5499 1599 5553 Luc.
1636 5516 1671 5562 ι,
1743 5498 1829 5551 78.
1932 5506 1951 5537 ³
1996 5499 2321 5557 Psal.cx\'ll,
2357 5498 2448 5552 27.
2525 5496 2724 5550 ‘Joan.
2760 5513 2866 5561 ιιν,
2898 5497 2981 5550 23.
3063 5497 3082 5526 ³
3111 5495 3126 5550 1
3154 5497 3279 5551 Cor.
3310 5514 3407 5562 xu,
3439 5497 3527 5554 il.
3607 5496 3806 5554 'Ront.
3844 5514 3922 5567 ιι,
3977 5499 4034 5566 5,

768 5574 821 5625 (ί.
901 5574 917 5602 ⁷
953 5572 1152 5640 l-lphes.
1185 5590 1241 5637 ll,
1275 5574 1327 5626 8.
1408 5570 1428 5600 ⁸
1479 5570 1636 5624 lium.
1671 5588 1741 5636 vt,
1777 5573 1857 5622 li.
1934 5575 1952 5602 ⁸
1985 5570 2024 5623 ll
2076 5574 2178 5621 (Lor
2229 5587 2349 5633 \lIl,
2383 5571 2468 5624 l9.
2549 5575 2590 5599 ‘°
2621 5570 2830 5623 Uolo-3.
2871 5569 2963 5622 t6.
3047 5570 3084 5598 ¹¹
3121 5569 3278 5621 Juau.
3313 5586 3351 5631 ι,
3389 5570 3477 5623 16.

846 5780 921 5848 (α)
951 5777 1004 5832 Id
1041 5788 1145 5842 cst,
1175 5776 1312 5831 sicut
1348 5782 1507 5832 homo
1532 5789 1754 5833 sanctus
1787 5779 2061 5847 :tsquiroce
2093 5779 2293 5834 dicitur
2321 5779 2486 5844 Deus,
2523 5779 2601 5851 sic
2629 5778 2791 5834 etiam
2818 5778 2991 5846 gratia
3024 5793 3144 5860 qua:
3171 5792 3198 5831 a
3240 5775 3348 5834 Deo
3379 5777 3464 5832 tit.
