4416 6448
752 434 858 499 873

1932 425 2258 490 JOANNIS
2294 424 2860 486 CYPARISSIOT/E

3903 409 4006 488 880

750 543 1074 609 Elt‘ipiallil‘
1109 549 1288 594 autem
1327 541 1471 603 hinc,
1505 539 1648 608 quod
1714 538 1764 592 in
1815 537 1953 591 Filio
2010 551 2063 591 et
2118 537 2320 606 Spiritu
2354 541 2395 594 Α
2426 537 2692 604 copulate.
2738 553 2799 590 ac
2857 536 3223 606 surgulariter.
3252 534 3316 589 Et
3345 551 3535 592 rursus
3573 535 3756 590 idem:
3788 535 3852 590 Et
3881 550 4008 592 ant:

751 645 942 687 sani-to
975 649 1194 684 causam
1257 632 1419 683 habet
1459 650 1470 684 :
1510 631 1611 683 hoc
1666 629 1808 680 cnim
1864 628 2092 680 univoce
2127 627 2326 678 dicitur

758 729 822 776 de
859 725 924 776 iis
963 741 1078 787 qua:
1113 731 1240 774 sunt
1274 737 1474 783 causa;
1517 735 1639 787 qua:
1673 735 1801 771 vero
1856 732 2075 770 causam
2124 715 2328 781 habent

754 802 1053 867 sectmdum
1091 814 1444 872 voluntatem,
1479 812 1806 877 homonyme
1841 808 2120 867 dicuntur,
2145 813 2328 872 utpote

755 920 915 971 opera
959 903 1045 954 [δι-ἱ
1080 904 1262 955 omnia
1323 902 1381 953 in
1428 899 1686 952 omnibus
1724 895 2021 964 operantis.
2064 894 2328 945 Prmtorea

757 997 886 1049 illud
929 1010 1150 1046 causam
1189 993 1391 1044 habens
1445 990 1688 1041 omnium
1736 1000 1899 1040 causa
1930 994 2046 1048 est,
2084 985 2196 1035 haec
2229 996 2329 1033 au-

758 1101 862 1140 tem
894 1087 961 1137 ah
985 1086 1101 1150 ipso
1126 1061 1636 1134 causam-habentia
1663 1074 2014 1137 singulariter
2043 1083 2096 1124 et
2123 1073 2329 1124 so‘um-

755 1179 918 1232 modo
937 1193 1002 1229 ex
1039 1179 1177 1242 ipso,
1209 1181 1261 1225 et
1293 1185 1400 1222 non
1425 1185 1489 1222 ex
1521 1168 1624 1220 alia
1655 1180 1820 1218 Causa
1845 1173 1972 1218 sunt
1994 1165 2069 1232 (α)
2107 1185 2113 1210 -.
2153 1163 2330 1214 solum

755 1272 898 1320 enim
949 1267 1096 1336 qttod
1153 1276 1234 1318 est
1269 1278 1432 1331 supra
1480 1259 1863 1320 substantiam,
1911 1255 2235 1323 prinripiutn
2283 1263 2334 1306 et

757 1361 1062 1413 substantia
1099 1365 1153 1410 et
1186 1370 1349 1408 causa
1392 1363 1477 1406 est
1514 1359 1572 1402 ut
1615 1351 1725 1402 sint
1762 1347 1968 1399 omnia.
2005 1346 2084 1396 Ad
2120 1345 2254 1404 ltzcc,
2281 1343 2332 1394 in

755 1451 1026 1503 Trinitate
1098 1459 1430 1514 supr-aquam
1483 1441 1664 1493 divina
1736 1451 1940 1496 causa.
1995 1447 2050 1489 et
2113 1450 2334 1488 causam

758 1543 963 1597 habens
988 1582 1000 1602 ,
1030 1535 1438 1591 distinctionem
1488 1547 1515 1582 a
1553 1530 1806 1582 mistione
1845 1527 2076 1579 maxime
2109 1526 2334 1577 liberam

756 1633 1003 1691 exhibet,
1033 1637 1084 1681 et
1115 1627 1169 1679 iu
1206 1624 1396 1678 eodem
1442 1621 1699 1674 unionem
1739 1631 2066 1684 supraquant
2107 1614 2334 1675 tmitam,

758 1723 886 1790 quia
938 1722 991 1771 in
1037 1733 1098 1770 ea
1150 1715 1440 1768 exhibetur
1487 1711 1663 1779 prima
1717 1707 2016 1767 distinctio,
2059 1712 2112 1756 et
2165 1704 2336 1770 prima

763 1812 930 1873 nnio;
963 1808 1139 1878 primo
1165 1814 1375 1866 autem,
1410 1810 1468 1854 ιιι
1500 1809 1580 1853 est
1607 1798 1842 1860 axioma,
1871 1809 1976 1847 non
2012 1803 2096 1847 est
2131 1791 2334 1857 aliquid

2432 629 2566 680 alias
2620 629 2738 694 i-jus
2789 629 3229 694 participationes
3257 642 3378 680 esse
3428 631 3751 694 productum
3786 637 3912 680 est:
3956 638 4010 682 ct

2429 727 2512 768 est
2551 717 2726 782 ipsum
2789 732 2882 781 per
2922 732 2979 770 se
3023 732 3146 769 csse
3177 703 3457 784 antiquius
3481 732 3644 785 quam
3672 732 3794 770 csse
3827 733 3920 784 per
3952 731 4010 770 se

2433 808 2620 867 vitatur,
2667 821 2759 873 per
2821 821 2880 859 se
2936 809 3282 875 sapientiam.
3324 824 3423 876 per
3475 823 3534 862 sc
3600 810 4009 864 similitudinem

2431 895 2707 958 divinam;
2751 906 2802 948 et
2834 897 2939 948 alia
2981 912 3210 964 quorum
3247 915 3368 964 quae
3404 900 3599 952 habent
3637 902 4009 969 participatio-

2433 997 2581 1040 nem,
2617 992 2742 1034 ante
2777 984 2958 1036 omnia
3003 985 3091 1036 illa
3140 987 3464 1052 participant
3495 990 3797 1054 esse:quin
3832 991 4012 1057 potius

2435 1072 2547 1136 ipsa
2609 1087 2703 1138 per
2756 1088 2813 1124 se
2867 1075 3073 1137 omnia,
3131 1092 3252 1143 que
3316 1076 3382 1129 ab
3430 1079 3551 1131 aliis
3600 1080 4009 1147 participantur,

2437 1159 2609 1225 ipsum
2663 1175 2756 1227 per
2809 1177 2868 1215 se
2919 1177 3044 1215 esse
3103 1165 3461 1231 participant;
3523 1169 3785 1234 principia
3852 1169 4015 1236 igitur

2434 1250 2615 1300 omnia
2647 1265 2835 1302 eorum
2881 1267 2998 1318 qua:
3029 1262 3176 1313 sunt,
3214 1256 3585 1322 participando
3617 1274 3736 1310 esse
3769 1269 3821 1310 et
3857 1269 4006 1319 sunt,

2436 1348 2484 1390 ct
2519 1340 2781 1407 principia
2824 1351 3032 1394 suntet
3063 1343 3297 1410 primum
3334 1355 3487 1409 sunt,
3519 1347 3709 1400 deinde
3751 1349 4014 1417 principia

2438 1441 2596 1494 sunt;
2632 1441 2682 1481 ct
2709 1432 2752 1483 si
2791 1432 2870 1484 vis
2908 1431 3089 1484 dicere
3119 1447 3240 1486 esse
3269 1450 3365 1502 per
3399 1451 3457 1487 se
3486 1439 3649 1487 vitam
3686 1439 4012 1505 principium

2441 1521 2732 1572 viventium
2781 1529 3040 1588 tanquam
3075 1523 3407 1585 viventium;
3443 1535 3495 1577 et
3536 1541 3628 1592 per
3665 1541 3723 1578 se
3755 1528 4017 1580 similitu-

2439 1611 2618 1662 dinem
2674 1610 2999 1678 principium
3052 1612 3309 1664 similium
3342 1625 3599 1680 tanquam
3638 1616 3929 1679 similium;
3965 1626 4018 1671 et

2441 1716 2535 1768 per
2570 1715 2627 1753 se
2664 1702 2922 1753 unionem
2955 1701 3284 1770 principium
3325 1704 3704 1770 copulatorum
3740 1716 4010 1775 tamquam

2442 1793 2852 1858 copulatorum;
2888 1802 2942 1846 et
2986 1807 3080 1860 per
3110 1807 3168 1847 se
3216 1793 3462 1848 ordinem
3497 1796 3867 1850 ordinaturum
3905 1807 4018 1850 tan-

758 1900 1120 1959 contrarium,
1152 1882 1263 1948 sed
1322 1908 1444 1945 vera
1505 1888 1823 1948 distinctio,
1874 1895 1926 1938 et
1976 1899 2102 1935 vera
2177 1882 2340 1949 unio;
2373 1856 2608 1949 Bquam
2660 1882 3069 1947 ordinatorum;
3114 1891 3168 1937 et
3223 1901 3561 1955 qumcuuque
3602 1889 3703 1939 alia
3744 1888 3866 1953 hoc,
3923 1901 4012 1942 aut

759 2008 940 2061 neque
997 1988 1280 2042 distim-tio
1325 1983 1519 2037 mutari
1571 1995 1809 2044 unquam
1856 1987 2034 2045 pati-st
2088 1979 2139 2028 in
2186 1973 2344 2026 unio-

763 2100 885 2139 nem
913 2125 924 2147 ,
963 2095 1139 2149 neque
1177 2091 1369 2129 rursus
1401 2075 1531 2128 unio
1564 2073 1617 2124 in
1651 2069 2089 2130 distinctionem,
2114 2080 2346 2119 servan-

763 2187 849 2228 tur
885 2183 1070 2226 autem
1107 2172 1218 2224 lucc
1257 2182 1363 2220 non
1416 2164 1643 2216 confusa
1677 2169 1895 2230 propter
1925 2169 2255 2225 utrumque,
2295 2155 2347 2207 id

764 2275 866 2328 est,
902 2262 1181 2316 distinctio
1241 2270 1459 2328 propter
1516 2255 1882 2314 uuionem,ct
1937 2249 2066 2302 ttnio
2125 2257 2348 2316 propter

765 2346 1195 2413 distinctionem,
1234 2352 1374 2404 trine
1414 2347 1573 2400 simul
1604 2355 1658 2398 et
1713 2343 1874 2395 unice
1928 2340 2209 2392 enuntiata
2245 2354 2260 2402 ;
2296 2346 2350 2390 at

768 2467 818 2499 in
853 2456 1124 2508 creatura,
1161 2443 1318 2510 cujus
1367 2454 1531 2492 causa
1560 2447 1639 2491 est
1685 2445 1870 2489 sancta
1913 2431 2186 2494 Trinitas,
2221 2429 2351 2481 unio

764 2542 980 2610 quidem
1027 2547 1110 2590 est
1150 2534 1452 2587 secundum
1501 2543 1722 2582 causam
1775 2536 2021 2586 tantum,
2062 2523 2352 2575 distinctio

765 2648 894 2686 vero
916 2631 1307 2683 creaturarum
1333 2622 1617 2677 immensis
1656 2618 1924 2672 nti-usuris
1963 2617 2100 2668 inl'ra
2131 2626 2351 2666 causam

769 2722 1027 2788 t'vlinqu't
1081 2733 1142 2770 ea
1196 2732 1314 2783 qua:
1371 2713 1509 2766 facta
1571 2718 1813 2770 sunt,et
1875 2707 2008 2757 uuio
2057 2703 2350 2765 antci-ed3t,

768 2811 1145 2876 valentiorque
1217 2815 1303 2857 est
1361 2799 1670 2866 huiusmodi
1747 2794 2242 2851 distinctionibus.
2300 2804 2357 2848 ιιι

770 2919 877 2958 una
932 2899 1221 2955 eteadem
1285 2894 1503 2964 quidem
1561 2893 1633 2945 sit
1698 2890 2082 2943 universorum
2147 2898 2351 2941 cau~a.

767 3003 1018 3046 creatura
1075 3005 1199 3041 vero
1257 2998 1543 3039 numerosa
1575 3024 1589 3046 ,
1624 2997 1652 3032 a
1707 2979 1898 3048 primis
1947 2987 2000 3030 et
2049 2975 2356 3045 generaliu-

775 3089 920 3138 rihus
973 3084 1038 3136 ad
1087 3081 1330 3136 secunda
1383 3087 1434 3129 et
1494 3074 1651 3128 tertia
1685 3081 1738 3125 et
1772 3068 2095 3137 multiplicia
2129 3081 2356 3133 progre-

771 3178 948 3230 dicns.
984 3172 1120 3225 lliuc
1161 3170 1410 3238 aperitur
1456 3164 1723 3232 theologis
1762 3160 1990 3230 qumstio
2026 3157 2093 3212 de
2132 3157 2352 3225 partici-
2381 3186 2421 3241 ε

773 3265 1012 3335 patione,
1037 3276 1156 3335 quae
1196 3266 1279 3311 est
1317 3272 1423 3309 una
1478 3254 1696 3322 quidem
1733 3249 2033 3304 secundum
2086 3261 2307 3301 causam
2333 3287 2346 3309 ,

773 3358 942 3409 altera
981 3368 1108 3405 vero
1139 3349 1442 3404 secundum
1478 3343 1986 3416 participationem;
2019 3339 2122 3392 alia
2155 3355 2350 3393 secun-

774 3450 902 3500 dutu
942 3443 1316 3498 exsisti-ntiam
1341 3480 1356 3502 ,
1402 3437 1821 3506 participatione
1863 3442 1912 3487 et
1945 3431 2258 3486 exsistentia
2295 3430 2348 3483 itt

773 3547 1026 3591 creatura
1073 3530 1529 3591 consistentibus,
1563 3527 1616 3579 id
1649 3536 1752 3589 est,
1789 3525 1844 3578 in
1889 3540 1949 3578 ea
1982 3538 2104 3593 quae
2125 3521 2350 3591 partici-

777 3636 1067 3697 panturmt
1105 3626 1155 3677 in
1199 3619 1579 3692 participantia
1616 3616 1852 3687 partitis.

1364 3751 1593 3808 CAPUT
1637 3750 1745 3808 VII.

780 3877 930 3939 Quod
981 3873 1158 3924 omnia
1200 3866 1602 3939 participantia,
1630 3875 1676 3914 et
1706 3877 1824 3929 qua!
1874 3864 2283 3939 partiripuutttr,
2319 3878 2350 3913 a

848 3945 961 3998 sola
1013 3935 1227 3998 natura,
1259 3953 1373 4003 quit
1411 3937 1947 4003 secuttiluutceusum
1979 3935 2349 3999 participatur,

850 4016 1108 4081 producta
1160 4002 1276 4060 alia
1301 4007 1505 4081 quidem
1538 4002 1850 4081 simpliciter
1882 4006 1948 4052 ab
1993 4019 2103 4067 ipsa
2133 4003 2200 4052 ad
2231 4016 2352 4081 pura

849 4072 1204 4147 iicipulioncnt
1252 4077 1392 4147 edito
1430 4082 1588 4147 sunt,
1621 4073 1728 4122 altu
1762 4086 1879 4123 vero
1915 4081 2035 4125 tum
2067 4072 2351 4124 secundum

850 4145 1216 4204 exsistentiam
1247 4145 1706 4213 partiripantinm.

852 4263 1076 4333 Magnus
1108 4258 1394 4326 Dionysius
1426 4255 1602 4322 capite
1628 4253 1814 4322 quinto
1842 4251 1914 4305 De
1953 4252 2143 4303 diuinis
2176 4252 2351 4303 nomi-

782 4362 932 4407 m‘t-us
967 4374 981 4407 :
1021 4355 1300 4411 Primum,
1345 4348 1544 4414 inquit,
1579 4347 1781 4399 donum
1838 4360 1930 4412 per
1974 4359 2034 4397 se
2069 4357 2207 4403 esse.
2240 4342 2355 4410 ipsa

785 4467 880 4518 per
940 4462 997 4500 se
1055 4443 1267 4498 bonitas
1311 4440 1639 4508 proilucens,
1671 4435 1739 4489 ab
1798 4435 2135 4503 antiquiore,
2181 4432 2355 4500 prima

2449 1976 2600 2038 illud,
2631 1985 2726 2028 aut
2787 1986 3100 2044 utrumque,
3129 1986 3225 2031 aui.
3273 1980 3439 2030 multa
3474 1980 3851 2048 participantia
3899 1981 4015 2043 hoc,

2449 2078 2541 2121 aut
2595 2068 2747 2130 illud,
2770 2077 2864 2120 aut
2912 2076 3223 2137 utrumque,
3251 2081 3342 2123 aut
3397 2070 3564 2122 multa
3621 2080 3786 2133 sunt;
3834 2086 4020 2124 eorum

2449 2174 2544 2224 per
2578 2172 2635 2212 se
2667 2157 3114 2226 participationes
3147 2159 3385 2226 reperies
3422 2160 3656 2225 primum
3696 2162 4022 2228 participare

2451 2248 2626 2314 ipsum
2676 2261 2771 2314 per
2817 2260 2877 2300 se
2919 2261 3077 2309 esse;
3108 2256 3166 2300 et
3207 2247 3438 2315 prituutu
3475 2249 3692 2317 quidem
3738 2265 3832 2303 eas
3867 2266 4020 2312 esse;

2450 2334 2645 2389 deinde
2689 2336 2870 2404 hujus,
2904 2345 2998 2390 aut
3034 2337 3181 2390 illius
3212 2338 3477 2408 principia
3514 2355 3672 2402 esse;
3703 2352 3755 2394 et
3807 2343 4025 2410 partici-

2455 2429 2631 2496 pando
2666 2430 2844 2497 ipsum
2872 2444 2994 2483 esse
3018 2432 3301 2495 exsistere,
3338 2441 3390 2484 et
3431 2433 3770 2500 participari.
3802 2433 3954 2498 Quod
3981 2434 4025 2486 si

2454 2521 2590 2585 haec,
2633 2520 2841 2574 scilicet
2871 2536 2966 2590 per
2997 2536 3053 2575 se
3084 2523 3550 2591 participationes,
3586 2525 3854 2592 principia
3888 2526 4025 2577 alio-

2456 2630 2572 2666 rum
2605 2623 2730 2667 sunt
2759 2615 3133 2683 participando
3158 2617 3332 2684 ipsum
3367 2632 3488 2670 esse
3517 2616 3614 2684 (ὁ),
3650 2618 3820 2671 multo
3853 2619 4026 2684 magis

2455 2721 2575 2772 qua:
2613 2705 2701 2756 illa
2752 2706 2867 2772 ipsa
2919 2705 3185 2774 principia
3219 2707 3570 2775 participant,
3599 2719 3655 2762 ιιι
3696 2710 3807 2776 jam
3848 2727 3909 2763 ex
3947 2712 4029 2763 his

2458 2797 2804 2848 manifestum
2838 2797 3054 2860 evadat,
3100 2807 3153 2851 et
3193 2813 3256 2851 ex
3297 2800 3360 2850 iis
3387 2815 3506 2866 qum
3557 2801 3716 2852 latius
3756 2801 3808 2852 in
3841 2803 4029 2868 quinta

2457 2889 2657 2940 decade
2676 2889 2951 2955 prosecuti
2977 2904 3186 2954 sumus,
3219 2891 3362 2957 quod
3399 2891 3841 2959 participationes
3881 2903 4028 2951 sunt.

2458 2990 2593 3042 quas
2648 2990 2712 3028 ea
2769 2990 2891 3041 qua:
2944 2984 3070 3028 sunt
3101 2977 3192 3043 (ι’),
3257 2977 3623 3044 participant,
3693 2992 4031 3045 qmecuuque

2460 3076 2590 3119 sunt
2640 3065 2870 3134 species,
2906 3077 2960 3120 et
3006 3067 3197 3119 harum
3252 3068 3729 3135 partieipatioms:
3765 3068 4028 3135 siquidi-m

2459 3158 2595 3208 etin
2643 3173 2749 3210 una
2805 3159 2986 3227 specie
3037 3169 3162 3212 sunt
3208 3160 3390 3210 multa:
3447 3159 3887 3226 pat-tii-ipationes
3924 3174 4031 3210 non

2454 3251 2630 3302 solum
2671 3250 2723 3301 in
2773 3251 3072 3312 coloribus,
3108 3251 3201 3302 sed
3247 3251 3299 3302 in
3333 3252 3731 3308 voluntatibus.
3759 3261 3810 3300 et
3856 3249 4032 3300 fortn-

2454 3343 2576 3404 nis;
2638 3351 2695 3393 ut
2745 3357 2867 3396 cum
2927 3343 3161 3394 dicimus
3213 3360 3226 3395 :
3290 3342 3641 3408 I'artieipavit
3700 3345 4031 3394 voluntatem

2454 3433 2826 3498 moderatam,
2877 3447 2969 3487 aut
3021 3445 3220 3487 rectam
3248 3476 3262 3496 ,
3295 3445 3388 3487 aut
3430 3434 3638 3487 facetiis
3687 3435 4031 3503 gaudentem,

2453 3537 2546 3578 aut
2579 3526 2738 3577 aliter
2776 3523 3056 3586 effectam;
3099 3535 3192 3576 aut
3231 3539 3351 3577 i-sse
3409 3526 3769 3587 fortunatum,
3810 3535 3900 3577 aut
3958 3528 4035 3576 in-

2454 3616 2810 3670 i'ortunatum.
2850 3614 2916 3669 Ut
2957 3617 3120 3683 igitur
3176 3618 3510 3683 prosperitas
3539 3657 3553 3679 ,
3586 3617 3698 3670 sive
3735 3617 3869 3668 bona
3927 3616 4037 3669 for-

2455 3717 2582 3758 tuna
2627 3703 2979 3772 participatio
3010 3713 3092 3755 est
3144 3703 3570 3768 fortunatorum,
3613 3713 3882 3769 quatenus
3932 3701 4038 3753 for-

2459 3797 2632 3848 tunati
2691 3806 2840 3853 sunt,
2885 3810 2989 3845 non
3042 3806 3220 3846 autem
3265 3805 3533 3861 quatenus
3592 3795 3839 3846 homian
3877 3802 4034 3854 sunt;

2454 3883 2533 3936 sic
2590 3893 2644 3935 ct
2704 3882 2822 3934 alite
2881 3882 3321 3947 participationcs
3375 3884 3530 3933 editae
3590 3893 3747 3938 sunt,
3805 3890 3861 3932 ut
3919 3896 4043 3946 par-

2455 3973 2786 4042 ticipeutur.
2836 3987 2941 4024 non
3019 3971 3144 4038 quia
3205 3983 3364 4031 sunt,
3417 3971 3508 4021 si-d
3562 3973 3685 4036 quia
3728 3972 3858 4022 ιειινδ
3892 3980 4038 4024 sunt-

2453 4064 2684 4129 Quando
2753 4071 2934 4114 autem
3016 4070 3185 4113 nat-tat
3252 4070 3380 4113 sunt
3458 4060 3698 4127 subjecta
3781 4060 4038 4127 recipien-

2455 4157 2549 4216 tia,
2591 4163 2721 4207 tunc
2771 4152 3026 4205 dicuntur
3087 4150 3287 4204 enectae
3324 4151 3624 4204 secundum
3667 4153 4041 4205 cxsisteutiam

2455 4260 2643 4298 eorum
2700 4244 3094 4312 subiectorum,
3148 4259 3267 4310 qua!
3315 4252 3483 4296 nat-tat
3542 4252 3762 4302 strnt,et
3799 4252 3876 4295 est
3922 4243 4041 4311 qui-

2457 4336 2576 4386 dem
2637 4333 2783 4386 aliud
2837 4332 3199 4401 partit-ipatio,
3233 4343 3282 4383 et
3354 4333 3496 4383 aliud
3543 4334 3684 4396 quod
3744 4337 4040 4387 secundum

2460 4425 2838 4478 exsisteutiam
2879 4424 3348 4492 participationem
3380 4424 3601 4490 recipit;
3647 4425 3793 4476 verbi
3831 4427 4036 4492 gratia:

783 4507 921 4593 inter
981 4544 1211 4590 ca-teras
1265 4507 1678 4598 participatione
1739 4525 2013 4589 laudatur,
2062 4532 2115 4576 et
2159 4531 2242 4575 est
2291 4536 2356 4575 ex
2391 4507 2436 4564 υ
2467 4514 2588 4568 Vita
2631 4516 2970 4583 participatio
2994 4517 3240 4581 quaedam
3283 4522 3364 4565 cst
3394 4514 3731 4580 simpliciter,
3761 4529 3878 4581 quae
3913 4524 4042 4568 tunc

785 4633 921 4696 ipsa,
943 4634 998 4678 et
1052 4626 1103 4675 in
1155 4623 1266 4688 ipsa
1327 4620 1503 4685 ipsqu
1559 4630 1652 4683 per
1701 4629 1761 4667 se
1825 4628 1968 4673 esse.
2003 4621 2056 4665 et
2090 4610 2355 4679 principia

784 4734 970 4771 eorum
1021 4728 1141 4783 qua
1192 4720 1348 4771 sunt;
1387 4718 1439 4760 et
1473 4706 1657 4759 omnia
1712 4721 1832 4772 qua:
1880 4713 2006 4757 sunt
2042 4705 2359 4771 (l),etqnm

792 4821 1117 4879 quocunque
1177 4803 1340 4856 modo
1387 4808 1534 4858 sunt.
1570 4799 1732 4864 idque
1788 4797 2259 4864 incomprehense,
2315 4801 2370 4846 et

2470 4606 2528 4658 tit
2579 4603 2878 4658 secundum
2910 4604 3281 4655 exsistentiam
3337 4603 3678 4669 participatio
3739 4604 4041 4672 cujusdam,

2466 4710 2589 4749 cum
2640 4705 2725 4747 est
2786 4708 2911 4762 pars
2957 4693 3278 4745 substantia:
3311 4691 3385 4760 (ἢ)
3412 4695 3550 4758 ejus.
3587 4702 3681 4745 aut
3713 4704 3794 4747 est
3841 4695 4042 4761 ipsum,

2476 4796 2571 4839 aut
2608 4784 2910 4839 secundum
2936 4783 3210 4836 accidens.
3242 4781 3529 4851 Dionysius
3568 4783 3731 4851 igitur
3761 4798 4047 4853 aggressus

2250 4898 2517 4964 Scholia.

859 5049 933 5116 (Ι)
993 5044 1184 5098 Omnia
1231 5054 1348 5108 quia
1405 5045 1634 5116 sunthet
1664 5047 1782 5116 qiue
1827 5030 2362 5116 quocunque-nimio

788 5101 939 5178 atlill',
973 5125 1023 5168 ul
1068 5129 1188 5181 qua:
1234 5101 1362 5181 sunt
1409 5111 1459 5160 itt
1506 5105 1614 5158 alio
1642 5107 1782 5158 sicut
1807 5101 2127 5180 accidentia,
2159 5107 2213 5151 et
2245 5113 2364 5166 qua

791 5199 920 5244 sunt
958 5187 1008 5238 in
1047 5178 1308 5251 potentia,
1352 5189 1406 5230 et
1455 5191 1575 5251 quae
1607 5185 1734 5251 sunt
1767 5178 2211 5251 prtv_ationes,ret
2245 5182 2365 5251 qua:

788 5236 1316 5310 non—habenttotum
1347 5236 1675 5301 esse'simul.
1703 5236 1987 5316 utitnotus,
2023 5238 2225 5316 suntin
2256 5236 2365 5316 Deo

791 5309 1265 5392 ίιιιευιιιιηὊΙιοηδθ,
1304 5320 1354 5368 itt
1393 5333 1449 5370 se
1478 5323 1656 5391 autem
1689 5314 1870 5389 liuite;
1909 5313 1960 5362 in
1994 5309 2272 5392 se.multa,
2308 5309 2362 5392 in

793 5380 900 5451 ibeo
971 5380 1272 5461 copulata;
1326 5397 1452 5440 sunt
1536 5387 1718 5449 itaque
1775 5380 2260 5447 incomprehense,
2315 5383 2368 5428 ct

859 5535 934 5602 tu)
962 5529 1236 5602 iudivinis
1282 5523 1778 5602 P:tter_seCIttiilnm
1828 5531 2071 5602 naturam
2112 5524 2194 5571 est
2239 5529 2365 5602 catt.-

788 5584 1042 5662 ta‘F‘iiii,
1073 5610 1124 5651 et
1165 5597 1323 5650 l’ater
1357 5614 1417 5646 ae
1459 5594 1621 5646 Fihus
1674 5607 1833 5644 causa
1883 5590 2118 5658 Spiritus
2175 5584 2367 5644 sancti,

790 5688 843 5726 ιιι
871 5678 921 5726 in
959 5675 1037 5724 Itis
1066 5683 1227 5720 causa
1252 5677 1303 5718 et
1335 5667 1424 5732 qui
1459 5678 1678 5716 causam
1709 5665 1910 5714 habent
1940 5663 2179 5732 a-quales
2209 5665 2332 5732 sum
2359 5668 2375 5716 ;

792 5724 893 5795 hoc
930 5753 1009 5794 cs!
1046 5740 1187 5792 enim
1216 5739 1316 5789 dici
1343 5724 1568 5787 titttt‘oce
1599 5732 1899 5786 causamde
1923 5724 2139 5784 causam
2167 5724 2369 5778 haben-

788 5822 938 5865 1tbus
985 5814 1033 5864 id
1059 5820 1137 5862 est
1161 5809 1226 5861 tit:
1249 5805 1504 5859 causalis.

2469 5023 2784 5091 coniuncte,
2835 5035 2899 5081 ac
2939 5019 3098 5091 unite,
3130 5033 3217 5071 res
3264 5033 3487 5091 omnes.
3523 5032 3860 5086 qumcunqne
3921 5031 4047 5072 sunt

2469 5096 2521 5146 in
2561 5089 2700 5150 Deo.
2730 5105 2858 5158 qnta
2887 5099 3036 5140 ‘snnt
3089 5089 3203 5152 ipsa
3243 5090 3422 5139 divina
3453 5090 3685 5140 CSwltlia
3741 5105 3957 5155 tnconip
3989 5105 4048 5138 c-

2472 5163 2759 5215 hettsibtlts
2815 5160 2993 5218 Pater,
3066 5158 3255 5216 Filius,
3311 5167 3363 5208 ct
3426 5162 3660 5222 >pirttus
3712 5167 3932 5210 sant-lus
3990 5175 4040 5208 tn

2471 5246 2636 5283 unum
2692 5229 3312 5293 incomprchcnsibtliti-r
3347 5226 3505 5277 uniti.
3540 5227 3614 5292 (2)
3648 5225 3777 5277 Cum
3819 5241 3892 5278 est
3922 5241 4047 5290 pars

2471 5299 2784 5352 substantia:
2814 5297 2946 5363 ejus.
2975 5294 3040 5348 Ut
3072 5312 3192 5347 cum
3221 5297 3578 5362 partiripatnr
3605 5298 3674 5348 ab
3707 5299 4046 5362 anima,qme

2471 5382 2554 5425 est
2594 5384 2721 5438 pars
2750 5371 3069 5420 substantiae
3105 5366 3363 5428 hominis,
3398 5380 3524 5431 qua
3561 5383 3664 5418 non
3708 5369 3869 5418 habet
3899 5367 3951 5418 iu
3990 5378 4049 5418 se

2548 5513 2622 5578 (ιι)
2647 5511 2782 5578 Leti.
2805 5526 2854 5563 c.
2878 5509 3067 5563 decad.

2553 5575 2619 5648 (ε)
2657 5575 2890 5632 Primum
2932 5581 3129 5630 donum
3157 5575 3248 5629 Dei
3271 5583 3352 5630 est
3385 5590 3535 5638 esse;
3569 5583 3752 5642 postca
3776 5587 3895 5626 esse
3926 5586 4049 5638 spe-

2483 5656 2619 5705 ciem
2653 5652 2888 5716 aliquam
2918 5664 3036 5715 qua:
3095 5652 3241 5715 prius
3303 5655 3594 5714 parttCIpat
3639 5659 3806 5708 esse;
3866 5657 4050 5710 [nostca

2485 5739 2603 5776 esse
2633 5721 2965 5774 individuum
2995 5717 3195 5786 speciei
3221 5716 3579 5786 participatis.
