4416 6448
386 413 485 476 Sil

1162 417 1405 478 DECAS
1436 419 1576 481 VII.
1603 443 1673 456 -υ
1706 419 1805 480 DE
1834 419 2103 481 DIVINA
2133 421 2807 486 PARTICIP'ATIONE.

3510 423 3625 485 882

383 531 654 583 disserere
671 529 998 612 generatim,
1041 531 1095 585 in
1129 533 1435 588 substantia
1465 534 1781 603 simpliciter
1813 543 1868 588 et
1898 534 1954 589 in
1986 538 2033 595 Α
2060 537 2258 605 cuique
2300 540 2558 607 impertit,
2585 540 2678 594 sed
2717 539 3016 592 din‘crentia
3044 537 3482 608 participantium
3509 540 3626 592 dis-

386 610 802 688 participatione
855 619 1197 690 simpliciter,
1255 623 1539 689 tractavit;
1591 631 1644 677 et
1694 623 1958 686 ostendit,

383 712 534 780 prius
561 710 777 779 quidem
807 720 1056 779 oportere
1075 738 1081 742 -
1103 727 1241 772 esse-
1265 713 1595 781 subjectum,
1639 711 1785 779 quod
1837 713 1960 780 qui-

384 803 507 854 dem
540 802 674 855 dixit
705 803 986 872 antiquius
1029 818 1150 856 esse
1192 801 1284 856 Dei
1319 804 1518 856 donum
1557 818 1572 855 :
1603 802 1800 856 deinde
1836 818 1962 870 par-

386 889 776 956 ticipationem,
802 906 923 958 qua:
963 889 1015 942 in
1048 890 1140 942 illo
1169 891 1420 958 subjecto
1455 890 1595 944 facta
1621 900 1725 944 est.
1756 889 1962 970 Propo-

385 978 488 1031 sita
525 978 690 1044 igitur
717 989 800 1032 est
854 978 939 1031 ω’
969 979 1440 1047 participationem
1493 982 1960 1050 participantium,

387 1081 484 1133 per
509 1064 958 1133 se'substantia;
991 1062 1153 1137 quod.
1188 1072 1410 1139 perinde
1442 1083 1548 1134 est,
1581 1082 1638 1124 ut
1671 1074 1715 1126 si
1749 1073 1963 1126 dicatur

389 1155 694 1208 substantia
728 1160 868 1210 facta
895 1161 960 1212 ad
987 1160 1477 1228 participationem.
1510 1161 1624 1214 Nisi
1656 1163 1800 1216 enim
1833 1160 1964 1215 sub-

391 1245 645 1298 stantiam
697 1247 1184 1314 participaremus,
1219 1251 1437 1318 penitus
1467 1252 1518 1303 in
1553 1266 1732 1305 rerum
1770 1259 1962 1304 natura
2006 1250 2012 1261 “

393 1349 498 1385 non
540 1349 822 1400 essemus;
853 1337 1128 1406 deinceps,
1178 1339 1280 1408 ipsi
1340 1341 1661 1394 substantia!
1712 1341 1868 1394 facta:
1893 1342 1962 1412 ad

392 1425 710 1492 capiendam
777 1429 1285 1496 participationem,
1315 1430 1453 1485 'alie
1526 1430 1993 1499 participationes'

394 1513 679 1579 proposita:
707 1525 869 1582 sunt;
912 1529 968 1571 et
1005 1519 1148 1572 sicut
1178 1528 1389 1587 tempus
1421 1521 1727 1588 generalius
1753 1523 1820 1574 ad
1848 1516 1970 1588 par-

397 1597 760 1665 ticipationem
811 1618 1000 1658 eorum
1035 1622 1156 1674 qua
1191 1618 1319 1664 sunt
1345 1610 1395 1661 in
1431 1617 1695 1677 tempore,
1725 1610 1969 1678 proposi-

401 1696 513 1741 tum
551 1701 654 1753 est,
681 1707 803 1746 cum
835 1694 1036 1764 alioqui
1067 1710 1176 1750 non
1209 1695 1288 1751 sit‘
1303 1697 1605 1752 substantia
1635 1699 1837 1767 aliqua,
1872 1699 1967 1754 sed

401 1780 719 1848 simpliciter
760 1772 1131 1854 participatio;
1163 1784 1293 1843 tunc
1329 1804 1454 1843 vero
1506 1788 1744 1844 efllcitur
1785 1790 1964 1853 nobis,

402 1871 493 1938 qui
523 1873 574 1925 in
600 1850 850 1943 tempore
881 1850 1090 1941 sumus,
1119 1850 1459 1943 exsistcntia,
1493 1881 1710 1951 quando
1745 1850 1964 1949 propter
1997 1850 2044 1906 ’⁸

2060 625 2265 680 similes
2283 626 2410 680 facit
2439 621 2639 696 liguras
2657 629 2724 682 a'b
2743 631 2844 682 hoc
2871 643 2979 681 uno
3006 639 3058 681 et
3093 638 3200 682 toto
3219 629 3510 696 exemplari
3533 643 3630 682 ex-

2061 729 2300 782 pressas,
2325 727 2378 770 ut
2405 717 2447 770 si
2480 726 2609 771 sunt
2639 718 2818 771 mollia
2839 728 2891 771 et
2924 719 3099 771 facilia
3133 719 3198 772 ad
3258 719 3622 787 ﬁgurandum,

2078 813 2133 858 et
2154 805 2315 868 lenia,
2348 807 2666 873 ιῦχάρακτα
2703 826 2714 871 ;
2751 817 2804 861 et
2830 823 3004 875 neque
3036 823 3251 876 aspera,
3282 824 3460 876 neque
3487 809 3624 859 dura

2062 903 2212 956 sunt,
2242 910 2416 962 neque
2437 895 2576 950 ﬂuxa
2613 908 2668 950 et
2711 898 3094 956 inconstantia.
3126 906 3627 964 purametcrpres-

2063 998 2179 1037 sam
2213 992 2267 1036 et
2282 993 2687 1051 permanentem
2715 986 2938 1054 figuram
2958 986 3232 1039 habebunt
3255 1002 3268 1038 :
3288 985 3331 1038 si
3358 986 3486 1052 quid
3506 1000 3638 1036 vero

2065 1071 2228 1138 hujus
2253 1072 2570 1136 habilitatis,
2605 1088 2724 1140 qua:
2756 1075 2899 1125 dicta
2931 1082 3041 1136 est,
3069 1073 3323 1132 doluerit,
3359 1073 3471 1125 haac
3523 1072 3632 1123 erit

2063 1176 2225 1215 causa
2247 1177 2346 1215 cur
2375 1161 2575 1228 elligics
2597 1177 2700 1214 non
2727 1162 3009 1230 ﬁguretur,
3029 1165 3500 1230 necﬁesrrimatur,
3527 1177 3628 1214 ne-

2063 1266 2169 1320 que
2189 1253 2292 1308 alia
2327 1250 2457 1303 ﬂant
2488 1267 2606 1318 qua:
2637 1245 2743 1302 non
2778 1252 2937 1313 liuut,
2971 1267 3092 1304 cum
3125 1266 3229 1303 non
3263 1261 3342 1303 est
3370 1251 3631 1302 habilitas

2064 1343 2129 1394 ad
2168 1341 2533 1410 recipiendam
2572 1341 3066 1408 participationem.
3111 1340 3215 1393 Sed
3280 1350 3332 1393 et
3379 1339 3636 1393 Justinus

2067 1441 2272 1499 martyr
2297 1431 2668 1498 philosOphus,
2693 1431 2745 1482 in
2769 1429 3023 1502 Oratione
3040 1430 3106 1483 de
3126 1439 3272 1483 recta
3290 1429 3637 1483 confessione

2067 1523 2141 1575 ait
2177 1536 2190 1571 :
2217 1520 2496 1585 Quomodo
2522 1519 2753 1572 Verbum
2786 1520 2836 1572 in
2858 1535 2958 1574 suo
2991 1521 3211 1586 templo,
3233 1529 3288 1572 et
3316 1519 3367 1571 in
3392 1518 3550 1572 rebus
3565 1521 3638 1571 si-

2069 1610 2267 1662 militer
2326 1609 2620 1662 secundum
2675 1608 3029 1662 substantiam
3093 1617 3203 1669 cst,
3254 1618 3308 1661 et
3355 1608 3481 1676 quil
3525 1623 3640 1660 am-

2069 1699 2210 1766 plius
2239 1697 2495 1764 templum
2519 1712 2684 1765 quam
2705 1706 2896 1750 cetera
2913 1697 3092 1749 omnia
3135 1697 3367 1750 habebit.
3433 1696 3640 1748 Audio-

2073 1802 2191 1840 tuus
2217 1789 2429 1839 tandem
2450 1787 2720 1839 dicentem
2745 1805 2758 1841 :
2796 1787 2895 1852 Qui
2931 1787 3088 1840 estin
3113 1786 3236 1838 sinu
3280 1785 3494 1847 Patris,
3550 1802 3637 1862 sv-

2069 1863 2306 1929 cdndum
2328 1877 2690 1930 substantiam
2724 1877 2980 1946 omnibus
3018 1876 3172 1928 adest
3219 1876 3639 1943 impartibiliter,

406 1959 581 2027 ipsum
611 1977 803 2017 sumus
856 1965 910 2018 in
967 1976 1206 2036 tempore
1226 1987 1241 2033 ;
1273 1969 1353 2023 sic
1394 1970 1573 2024 omnis
1603 1969 1707 2024 alla
1740 1969 1975 2039 particis
2065 1976 2120 2022 et
2153 1982 2258 2020 non
2297 1968 2375 2022 sic
2393 1983 2516 2022 eum
2545 1967 2596 2020 in
2624 1965 2783 2020 Patre
2819 1981 2939 2021 esse
2961 1968 3216 2028 dicimus,
3261 1975 3318 2019 ut
3337 1977 3416 2019 est
3440 1966 3492 2018 in
3520 1966 3646 2017 reli-

405 2053 552 2120 pstio
584 2069 706 2123 qua
735 2071 841 2110 non
874 2066 959 2111 est
997 2059 1322 2139 substantia,
1346 2060 1594 2115 eamdem
1624 2061 1964 2116 consecutio-

406 2158 530 2200 nem
592 2144 753 2200 habet
795 2161 810 2199 :
858 2148 950 2200 illo
983 2149 1133 2217 prius
1170 2153 1386 2220 cognito
1425 2162 1476 2206 et
1509 2162 1786 2222 percepto,
1823 2152 1967 2222 quod

407 2235 581 2287 solus"
610 2235 749 2289 Deus
788 2248 871 2291 est
898 2238 1093 2292 barum
1149 2243 1626 2309 participationutn
1681 2250 1875 2297 auctor
1920 2251 1975 2296 et

406 2321 652 2387 rﬂ-etor,
680 2329 794 2380 sive
823 2330 1108 2396 proposita
1140 2333 1248 2385 sint
1298 2333 1614 2401 simpliciter
1645 2335 1712 2387 ad
1761 2333 1978 2400 partit-i-

409 2415 702 2482 pationem,
727 2418 837 2472 sive
861 2419 1020 2502 etiam
1036 2422 1102 2475 ad
1120 2425 1488 2479 exsistentiam
1512 2425 1979 2494 participantibus.

973 2532 1200 2588 CAPUT
1259 2534 1391 2590 VIII.

413 2615 758 2694 Quotientnio
784 2636 899 2689 qm!
945 2625 1164 2694 suntad
1217 2627 1661 2692 μηίσὸνοικάκηιά
1711 2629 1817 2680 Si"
1865 2643 1992 2694 Pw"

480 2689 647 2766 'o'l"
671 2689 774 2766 “’3‘
798 2693 1078 2766 “‘“WW”
1097 2689 1571 2766 Participatt‘snem.
1587 2698 1692 2749 sise
1706 2689 1989 2748 artandum

481 2760 1002 2832 ea~istentiiitn,_quin
1037 2777 1135 2814 non
1161 2760 1495 2816 sunt'idonm
1551 2766 1786 2832 subjecta
1831 2766 1967 2816 reci-

484 2828 701 2903 pientia.
768 2829 1248 2903 multiplicatione":
1279 2840 1328 2884 et
1367 2828 1717 2899 diﬂ'erentt'otn
1770 2835 1989 2897 portici-

484 2899 754 2968 pationum
787 2899 1001 2949 subsunt
1030 2914 1046 2960 ,'
1072 2899 1188 2952 sola
1222 2911 1400 2955 autem
1467 2914 1660 2958 natura
1710 2917 1830 2968 qui!
1903 2917 1993 2959 Ie-

487 2964 713 3039 funditm
758 2979 971 3039 causam
991 2969 1345 3039 participant:
1433 2973 1568 3025 hanc
1627 2964 1984 3039 cli/ferentium

486 3029 720 3096 funditus
743 3047 842 3083 non
858 3032 1107 3092 admittit.

2069 2060 2196 2129 quis
2228 2076 2243 2125 ;
2281 2074 2387 2111 non
2415 2059 2541 2128 quia
2570 2057 2874 2112 substantia
2905 2072 3030 2110 cum
3072 2056 3127 2109 in
3165 2058 3286 2108 aliis
3303 2065 3407 2120 est,
3429 2065 3648 2108 contra-

2074 2145 2366 2212 hitur,scd
2428 2155 2646 2216 propter
2678 2159 2988 2198 mensuram
3052 2144 3452 2210 recipientium,
3529 2159 3650 2211 qua:

2075 2256 2182 2294 non
2215 2248 2446 2308 possunt
2473 2239 2584 2292 ﬁeri
2618 2238 3016 2304 receptaculum
3063 2236 3304 2289 divinum
3341 2253 3355 2289 ι
3388 2236 3452 2287 al
3508 2237 3653 2286 hunc.

2079 2333 2294 2385 modum
2321 2332 2563 2382 dicentes
2588 2342 2708 2379 eum
2742 2327 2794 2379 in
2830 2328 3032 2394 templo
3067 2340 3166 2379 suo
3231 2325 3650 2392 inseparabilem

2079 2435 2134 2475 et
2157 2430 2410 2489 tanquam
2443 2418 2832 2488 plenitudinem
2866 2417 3174 2472 divinitatis
3205 2418 3455 2470 habitare
3509 2431 3643 2469 cou-

2084 2514 2317 2577 lltentes,
2347 2517 2538 2566 adesse
2584 2511 2858 2573 omnibus,
2927 2519 2981 2564 et
3010 2526 3116 2564 non
3166 2510 3418 2563 similiter
3469 2508 3660 2560 adcsso

2087 2607 2341 2660 dicimus.
2377 2603 2441 2658 Et
2469 2603 2695 2657 divinus
2729 2602 3023 2669 Gregorius
3052 2601 3352 2672 Nyssenus,
3395 2601 3445 2652 in
3485 2600 3658 2668 prium

2089 2696 2230 2750 libro
2261 2693 2700 2764 Cpnfutationum
2737 2691 3097 2756 Eunomii,ait
3127 2708 3143 2744 :
3187 2693 3321 2759 Quia
3340 2691 3661 2745 omnisboni

2095 2787 2219 2841 fons
2241 2796 2294 2841 et
2323 2785 2651 2855 principium
2683 2792 2738 2838 et
2780 2784 2993 2853 largitio
3046 2783 3099 2836 in
3175 2794 3367 2837 natura
3427 2783 3663 2835 inrrcatzt

2093 2879 2335 2935 cernitur
2354 2895 2370 2941 ;
2388 2877 2565 2931 omnis
2579 2889 2706 2930 vero
2727 2885 2974 2927 creatura
2995 2873 3047 2924 in
3067 2888 3186 2926 eum
3211 2873 3376 2937 vergit
3400 2887 3489 2939 per
3512 2886 3666 2925 cout-

2096 2970 2404 3025 munionem
2425 2967 2594 3034 spr'mi
2631 2965 2756 3020 boni
2785 2966 3048 3033 particeps
3081 2963 3217 3016 facta
3236 2964 3485 3016 subimus
3509 2975 3668 3015 μινυ-

2100 3078 2196 3127 ra,
2229 3061 2536 3115 necessario
2557 3057 2853 3113 secundum
2882 3057 3282 3124 proportionem
3307 3055 3666 3122 participandi

489 3141 713 3210 "38"“!
741 3145 1025 3216 Dionysius
1046 3163 1164 3217 cap.
1185 3150 1216 3205 9
1238 3151 1472 3208 Calatis
1489 3155 1822 3226 Itierarcltic,
1854 3160 1993 3224 lloc,
2019 3162 2062 3220 Ε
2092 3151 2377 3212 sublimia,
2411 3150 2534 3203 aliis
2569 3150 2709 3217 plus,
2741 3147 2863 3201 aliis
2894 3147 3074 3201 minus
3108 3145 3412 3198 secundum
3433 3145 3659 3197 liberam

419 3234 617 3302 anuit,
638 3245 870 3292 testatur
897 3240 1503 3323 populusHebreorum
1562 3250 1826 3304 accidisse
1859 3253 1990 3307 sibi:

419 3323 780 3396 Cognitionis-tt
815 3329 928 3390 Dei,
955 3331 1129 3400 inquit
1155 3332 1459 3402 Seriptnra,
1497 3337 1758 3404 repulisti,
1804 3349 1854 3392 et
1905 3355 1998 3394 cor

423 3426 569 3470 tuum
593 3431 800 3472 secutas
824 3436 876 3474 es
908 3423 988 3487 ";
1020 3439 1119 3478 nec
1136 3425 1280 3479 enim
1316 3427 1479 3483 vitam
1509 3431 1834 3484 necessitate
1866 3447 1990 3485 cna-

424 3515 568 3561 ctam
619 3510 902 3576 habemus,
968 3529 1142 3583 neque
1198 3529 1420 3585 propter
1460 3520 1760 3574 libcrtatstn
1805 3535 1995 3577 eorum

423 3591 623 3672 quibus
687 3603 1042 3671 providetur;
1111 3606 1289 3660 divina
1336 3609 1578 3663 lnmina-
1644 3609 2000 3681 providentia

427 3693 756 3759 splendentis
805 3697 1166 3769 retenduntur
1199 3716 1214 3762 ;
1257 3699 1386 3766 quin
1412 3700 1593 3768 potius
1610 3701 1997 3756 dissimilitudo

428 3783 709 3858 oculorum
735 3799 872 3853 quos
903 3795 1112 3842 mentes
1145 3788 1366 3854 habent,
1398 3789 1860 3846 illuminationem
1890 3807 1996 3857 pa-

429 3883 596 3929 ternae
629 3876 886 3932 bonitatis
920 3893 1080 3944 supra
1114 3893 1278 3948 quam
1311 3880 1596 3949 copiosam
1627 3890 1721 3936 aut
1783 3881 2006 3951 penitus

430 3983 539 4021 non
577 3967 878 4036 participat,
904 3980 998 4024 aut
1020 3969 1151 4026 facit
1177 3971 1380 4026 duritia
1400 3986 1495 4024 sua
1520 3986 1586 4025 ne
1609 3980 1877 4042 penetret,
1899 3982 2000 4028 aut

428 4059 606 4113 varias
633 4060 804 4114 reddit
869 4062 1330 4130 participationes,
1393 4077 1594 4131 parvas
1640 4063 1723 4118 vel
1751 4079 2000 4134 magnas,

430 4151 693 4206 obscuras
711 4149 792 4205 vel
823 4152 998 4205 claras
1031 4153 1194 4206 anius
1217 4152 1664 4221 et-simplicis,.et
1679 4168 1895 4222 semper
1913 4154 2023 4210 sui-

432 4241 625 4296 similis
645 4249 808 4311 atque
838 4257 1008 4312 supra
1035 4243 1275 4296 modumr
1321 4244 1564 4312 expediti
1624 4254 1679 4300 et
1739 4245 1998 4314 explicati

434 4329 569 4384 radii
597 4332 866 4387 manantis
904 4332 1294 4389 instar‘lontis.
1330 4333 1396 4388 Et
1418 4351 1610 4391 rursus
1636 4336 1775 4390 idem
1826 4335 2006 4406 capite

434 4422 672 4476 secundo
701 4423 772 4478 do
793 4423 994 4479 divinis
1024 4426 1358 4497 nominibus.
1380 4427 1565 4496 Atqui,
1597 4428 1742 4482 dicet
1776 4428 1998 4496 aliquis,

371 4573 382 4590 η
434 4526 540 4565 non
566 4520 649 4566 est
679 4512 914 4582 sigillum
949 4508 1122 4574 toton
1153 4494 1369 4571 etidem
1403 4483 1761 4581 in-Iornnlbus,
1796 4483 2002 4586 in-qui;
2034 4483 2080 4538 θ

434 4603 536 4657 bus
567 4602 632 4656 ad
665 4605 1331 4686 esprimendttnteﬂgiem
1368 4607 1736 4679 imprimitur:
1774 4620 1882 4664 non
1920 4618 2008 4665 est

438 4702 612 4746 autem
638 4694 691 4746 in
719 4707 888 4750 causa
910 4695 1169 4765 sigillum;
1203 4697 1422 4754 ssenlm
1455 4705 1630 4754 totum
1648 4699 1859 4770 etgidem
1883 4701 2016 4756 uni-1

510 4807 554 4838 ”
589 4806 750 4872 Osee,
782 4807 954 4874 ",6;

2096 3255 2425 3315 potestatem
2459 3241 2754 3296 voluntatis
2789 3237 3195 3308 participantis,
3229 3238 3350 3305 plus
3383 3245 3438 3290 ct
3491 3238 3671 3290 minus

2095 3334 2526 3406 participationis
2575 3335 2628 3385 in
2675 3342 2918 3385 creatura
2955 3331 3227 3394 cernitur;
3262 3339 3313 3384 et
3341 3328 3671 3381 convenien-

2099 3437 2174 3480 ter
2203 3423 2634 3494 uniuscujusque
2664 3430 2862 3475 conatu
2891 3425 3009 3491 plus
3036 3435 3090 3480 et
3117 3428 3296 3478 minus
3324 3427 3374 3476 in
3403 3420 3671 3477 excellen-

2096 3515 2168 3568 tia
2197 3515 2410 3567 virtutis
2445 3555 2458 3577 ,
2494 3512 2670 3565 locum
2698 3514 2858 3566 habet
2891 3530 2905 3566 :
2933 3522 3124 3567 natura
3149 3529 3275 3565 vero
3296 3515 3530 3567 incrcata
3551 3514 3669 3564 lou-

2096 3618 2159 3674 σε
2191 3605 2343 3657 abest
2371 3603 2438 3656 ab
2472 3603 2782 3671 hujusmodi
2817 3602 3141 3658 differentia.
3166 3602 3238 3654 Et
3262 3605 3669 3670 quibusliquet,

2098 3706 2314 3744 omnem
2344 3690 2708 3744 differentiam
2755 3691 3226 3759 participatiounm
3259 3706 3324 3745 ex
3371 3689 3674 3744 diﬂ'crentia

2098 3780 2538 3848 participsntium
2571 3780 2832 3832 exsistere
2848 3790 2900 3834 et
2924 3779 3167 3844 conﬂari,
3189 3780 3410 3846 fierique
3428 3795 3678 3848 magnas,

2098 3882 2152 3925 et
2170 3885 2362 3938 parvas
2382 3871 2818 3937 participationes
2853 3883 3073 3940 pr0ptcr
3105 3871 3439 3924 habilitatem
3475 3856 3675 3924 obscu-

2102 3975 2180 4024 re,
2216 3961 2966 4028 autclareparticipztntium;
3027 3978 3216 4031 quare,
3282 3971 3340 4014 ut
3394 3953 3679 4016 consenta-

2101 4066 2264 4106 neum
2303 4061 2405 4116 est,
2422 4052 2733 4120 hujusmodi
2753 4053 3222 4122 participatioues,
3243 4056 3678 4122 quomodocum-

2104 4160 2208 4216 que
2233 4143 2776 4213 proponuntur,.sive
2810 4144 3132 4211 simpliciter
3159 4147 3456 4199 secundum
3504 4149 3673 4214 parti-

2105 4236 2456 4304 cipationem,
2499 4233 2612 4285 sive
2645 4237 2939 4286 secundum
2966 4234 3372 4300 ,exsistentinm,
3409 4252 3472 4289 ex
3516 4253 3682 4304 parvo

2104 4337 2168 4381 et
2189 4341 2387 4395 magno
2408 4324 2652 4395 conﬂata:
2687 4327 2737 4377 in
2774 4335 3023 4379 creatura
3058 4339 3352 4381 cernuntur
3394 4329 3681 4392 ;iniisau-

2107 4425 2213 4471 tem
2245 4429 2364 4484 qua:
2389 4410 2441 4468 in
2471 4415 2576 4469 Deo
2600 4423 2747 4480 sunt,
2768 4416 3076 4483 hujusmodi
3135 4419 3442 4473 differentia
3503 4413 3681 4475 locum

2106 4524 2212 4562 non
2241 4507 2422 4561 habet.
2444 4504 2561 4560 Uno
2594 4506 2775 4575 itaque
2810 4523 3073 4561 consensu
3105 4510 3335 4578 theologi
3397 4506 3686 4580 participa-

2108 4600 2282 4655 tiones
2315 4597 2456 4662 illas,
2480 4611 2630 4665 quas
2661 4596 2908 4651 absolute
2938 4607 2993 4652 et
3023 4599 3298 4655 abstracto
3323 4617 3418 4670 per
3445 4618 3505 4656 se
3541 4605 3678 4657 sub-

2104 4692 2384 4755 stantiam,
2409 4697 2462 4743 et
2488 4704 2581 4758 per
2605 4704 2665 4743 se
2694 4689 2965 4755 vitam,.et
2982 4706 3078 4760 per
3099 4707 3158 4748 se
3178 4695 3594 4763 sapientiam,ct
3615 4699 3687 4752 si-

1909 4905 2203 4970 Scholia..

443 4998 718 5077 integram
742 5005 1241 5077 naturamspeclel.
1265 5014 1326 5062 ut
1354 5007 1427 5062 sit
1461 5013 1684 5064 sanctus
1713 5006 1913 5065 Thom.
1965 5023 2002 5062 ll

444 5076 583 5147 part.
610 5085 802 5147 σιιιευι.
833 5076 923 5139 5|,
949 5079 1015 5129 ad
1055 5076 1110 5140 δ,
1144 5087 1238 5130 aut
1269 5091 1298 5130 s
1333 5077 1564 5147 corpore
1589 5080 1890 5133 secundum
1915 5091 2006 5147 ac-

444 5146 816 5216 cidens,uuia
864 5147 960 5213 per
1015 5149 1252 5199 animam
1314 5146 1445 5200 vivit
1476 5165 1489 5201 :
1524 5156 1640 5212 aut,
1661 5148 1729 5201 ab
1777 5146 2004 5216 angelo;

444 5216 568 5284 quia
604 5215 750 5267 enim
784 5215 900 5278 ipse
918 5224 1003 5268 est
1025 5217 1243 5294 integra:
1283 5227 1508 5294 naturae,
1531 5227 1580 5270 et
1611 5228 1722 5294 non
1745 5215 2004 5283 tauquam

445 5298 570 5356 pars
611 5293 835 5364 natura,
867 5295 960 5350 per
988 5298 1072 5364 use
1113 5284 1278 5364 vitam
1330 5286 1527 5364 accipit
1556 5300 1583 5337 a
1604 5284 1760 5364 pro.
1792 5294 1847 5337 et
1873 5299 2006 5364 non

448 5354 544 5422 per
576 5353 828 5425 ac'cideus
864 5353 1206 5425 participatio
1230 5353 1550 5422 simpliciter
1569 5353 1765 5425 :diﬂet-t
1789 5369 1818 5425 s
1845 5354 2011 5420 partl-

447 5423 722 5489 cipstione
769 5425 1067 5477 secundum
1094 5423 1468 5478 essistentiam
1513 5424 1955 5477 ratione'tantutn
1997 5439 2011 5477 :

454 5501 658 5565 u‘tper
702 5508 761 5547 se
802 5494 918 5565 vita
958 5507 1074 5557 non
1102 5492 1455 5565 distinguitur
1495 5507 1533 5545 ι
1589 5493 1954 5565 viventilms.-,_
1983 5507 2013 5544 a

451 5561 653 5630 quibus
679 5563 1070 5631 participantur
1102 5561 1400 5616 secundum
1449 5577 1561 5616 rem
1582 5579 1609 5614 -:
1643 5577 1701 5616 re
1725 5565 1869 5616 enim
1907 5561 2017 5614 vita

453 5643 508 5684 et
542 5633 728 5684 vivens
761 5631 901 5685 idem
946 5640 1110 5688 sunt:
1141 5633 1285 5686 sicut
1331 5631 1649 5686 humanitas
1675 5633 2014 5698 simpliciter,

453 5708 512 5754 et
541 5701 704 5754 homo
755 5704 962 5756 ratione
1007 5712 1222 5756 tantum
1258 5701 1540 5764 differunt,
1569 5703 1695 5770 quia
1747 5703 1889 5755 sicut
1920 5703 2020 5754 hu-

459 5771 689 5826 manitas
731 5776 908 5826 solum
964 5773 1054 5827 illa
1105 5772 1519 5842 comprehendit
1578 5785 1698 5842 qua
1742 5772 2017 5827 hominem

2110 5005 2478 5080 deliniant.“
2505 5019 2613 5080 non
2641 5007 3069 5075 quamateriam
3095 5007 3301 5065 faciunt
3329 5012 3693 5077 individuam,

2113 5091 2291 5152 neque
2324 5077 2660 5152 humanitas,
2687 5083 2809 5130 actu
2853 5087 2944 5152 aut
2983 5082 3222 5152 potentia
3263 5083 3507 5137 continet
3539 5089 3696 5152 prin-

2117 5146 2256 5213 cipia
2287 5158 2407 5214 qua
2439 5145 2779 5197 individuum
2811 5147 3066 5211 reddunt,
3105 5151 3268 5203 homo
3299 5168 3424 5205 vero
3449 5145 3696 5208 continet

2114 5219 2351 5288 potentia
2381 5232 2394 5278 ;
2427 5215 2505 5268 sic
2537 5229 2630 5282 per
2660 5229 2718 5268 se
2745 5217 2851 5288 vita
2893 5217 2977 5267 illa
3003 5221 3242 5273 continet
3273 5238 3390 5288 qua:
3422 5225 3710 5278 viventem.

2116 5284 2698 5355 deﬂuittnt,_quatenus
2738 5285 3078 5355 viviteitaque
3104 5299 3161 5342 ut
3189 5284 3352 5343 homo
3391 5290 3698 5346 formalitur

2118 5361 2204 5427 est
2246 5353 2584 5427 humanitate
2618 5356 2804 5414 homo,
2835 5357 2912 5409 sic
2951 5353 3139 5413 vivens
3201 5375 3296 5427 per
3348 5377 3406 5415 se
3461 5366 3568 5416 vita
3611 5375 3698 5417 est

2119 5421 2736 5494 vivens..Participntio-
2766 5428 3078 5494 secundum
3155 5421 3556 5494 eisisteutitnn,
3590 5448 3700 5486 -est

2120 5492 2226 5568 vita
2258 5491 2369 5568 illa,
2394 5494 2733 5568 simpliciter,
2758 5493 2776 5561 j
2798 5510 2866 5568 tm
2899 5505 3113 5564 recepta
3140 5499 3191 5550 in
3222 5500 3430 5568 subject
3454 5522 3463 5547 ι
3485 5517 3512 5552 v
3543 5491 3701 5557 vente

2118 5562 2265 5638 sicut
2315 5562 2626 5638 humanitas
2661 5565 2960 5638 secundum
3000 5562 3702 5638 e‘tsistetttiaiuﬁstinhoc

2124 5632 2344 5704 homine
2381 5631 2476 5699 qui
2500 5634 2716 5687 exsistit
2745 5687 2755 5698 ,
2783 5635 2897 5686 sola
2921 5639 3062 5687 enim
3099 5631 3400 5704 singulat'ta‘
3418 5643 3699 5695 insistunt

2122 5701 2178 5752 in
2233 5716 2412 5755 rerum
2458 5714 2693 5769 natura;
2749 5706 3076 5760 κλῖναι-δίειμι
3131 5701 3257 5762 vero
3309 5718 3363 5763 et
3414 5719 3701 5767 abstracta

2127 5772 2277 5824 olunt
2312 5772 2373 5824 in
2406 5779 2614 5828 mente.
