4416 6448
765 395 872 461 883

1914 401 2234 462 JOANNIS
2275 404 2876 468 CYPARISSIOTE.

3879 388 3989 468 884

765 509 967 562 πιίιίιετ
991 508 1042 562 in
1071 509 1215 574 aliis,
1241 510 1525 575 vocabant,
1551 511 1688 564 inter
1712 521 1991 568 creaturas
2020 513 2324 568 referebant
2353 519 2398 572 Α
2427 532 2546 570 cum
2575 520 2668 585 qni
2692 519 2864 584 major
2894 527 2976 572 est
3031 531 3189 582 quam
3233 517 3458 585 cogitari
3513 512 3708 580 queat?
3752 509 3848 563 llic.
3905 523 3985 561 est

762 611 820 652 et
849 601 1206 652 numerabant
1246 619 1258 663 ;
1291 603 1415 667 quia
1454 617 1628 668 neque
1649 603 1965 655 substantia!
1989 605 2202 667 divina,
2230 620 2330 658 nec

767 689 1024 757 angelicae
1056 702 1231 754 erant,
1264 706 1360 744 nec
1386 692 1550 745 ullius
1586 694 1660 745 rei
1693 693 1994 747 efl’ectrices
2027 712 2038 757 ;
2073 695 2247 748 solum
2270 713 2329 748 e-

768 778 876 828 tim
904 779 1045 845 quod
1073 789 1156 832 est
1203 795 1366 845 supra
1434 782 1815 844 substantiam,
1893 784 2219 848 principium
2276 793 2330 838 et

767 869 1075 920 substantia
1106 879 1158 920 et
1186 884 1347 922 causa
1371 872 1563 922 bornnt
1582 883 1683 924 est.
1705 873 1758 923 Si
1787 882 1966 926 autem
1987 873 2127 928 Deus
2151 885 2202 926 et
2225 877 2322 927 ho-

770 972 914 1021 rum,
946 967 999 1010 et
1037 975 1221 1012 eorum
1252 977 1370 1028 qua:
1395 962 1583 1015 subter
1615 963 1729 1030 ipsa
1768 973 1917 1028 sunt,
1957 979 2020 1016 es
2052 981 2208 1032 mquo
2233 981 2331 1018 au-

770 1060 897 1100 ClOI'
928 1058 1012 1100 est
1052 1049 1157 1115 (est
1185 1051 1351 1113 enim,
1384 1052 1576 1118 inquit,
1600 1067 1661 1104 ex
1694 1054 2163 1121 participantibus,
2188 1066 2242 1107 et
2264 1072 2326 1108 ex

770 1137 1102 1204 participatis
1148 1139 1357 1192 inﬁnite
1379 1147 1431 1192 et
1462 1140 1724 1194 immense
1746 1150 2074 1211 exemptus),
2102 1160 2331 1212 quomo-

730 1288 734 1290 _
770 1224 838 1275 do
868 1237 973 1276 non
1000 1224 1051 1276 in
1087 1225 1171 1277 bis
1207 1229 1378 1293 magis
1403 1228 1580 1282 omnis
1617 1229 1919 1284 differentia
1938 1235 2333 1300 reperiatm',tt

771 1313 888 1378 plus
921 1323 973 1365 et
1003 1315 1177 1368 minus
1203 1316 1380 1368 locum
1410 1318 1626 1370 habent?
1654 1336 1774 1387 qttzr.
1806 1333 1936 1374 sunt
1987 1334 2127 1374 notae
2178 1339 2332 1376 crea-

770 1411 922 1464 turae,
961 1413 1014 1456 et
1042 1406 1273 1458 varietas
1300 1407 1441 1459 circa
1463 1411 1889 1476 emanationem,
1921 1422 1973 1465 et
1995 1413 2332 1479 multiplica-

769 1495 846 1547 tio
875 1495 1195 1550 formarum.
1231 1498 1418 1552 Merito
1450 1499 1759 1568 igilttrmtia
1790 1517 1892 1554 neu
1918 1518 2111 1555 sumus
2142 1505 2248 1568 apti
2275 1513 2333 1556 et

769 1583 982 1649 idonei,
1015 1587 1107 1639 sed
1143 1588 1323 1655 potius
1364 1589 1561 1640 inﬁrmi
1593 1589 1658 1640 ad
1705 1591 2071 1654 recipiendum
2139 1591 2329 1655 Deum,

770 1677 1237 1745 participationem
1274 1677 1438 1745 ejusa
1468 1679 1625 1732 nobis
1643 1679 2002 1732 alienavimus
2034 1700 2047 1734 :
2079 1682 2131 1733 in
2167 1696 2332 1734 cau-a

767 1775 950 1819 autem
971 1779 1053 1821 est
1091 1779 1328 1835 potestas
1356 1769 1508 1822 liberi
1543 1770 1774 1834 arbitrii,
1811 1755 2040 1835 et'illud,
2065 1773 2332 1839 proclives

770 1871 869 1911 nos
905 1872 1023 1912 esse
1045 1858 1118 1912 ab
1142 1859 1502 1914 adolescentia
1530 1871 1713 1915 nostra
1745 1861 1814 1914 ad
1855 1863 2077 1916 malum.

1382 1973 1611 2028 CAPUT
1636 1973 1724 2027 IX.

770 2080 924 2147 Quod
957 2083 1069 2135 sola
1109 2094 1300 2137 natura
1333 2088 1513 2140 divino
1548 2087 1830 2138 secundum
1865 2089 2121 2141 rationem
2167 2107 2338 2143 causa?

837 2163 912 2204 est
936 2155 1353 2219 purticipobt'lis;
1382 2169 1431 2208 et
1465 2157 1604 2220 quod
1635 2159 1902 2223 proprium
1943 2157 2038 2210 Dei
2068 2170 2142 2210 est
2184 2176 2339 2212 vom-

839 2237 894 2293 re
924 2225 1102 2274 omnia
1134 2223 1202 2274 ad
1247 2228 1704 2286 communionem;
1744 2235 1794 2276 et
1849 2242 1966 2293 quo!
2025 2228 2182 2291 plura
2242 2230 2338 2280 Dei

837 2291 976 2343 dona
993 2293 1338 2360 participant,
1365 2295 1753 2362 propinquiora
1775 2291 1880 2348 Deo
1907 2306 2053 2349 sunt.

837 2397 1129 2470 Gregorius
1153 2404 1483 2473 Theologus,
1516 2407 1566 2459 in
1603 2407 1838 2461 secunda
1875 2408 2124 2462 oratione
2152 2410 2218 2462 de
2247 2424 2340 2476 pa-

767 2507 830 2546 ce
867 2511 881 2550 :
910 2493 1029 2548 Non
1061 2495 1227 2561 enim,
1262 2497 1456 2566 inquit,
1479 2498 1769 2567 quidquam
1793 2513 1858 2552 es
1897 2501 2117 2564 creatis,
2149 2510 2203 2553 et
2224 2516 2342 2555 ser-

775 2585 857 2638 vis
897 2594 1058 2654 atque
1092 2588 1560 2654 participantibus,
1593 2599 1648 2643 et
1704 2589 2134 2657 circumscriptis
2180 2576 2341 2646 na'uQ

763 2692 884 2730 ram
913 2679 1229 2742 increatam,
1265 2686 1319 2732 et
1342 2679 1640 2741 dominam,
1663 2689 1827 2748 atque
1853 2681 2256 2749 participatarn,
2290 2692 2346 2736 et

764 2769 1033 2825 inﬁnitam
1052 2772 1284 2839 attingit.
1307 2769 1371 2823 Et
1400 2787 1586 2825 rursus
1611 2773 1749 2825 idem
1770 2774 1820 2825 in
1851 2775 2094 2826 oratione
2125 2775 2177 2827 in
2215 2774 2352 2828 Pen-

766 2870 1009 2929 tecosteu
1036 2881 1048 2915 :
1078 2862 1206 2914 Erat
1225 2862 1384 2927 igitur
1402 2876 1618 2928 semper
1641 2861 1873 2930 Spiritus
1891 2874 2111 2917 sanctus
2127 2867 2349 2932 partici-

763 2959 946 3020 patns,
972 2967 1075 3005 non
1105 2953 1470 3020 participans;
1501 2955 1806 3022 pcrﬁcieus.
1828 2970 1932 3008 non
1961 2956 2254 3022 perfecws.
2283 2954 2349 3008 Et

763 3055 989 3108 magnus
1009 3039 1050 3093 Β
1069 3041 1260 3105 ιεὶΙίιιε,
1297 3044 1347 3094 in
1369 3043 1507 3096 libro
1538 3044 1731 3110 quinto
1756 3043 1822 3096 ad
1849 3045 2287 3111 Amphilochium
2323 3062 2338 3098 :

2433 608 2835 661 ﬁrmamantum
2911 608 3171 671 omnium,
3251 607 3654 658 fundamentum
3722 603 3982 657 omnium,

2432 703 2749 769 principium
2781 703 3040 765 omnium,
3084 716 3146 754 es
3179 716 3286 766 quo
3314 708 3534 752 manant
3575 697 3776 758 omnia,
3827 704 3880 745 et
3932 696 3984 743 in

2432 793 2574 860 quod
2614 801 2836 857 vergunt
2868 793 3046 844 omnia
3083 790 3442 858 ;priucipium
3485 799 3536 840 et
3571 786 3717 845 ﬁnis,
3748 801 3782 835 α
3839 792 3893 834 et
3919 802 3984 842 ω,

2434 893 2490 937 υι
2515 883 2736 952 pulchre
2764 883 2898 934 dixit
2923 884 3012 949 qui
3070 881 3387 945 theologiam
3412 878 3633 931 tradens
3679 875 3984 937 tltcologum

2431 975 2611 1027 docuit
2635 976 2718 1038 ⁸⁹;
2756 988 2920 1026 causa
2951 983 3006 1026 ut
3051 973 3155 1025 sint
3188 986 3254 1024 ea
3287 985 3405 1032 quae
3434 979 3592 1030 sunt;
3632 967 3721 1034 qui
3757 966 3820 1017 iis
3875 977 3997 1030 qua

2435 1065 2670 1115 nondum
2701 1065 2992 1116 constituta
3020 1071 3198 1120 erant.
3239 1060 3601 1112 substantiam
3653 1057 3837 1116 dedit;
3902 1054 3991 1116 qui

2433 1153 2773 1222 substantiis,
2815 1167 2950 1219 quas
2981 1165 3044 1202 es
3076 1151 3244 1202 nihilo
3271 1148 3421 1210 fecit,
3452 1147 3691 1199 ordinem
3752 1143 3996 1197 adhibuit

2434 1252 2487 1294 et
2531 1250 2588 1293 ιιι
2641 1243 2900 1293 dttrareut
2957 1251 3010 1293 et
3063 1248 3534 1297 conservarentur,
3601 1235 3760 1298 fecit;
3804 1245 3997 1286 natura

2433 1333 2694 1394 creatrix,
2720 1341 2958 1396 potestas
2981 1331 3083 1382 vim
3108 1330 3365 1389 faciendi,
3405 1326 3750 1389 inspiciendi,
3778 1334 3830 1375 et
3866 1337 3994 1388 pro-

2437 1425 2646 1475 videndi
2677 1422 2878 1474 habens
2915 1439 2927 1483 ;
2965 1422 3072 1472 vita
3105 1429 3159 1473 et
3218 1421 3424 1478 vivens,
3468 1415 3768 1468 substantia
3822 1414 3992 1464 vitam

2433 1514 2678 1581 praebens
2705 1530 2720 1574 ;
2752 1522 2938 1563 natura
2971 1511 3081 1561 sola
3149 1506 3564 1576 participabitis,
3620 1519 3742 1571 quze
3805 1501 3985 1552 omnia

2434 1601 2595 1666 capit,
2613 1609 2666 1652 et
2689 1615 2721 1652 a
2741 1600 2884 1651 nullo
2907 1598 3116 1666 capitur
3141 1616 3153 1660 ;
3176 1605 3228 1648 et
3246 1594 3370 1661 quid
3395 1601 3567 1659 potest
3585 1589 3848 1656 quispiam
3872 1599 3995 1639 cum

2436 1680 2977 1746 inﬁnita'tentaverit,
3007 1689 3072 1740 de
3116 1701 3180 1737 eo
3215 1684 3412 1742 dicere,
3443 1681 3532 1750 qui
3567 1693 3671 1731 non
3703 1686 3876 1743 putt-3t
3909 1689 4004 1725 ex-

2371 1821 2408 1874 Β
2439 1777 2640 1846 primi?
2690 1776 2842 1842 Quod
2875 1779 3017 1830 enim
3068 1776 3244 1830 semel
3298 1774 3403 1825 diei
3483 1787 3586 1822 non
3635 1775 3831 1837 potest,
3892 1779 4002 1816 non

2438 1866 2798 1934 explicabitur
2828 1885 2842 1919 :
2871 1875 2926 1919 et
2955 1867 3098 1933 quod
3129 1876 3208 1918 est
3234 1866 3373 1916 ultra
3417 1860 3784 1924 omnia,nulla
3846 1871 3999 1908 mens

2438 1959 2879 2024 comprehendet,
2909 1957 3010 2009 etsi
3059 1955 3296 2007 omnium
3324 1955 3390 2004 sit
3435 1950 3780 2003 subtilissima
3815 1948 3878 1998 ad
3909 1960 4002 2008 pe-

2441 2051 2781 2102 netrandum.
2814 2050 2926 2100 lmo
2946 2056 3000 2100 et
3041 2062 3268 2114 magnus
3299 2043 3584 2112 Dionysius
3613 2042 3787 2106 capite
3840 2052 4006 2104 quar-

2443 2153 2495 2194 to
2527 2140 2755 2195 Calcatis
2786 2138 3134 2192 hieran/tia:
3166 2135 3404 2188 Primum
3447 2149 3571 2186 vero
3600 2133 3838 2184 omnium
3877 2128 4006 2180 illud

2444 2249 2569 2286 rere
2601 2232 2884 2285 dicendum
2916 2240 3019 2293 est,
3074 2229 3214 2295 quod
3249 2226 3510 2281 divinitas
3530 2237 3650 2290 qua:
3685 2235 3847 2286 supra
3873 2221 4003 2270 sub-

2443 2325 2696 2379 stantiam
2733 2332 2835 2382 est,
2859 2320 3097 2373 bonitate
3136 2333 3230 2371 sua
3285 2316 3615 2370 substantias
3652 2325 3836 2364 eorum
3886 2323 4006 2374 quae

2443 2423 2591 2475 sunt,
2631 2409 2902 2477 produxit.
2951 2417 3004 2462 et
3033 2406 3158 2460 fecit
3191 2415 3249 2457 ut
3291 2404 3646 2463 t‘xsistercnt;
3711 2399 3812 2450 hoc
3862 2396 4005 2448 enim

2445 2504 2719 2573 proprium
2745 2511 2828 2552 est
2862 2497 3137 2557 bonitatis,
3170 2511 3288 2561 quae
3318 2507 3482 2546 causa
3518 2491 3759 2542 Omnium
3794 2493 3897 2542 est.
3952 2491 4008 2535 et

2447 2610 2608 2661 supra
2643 2593 2818 2646 omnia
2849 2600 2952 2654 est,
2986 2602 3176 2643 vocare
3205 2586 3455 2639 universa
3487 2583 3549 2634 ad
3570 2581 3651 2632 sui
3679 2577 4012 2630 connuunio-

2448 2703 2592 2752 nem,
2632 2694 2690 2740 ut
2714 2683 3006 2749 unicuique
3031 2695 3217 2735 eorum
3242 2693 3360 2745 qua:
3387 2684 3533 2737 sunt,
3571 2689 3600 2725 a
3627 2670 3846 2740 pr0pria
3879 2683 4010 2719 cnu-

2449 2777 2718 2834 veuientia
2753 2774 3032 2828 deﬁnitum
3067 2781 3168 2824 est.
3224 2767 3429 2821 Cuncta
3480 2763 3644 2830 igitur
3689 2774 3808 2826 qua:
3860 2765 4008 2817 sunt,

2449 2859 3189 2939 participantprovidentiam
3224 2873 3287 2910 ex
3341 2854 3623 2908 divinitate
3678 2862 3839 2916 supra
3886 2845 4011 2896 sub-

2450 2958 2733 3020 stantiam,
2799 2964 2852 3006 et
2899 2953 3139 3006 omnium
3185 2947 3459 3003 elfectrice
3514 2949 3855 3000 manantem;
3905 2950 4008 2987 non

2450 3051 2595 3104 enim
2623 3056 2831 3110 essent,
2864 3045 2963 3097 nisi
2990 3040 3355 3098 substantiam
3389 3046 3442 3088 et
3497 3030 3841 3100 participium
3890 3041 4008 3077 om-

762 3131 966 3186 Natura
992 3133 1326 3197 inaccessus,
1352 3150 1518 3202 capas
1547 3144 1764 3204 propter
1783 3135 2102 3197 boaitatem,
2124 3136 2350 3203 impleas
2374 3138 2421 3201 C
2455 3142 2600 3194 nium
2624 3131 3267 3207 participassent.0mnia
3297 3130 3460 3197 igitur
3499 3124 3793 3179 inanimata
3814 3136 3878 3173 co
3897 3120 4012 3184 ipso

757 3223 941 3276 omnia
955 3232 1240 3291 potestate,
1270 3227 1338 3278 ab
1358 3227 1422 3279 iis
1452 3235 1660 3278 tantum
1691 3228 1781 3296 qui
1808 3227 1953 3293 digni
1988 3236 2149 3289 sunt,
2182 3227 2348 3292 parti-

757 3315 1027 3382 cipabilis.
1055 3317 1116 3368 Ει
1148 3331 1373 3384 magnus
1397 3318 1747 3380 Athanasius,
1775 3319 1828 3369 in
1849 3317 2075 3383 epistola
2095 3318 2160 3368 ad
2188 3315 2347 3369 Sera-

761 3406 973 3469 pionem
997 3423 1012 3460 :
1046 3405 1270 3472 Rursus,
1297 3407 1491 3475 inquit,
1521 3408 1718 3473 aliquis
1740 3407 1818 3459 vel
1833 3421 1896 3459 ex
1925 3406 2005 3459 his
2036 3405 2344 3474 perspiciat,

758 3496 1066 3562 participari
1096 3495 1354 3564 Sp‘ritum
1378 3506 1647 3560 sanetum,
1665 3505 1718 3549 et
1747 3510 1850 3547 non
1875 3495 2231 3561 participare;
2252 3508 2347 3546 ea-

759 3589 879 3638 dem
915 3587 1057 3640 enim
1077 3588 1257 3640 dicere
1282 3603 1385 3639 non
1416 3589 1582 3654 piget.
1609 3586 1942 3653 [inpossibile
1966 3586 2103 3639 enim
2127 3595 2226 3648 est,
2257 3600 2344 3636 eos

760 3679 854 3747 qui
875 3680 1035 3732 semel
1060 3680 1349 3732 illuminati
1371 3689 1493 3731 sunt
1551 3690 1600 3733 et
1622 3687 1958 3748 gustaverunt
1974 3680 2169 3730 donum
2188 3678 2344 3730 ca'le-

760 3781 857 3832 ste,
891 3781 938 3822 et
961 3771 1248 3838 participes
1278 3771 1410 3837 facti
1459 3780 1584 3823 sunt
1617 3771 1850 3836 Spiritus
1901 3772 2096 3836 sancti,
2133 3778 2182 3822 et
2246 3785 2347 3837 gu—

760 3862 1238 3914 ataveruntbonum
1268 3861 1363 3914 Dei
1397 3862 1604 3914 verbum
1660 3862 1727 3913 ³³.
1759 3861 1815 3915 Si
1868 3860 2012 3914 enim
2065 3862 2264 3926 angeli,
2290 3871 2343 3914 et

759 3954 882 4006 alia:
921 3962 1186 4007 creatura:
1211 3955 1381 4021 ipsum
1411 3952 1674 4022 Spiritum
1701 3952 2066 4022 participant;
2103 3955 2172 4006 ob
2198 3955 2339 4008 hanc

760 4045 904 4097 enim
931 4059 1151 4098 causam
1172 4046 1422 4098 excidere
1447 4055 1668 4111 possunt
1697 4044 1788 4114 qui
1830 4061 1934 4098 non
1965 4045 2296 4114 participant
2322 4062 2335 4108 ;

764 4138 1004 4205 Spiritus
1033 4153 1160 4191 vero
1182 4147 1406 4191 sanctus
1448 4151 1666 4206 sempor
1716 4138 1855 4190 idem
1896 4147 2000 4201 est,
2048 4138 2339 4202 participa-

762 4229 885 4284 bilis
906 4239 1008 4282 est.
1080 4229 1145 4282 Et
1195 4239 1417 4282 sanetur.2
1476 4228 1765 4291 Maximus,
1814 4242 1935 4294 cap.
1986 4225 2020 4280 9
2075 4234 2341 4297 contortae

764 4330 974 4388 quarta:
1004 4321 1069 4374 de
1091 4321 1358 4373 charitate
1395 4320 1507 4373 ait:
1556 4319 1694 4371 Deus
1716 4318 1936 4385 quidem
1974 4319 2150 4372 solum
2172 4317 2340 4385 parti-

763 4416 1009 4482 cipatur;
1042 4421 1295 4466 creatura
1318 4426 1447 4464 vero
1506 4411 1789 4478 participat
1829 4419 1883 4464 et
1931 4409 2291 4462 communicat
2322 4424 2336 4471 ;

2452 3229 2593 3299 quod
2619 3238 2764 3292 sunt,
2785 3228 2959 3294 ipsum
2980 3222 3300 3292 principium
3329 3216 3684 3284 participant:
3718 3224 3838 3263 esse
3869 3207 4010 3260 enim

2451 3319 2692 3370 orn-nium
2718 3325 2800 3370 est
2825 3315 3078 3367 divinitas
3102 3311 3200 3379 (α),
3228 3324 3344 3376 quae
3368 3316 3449 3359 est
3481 3318 3642 3370 Supra
3661 3301 3830 3369 ipsum
3855 3311 4012 3358 esse;

2454 3407 2687 3459 viventia
2758 3413 2935 3456 autem
3011 3397 3335 3465 participant
3395 3391 3637 3448 eamdem
3695 3392 4012 3452 potestatem

2451 3493 2720 3549 viviﬁcam
2752 3505 2912 3557 supra
2945 3501 3162 3541 omnem
3201 3486 3362 3537 vitam
3402 3481 3644 3534 :ratione
3692 3474 3914 3543 praedita
3964 3479 4018 3521 et

2453 3585 2800 3650 intelligentia
2835 3581 3078 3633 eamdem
3112 3575 3432 3644 sapientiam
3459 3587 3551 3639 per
3577 3585 3636 3622 se
3673 3568 3966 3634 perfectam
4000 3600 4017 3626 ,

2450 3689 2502 3732 et
2527 3676 2671 3743 prius
2688 3672 3002 3742 perfectam,
3030 3685 3152 3741 quze
3167 3683 3380 3722 omnem
3407 3666 3668 3718 rationem
3691 3674 3752 3712 ac
3784 3665 4016 3710 tuentem

2449 3769 2641 3830 vincit,
2672 3766 3029 3834 participant;
3066 3759 3609 3832 manifestn’tnantem
3643 3765 3723 3804 est
3755 3763 3875 3802 esse
3906 3747 3988 3798 cir

2448 3875 2570 3915 cum
2599 3859 2771 3926 ipsum
2800 3855 3123 3923 principium
3181 3849 3511 3906 substantias
3561 3846 3701 3902 illas,
3763 3853 4019 3908 qmecun-

2447 3965 2552 4016 que
2580 3946 2952 4013 multipliciter
3013 3943 3184 4010 ipsum
3220 3937 3629 4008 participarunt.
3691 3931 3766 3982 Ac
3831 3939 4019 3979 rursus

2449 4041 2589 4094 idem
2617 4039 2669 4091 in
2697 4036 2908 4107 quinto,
2945 4034 3019 4086 De
3061 4032 3252 4084 divinis
3289 4026 3586 4079 nominibus
3631 4040 3644 4076 :
3677 4020 3743 4072 Et
3802 4029 3910 4080 est,
3963 4023 4020 4066 ut

2447 4132 2707 4193 arbitror,
2737 4142 2945 4189 verum,
2969 4124 3109 4195 quod
3140 4137 3202 4176 ea
3234 4135 3355 4188 qua:
3379 4118 3550 4182 magis
3589 4113 3777 4171 Deum,
3835 4108 3925 4176 qui
3960 4123 4022 4159 u-

2447 4241 2549 4277 nus
2579 4233 2684 4284 est,
2718 4229 2773 4275 et
2810 4235 2838 4271 a
2871 4233 2978 4287 quo
3009 4215 3219 4269 inﬁnita
3239 4212 3378 4265 dona
3400 4207 3836 4278 proﬁciscuntur,
3895 4215 4022 4266 par-

2447 4319 2689 4384 ticipant,
2719 4314 2886 4380 magis
2915 4311 2964 4365 ei
3002 4307 3454 4376 appr0pinquaut,
3489 4309 3541 4354 et
3563 4297 3828 4351 diviniora
3873 4300 4021 4384 sunt,

2447 4382 2604 4478 quam
2629 4421 2748 4476 qua:
2772 4407 2953 4459 minus
2975 4401 3319 4471 participant.
3351 4396 3422 4448 Ex
3445 4393 3525 4446 bis
3550 4386 3887 4458 liquet,quod
3909 4382 4022 4436 sola

762 4478 1136 4574 et‘participat
1168 4506 1382 4572 quidem
1407 4519 1548 4566 esse,
1573 4514 1626 4555 et
1646 4507 1820 4565 bene;
1868 4496 2339 4554 communicatve-
2375 4485 2418 4537 θ
2447 4512 2636 4556 natura
2673 4499 2969 4553 secundum
2997 4505 3221 4547 causam
3258 4481 3671 4556 partieipabilis,
3709 4478 3848 4529 Deus
3872 4483 4017 4570 .est';

767 4616 826 4652 ιο
851 4600 1023 4654 solum
1063 4601 1199 4652 bene
1223 4613 1344 4650 esse
1382 4611 1606 4651 :vcrum
1631 4595 1787 4647 aliter
1816 4594 2034 4662 quidem
2083 4593 2339 4645 substan-

769 4694 842 4745 tia
893 4705 1156 4759 corporea
1192 4691 1289 4756 (l),
1321 4690 1478 4741 aliter
1499 4703 1625 4740 vero
1646 4688 1986 4753 incorporea.
2019 4684 2083 4738 Et
2118 4695 2342 4739 sanctus

765 4785 1088 4854 Anastasius
1112 4784 1504 4844 Antiochcnus,
1541 4781 1591 4831 in
1625 4779 1799 4845 primo
1835 4777 1973 4829 libro
2029 4776 2093 4828 dc
2129 4775 2334 4828 nostris

767 4877 1110 4945 dogmatibus
1137 4875 1383 4927 veritatis
1424 4889 1436 4927 :
1502 4871 1810 4935 Quomodo,
1850 4869 2048 4936 inquit,
2094 4867 2343 4920 oratione

765 4969 976 5022 laudari
1015 4977 1213 5036 potest,
1283 4966 1375 5034 qtti
1435 4965 1735 5016 orationem
1781 4959 1994 5012 vincit?
2054 4970 2146 5010 aut
2215 4958 2341 5024 quid

767 5062 925 5130 digne
955 5059 1098 5127 loqui
1123 5059 1296 5127 pOSsit
1348 5055 1588 5117 ullus,ut
1637 5050 1963 5121 cogitatione
2006 5046 2345 5103 demonstret

877 5226 920 5255 ³⁸
950 5224 1112 5274 llt'bt'.
1158 5240 1228 5281 VI,
1265 5222 1315 5273 4.
1397 5220 1443 5248 ³’
1463 5220 1628 5286 Αροο.
1665 5234 1702 5279 l,
1744 5217 1834 5267 2t.

2445 4594 2695 4663 quodque
2726 4586 3024 4663 secundum
3075 4581 3322 4635 eamdem
3352 4588 3575 4628 causam
3605 4575 3786 4663 vocat
3840 4562 4021 4660 omnia

2447 4655 2512 4736 ad
2545 4655 2626 4735 sui
2655 4655 3089 4732 comtitunionem
3118 4688 3132 4734 ;
3172 4679 3228 4722 et
3263 4667 3351 4720 illa
3387 4666 3518 4716 ﬁunt
3569 4658 3744 4712 eidem
3811 4655 4023 4704 voranti

2448 4771 2858 4842 propinquiora,
2887 4776 3225 4833 quacunque
3271 4756 3455 4811 multis
3487 4750 3664 4842 modis
3697 4746 4023 4842 participant

2450 4837 3116 4926 nonsolunt‘s'impliciter
3173 4846 3530 4906 substantiam
3573 4840 3689 4906 ejus
3734 4847 3781 4890 el
3829 4837 4022 4926 vitant,

2451 4953 2723 5018 sedetiant
2749 4924 3041 5008 rationem,
3073 4955 3125 4996 et
3151 4939 3493 5002 sapientiam,
3530 4942 3577 4986 el
3619 4929 3720 4983 alia
3746 4927 3866 4992 ejus
3897 4924 4028 4973 eha-

2456 5045 2676 5098 rismata
2711 5037 3014 5110 spiritualia
3049 5034 3346 5090 secundum
3381 5025 3785 5095 proportionem
3828 5029 4026 5082 Supre-

2259 5320 2530 5383 SchoHa.
2607 5285 2612 5291 ⁸

803 5457 810 5465 1
839 5470 918 5538 (l)
955 5466 1128 5520 Aliter
1155 5463 1449 5538 substantia
1484 5474 1753 5526 corporea.
1785 5455 2055 5527 Cor-porca
2127 5452 2342 5538 quidem

769 5531 962 5596 Italut'a
993 5535 1326 5590 communiat
1389 5535 1526 5584 bene
1547 5545 1670 5584 esse
1727 5541 1998 5596 sermone,
2045 5538 2243 5596 apere.
2293 5531 2344 5570 et

766 5592 1264 5677 contemplatione;
1300 5604 1587 5670 incoporea
1621 5613 1748 5652 vero
1772 5593 2125 5663 Θεωρσυμὲιη
2164 5592 2344 5661 μόνον,

2455 5449 2506 5499 id
2536 5457 2639 5508 cst,
2677 5444 2786 5494 sola
2819 5437 3293 5507 contemplatione,
3349 5433 3426 5488 sic
3485 5437 3703 5484 sanctus
3753 5422 4032 5476 Maximus

2457 5523 2874 5579 htcotcntcap.

827 5776 900 5844 (τι)
933 5773 1194 5829 υξιὶιιῑιπε
1218 5785 1299 5829 ςδι
1327 5783 1445 5826 esse
1477 5765 1716 5823 omnium
1743 5771 1796 5819 ct
1819 5756 2121 5815 substantia
2156 5751 2500 5816 αἰτητικῶς,
2537 5750 2568 5802 i~.

1293 5783 1445 5829 LCSSC
1477 5765 1716 5823 omnium
1743 5771 1796 5819 ct
1819 5756 2121 5815 substantia
2156 5751 2500 5816 ainanadig,
2537 5750 2586 5802 ιιι
2619 5757 2697 5800 cst
2726 5739 3037 5799 causaliter.
