4416 6448
787 396 900 461 899

1946 388 2273 448 JOANNIS
2314 390 2910 456 ΕΥΡΛΙΗΞΒΙΟΤᾸΞ,

782 514 1011 557 stratum
1045 470 1283 564 namque
1305 504 1406 560 est,
1442 497 1691 550 omnibus
1728 505 1932 557 notum,
1960 511 2102 559 esse,
2137 500 2226 564 qui
2257 513 2364 551 me-
2395 502 2438 556 Α
2471 508 2576 552 tam
2624 499 2737 562 Dei,
2779 500 2868 566 qui
2899 499 3048 550 solus
3081 507 3130 549 et
3172 498 3388 566 proprie
3424 497 3530 546 vita
3569 494 3791 554 dicitur.
3820 506 3872 546 et
3906 504 4024 557 est;

787 596 1041 646 dior-riter
1069 607 1128 643 ea
1190 606 1309 656 quae
1346 599 1490 650 sunt,
1537 587 2016 646 consideraverint,
2088 591 2227 656 quod
2269 593 2357 657 qtti

785 685 1006 745 smeula,
1043 692 1093 734 et
1132 683 1307 733 locum
1347 681 1396 732 in
1451 683 1529 732 his
1564 682 1708 732 velut
1742 679 2136 745 receptaCqum
2173 697 2357 733 eorum

781 791 903 843 qua:
950 776 1103 831 ιὶιιιιι,
1154 772 1406 838 produxit
1447 770 1682 822 universi
1745 783 1957 832 auctor,
2000 771 2051 821 iu
2091 771 2173 822 bis
2215 780 2361 822 creat

782 866 998 926 omnia;
1036 878 1130 913 nec
1158 863 1297 912 enim
1336 862 1446 911 licri
1483 870 1675 924 potest,
1708 869 1758 911 ut
1797 860 1994 926 aliquid
2025 875 2214 913 corum
2242 876 2360 925 quin

786 972 878 1021 per
917 954 1244 1005 creationem
1303 950 1437 1000 lacti
1470 959 1612 1007 sunt,
1670 959 1759 999 aut
1797 964 1889 1014 per
1925 950 2352 1016 generationem,

783 1060 888 1096 non
925 1046 1143 1093 oumino
1173 1052 1261 1092 aut
1297 1042 1344 1089 iu
1373 1039 1592 1098 sacculo,
1621 1049 1709 1087 aut
1745 1037 1796 1087 in
1829 1049 2065 1104 tempore
2095 1039 2182 1090 sit.
2209 1038 2358 1100 Quod

782 1135 827 1187 si
862 1136 962 1185 hoc
992 1146 1175 1183 verum
1206 1141 1306 1190 est,
1339 1142 1497 1179 onme
1527 1126 1667 1192 quod
1703 1136 1805 1185 est,
1831 1127 1970 1192 quod
2004 1128 2214 1193 quidem
2255 1141 2358 1178 uou

785 1241 812 1275 a
855 1233 1095 1290 tempore
1132 1222 1314 1286 Nl‘pii,
1375 1221 1547 1283 liquet
1581 1234 1605 1268 a
1646 1219 1840 1300 smcnlp
1879 1218 2194 1285 principium
2269 1219 2361 1267 ha-

784 1317 1000 1376 buisse;
1040 1312 1279 1378 nihilque
1306 1325 1486 1360 rerum
1521 1324 1548 1360 a
1580 1313 1856 1360 creatione
1897 1307 1987 1360 Dei
2033 1309 2241 1360 abesse.

1387 1417 1618 1472 CAPUT
1674 1417 1764 1469 IV.

788 1533 941 1596 Quod
985 1532 1113 1581 nihil
1171 1545 1349 1579 eorum
1377 1544 1494 1589 qum
1544 1536 1682 1588 sunt,
1727 1536 1868 1576 mret
1922 1527 2202 1591 pi'inripio,
2236 1528 2360 1592 quin

815 1609 822 1621 '
856 1603 1027 1666 potius
1060 1602 1136 1649 ecl
1166 1608 1242 1647 est
1273 1614 1337 1649 ιτ
1368 1597 1625 1666 principio
1660 1603 1927 1652 temporis,
1963 1596 2038 1646 vel
2070 1611 2132 1666 ea:
2166 1597 2361 1666 princi-

854 1663 939 1736 pio
979 1671 1096 1728 (rei,
1136 1669 1238 1718 sive
1277 1666 1494 1724 .m'ruii;
1551 1663 1684 1714 Deus
1722 1678 1897 1714 autem
1938 1664 2254 1736 simpliciter
2310 1674 2358 1716 et

856 1739 1057 1801 inﬁnite
1100 1747 1173 1786 est
1206 1738 1316 1785 sine
1353 1745 1598 1798 tempore.
1901 1741 1914 1751 ‘

858 1852 1084 1902 Sanctus-
1117 1847 1380 1897 Maximus
1415 1846 1463 1896 in
1499 1842 1840 1910 Thcologicis
1864 1843 2142 1902 ecntttriis,
2172 1851 2359 1894 centu-

788 1942 867 1994 ria
894 1957 931 2003 t,
966 1956 1013 1990 c.
1043 1938 1111 1990 55
1140 1955 1151 1987 :
1185 1937 1531 2000 Qttzt‘cunqtte
1564 1934 1614 1984 in
1644 1945 1882 1999 tempore
1905 1934 2198 1994 secundum
2228 1944 2361 1985 tem-

787 2048 884 2096 pus
917 2043 1099 2081 creata
1139 2039 1277 2088 sunt,
1313 2036 1596 2092 postquam
1632 2033 1754 2077 sunt
1788 2022 2052 2088 perfecta,
2085 2024 2241 2076 ﬁnem
2276 2024 2364 2076 fa-

787 2124 936 2173 ciunt
969 2118 1230 2171 naturails
1265 2116 1587 2167 τιιτοιιιιὶηιιὶς
1618 2134 1628 2167 :
1663 2130 1996 2185 quacunque
2020 2129 2146 2168 vero
2171 2130 2366 2168 secun-

787 2214 913 2262 dum
950 2213 1205 2260 virtutem
1245 2206 1472 2260 scicntia
1504 2205 1595 2256 Ι).ιί
1631 2205 1870 2263 coniicit.
1905 2216 2190 2274 postquam
2227 2220 2357 2257 con-

788 2311 1053 2354 summata
1098 2309 1250 2362 sunt,
1287 2313 1480 2350 rursus
1515 2307 1801 2348 titoventttr
1842 2299 1906 2347 ad
1951 2297 2364 2360 inrretticntum,

791 2407 976 2442 eorum
1012 2391 1151 2440 enim
1193 2388 1692 2438 consntumationes
1729 2386 1956 2437 aliorum
1996 2396 2116 2437 sunt
2157 2386 2362 2453 princi-

792 2485 898 2550 pia.
936 2480 1034 2545 Qui
1073 2479 1212 2531 cnim
1249 2479 1441 2530 dcsinil
1482 2480 1531 2528 iu
1584 2480 1784 2544 seipse,
1836 2475 2014 2529 facere
2043 2491 2160 2542 quze
2192 2487 2365 2528 ortum

791 2585 846 2627 et
881 2575 1154 2624 interitum
1206 2569 1448 2636 capiunt,
1501 2569 1636 2619 alias
1682 2568 1979 2621 diviniores
2013 2566 2366 2618 formationes

791 2663 1014 2728 incepit,
1051 2660 1173 2727 quia
1218 2673 1489 2725 nunquam
1531 2655 1670 2707 Dens
1716 2655 1914 2707 desinit
1945 2670 2105 2720 agere
2145 2655 2366 2721 pulchra

791 2750 907 2810 illa,
943 2765 1168 2815 quorum
1198 2763 1369 2814 neque
1399 2746 1720 2811 principium
1756 2744 1943 2796 habuit
1973 2746 2071 2810 (l).
2104 2745 2367 2810 siquidem

791 2840 934 2893 sicut
969 2839 1244 2906 proprium
1281 2836 1501 2888 luminis
1525 2845 1607 2887 est
1635 2835 1962 2894 illuminare,
1986 2833 2064 2885 sic
2095 2834 2367 2899 proprium

790 2939 876 2984 est
915 2931 1003 2982 Dei
1042 2928 1382 2980 benefacere.
1415 2925 1778 2990 Quamobrem
1808 2923 1859 2974 in
1889 2924 2025 2989 lege,
2059 2937 2176 2990 quae
2206 2938 2373 2988 expo-

793 3021 872 3073 nit
912 3020 1359 3072 constitutionem
1408 3033 1594 3069 eorum
1648 3031 1766 3082 qute
1807 3018 2107 3068 secundum
2159 3025 2368 3081 tempus

2466 601 2519 642 ιιι
2549 591 2637 655 qui
2672 590 2784 655 ipse
2815 590 2977 640 etiam
3025 587 3094 639 sit
3134 587 3476 639 deificzitioue
3514 584 3673 637 Deus.
3706 583 3852 634 Idem
3901 598 4025 634 rur-

2465 694 2580 738 siis,
2612 696 2733 740 νειμ.
2765 678 2833 730 58
2860 695 2872 728 :
2902 677 3099 729 Sextus
3127 677 3245 728 dies
3280 677 3544 728 rationem
3578 674 3908 728 exsistentizc
3938 687 4026 726 re-

2465 765 2851 835 rtt-iiﬁdesiguat
2883 784 2895 828 ;
2920 767 3178 840 septimth
3211 765 3426 817 modum
3452 767 3576 816 boni
3609 775 3778 817 status
3803 777 3979 815 rerum
4009 778 4025 824 ;

2463 867 2689 906 octavus
2720 872 2844 906 vero
2880 857 3196 924 mysterium
3236 856 3356 904 boui
3401 869 3615 918 semper
3647 861 3842 906 status.
3882 852 4027 903 Idem

2461 960 2582 1008 Cap.
2643 945 2745 996 (5οε
2800 945 2901 1009 Qui
2946 956 3163 1011 pmpter
3204 959 3301 996 nos
3355 944 3589 1008 quietem
3650 942 3741 994 Dei
3791 942 4027 1007 septimo

2465 1035 2568 1093 die,
2613 1046 2663 1082 et
2721 1045 2938 1100 propter
2986 1049 3082 1086 nos
3128 1033 3499 1099 operationem
3537 1034 3778 1098 ejusdem
3834 1040 4028 1082 octavo

2465 1125 2569 1176 die.
2605 1125 2650 1172 id
2683 1131 2786 1183 est,
2817 1141 2844 1172 ιι
2869 1125 3096 1192 ysticam
3127 1125 3577 1172 resurrectionem
3614 1121 4030 1187 participatione

2464 1213 2818 1264 deiﬁt-ationis
2859 1216 3220 1279 participant.
3267 1213 3330 1264 Et
3371 1231 3557 1265 rursus
3591 1215 3733 1265 idem
3783 1228 3906 1278 cap.
3938 1212 4029 1275 48.

2474 1313 2524 1352 et
2563 1302 2627 1352 Mi
2661 1311 2711 1353 et
2753 1303 2820 1353 50
2851 1303 3087 1367 ejusdem
3121 1306 3377 1353 centuriae
3407 1319 3420 1353 :
3457 1302 3818 1366 Qnterentlum
3855 1312 3936 1354 est
3966 1303 4033 1353 ab

2464 1391 2740 1449 studiosis,
2784 1407 2903 1457 quae
2930 1406 3093 1458 opera
3146 1393 3493 1457 intelligenda
3537 1376 3668 1447 sint.
3702 1407 3821 1460 qua:
3867 1392 4032 1458 cuipit

2465 1479 2606 1531 Deus
2659 1497 2887 1542 creare;
2940 1491 2992 1530 ct
3024 1496 3141 1545 qua:
3184 1497 3394 1542 rursus,
3442 1497 3560 1547 qua
3593 1498 3709 1542 non,
3747 1482 3930 1546 C(Bpil.
3973 1482 4028 1534 Si

2462 1575 2607 1626 enim
2640 1574 2706 1624 ab
2741 1574 2990 1624 omnibus
3030 1573 3301 1638 operibus,
3340 1589 3457 1637 qum
3497 1573 3660 1637 cmpit
3690 1572 3886 1632 facere,
3916 1588 4034 1624 ces-

2463 1665 2619 1718 savit.
2658 1663 2999 1715 manili-stum
3025 1665 3097 1724 iit,
3127 1678 3227 1715 non
3263 1678 3506 1715 cessasse
3537 1664 3604 1715 ab
3639 1664 3742 1713 illis
3775 1677 3891 1727 qua!
3926 1663 4029 1713 non

2464 1753 2620 1817 cmpit
2645 1751 2841 1804 facere.
2864 1754 3087 1825 Dubium
3113 1755 3341 1815 vitietur,
3366 1771 3488 1805 nttm
3512 1769 3673 1819 opera
3706 1747 3795 1806 Dei
3817 1769 3932 1820 qua:
3951 1769 4036 1808 se-

2465 1858 2564 1896 Cun
2591 1844 2696 1893 hnn
2734 1853 2944 1908 tempus
2974 1858 3093 1896 esse
3129 1855 3430 1911 cmperuut,
3463 1847 3568 1896 sint
3596 1846 3776 1896 omnia
3811 1859 3928 1909 qua!
3953 1859 4039 1896 es-

2463 1935 2688 1984 Sentiam
2712 1934 3054 2000 participant,
3075 1937 3379 1999 cuiusmodi
3398 1946 3524 1988 sunt
3543 1937 3702 1988 vatim
3720 1935 4037 1988 sul-stantia

2462 2041 2646 2093 eorum
2675 2041 2793 2092 quae
2841 2028 3126 2089 exsistunt,
3162 2027 3360 2079 habent
3407 2027 3551 2079 enim
3587 2045 3687 2078 non
3722 2042 3841 2080 esse
3891 2027 4036 2078 anti-

2469 2118 2632 2183 quius
2667 2132 2824 2184 quam
2856 2135 3015 2181 esse;
3050 2118 3172 2184 quia
3205 2129 3322 2172 erat
3355 2122 3576 2185 quando
3604 2135 3707 2170 non
3740 2117 4032 2184 participa-

2467 2205 2598 2258 baut
2647 2208 2964 2260 essentiam.
3022 2207 3291 2262 Fortassis
3343 2220 3520 2261 autem
3568 2224 3728 2275 opera
3781 2208 3871 2259 Dei
3919 2221 4038 2273 qua

2467 2312 2569 2348 non
2602 2308 2880 2364 rceperuut
2913 2313 3033 2350 esse
3067 2301 3117 2350 in
3149 2309 3413 2364 tempore,
3447 2299 3534 2350 illa
3565 2310 3686 2351 sunt
3717 2314 3833 2365 qua:
3865 2299 4034 2364 parti-

2467 2389 2718 2456 cipantur
2755 2391 3051 2441 secundum
3085 2392 3314 2457 gratiam
3360 2391 3427 2441 ab
3471 2389 3542 2443 iis
3579 2393 3666 2455 qui
3715 2405 3776 2442 ea
3812 2391 4037 2456 partici-

2469 2493 2615 2547 pant,
2652 2491 2706 2532 nt
2732 2482 2968 2541 bonitas,
3004 2492 3055 2534 el
3091 2496 3252 2556 omne
3290 2482 3339 2533 id
3369 2483 3509 2548 quod
3557 2481 3607 2532 iu
3639 2468 3850 2532 ratione
3877 2481 4036 2533 boni-

2472 2572 2596 2624 tatis
2627 2574 2982 2626 continetur:
3013 2582 3065 2624 ct
3092 2574 3321 2636 denique
3351 2571 3528 2625 omnis
3560 2573 3694 2635 vita,
3732 2584 3778 2624 et
3814 2572 4038 2624 immor-

2470 2664 2671 2721 talitas.
2706 2675 2757 2715 et
2791 2663 3132 2730 simplicitas.
3159 2674 3214 2716 et
3239 2662 3674 2725 immutabilitas,
3700 2673 3752 2715 et
3777 2661 4038 2726 inﬁnitas.

2477 2764 2531 2806 et
2559 2769 2917 2820 quaecumque
2959 2754 3102 2806 circa
3141 2753 3317 2820 ipsum
3353 2753 3652 2806 secundum
3683 2755 4040 2807 substantiam

2471 2844 2904 2910 contemplamur
2953 2842 3054 2910 (2),
3111 2858 3230 2911 qua:
3280 2857 3446 2909 Opera
3504 2844 3594 2896 Dei
3643 2854 3793 2906 sunt,
3833 2853 3888 2898 et
3935 2859 4038 2897 non

2470 2948 2646 3003 empta
2671 2936 2970 2990 secundum
3018 2930 3232 3002 tempus
3263 2952 3276 2996 ;
3309 2949 3415 2987 non
3457 2936 3598 2986 enim
3627 2936 3902 3001 antiquius
3937 2937 4044 2987 vir-

2471 3037 2587 3081 tutc
2620 3019 2760 3091 erat,
2794 3042 2897 3080 non
2932 3041 3051 3080 esse
3097 3027 3372 3090 virtutem,
3416 3036 3470 3080 et
3499 3025 3753 3079 similiter
3796 3026 3849 3078 in
3893 3025 4039 3087 aliis.

800 3112 1033 3173 minatur
1065 3122 1111 3160 et
1147 3111 1422 3165 occidunt,
1449 3107 1747 3158 honoratur
1772 3105 2072 3158 Sabbatum
2101 3120 2194 3171 per
2221 3107 2370 3172 quie-
2397 3143 2439 3200 C
2472 3134 2592 3186 qua;
2623 3118 2781 3171 modo
2811 3119 2948 3178 dixi,
2981 3117 3228 3185 quamvis
3257 3132 3376 3184 quia
3415 3117 3528 3183 ipsa
3558 3115 3905 3181 participant,
3929 3095 4041 3183 ipsa

793 3213 923 3263 tem,
963 3202 1013 3252 in
1051 3201 1340 3267 Evaugo-Iio
1369 3209 1567 3254 autem,
1602 3198 1742 3263 quod
1780 3204 1979 3249 statum
2024 3211 2202 3248 rerum
2252 3197 2365 3261 spi-

793 3294 1068 3346 ritualium
1132 3290 1450 3348 introducit,
1504 3287 1895 3341 exercitatione
1940 3287 2203 3339 bonorum
2237 3302 2365 3352 ope-

795 3400 912 3435 rum
942 3385 1040 3435 hoc
1070 3383 1363 3434 Sabbatnm
1394 3379 1747 3446 splendescit.
1777 3377 1975 3430 lterum
2011 3377 2171 3437 idem,
2203 3392 2248 3428 ο.
2278 3377 2365 3439 51,

793 3475 1038 3537 ejusdem
1076 3471 1369 3523 centuriae:
1420 3470 1638 3530 Sextus,
1684 3467 1878 3534 inquit,
1915 3467 2030 3519 dies
2069 3465 2365 3518 secundum

792 3562 1372 3627 Scripturamenarrat
1403 3560 2070 3625 complementum-eorum
2098 3571 2214 3624 qua:
2247 3565 2371 3609 sunt

791 3655 890 3706 Sub
933 3663 1164 3710 natura;
1213 3650 1472 3716 septimus
1522 3664 1647 3698 vero
1695 3647 2106 3700 circumscribit
2162 3658 2366 3698 motum

793 3743 1069 3810 proiirium
1104 3739 1362 3803 temporis
1393 3759 1403 3800 ;
1439 3750 1665 3790 octavus
1701 3746 1845 3788 notat
1881 3745 1936 3789 et
1964 3737 2207 3802 designat
2260 3751 2372 3787 tuo-

791 3835 915 3885 tlum
949 3841 1123 3885 status
1153 3846 1314 3891 supra
1348 3841 1619 3887 naturam.
1647 3837 1699 3878 et
1727 3838 1957 3891 tempus.
1987 3826 2153 3887 Idem,
2181 3841 2232 3879 c.
2259 3827 2364 3878 54:

789 3925 888 3991 Qui
927 3931 1136 3976 sextum
1179 3923 1320 3974 diem
1369 3919 1667 3987 complevit
1712 3919 1897 3968 divine
1928 3932 2046 3967 cum
2093 3918 2369 3983 operibus.

795 4030 850 4071 et
915 4016 1227 4067 potionibus
1296 4013 1398 4066 sibi
1456 4011 1905 4064 ronvcnientilms
1945 4050 1957 4070 ,
2025 4010 2136 4073 ipse
2208 4008 2370 4060 etiam

788 4109 1044 4176 operibus
1082 4106 1194 4157 suis
1231 4119 1352 4156 cum
1401 4102 1526 4162 Deo,
1586 4102 1806 4152 honeste
1849 4100 2150 4168 perspectis
2178 4141 2190 4162 ,
2251 4114 2373 4164 per-

792 4194 1465 4263 transivitperspicientia
1520 4192 1712 4243 mentis
1774 4206 1961 4241 omnes
2022 4204 2106 4240 res
2168 4199 2373 4241 natura!

792 4302 845 4342 et
907 4289 1136 4355 tempori
1203 4284 1520 4349 subiectas.
1585 4293 1637 4333 et
1702 4283 1768 4332 ad
1838 4280 2370 4345 remtcmplationetn

791 4381 1072 4437 tnv5tieam
1144 4378 1239 4428 πεινί
1299 4385 1350 4427 et
1418 4385 1742 4425 mtcrnorum
1791 4386 1846 4422 se
1903 4372 2197 4430 transtulit,
2242 4371 2376 4422 Sab-

2469 3225 2591 3263 i-sse
2641 3210 2909 3276 cmpcriut
2963 3209 3260 3261 secundum
3313 3218 3540 3274 tempus.
3580 3206 3771 3261 Omnis
3807 3220 4045 3274 namque

2472 3303 2648 3355 virtus
2678 3301 2947 3370 principio
2978 3311 3128 3356 caret
3154 3316 3258 3353 non
3293 3301 3502 3354 habens
3534 3313 3744 3368 tempus
3769 3299 4046 3364 antiquius

2470 3407 2550 3455 se,
2596 3402 2779 3460 utpote
2805 3408 2924 3459 qua:
2957 3390 3123 3447 Deum
3161 3392 3333 3445 solum
3368 3392 3526 3443 habet
3568 3392 3656 3457 qui
3695 3406 3812 3444 eam
3841 3402 4047 3443 aeterne

2471 3491 2716 3551 generat.
2753 3482 2896 3534 Idem
2929 3483 3105 3534 adhuc
3133 3499 3145 3534 :
3181 3479 3451 3533 lmmenae
3475 3489 3528 3532 et
3562 3480 3612 3531 in
3650 3478 3913 3532 inﬁnitum
3947 3494 4044 3532 ex-

2471 3587 2682 3641 emptus
2705 3584 2786 3626 est
2809 3573 2944 3626 Deus
2970 3589 3030 3627 ex
3051 3576 3304 3627 omnibus
3327 3574 3791 3640 participantibus.
3807 3584 3860 3626 et
3877 3576 4045 3638 parti-

2471 3662 2883 3730 cipatisJOn'ue
2901 3664 3042 3714 enim
3067 3665 3210 3730 quod
3237 3664 3397 3714 habet
3425 3663 3684 3714 rationem
3704 3677 3800 3716 cur
3842 3664 3908 3715 sit
3945 3663 4042 3730 (5),

2471 3768 2606 3820 opus
2643 3751 2734 3804 Dei
2789 3753 2944 3820 plane
2977 3765 3095 3814 est;
3150 3763 3203 3805 et
3248 3756 3445 3820 partim
3495 3754 3710 3820 quidem
3746 3755 4042 3807 set-nudum

2473 3855 2649 3895 ortum
2683 3844 2848 3908 cmpit
2895 3858 3014 3896 esse
3050 3844 3100 3894 in
3148 3852 3428 3908 tempore;
3459 3845 3655 3908 partim
3697 3860 3823 3896 vero
3851 3861 4046 3897 secun-

2475 3934 2598 3985 dum
2629 3935 2862 4002 gratiam
2896 3935 3111 3986 insitum
3133 3945 3214 3987 est
3239 3938 3504 3989 creaturis
3529 3947 3782 4004 tanquam
3803 3941 4046 4004 quedam

2476 4024 2577 4086 vis,
2623 4025 2738 4077 sive
2771 4025 3000 4078 facultas
3044 4027 3248 4089 innata,
3299 4043 3417 4090 qua
3464 4028 3633 4081 Deum
3693 4029 4048 4084 in'omnibus

2478 4125 2660 4184 aperte
2689 4125 2741 4169 et
2771 4117 2914 4169 clare
2960 4118 3237 4184 praedicat.
3282 4119 3347 4173 Et
3385 4135 3610 4174 rursus:
3649 4119 3910 4173 Universa
3949 4125 4049 4173 im-

2478 4206 2747 4268 mortalia,
2781 4218 2832 4258 et
2866 4207 2977 4273 ipsa
3019 4209 3400 4263 immortalitas
3423 4249 3437 4273 ,
3476 4220 3529 4264 et
3560 4223 3754 4264 cuncta
3786 4215 4046 4278 viventia,

2476 4306 2530 4350 et
2561 4298 2674 4365 ipsa
2709 4299 2840 4361 vita,
2877 4309 2930 4351 et
2962 4278 3146 4351 sancta
3193 4302 3395 4364 omnia,
3442 4311 3493 4354 ct
3531 4303 3638 4366 ipSa
3678 4304 3959 4358 sanctitas.
3995 4316 4048 4357 et

2479 4389 2659 4439 omnia
2693 4386 2892 4440 virtute
2936 4389 3180 4454 pratdita,
3224 4401 3277 4442 et
3324 4393 3436 4458 ipsa
3493 4392 3706 4454 virtus,
3764 4405 3816 4446 et
3866 4399 4048 4448 omnia

793 4472 974 4525 batum
1047 4478 1224 4519 metite
1311 4466 1521 4531 agitans
1587 4463 1765 4530 ignOte
1793 4502 1805 4521 ,
1877 4461 2037 4512 rebus
2116 4462 2244 4528 ipsis
2306 4477 2370 4514 ex
2399 4479 2451 4537 ι)
2484 4477 2643 4535 bona.
2679 4487 2841 4543 atque
2872 4478 2982 4542 ipsa
3021 4480 3270 4541 bonitas;
3304 4492 3354 4531 et
3386 4491 3574 4532 cuncta
3611 4498 3729 4549 quae
3751 4483 4044 4547 exsistunt,

796 4575 908 4614 teto
941 4559 1168 4619 relictis,
1197 4569 1248 4609 et
1285 4554 1577 4622 superatis.
1609 4553 1708 4617 Qui
1743 4562 1922 4604 autem
1951 4561 2143 4605 octavo
2172 4555 2256 4606 die
2289 4556 2365 4606 di-

794 4667 934 4721 gnus
963 4661 1042 4702 est
1078 4649 1317 4706 habitus,
1348 4648 1392 4698 is
1425 4662 1448 4694 τι
1477 4647 1704 4695 mortuis
1727 4644 2000 4694 excitatus
2025 4654 2145 4706 est;
2181 4645 2364 4709 idest,

796 4744 864 4793 ab
895 4741 1152 4793 omnibus
1188 4754 1308 4805 qua:
1340 4738 1438 4788 sub
1471 4749 1690 4786 sensum
1733 4742 1786 4784 et
1824 4732 2236 4800 intelligentiam
2271 4753 2364 4789 ca-

794 4834 948 4897 dant,
986 4843 1034 4884 et
1063 4847 1089 4882 a
1113 4828 1304 4881 'verbis
1341 4837 1394 4879 et
1425 4826 1760 4886 nationibus,
1795 4832 1848 4875 et
1873 4825 2012 4876 vixit
2046 4825 2254 4876 beatam
2292 4829 2368 4876 vi-

2478 4574 2533 4617 et
2566 4565 2679 4630 ipsa
2709 4566 3050 4643 exsistcntia,
3087 4583 3248 4634 opera
3287 4571 3374 4622 Dei
3411 4571 3566 4637 plane
3598 4583 3719 4623 sunt
3753 4591 3764 4634 ;
3797 4577 3887 4625 sed
3915 4591 4045 4643 ope-

2475 4671 2534 4708 ra
2566 4655 2660 4709 Dei
2695 4642 2890 4724 partiin
2929 4668 3055 4710 sunt
3090 4674 3195 4711 non
3231 4669 3405 4727 empta
3451 4669 3693 4728 tempore
3718 4664 3735 4728 (
3760 4680 3866 4716 non
3901 4642 4044 4719 enim

2479 4755 2617 4807 etat,
2663 4748 2882 4812 quando
2919 4763 3022 4798 non
3066 4759 3182 4799 erat
3216 4751 3404 4812 virtus,
3443 4765 3495 4804 ct
3549 4753 3783 4817 bonitas,
3822 4765 3872 4808 et
3919 4772 4047 4810 δίης

2481 4837 2665 4897 ctitas,
2710 4848 2761 4888 et
2799 4829 3246 4903 immortalitas),
3295 4842 3486 4908 partim
3523 4853 3696 4911 coepta
3744 4848 3942 4917 alioqui
3993 4852 4045 4904 in

2270 4993 2545 5054 Scholia.

864 5117 939 5180 (li
979 5116 1215 5179 Quorum
1243 5129 1404 5180 neque
1435 5113 1748 5180 principium
1782 5113 1982 5166 habuit.
2027 5112 2356 5181 Principium

796 5189 1050 5250 temporis
1077 5187 1237 5242 dicit;
1265 5194 1387 5235 ante
1416 5194 1626 5248 tempus
1652 5242 1665 5247 _
1693 5183 1834 5233 enim
1867 5185 1917 5233 in
1972 5185 2100 5249 ipsis
2156 5188 2363 5251 angelis

794 5264 1023 5323 gratiam
1056 5265 1108 5307 et
1139 5255 1367 5306 virtutes
1424 5267 1614 5305 creare
1663 5254 1844 5318 cmpit,
1885 5269 1911 5302 a
1957 5254 2155 5319 quilms
2227 5271 2363 5306 nuri-

792 5342 949 5391 qnam
975 5326 1178 5377 desistit
1219 5326 1270 5376 iti
1295 5324 1615 5375 'liominibus
1648 5323 1960 5389 angelorum
1994 5324 2152 5373 vitam
2176 5334 2230 5375 et
2257 5327 2365 5375 vir-

793 5409 961 5447 tutem
1001 5395 1348 5445 iiiiitatitilms.
2015 5449 2029 5457 _

844 5466 937 5530 '(2)
971 5465 1302 5531 Qurrrunqur
1322 5465 1461 5514 circa
1493 5464 1658 5524 ipsum
1679 5462 1957 5512 secundum
1983 5463 2358 5516 substantiam.

790 5538 881 5588 Illi
909 5538 1110 5586 sriliCi-t
1137 5535 1370 5585 dicimur
1416 5532 1768 5598 contemplari
1818 5533 1958 5583 t-irra
2014 5537 2184 5598 ipsitm
2234 5537 2359 5586 sub-

789 5607 1135 5664 t~"a::tial:tcr,
1162 5619 1280 5670 qua:
1301 5608 1350 5651 in
1382 5605 1647 5654 creaturis
1674 5620 1697 5651 ιι
1729 5603 2035 5654 substantia
2066 5606 2154 5654 Dei
2178 5605 2347 5654 aitu-

786 5692 974 5733 τικωε.
1008 5675 1187 5733 idest,
1249 5675 1456 5723 ratione
1499 5687 1675 5721 causa!
1739 5673 2055 5738 participata
2110 5686 2354 5724 cautem-

785 5749 836 5816 pl
859 5760 1015 5806 mmr,
1048 5752 1103 5796 ut
1130 5743 1447 5797 inliuitatem
1476 5743 1526 5795 iu
1557 5744 1817 5810 potetttia,
1843 5743 2353 5804 immtttabilitatem,

2464 5121 2900 5196 simplicitatem,
2930 5136 2982 5177 et
3021 5128 3488 5180 immortalitatem
3525 5133 3573 5182 in
3609 5133 3838 5196 angelis.

2536 5192 2612 5258 (5)
2646 5191 2808 5245 Omne
2841 5199 2978 5260 quod
3012 5198 3158 5248 liabet
3194 5200 3455 5251 rationem
3509 5217 3602 5251 cur
3664 5191 3755 5262 sit,
3802 5215 4047 5258 creatura

2463 5271 2631 5334 estad
2668 5279 2795 5328 opus
2836 5265 2948 5317 hri.
2974 5265 3124 5317 ‘Deus
3155 5268 3297 5319 enim
3331 5285 3433 5321 non
3458 5281 3536 5321 est
3566 5282 3786 5330 propter
3817 5287 3900 5334 se.
3933 5283 3989 5326 ut
4016 5290 4044 5327 a

2465 5331 2619 5383 nobis
2645 5336 3089 5409 cogitaripoteSt,
3129 5338 3204 5388 ait
3259 5349 3482 5409 sanctus
3529 5338 3792 5393 Maximus
3823 5331 3896 5392 inv
3929 5346 4044 5409 pri-

2471 5416 2552 5451 ma
2581 5406 2825 5457 centuria
2857 5407 3151 5472 theologi-"tt
3176 5424 3188 5465 ;
3215 5408 3335 5472 quia
3371 5424 3594 5462 necesse
3627 5421 3704 5462 eet
3738 5421 3794 5463 ut
3825 5406 4043 5464 illa'ra-

2467 5472 2544 5548 tio
2563 5482 2622 5548 _et
2655 5488 2816 5526 Causa
2838 5475 2987 5548 sit‘pi
3006 5477 3121 5538 ius;
3159 5478 3297 5529 Deus
3320 5487 3497 5530 autem
3524 5481 3653 5532 nihil
3686 5480 3843 5532 habet
3871 5483 4043 5548 prius,

2469 5542 2674 5620 ideirco
2709 5559 2880 5611 neque
2913 5545 3050 5620 lit-ns
3091 5560 3420 5620 estpi-opter
3449 5559 3604 5603 se.ut
3638 5566 3665 5602 a
3703 5542 4045 5604 nobisintel;

2468 5613 2556 5679 ligi
2594 5623 2767 5680 potest
2799 5631 2842 5694 ε,
2875 5615 2999 5694 quia
3048 5633 3154 5684 quo
3178 5613 3210 5667 l'
3244 5613 3312 5668 iu'
3347 5621 3613 5694 creaturis
3663 5620 4040 5692 intelligimus.

2467 5697 2633 5737 causa
2663 5686 2880 5754 proiirie
2911 5687 3057 5754 prior
3083 5697 3164 5741 est
3190 5702 3278 5752 eo,
3316 5686 3471 5757 cujus
3501 5704 3664 5742 causa
3699 5703 3804 5744 est.
