4416 6448
373 416 478 492 909

1033 399 1269 482 DECAS
1307 420 1469 482 vm.
1498 443 1568 458 —-
1603 418 1702 480 DE
1742 416 2184 478 INFINITATE
2219 415 2348 476 om
2388 415 2469 474 IN
2510 393 2968 474 CREATURiS.

3495 402 3601 467 910

373 520 491 588 erat
523 543 789 598 nusquam
818 535 898 582 est
925 547 937 592 ;
975 527 1122 586 ierit.
1149 530 1240 581 sed
1264 529 1460 596 ultique
1485 529 1613 595 quid
1641 536 1778 587 erat,
1803 533 1923 594 post
1951 530 1995 582 Α
2024 522 2239 590 quidem
2277 513 2473 588 agitur,
2510 521 2633 587 quia
2665 519 2862 585 przehet
2908 518 2955 567 ei
3017 513 3263 566 ﬁduciam
3313 525 3437 580 erga
3481 528 3604 565 eum

374 628 512 682 erat,
551 617 697 679 fecit,
730 617 835 668 non
871 617 935 667 de
966 621 1210 672 auctore.
1247 616 1338 666 sed
1370 615 1435 665 de
1470 611 1757 670 creaturis,
1793 618 1846 660 et
1875 616 1933 659 ut

377 710 513 763 sciat
535 707 806 774 quomodo
833 716 985 766 erat;
1013 714 1069 758 et
1094 703 1365 775 quomodo
1389 702 1515 755 iecit
1544 715 1645 770 ego
1673 701 1814 760 dico,
1839 711 1935 750 vos

378 804 702 847 numerate:
745 791 812 843 In
859 791 1115 856 principio
1157 798 1274 843 erat
1315 789 1566 850 Verbum,
1607 796 1655 838 et
1717 783 1935 836 Verbum

376 893 488 939 erat
523 885 663 952 apud
695 884 879 946 Deum,
909 892 958 936 et
987 882 1125 934 Deus
1150 889 1262 933 erat
1295 879 1560 941 Verbum;
1593 880 1688 929 hoc
1731 882 1842 928 erat
1883 876 1938 927 in

377 977 634 1042 principio
665 975 804 1039 apud
847 973 1033 1026 Deum.
1060 972 1197 1025 Ecce
1227 980 1420 1037 quarto
1452 967 1717 1027 meminit,
1750 977 1803 1019 et
1835 978 1940 1017 ne-

377 1080 483 1132 que
513 1065 678 1118 semel
709 1063 866 1126 dixit,
896 1060 1122 1113 Factum
1152 1069 1246 1112 est.
1277 1060 1413 1124 Quid
1447 1059 1612 1126 igitur
1644 1066 1764 1123 post
1791 1054 1941 1107 haec?

379 1156 571 1208 Omnia
610 1169 703 1220 per
731 1155 897 1219 ipsum
939 1155 1083 1218 facta
1113 1162 1256 1214 sunt;
1298 1163 1402 1201 non
1436 1147 1570 1200 dixit
1619 1145 1728 1209 hic,
1786 1143 1941 1208 Erat,

379 1247 505 1314 quia
533 1245 600 1298 de
630 1244 898 1297 creaturis
922 1253 1042 1296 erat
1071 1256 1271 1294 sermo.
1317 1239 1504 1292 Omnia
1532 1254 1620 1305 per
1645 1237 1818 1300 ipsum
1855 1241 1938 1303 ja-

380 1344 465 1386 rta
487 1341 638 1396 sunt;
667 1347 769 1386 nou
801 1332 960 1395 dixit,
999 1330 1188 1394 Erant,
1237 1330 1331 1384 sed
1381 1328 1553 1380 Facta
1594 1336 1715 1378 sunt
1767 1326 1943 1390 omnia

379 1440 473 1489 per
507 1425 677 1490 ipsum
709 1437 727 1474 :
757 1433 804 1474 et
851 1422 962 1474 sine
1006 1422 1116 1486 ipso
1164 1420 1362 1485 factum
1406 1427 1482 1471 est
1516 1417 1646 1468 nihil
1677 1413 1818 1483 quod
1857 1397 1945 1481 Ῑί-
1995 1443 2001 1448 -

379 1523 522 1565 ctum
546 1521 658 1575 est;
695 1525 880 1564 rursus
902 1508 1126 1562 Factum
1150 1519 1266 1562 est:
1295 1509 1384 1562 ubi
1415 1508 1481 1562 de
1511 1507 1637 1568 Deo,
1672 1515 1818 1563 erat.
1855 1503 1943 1556 ulti

381 1607 447 1656 de
472 1603 738 1656 creaturis
771 1599 996 1653 Factum
1023 1610 1122 1652 est.
1155 1600 1213 1652 In
1243 1598 1505 1667 principio
1522 1596 1778 1649 Verbum.
1811 1593 1946 1646 Hinc

381 1695 543 1746 etiam
592 1693 730 1744 Deus
781 1690 938 1743 Pater
984 1689 1278 1744 secundum
1329 1688 1496 1741 Vetus
1540 1686 1944 1739 Testamentum

383 1782 671 1852 pateﬁebat
700 1797 715 1844 ;
749 1795 869 1833 cum
900 1781 1043 1833 enim
1089 1779 1226 1832 dixit
1255 1779 1304 1830 ei
1338 1776 1547 1845 Moyses
1581 1794 1593 1828 :
1626 1774 1684 1829 Si
1716 1775 1944 1826 dixerint

2043 611 2135 678 qui
2174 619 2347 677 potest
2393 609 2574 675 largiri
2613 615 2731 674 (pta:
2769 606 2893 669 justi
2931 611 3149 668 petunt;
3193 603 3261 654 ab
3306 616 3370 654 eo
3425 613 3606 653 autem

2045 703 2134 768 qui
2159 701 2455 754 orationem
2477 715 2506 752 a
2524 698 2670 764 justo
2701 699 2851 763 petit,
2874 696 3052 762 agitur
3074 710 3197 746 cum
3224 708 3348 745 eum
3374 708 3400 742 a
3428 693 3607 759 priore

2046 792 2283 858 nequitia
2315 788 2573 852 abducit,
2608 797 2661 840 et
2699 789 2767 839 ad
2800 788 3052 838 virtutem
3097 784 3439 838 affectionem
3491 783 3608 846 ejus

2049 879 2324 933 transfert.
2361 877 2584 945 Magnus
2637 875 2944 944 Dionysius,
2986 888 3105 940 cap.
3141 874 3174 926 6
3226 871 3612 925 Ecclesiastira:

2053 969 2377 1023 Hierarchiat
2423 985 2439 1020 :
2483 965 2831 1020 “enuntiatio
2865 980 2971 1018 non
3022 962 3194 1016 solum
3242 963 3361 1014 vitae
3399 962 3565 1013 divise
3597 997 3612 1020 ,

2049 1064 2141 1112 sed
2179 1060 2343 1112 etiam
2394 1056 2802 1122 cogitationum,
2839 1055 2891 1105 in
2924 1053 3189 1105 mandatis
3243 1049 3356 1113 Dei,
3410 1065 3530 1117 quze
3563 1051 3616 1101 in

2050 1163 2212 1202 unum
2269 1148 2598 1207 conciliant,
2661 1145 2895 1197 scienter
2955 1153 3108 1200 acta.
3158 1141 3612 1193 absolutissimum

2056 1241 2443 1293 monachorum
2483 1238 2735 1290 virtutem
2761 1246 2814 1289 et
2849 1233 3191 1299 disciplinain
3227 1233 3500 1290 tleclarat;
3536 1240 3620 1282 est

2055 1329 2222 1391 enim,
2257 1337 2315 1380 ut
2346 1328 2480 1388 dixi,
2507 1341 2612 1380 non
2647 1325 2805 1378 medii
2832 1325 3039 1377 ordinis
3077 1324 3152 1392 (i)
3181 1339 3364 1375 eorum
3399 1324 3487 1388 qui
3515 1321 3615 1373 itii-

2056 1419 2174 1472 tiati
2211 1430 2340 1473 sunt
2373 1419 2638 1486 baptismo
2667 1457 2682 1480 ,
2714 1419 2806 1472 sed
2839 1417 3085 1469 celsioris
3117 1415 3366 1468 ottmibus
3411 1415 3622 1469 ordini-

2056 1509 2194 1570 bus;
2223 1510 2574 1575 quamobrem
2607 1509 2774 1560 multa
2811 1524 2872 1561 ex
2906 1509 2971 1560 iis
3009 1520 3127 1574 qua:
3159 1523 3186 1558 a
3222 1507 3394 1558 ll.etli0
3436 1506 3625 1557 ordine

2055 1599 2176 1652 sine
2202 1597 2621 1663 reprehensione
2653 1599 2808 1660 ιιυιιι,
2841 1599 3119 1650 monachis
3155 1598 3296 1659 unis,
3324 1606 3378 1648 et
3421 1613 3448 1647 ο
3492 1598 3627 1648 divi-

2056 1687 2213 1740 sione
2246 1687 2438 1738 alienis
2474 1687 2698 1739 omnino
2727 1686 3016 1738 interdicta
3050 1696 3193 1737 sunt.
3227 1684 3290 1735 Et
3323 1687 3372 1736 in
3403 1686 3625 1752 epistol.

2054 1776 2122 1827 ad
2153 1774 2506 1829 Colossenses
2538 1774 2734 1829 Paulus
2769 1778 2840 1828 ait
2875 1793 2887 1827 :
2929 1776 3176 1827 Docentes
3229 1792 3433 1828 omnem
3464 1777 3632 1827 homi-

383 1873 511 1926 mihi
542 1872 641 1939 ﬁlii
670 1869 883 1924 Israel:
905 1869 1035 1934 Quis
1061 1880 1137 1922 est
1183 1869 1274 1936 qui
1320 1877 1370 1919 te
1411 1868 1555 1919 misit
1589 1868 1659 1918 ad
1685 1881 1799 1925 nos,
1830 1863 1955 1932 quid
1991 1863 2031 1918 Β
2061 1882 2172 1917 nem
2202 1867 2255 1917 in
2281 1867 2422 1917 omni
2455 1867 2736 1930 sapientia,
2770 1878 2822 1917 ut
2849 1868 3186 1919 exhibeamus
3232 1883 3432 1921 omnem
3461 1871 3631 1920 homi-

393 1963 711 2030 respondebo
737 1961 850 2014 eis?
892 1961 956 2014 Et
987 1960 1118 2013 dixit
1163 1960 1300 2012 Deus
1325 1974 1338 2009 :
1373 1956 1482 2026 Ego
1506 1972 1640 2018 sum,
1688 1957 1776 2022 qui
1801 1971 1912 2006 sum
1937 1971 1956 2017 ;
1983 2024 1986 2028 ί

383 2057 474 2123 qui
496 2064 575 2108 est
597 2054 737 2106 misit
764 2070 842 2106 me
871 2055 938 2104 ad
979 2067 1065 2105 vos
1095 2051 1180 2114 ";
1210 2050 1391 2105 Pater.
1419 2049 1509 2115 qui
1544 2059 1626 2102 est
1651 2065 1665 2111 ;
1699 2047 1865 2100 Filius
1903 2048 1955 2098 in
1981 2043 1988 2050 “

389 2146 656 2214 principio
685 2151 827 2197 erat.
861 2143 916 2195 Si
959 2141 1081 2210 quis
1111 2139 1396 2194 contendit
1424 2140 1608 2192 dicens
1631 2178 1645 2198 ,
1679 2152 1781 2189 non
1820 2139 1956 2187 idem

387 2236 490 2290 dici
530 2235 581 2286 in
635 2232 793 2286 Patre
825 2239 879 2284 et
913 2229 1082 2294 Filio;
1116 2230 1167 2281 in
1193 2228 1353 2281 Patre
1386 2229 1552 2290 enim,
1583 2226 1695 2296 Ego
1722 2242 1836 2279 sum
1868 2227 1959 2293 qui

386 2341 501 2377 sum
519 2340 543 2386 ;.
567 2322 619 2374 in
651 2320 790 2376 Filio
817 2325 1019 2383 autem,
1055 2318 1117 2372 In
1149 2319 1408 2387 principio
1429 2326 1543 2370 erat
1576 2334 1593 2370 :
1631 2332 1731 2368 nou
1759 2327 1842 2369 est
1865 2332 1959 2368 au-

387 2421 497 2466 tem
526 2413 688 2475 idem,
714 2420 815 2475 est,
849 2421 904 2464 et
929 2419 1063 2470 erat.
1101 2411 1415 2464 demonstro
1448 2407 1860 2476 appellationem
1906 2406 1957 2458 in

389 2501 563 2568 Filio;
595 2504 780 2556 audiat
828 2503 1218 2570 Evangelistam
1263 2502 1530 2554 dicentem
1583 2517 1596 2553 :
1655 2500 1960 2568 Unigenitus

391 2595 587 2658 Filias.
620 2597 708 2663 qui
731 2607 808 2648 est
845 2596 898 2647 in
927 2595 1046 2648 sinu
1079 2594 1254 2647 Patris
1280 2595 1365 2657 ";
1406 2609 1532 2648 ecce
1561 2609 1721 2646 unam
1769 2606 1951 2644 vocem

392 2688 558 2741 habes
603 2687 946 2754 evangelista:
995 2687 1050 2740 in
1099 2688 1217 2752 est;;
1269 2694 1324 2738 et
1371 2686 1565 2737 iterum
1619 2683 1960 2750 Apostolus:

393 2778 632 2843 Quorum
665 2787 837 2844 patres
860 2816 876 2839 ,
909 2792 974 2829 ex
1005 2777 1191 2844 quibus
1243 2775 1482 2828 Christus
1533 2776 1815 2827 secundum
1849 2789 1966 2824 car-

394 2882 530 2927 nem,
554 2867 642 2933 qui
682 2876 756 2918 est
787 2880 946 2932 supra
977 2866 1158 2916 omnia
1195 2863 1332 2917 Deus
1359 2863 1658 2916 benedictus
1681 2863 1749 2914 “.
1773 2860 1962 2914 Vidisti

393 2959 665 3025 quomodo
698 2965 746 3008 te
780 2957 953 3008 munit
976 2954 1346 3022 Joannes,qui
1380 2958 1430 3007 in
1453 2955 1560 3006 Deo
1591 2955 1789 3022 posuit,
1811 2952 1965 3013 Erat;

392 3048 520 3097 etin
561 3045 851 3106 creaturis,
890 3043 1062 3098 Facta
1095 3054 1234 3098 sunt.
1272 3043 1383 3097 Nec
1417 3045 1560 3098 enim
1597 3044 1759 3096 Dettut
1787 3045 1961 3108 decet,

394 3136 614 3188 Factum
649 3144 748 3198 est,
782 3149 956 3202 neque
985 3145 1284 3196 creaturas,
1319 3134 1472 3188 Erat.
1511 3165 1579 3175 —
1614 3135 1676 3188 In
1708 3136 1964 3202 principio

2061 1969 2174 2005 nem
2200 1955 2481 2022 perfectum
2513 1957 2566 2006 in
2607 1955 2814 2009 Christo
2841 1955 2990 2019 Iesu;
3016 1958 3066 2009 in
3101 1972 3202 2023 quo
3237 1968 3284 2010 et
3320 1959 3499 2011 laboro
3525 1973 3635 2010 cer-

2059 2047 2219 2096 tando
2266 2047 2548 2098 secundum
2593 2048 2949 2111 operationem
2996 2048 3134 2114 ejus,
3182 2065 3338 2111 quant
3390 2060 3633 2114 operatur

2059 2136 2115 2186 iu
2143 2151 2222 2187 me
2250 2135 2302 2186 in
2329 2137 2520 2189 virtute
2548 2136 2615 2188 ".
2659 2137 2735 2188 Ex
2775 2139 2857 2189 his
2905 2138 3015 2204 jam
3072 2139 3272 2206 liquet,
3306 2144 3447 2206 quod
3494 2140 3635 2190 Deus

2060 2227 2353 2280 secundum
2390 2240 2569 2288 suam,
2593 2243 2725 2293 qua:
2764 2243 2865 2279 una
2902 2237 3005 2291 est,
3038 2243 3280 2290 causam,
3316 2230 3495 2282 omnia
3524 2231 3636 2281 elli-

2061 2319 2204 2370 citur
2247 2332 2351 2368 non
2403 2317 2657 2370 recedens
2701 2335 2728 2368 a
2781 2334 2870 2380 se;
2903 2319 3329 2374 demonstratum
3365 2321 3509 2374 enim
3553 2334 3635 2375 est

2063 2423 2168 2461 non
2203 2407 2478 2477 migrando
2501 2408 2668 2471 exire,
2697 2418 2751 2461 et
2779 2409 2966 2462 eodem
2999 2415 3216 2477 reverti,
3243 2429 3347 2467 non
3378 2431 3405 2466 a
3431 2432 3488 2470 se
3517 2418 3629 2471 dis-

2073 2508 2300 2552 tractum
2347 2498 2398 2551 in
2462 2501 2814 2567 producenda
2853 2511 3144 2566 creatura,
3194 2506 3286 2559 sed
3339 2511 3638 2561 secundum

2000 2646 2008 2655 ,
2064 2603 2286 2645 causam
2318 2605 2478 2643 unam
2517 2591 2871 2660 singularem,
2907 2605 3025 2661 qua:
3050 2605 3132 2649 est
3170 2597 3302 2664 ipse,
3326 2599 3504 2652 omnia
3543 2602 3638 2654 lit:

2063 2695 2116 2737 et
2150 2684 2282 2736 nihil
2316 2682 2459 2749 quod
2500 2683 2568 2736 ab
2612 2684 2729 2750 ipso
2757 2683 2814 2736 lit
2852 2696 2906 2737 et
2955 2686 3151 2753 agitur,
3185 2697 3266 2740 est
3315 2691 3430 2743 sine
3481 2706 3638 2744 crea-

2068 2774 2231 2831 tione.
2264 2770 2451 2828 Dicere
2487 2773 2632 2828 enim
2681 2789 2789 2828 nou
2823 2790 2944 2828 esse
2983 2787 3228 2830 creatum
3258 2781 3402 2847 quod
3443 2782 3645 2849 agitur,

2066 2863 2290 2931 perinde
2319 2863 2475 2930 plane
2511 2873 2598 2916 est
2628 2875 2688 2916 ut
2717 2865 2760 2917 si
2794 2865 3038 2919 dicamus
3065 2877 3367 2921 creaturam
3399 2886 3504 2922 non
3528 2888 3649 2925 esse

2065 2962 2407 3017 creaturam;
2435 2955 2576 3022 quod
2602 2956 2744 3007 enim
2774 2955 2970 3024 agitur,
2997 2957 3135 3009 idem
3170 2970 3251 3011 est
3273 2976 3391 3013 cum
3419 2977 3482 3014 eo
3507 2968 3647 3028 quint

2067 3040 2144 3104 ﬁt,
2181 3043 2303 3111 quia
2340 3045 2481 3111 qttod
2511 3044 2686 3112 agitur
2712 3043 2789 3110 ﬁt,
2818 3059 2869 3098 et
2901 3047 3039 3114 quod
3068 3046 3124 3100 ﬁt
3155 3048 3365 3116 agitur;
3392 3052 3434 3103 si
3468 3060 3648 3104 autem

2067 3133 2210 3197 quod
2247 3134 2304 3185 lit
2331 3148 2434 3186 non
2473 3145 2555 3186 est
2587 3135 2702 3187 sine
2731 3136 3028 3197 creatione,
3065 3145 3120 3190 et
3151 3141 3290 3206 quod
3321 3141 3500 3206 agitur
3531 3160 3638 3196 non

393 3237 503 3296 erat
539 3223 784 3289 Verbum,
823 3234 870 3278 et
909 3223 1134 3277 Verbum
1160 3233 1274 3278 erat
1316 3226 1456 3293 apud
1497 3225 1698 3289 Deum;
1735 3235 1784 3280 et
1827 3225 1963 3278 Deus
1989 3209 2035 3271 C
2068 3222 2190 3274 sine
2225 3222 2524 3274 creatione.
2556 3221 2741 3286 Quare
2790 3226 2882 3291 qni
2927 3225 3060 3279 dicit
3093 3228 3234 3294 quod
3265 3229 3409 3295 agitu
3432 3245 3474 3289 r.
3516 3247 3651 3299 quo-

393 3316 506 3366 erat
543 3311 806 3375 Verbum;
832 3313 928 3364 hoc
951 3323 1061 3365 erat
1089 3315 1142 3366 in
1173 3314 1428 3380 principio
1448 3317 1586 3381 aput
1627 3313 1787 3365 Deum
1810 3331 1828 3377 ;
1861 3322 1968 3366 oni-

396 3405 486 3456 nia
521 3418 611 3470 per
636 3405 804 3469 ipsum
838 3403 982 3469 facta
1009 3411 1152 3464 sunt,
1182 3413 1227 3454 et
1255 3404 1365 3454 sine
1395 3403 1508 3468 ipso
1543 3404 1742 3470 factum
1767 3413 1842 3454 est
1877 3403 1961 3454 ni-

397 3494 493 3556 hil,
522 3495 659 3560 quod
705 3493 902 3558 factum
937 3501 1034 3544 est.
1080 3491 1308 3556 Quando
1335 3491 1556 3544 Factum
1596 3503 1694 3554 est,
1731 3495 1965 3558 ponitur,

395 3585 462 3634 ad
497 3593 776 3635 creaturas
799 3583 1104 3645 descendit;
1139 3582 1356 3650 quando
1393 3581 1550 3645 Erat,
1582 3583 1648 3634 ad
1684 3594 1963 3636 auctorem

396 3672 675 3738 ascendit;
713 3683 766 3725 et
798 3686 989 3725 rursus
1034 3671 1156 3724 Vita
1199 3682 1341 3736 erat,
1392 3689 1577 3726 rursus
1626 3674 1864 3726 ascendit
1901 3674 1966 3725 ad

394 3764 740 3826 ell‘ectorem;
778 3765 978 3816 scalam
1009 3765 1170 3818 hodie
1198 3763 1352 3818 all'ert
1385 3765 1566 3818 multis
1597 3763 1864 3832 mysteriis
1893 3779 1972 3816 re-

396 3853 626 3907 fsrtam:
658 3855 874 3922 quando
904 3855 1147 3908 ascendit
1176 3855 1240 3907 ad
1279 3855 1468 3918 Deum,
1501 3853 1657 3917 Erat,
1690 3855 1970 3921 praedicat;

396 3945 613 4011 quando
643 3943 923 3997 descendit
951 3945 1014 3996 ad
1049 3955 1327 3998 creaturas
1357 3944 1840 4009 assumitJ‘actum
1873 3954 1974 4006 est;

395 4038 610 4104 quando
639 4037 880 4090 ascendit
913 4040 978 4091 ad
1007 4037 1194 4101 Deum,
1224 4037 1440 4107 deponit
1471 4038 1620 4102 illud,
1657 4036 1827 4090 Facta
1853 4045 1976 4091 sunt

396 4138 450 4182 et
481 4126 706 4180 Factum
732 4138 831 4191 est,
868 4138 922 4182 et
961 4130 1124 4183 sumit
1159 4129 1315 4183 Erat.
1355 4130 1585 4184 Sanctus
1616 4130 1888 4185 Maximus
1914 4133 1966 4185 in

396 4219 640 4272 centuria
674 4227 849 4283 sexta,
876 4233 997 4287 cap.
1023 4219 1094 4272 84
1117 4235 1130 4271 :
1159 4219 1383 4272 Multum
1411 4220 1541 4274 valet
1568 4222 1739 4274 oratio
1752 4223 1967 4290 justi",

397 4326 518 4378 quae
548 4312 727 4379 agitur
767 4315 880 4365 sive
910 4326 937 4363 a
965 4313 1133 4378 justo,
1169 4314 1261 4380 qui
1313 4327 1432 4366 eam
1467 4315 1718 4379 adhibet,
1755 4316 1867 4369 sive
1901 4318 1970 4369 ab

2075 3312 2446 3380 modocunqtte
2494 3324 2707 3386 agatur,
2745 3329 2850 3367 non
2884 3325 3123 3369 creatum
3148 3332 3290 3378 esse,
3317 3335 3381 3371 eo
3415 3323 3560 3374 venit
3592 3333 3650 3373 ut

2073 3404 2216 3456 dit-at
2255 3404 2398 3471 quod
2431 3414 2673 3456 creatum
2695 3415 2776 3458 est
2805 3417 3048 3463 creatum
3085 3425 3188 3460 non
3225 3423 3364 3469 esse,
3388 3414 3647 3478 autquod

2074 3503 2157 3546 est
2192 3507 2295 3545 non
2323 3505 2479 3557 esse;
2511 3504 2566 3546 et
2596 3508 2936 3564 quaecunque
2985 3496 3089 3548 alia
3125 3512 3184 3550 es
3220 3501 3652 3554 contradictione

2075 3595 2344 3654 scquuntu
2354 3603 2397 3642 r.

2661 3700 2890 3758 CAPUT
2945 3703 3056 3758 VII.

2076 3808 2226 3874 Quod
2256 3811 2429 3864 nulfus
2470 3829 2723 3886 numerus
2771 3813 3016 3876 duorum,
3060 3827 3153 3869 aut
3199 3820 3479 3873 multitudo
3531 3833 3648 3886 post

2147 3891 2418 3957 numerum
2444 3885 2686 3957 datorum,
2728 3896 2817 3936 aut
2849 3887 2996 3937 aliud
3025 3890 3148 3954 quid
3185 3894 3459 3942 secundum
3504 3885 3671 3957 Sitpe’-,

2149 3953 2260 4032 rius
2298 3962 2347 4003 et
2384 3952 2607 4018 inferius
2644 3959 2949 4022 procedens,
2978 3952 3244 4024 iii/initum
3271 3972 3316 4011 et
3352 3962 3464 4014 siue
3500 3952 3650 4028 prin-

2151 4036 2285 4087 ClptO
2312 4038 2421 4074 esse
2443 4032 2628 4088 potest.

2150 4134 2376 4204 Magnus
2419 4136 2731 4206 Dionysius,
2766 4141 2938 4205 rapite
2963 4140 2996 4192 4
3027 4140 3098 4193 De
3121 4138 3316 4195 divinis
3350 4147 3649 4199 nominibus

2079 4225 2152 4277 ait
2184 4241 2198 4275 :
2227 4226 2414 4279 Omnis
2448 4242 2708 4281 numerus
2742 4230 2972 4281 duorum
3020 4245 3124 4284 non
3165 4245 3247 4284 est
3279 4234 3601 4301 principium
3632 4249 3647 4296 ;

2079 4319 2255 4370 unitas
2285 4328 2460 4372 autem
2489 4321 2593 4374 erit
2629 4322 2950 4388 principium
2979 4327 3218 4377 omnium
3252 4326 3501 4380 duorum.
3534 4330 3652 4394 Quo

397 4396 524 4460 alio,
553 4398 647 4465 qui
683 4413 801 4450 eam
852 4413 880 4450 a
923 4399 1075 4468 justo
1126 4401 1372 4455 adhiberi
1428 4403 1684 4470 postulat.
1735 4405 1780 4456 A
1825 4405 1972 4473 justo
2009 4425 2052 4475 ι)
2077 4409 2130 4461 in
2161 4409 2280 4462 loco
2313 4419 2534 4464 sanctus
2564 4409 2832 4466 Maximus
2868 4432 2881 4466 :
2922 4413 2974 4467 lu
3014 4417 3276 4481 numeris,
3311 4418 3504 4486 inquit,
3547 4421 3653 4472 duo

404 4584 415 4601 ‘
469 4578 514 4608 "
539 4577 707 4630 Exod.
737 4592 818 4637 ιιι,
865 4577 954 4631 lt.
1028 4578 1074 4609 ⁸³
1101 4577 1260 4631 Joan.
1293 4594 1332 4642 ι,
1370 4578 1453 4632 l8.

1528 4581 1574 4613 “
1599 4581 1759 4636 Rom.
1800 4598 1876 4648 ix,
1910 4583 1962 4635 5.
2038 4585 2085 4615 "
2135 4583 2251 4639 Jac.
2289 4587 2431 4652 v,i6.

2511 4590 2555 4620 ’⁸
2587 4591 2791 4644 Coloss.
2827 4607 2864 4655 t,
2911 4592 3000 4657 i8,
3029 4594 3122 4648 ‘29.
3185 4668 3195 4680 .

1910 4702 2189 4763 SchoHa.

469 4802 544 4870 (i)
598 4797 721 4851 Non
776 4797 931 4849 medii
972 4796 1218 4870 ordinis.
1256 4797 1483 4850 Medium
1537 4798 1783 4852 ordinem
1842 4803 1973 4855 dicit

397 4868 654 4926 laid-orum
684 4910 698 4927 ,
755 4871 845 4934 qui
899 4878 1022 4917 stmt
1080 4868 1347 4932 baptismo
1386 4878 1590 4921 tantum
1632 4870 1864 4930 initiati;
1916 4873 1969 4924 lti

396 4943 538 4997 cnim
575 4946 701 4991 sunt
730 4937 887 4989 medii
923 4937 1060 4987 inter
1089 4936 1528 4997 catechumenos,
1552 4941 1642 5004 qui
1673 4954 1972 5007 purgantur

397 5017 463 5065 ad
514 5009 858 5078 baptismum,
895 5017 946 5056 el
987 5011 1124 5057 inter
1156 5009 1639 5071 t-Ouittttttticantes,
1670 5012 1760 5075 qui
1813 5016 1971 5078 per“.

395 5085 634 5135 ciuntur.
665 5077 802 5128 Sunt
847 5086 1024 5127 autem
1063 5078 1336 5137 monachi,
1372 5089 1641 5141 quatenus
1677 5077 1924 5132 monachi
1953 5123 1968 5144 ,

398 5167 502 5205 non
537 5147 696 5212 hujus
727 5146 892 5196 medii
922 5147 1128 5197 ordinis
1157 5146 1414 5198 luieorum
1441 5165 1453 5209 ;
1499 5146 1788 5212 perfectior
1819 5156 1964 5203 enim

396 5232 480 5273 cst
503 5230 691 5269 eorum
728 5225 923 5276 status,
949 5230 1108 5282 quam
1142 5215 1422 5270 Iaicurum.
1458 5219 1511 5268 ld
1541 5221 1683 5282 quod
1721 5219 1868 5271 locus
1893 5225 1972 5274 eis

399 5291 452 5342 δ”
489 5287 727 5339 Bedes”
761 5287 1085 5352 θδδίὸυδίηδι
1125 5296 1378 5353 laltqtlattt
1426 5288 1476 5337 in
1514 5295 1762 5352 symbolo
1801 5292 1970 5356 δίει..-

398 5362 674 5419 licat;est
721 5359 866 5407 enim
918 5371 1085 5422 prope
1128 5356 1324 5419 januas
1378 5359 1566 5423 templi
1620 5358 1972 5424 propinquior

397 5428 750 5498 populopost
796 5440 886 5477 eos
929 5428 1020 5498 qui
1071 5425 1441 5498 suntet-diuis
1464 5427 1858 5498 ecclesiastici,
1913 5443 1970 5482 ut

401 5494 682 5564 Dionysius
725 5495 777 5546 in
827 5494 1049 5562 epistola
1103 5499 1166 5547 a.l
1220 5495 1593 5562 Demophilum
1643 5508 1966 5554 monachum

396 5568 616 5635 scripsit
658 5581 674 5617 :
713 5564 968 5617 Ordinem
1027 5581 1152 5616 vero
1211 5568 1598 5618 monachorum
1646 5569 1777 5620 dicit
1829 5571 1964 5624 idem

397 5634 688 5705 Dionysius
734 5651 856 5705 esse
900 5634 1179 5688 cclsiorem
1214 5637 1468 5688 Omnibus
1500 5635 1807 5697 ordinibus,
1857 5658 1961 5696 ιιυιι

396 5704 613 5776 quidem
659 5704 947 5759 conferens
985 5722 1108 5758 eum
1160 5721 1279 5758 cum
1321 5706 1607 5765 diucouis,
1657 5710 1748 5773 qui
1803 5713 1958 5775 primi

395 5788 662 5847 purgant;
722 5793 895 5846 neque
939 5791 1059 5829 Cttttt
1110 5776 1453 5845 prcshyteris,
1503 5781 1590 5843 qui
1633 5784 1852 5833 secundi
1905 5795 1959 5836 et

2086 4804 2246 4891 med-ii
2279 4803 2622 4891 illuminant;
2667 4801 2726 4888 et
2774 4810 2944 4891 milito
2982 4811 3321 4891 minuscum
3384 4818 3653 4891 episcopis

2081 4875 2174 4939 qui
2204 4875 2347 4926 tertii
2398 4885 2450 4925 et
2504 4879 2698 4929 sutntni
2738 4881 3057 4945 perﬁciunt;
3091 4884 3182 4934 sed
3219 4898 3337 4934 ('lllll
3373 4875 3656 4944 ordinibus

2080 4958 2262 5022 eorum
2295 4946 2386 5011 qui
2423 4945 2950 5022 adhuepnrgantur,
2982 4966 3043 5002 ex
3079 4951 3274 5018 quibus
3319 4960 3476 5022 primi
3529 4976 3657 5016 sunt

2079 5018 2478 5093 catechumeni,
2527 5017 2629 5093 qui
2664 5032 2963 5093 purgantur
2991 5021 3056 5072 ad
3090 5017 3408 5084 haptistnhm
3443 5043 3537 5093 per
3564 5051 3657 5082 «τη-

2083 5085 2372 5164 tecltesitu;
2410 5089 2631 5161 secundi
2654 5092 2766 5164 qui.
2791 5102 2916 5140 sunt
2949 5090 2998 5140 iu
3033 5103 3273 5156 peci'ato,
3297 5096 3386 5160 qui
3421 5085 3655 5164 purga".

2080 5163 2166 5204 tur
2194 5169 2288 5219 per
2317 5155 2618 5207 doctrinam
2652 5157 2944 5222 Scriptura:
2975 5155 3199 5221 sancite,
3238 5175 3293 5212 nt
3316 5155 3581 5222 Itet'edaiit
3626 5192 3656 5225 a

2078 5235 2295 5301 peccato
2316 5241 2328 5286 ς
2353 5294 2359 5300 .
2385 5228 2527 5276 tertii
2559 5238 2683 5302 sttnt
2741 5230 3092 5305 euergumetti
3118 5271 3142 5305 γ,
3203 5235 3291 5299 qui
3355 5252 3643 5305 purgant“.

2076 5298 2412 5369 caurcismis,
2435 5298 2754 5370 tttresistant
2784 5298 2994 5349 fortiter
3024 5298 3258 5359 diabolo.
3279 5315 3333 5353 et
3354 5298 3655 5366 turriti-ilius

2075 5376 2230 5427 ejus;
2268 5375 2444 5430 quarti
2496 5376 2617 5416 sunt
2648 5383 2734 5432 qui
2764 5381 2889 5418 sunt
2923 5386 2974 5446 tu
3023 5375 3366 5434 ptenitenua,
3399 5381 3488 5442 qui
3529 5397 3656 5446 pur,

2076 5447 2290 5498 gantur,
2319 5446 2373 5484 ut
2407 5451 2511 5485 non
2542 5448 2883 5488 revertantur
2912 5441 2974 5489 ad
3011 5453 3327 5505 peccatum;
3359 5445 3442 5496 his
3481 5441 3658 5499 omni.

2076 5506 2176 5577 ints
2225 5505 2507 5557 ordinibus
2559 5505 2846 5571 perfectior
2910 5521 2989 5559 est
3038 5513 3170 5562 ordo
3225 5518 3609 5577 ttionachornm

2074 5573 2198 5636 quia
2230 5583 2285 5624 ut
2315 5567 2570 5626 monachi
2599 5587 2744 5638 sunt,
2780 5589 2990 5629 ratione
3041 5581 3267 5632 instituti
3288 5570 3294 5577 ’
3319 5567 3606 5640 tuonasttci

2075 5646 2435 5720 ltitirllliDSIlltl
2463 5649 2682 5720 tumulo,
2722 5657 2776 5697 t-t
2825 5666 3043 5701 carnem
3077 5666 3230 5704 all-till
3267 5670 3386 5706 rum
3419 5639 3579 5711 vitiis,
3606 5639 3663 5720 ei

2070 5716 2526 5782 concupiscentiis
2552 5720 2962 5773 cruttlitcrunt.
