4416 6448
798 378 895 442 9H

1983 381 2303 442 JOANNIS
2336 356 2905 476 CYPAR‘ISSIO’J‘IE

3909 391 4040 456 ’912

757 491 1210 556 (multitudinem,
1241 506 1355 560 quae
1381 494 1432 547 in
1465 494 1705 548 numeris
1735 493 2056 550 divisionem
2084 497 2264 557 liabet,
2297 498 2438 558 ad.A
2467 499 2714 567 cogitari,
2759 501 2850 552 sed
2887 499 3064 568 potius
3112 509 3350 567 potestas
3398 503 3640 569 quiedaui
3686 519 3882 573 expers
3914 523 4039 572 par-

794 583 953 638 llnetn
987 585 1209 646 ducunt,
1246 585 1416 653 posita
1453 585 1668 653 quidem
1702 586 1908 640 unitate
1951 589 2217 656 principio
2247 604 2363 642 om-

793 676 877 728 nis
910 679 1151 739 nnmeri;
1185 677 1395 730 duobus
1432 689 1561 729 vero
1609 678 1801 745 positis
1841 678 2106 748 principio
2153 681 2361 734 numeri

794 768 961 836 paris.
995 768 1050 821 Si
1105 768 1270 835 igitur
1302 769 1626 837 principium
1677 769 1948 837 significat
1992 772 2133 840 quod
2178 780 2261 825 est
2309 774 2360 824 itt

798 859 1861 928 unoquoque'genere'simplicissimum,
1883 864 2150 928 quomodo
2175 846 2364 914 nume-

796 964 891 1002 rus
943 950 1169 1002 duorum
1217 954 1321 1003 erit
1366 948 1688 1017 principiilm
1722 950 2008 1003 omnium?
2054 950 2172 1004 Non
2217 952 2360 1004 enltn

797 1055 1058 1095 numerus
1085 1038 1312 1094 duorum
1341 1041 1663 1108 principium
1693 1040 1915 1108 simplex
1950 1051 2050 1105 est,
2086 1043 2180 1094 sed
2214 1041 2363 1096 co'tn-

796 1133 1056 1199 positum,
1101 1133 1426 1200 principium
1475 1131 1636 1200 igitur
1685 1146 1750 1183 ex
1801 1132 2193 1198 compositione
2237 1147 2364 1186 con-

761 1287 764 1290 ,
793 1232 966 1285 stans,
1002 1237 1104 1275 non
1135 1233 1215 1274 est
1247 1221 1500 1290 simplex,
1526 1235 1580 1274 et
1605 1220 1875 1289 quomodo
1903 1222 2181 1274 vocabitur
2216 1223 2365 1290 prin-
2421 1229 2429 1240 ‘

793 1314 1030 1382 cipiunt?
1058 1313 1210 1382 δΑιιιε
1256 1313 1578 1382 principium
1627 1315 1773 1365 enim
1818 1314 2208 1381 compositum,
2262 1313 2365 1366 erit

788 1407 1005 1473 proprie
1038 1405 1362 1474 principium
1408 1405 1610 1468 unitas,
1638 1420 1701 1458 ex
1733 1420 1860 1473 qua,
1893 1405 2192 1459 unitatibus
2220 1420 2365 1457 coui-

790 1494 1003 1560 positis,
1038 1486 1283 1547 conlecta
1317 1506 1444 1548 sunt
1492 1495 1629 1556 duo;
1662 1495 1900 1561 undique
1948 1493 2364 1563 igiturinanil‘e-

789 1597 931 1638 stum
964 1595 1042 1638 est
1079 1601 1182 1637 non
1212 1601 1330 1638 esse
1360 1587 1682 1651 principium
1717 1601 1998 1639 numerum
2028 1587 2272 1638 duorum.
2300 1583 2384 1636 Et'

789 1693 977 1731 rursus
1007 1679 1146 1729 idem
1184 1678 1234 1729 in
1270 1677 1395 1728 'aliis
1425 1691 1442 1729 :
1473 1676 1586 1729 Non
1618 1686 1828 1746 potest,
1867 1677 2071 1744 inquit,
2106 1689 2363 1729 numerus

789 1770 1014 1822 dum-uin
1047 1785 1167 1823 esse
1201 1769 1475 1834 infinitus;
1512 1777 1744 1823 uultates
1775 1771 1915 1822 enim
1968 1770 2088 1836 ejus
2135 1769 2273 1820 inter
2304 1782 2361 1820 se

2476 592 2608 642 tittttt
2657 602 2708 643 ει
2748 591 3154 658 compositionis
3186 594 3511 661 cogitatione
3541 594 4039 663 comprehenditur,

2468 684 2736 749 quoinodo
2753 683 2947 749 aliquis
2970 693 3022 736 et
3043 685 3096 736 in
3127 685 3397 752 aliquibus
3423 687 3542 739 aliis
3573 688 3932 742 dill'ereuiiant
3953 707 4040 744 se-

2471 774 2701 825 cundum
2747 773 2865 841 plus
2895 785 2949 826 et
2986 777 3164 827 ntitttis
3196 777 3487 843 iute'Jigere
3523 781 3757 845 poterit?
3803 779 4041 838 Omnino

2472 878 2696 918 necesse
2726 874 2828 929 est,
2859 876 2915 917 ιιι
2940 867 3029 933 qui
3065 868 3176 920 luce
3207 869 3406 920 variata
3448 885 3570 923 esse
3599 869 3878 938 dijutlicat,
3907 890 4039 941 qua-

2471 953 2652 1008 litates
2692 959 2950 1023 quasdam
2989 958 3038 1008 iit
3080 957 3382 1025 subjectum
3413 960 3652 1014 incidere
3677 963 3896 1029 cogitet.
3931 965 4039 1017 Aut

2469 1046 2615 1097 enim
2648 1048 2849 1114 cogitat
2873 1047 3086 1100 dill‘cire.
3123 1050 3235 1102 Inec
3285 1053 3578 1102 secundum
3624 1054 4030 1120 antpliattonetn

2471 1145 2523 1188 et
2550 1138 2984 1200 diminutionem,
3025 1149 3078 1191 ct
3125 1141 3194 1192 ob
3229 1140 3365 1194 hanc
3392 1155 3608 1195 causam
3650 1119 4034 1211 cogitationem

2471 1226 2864 1290 magnitudinis
2901 1228 3195 1280 introducit
3223 1244 3273 1279 tn
3306 1243 3371 1280 eo
3417 1230 3560 1296 quod
3599 1243 3862 1297 quaeritur
3896 1250 3910 1285 :
3948 1241 4040 1284 aut

2470 1321 2766 1369 secundum
2797 1319 3088 1370 bonitatem
3116 1329 3169 1370 et
3200 1321 3490 1386 potentiam
3519 1330 3573 1373 et
3603 1324 3943 1388 sapientiam,
3979 1336 4033 1376 ct

2470 1406 2512 1456 si
2545 1407 2670 1472 quid
2705 1408 2846 1458 aliud
2877 1409 3014 1460 circa
3060 1406 3226 1460 Deum
3259 1411 3344 1476 pie
3380 1411 3717 1479 intelligitur,
3746 1423 3797 1463 ιιι
3836 1415 4035 1464 redun-

2471 1497 2581 1560 det,
2620 1497 2699 1548 vel
2732 1498 3029 1559 decrescat,
3071 1499 3280 1552 ellicere
3317 1501 3534 1553 molitur
3571 1517 3586 1554 :
3622 1511 3782 1567 atque
3807 1566 3809 1568 η
3833 1503 3905 1555 ita
3949 1519 4036 1554 ra-

2474 1588 2671 1637 tionem
2706 1588 3114 1656 compositiOuis
3146 1605 3252 1642 non
3288 1589 3524 1664 clitigiet.
3579 1591 3804 1660 Magnus
3833 1593 4032 1661 Diony-

2472 1677 2606 1737 sius,
2643 1677 2815 1741 c:tpite
2847 1678 3035 1743 qttinto
3071 1679 3141 1730 De
3165 1680 3353 1731 divinis
3387 1681 3680 1732 nominibus
3704 1719 3718 1739 .
3753 1697 3854 1749 non
3890 1683 4035 1736 aliud

2471 1767 2598 1818 dicit
2627 1781 2746 1820 esse
2780 1770 2999 1827 ltuitunt,
3033 1780 3085 1821 et
3108 1770 3250 1822 aliud
3284 1771 3426 1836 quod
3459 1782 3562 1830 est,
3600 1772 3816 1823 etaliutl
3850 1774 4034 1835 vitam,

787 1876 883 1929 per
912 1862 1303 1930 appositioneni
1331 1863 1661 1929 compositzr,
1697 1875 1755 1914 se
1787 1873 1974 1914 mutuo
2022 1862 2312 1913 terininant
2339 1877 2352 1922 ;
2389 1847 2428 1902 Β
2462 1855 2541 1907 vel
2572 1856 2925 1928 sapientiam;
2960 1873 3133 1925 neque
3173 1859 3466 1913 introducit
3513 1862 3709 1929 inultas
3737 1876 3952 1926 causas,
3984 1873 4036 1916 et

787 1958 932 2020 quod
964 1955 1005 2006 si
1041 1968 1296 2006 numerus
1326 1954 1552 2004 duoruin
1585 1969 1688 2005 non
1724 1961 1900 2019 potest
1939 1967 2057 2004 esse
2088 1953 2353 2014 inlinitus,

786 2054 842 2096 ιιι
878 2047 1301 2096 demonstratum
1345 2050 1450 2106 est,
1512 2044 1988 2111 neque-principio
2017 2044 2222 2096 scilicet
2265 2060 2354 2096 ca-

782 2151 900 2190 rere
938 2145 1137 2203 potest,
1166 2135 1287 2204 quia
1312 2135 1491 2189 ontnis
1528 2137 1734 2188 numeri
1765 2135 1994 2191 duorum
2027 2135 2352 2204 principium

782 2234 865 2282 est
892 2229 1070 2280 unitas
1098 2245 1112 2291 ;
1145 2226 1290 2295 quod
1325 2228 1366 2280 si
1401 2243 1505 2280 non
1535 2236 1682 2286 caret
1716 2225 2000 2293 principio,
2052 2227 2210 2294 igitur
2258 2241 2354 2280 nec

784 2330 868 2375 est
901 2320 1192 2385 immobilis
1224 2319 1498 2387 (movetur
1528 2320 1671 2371 enim
1704 2332 1933 2370 numero
1957 2333 2020 2370 ex
2057 2319 2353 2372 nnitatiltus

782 2409 1079 2461 secundum
1116 2407 1546 2473 cunjunetionem
1580 2406 1940 2474 composito);
1981 2406 2123 2472 quod
2173 2417 2351 2460 autem

783 2511 1054 2568 iuovetur,
1092 2515 1196 2553 non
1241 2507 1322 2552 est
1353 2483 1698 2568 principium,
1728 2500 1826 2569 sed
1856 2513 1917 2550 ex
1958 2500 2223 2568 principio
2250 2501 2351 2552 sci-

781 2594 908 2646 licet
935 2594 1225 2650 moventis.
1254 2593 1365 2644 sola
1390 2601 1567 2645 autent
1595 2592 1774 2644 unitas
1808 2593 2024 2658 proprie
2049 2602 2131 2645 cst
2164 2594 2353 2644 immo-

785 2686 931 2739 bilis.
967 2685 1030 2737 Et
1061 2699 1249 2737 rursus
1281 2684 1419 2736 idem
1448 2700 1461 2735 :
1488 2682 1683 2743 Otnnc,
1725 2682 1917 2751 inquit,
1951 2685 2093 2753 quod
2126 2685 2178 2737 in
2214 2685 2351 2737 ntul-

780 2760 1014 2828 titudine
1044 2774 1402 2842 quantitatem
1438 2771 1618 2836 liabet,
1651 2785 1754 2824 non
1785 2779 1960 2837 potest
2005 2785 2124 2823 esse
2169 2771 2352 2823 inlini-

786 2875 920 2927 tuttt,
956 2879 1130 2931 neque
1165 2862 1280 2915 sine
1309 2862 1572 2929 principio
1610 2861 1660 2913 id
1683 2901 1696 2925 ,
1729 2875 1848 2914 cum
1881 2874 1988 2928 quo
2019 2861 2246 2914 alterum
2281 2862 2354 2915 si-

793 2955 901 3006 mul
935 2954 1218 3023 cogitatur.
1260 2953 1324 3005 Et
1358 2967 1542 3005 rursus
1579 2953 1715 3005 idem
1746 2970 1757 3002 :
1792 2934 1981 3014 Nemo,
2022 2952 2217 3019 inquit,
2262 2952 2351 3019 qtti

784 3047 913 3111 duo,
943 3055 1036 3099 aut
1071 3048 1234 3098 multa
1268 3047 1387 3100 sine
1426 3046 1692 3114 principio
1724 3060 1845 3102 esse
1876 3046 2026 3107 dicit,
2061 3045 2145 3112 pie
2174 3044 2354 3096 vivere

2459 1946 2794 2011 divinitates,
2831 1947 2968 2003 alias
2995 1949 3100 2002 alia
3132 1951 3518 2014 producentes,
3543 1954 3849 2019 superiores
3875 1965 3930 2009 et
3956 1957 4036 2006 Ill-

2457 2038 2704 2092 l‘eriores.
2729 2037 2804 2093 Ex
2835 2041 2919 2094 Itis
2951 2041 3152 2109 patelit,
3183 2043 3326 2109 qttod
3360 2043 3498 2096 sicut
3532 2044 3660 2096 nibil
3689 2045 3830 2112 quod
3858 2047 4035 2113 agitur

2457 2139 2547 2182 aut
2587 2141 2897 2199 generatur,
2933 2141 3014 2184 est
3047 2147 3153 2184 non
3189 2143 3450 2195 creatum,
3480 2135 3554 2188 sic
3581 2143 3758 2188 omnia
3793 2137 3919 2198 duo,
3953 2138 4032 2191 \‘cI

2457 2222 2710 2290 deinceps
2753 2223 3058 2287 multitudo,
3090 2225 3172 2275 vel
3207 2224 3349 2277 aliud
3379 2226 3506 2293 quid
3536 2229 3830 2280 srcuntlum
3872 2245 4033 2296 snpe-

2459 2315 2574 2367 rius
2603 2323 2656 2366 et
2692 2313 2919 2369 inferius
2952 2316 3300 2383 progrediens
3325 2358 3337 2381 ,
3377 2327 3428 2370 et
3457 2329 3514 2370 ut
3539 2318 3703 2372 semel
3739 2321 3935 2384 dieam,
3959 2323 4031 2375 ita

2457 2406 2833 2467 constitutum,
2875 2415 2932 2458 ut
2963 2406 3161 2472 aliquid
3199 2408 3245 2460 ei
3277 2408 3346 2460 sit
3379 2410 3728 2477 contrarium,
3763 2410 4031 2464 infinitum

2456 2511 2600 2562 esse,
2633 2507 2684 2550 et
2709 2499 2972 2564 principio
2997 2512 3181 2555 carere
3218 2513 3321 2552 non
3357 2510 3533 2567 potest
3561 2518 3575 2565 ;
3627 2502 3678 2553 in
3713 2503 3851 2555 idem
3885 2507 4029 2557 enim

2433 2587 2651 2640 'recidit
2683 2589 2799 2640 sine
2827 2589 3092 2656 principio
3124 2603 3265 2651 esse,
3297 2599 3350 2642 et
3383 2603 3500 2644 esse
3530 2605 3634 2644 non
3676 2603 3950 2658 creatum;
3985 2598 4026 2647 si

2455 2689 2634 2732 autem
2688 2679 2806 2732 sine
2862 2681 3126 2747 principio
3181 2689 3296 2745 est,
3343 2682 3500 2756 plane
3543 2681 3705 2737 etiam
3759 2683 4028 2739 infinitum

2455 2779 2580 2824 est.i
2896 2781 2898 2783 ’

3018 2886 3246 2941 CAPUT
3284 2887 3422 2941 VIII.

2467 3018 2620 3082 Quod
2660 3021 2725 3072 sit
2752 3023 2907 3072 etiam
2939 3023 3132 3087 species
3163 3021 3663 3086 circumscriptionis
3713 3035 3760 3076 ει
3792 3027 4021 3090 termini,

2527 3092 2911 3152 comprehensio
2953 3101 3104 3157 atque
3131 3092 3278 3154 visio,
3315 3091 3451 3143 Deus
3510 3105 3682 3144 mitem
3738 3111 3839 3146 imo
3871 3102 4025 3149 modo

786 3140 1001 3234 poterit.
1027 3137 1170 3190 Ideni
1199 3139 1253 3234 in
1275 3137 1517 3234 centuria
1547 3136 1698 3234 tertia
1719 3137 1784 3234 de
1806 3136 2096 3198 cltaritatc,
2115 3133 2351 3234 cap..27:
2383 3169 2430 3234 α
2533 3133 4022 3234 o,,,,,',-_,,',,;',;,',-,,,.;,!;,;,;,;'g;,},5,;13;),";}'};;;.,,);;Ia'if,7f,j

782 3229 921 3281 Deus
956 3231 1207 3297 quidem,
1242 3229 1449 3295 inquit,
1495 3228 1586 3295 qui
1624 3237 1704 3280 est
1738 3227 1848 3295 ipsa
1877 3243 1968 3294 per
1992 3243 2050 3282 se
2085 3218 2350 3281 exsistun-

782 3322 876 3383 tia,
908 3320 1023 3388 ipsa
1062 3336 1154 3386 ιιι-ι’
1188 3335 1246 3372 se
1281 3321 1492 3372 bonitas
1523 3331 1574 3371 et
1604 3319 1887 3386 sapientia,
1921 3319 2050 3382 imo,
2084 3329 2140 3369 ut
2171 3318 2349 3371 verius

778 3413 976 3472 dicam,
1015 3428 1173 3477 supra
1215 3412 1394 3465 omnia
1440 3411 1572 3473 lnec,
1607 3410 1738 3462 nihil
1769 3410 1981 3476 penitus
2023 3413 2184 3461 liabet
2214 3424 2346 3461 con-

781 3505 1009 3555 trarium
1052 3521 1064 3554 :
1091 3515 1352 3554 creatura:
1389 3518 1516 3555 vero
1537 3540 1551 3564 ,
1579 3518 1698 3570 qua:
1728 3516 1913 3553 omnes
1941 3501 2152 3567 quidem
2185 3487 2348 3567 parti-

779 3595 1046 3661 cipatione
1071 3605 1121 3644 et
1153 3594 1322 3660 gratia
1353 3593 1643 3653 exsistunt,
1675 3589 1789 3642 alia:
1815 3603 1939 3641 vero
1974 3591 2178 3641 ratione
2211 3603 2347 3657 prte-

778 3687 904 3737 dilae
943 3694 1087 3744 sunt,
1130 3694 1181 3735 ct
1233 3684 1614 3752 intelligenles,
1655 3691 1709 3733 ct
1744 3681 1806 3733 uti
1845 3680 2160 3748 capiendam
2193 3683 2347 3733 boni-

778 3785 947 3828 tatem
986 3787 1037 3828 ct
1069 3775 1386 3842 sapientimn
1439 3786 1575 3836 apt-re
1603 3815 1618 3838 ,
1666 3773 1991 3826 contrarium
2029 3774 2249 3836 habent,
2296 3773 2345 3824 iit

777 3867 882 3918 illis
934 3866 1151 3934 quidem
1189 3868 1468 3927 exsistere,
1503 3876 1555 3918 et
1605 3880 1712 3917 non
1770 3876 2033 3917 exsistere
2074 3870 2344 3917 contraria

776 3967 903 4011 sunt
938 3975 950 4009 :
989 3957 1039 4008 in
1080 3958 1162 4007 IIIS
1189 3971 1315 4009 vero
1367 3955 1627 4006 ltabilitati
1680 3954 1934 4006 bonitatis
1978 3963 2031 4031 et
2067 3954 2346 4022 sapientia:

776 4051 1049 4105 contraria
1104 4060 1232 4103 sunt
1287 4050 1473 4101 vitium
1515 4058 1565 4100 et
1620 4047 1952 4114 ignorantia,
1988 4055 2040 4100 et
2084 4049 2348 4102 exsistere

774 4147 988 4212 quidem
1021 4157 1253 4211 semper,
1281 4151 1372 4194 aut
1397 4157 1499 4192 non
1536 4143 1818 4202 exsistere,
1849 4140 1961 4193 litcc
1990 4144 2039 4191 in
2077 4149 2347 4207 potesmte

773 4237 891 4306 ejus
926 4247 1052 4290 sunt
1087 4237 1175 4304 qtti
1209 4249 1270 4286 ea
1300 4233 1515 4295 ellecit;
1547 4233 1873 4300 participare
1907 4242 2085 4284 autem
2137 4232 2348 4285 bonita—

773 4340 882 4382 tem
908 4338 962 4380 et
993 4327 1442 4394 sapietttiaut,aui
1477 4342 1576 4375 nun
1610 4324 1956 4390 participare,
1992 4325 2044 4375 in
2070 4325 2346 4379 voluntate

772 4436 955 4474 curu'n
991 4431 1068 4473 est
1107 4419 1196 4486 qui
1230 4417 1519 4485 participes
1557 4415 1778 4468 rationis
1808 4424 1952 4470 sunt.
1995 4415 2156 4482 Greg.
2186 4416 2343 4485 Nyss.

2537 3228 2813 3293 sigillatim
2863 3245 2979 3280 vero
3013 3232 3157 3282 nobis
3185 3231 3356 3298 angeli
3402 3228 3449 3282 et
3502 3233 3691 3283 animle
3737 3242 3858 3283 stitit
3905 3236 4024 3285 itm-

2534 3300 2873 3362 spectabiles.

2528 3409 2821 3477 Gregorius
2849 3408 3152 3476 Tltcologus
3201 3411 3341 3463 libro
3411 3412 3649 3465 secundo
3708 3415 3772 3466 de
3817 3413 4021 3467 tlteolo-

2457 3491 2539 3567 ςἰέ
2580 3518 2592 3551 :
2625 3502 2686 3553 Et
2742 3502 3002 3563 nonduin,
3037 3503 3228 3571 inquit,
3261 3504 3379 3556 dico
3409 3504 3616 3557 [initum
3648 3520 3869 3560 ontttiito
3903 3523 4021 3561 esse

2457 3593 2500 3645 D
2536 3609 2648 3655 tim,
2682 3594 2725 3647 si
2761 3604 2937 3646 incute
2969 3597 3350 3662 comprehendi
3375 3606 3568 3662 potest,
3603 3613 3702 3649 ora
3733 3601 3876 3651 enini
3903 3617 4020 3667 spc-

2457 3685 2568 3738 cies
2598 3686 3114 3752 circumscriptionis
3164 3698 3246 3740 est
3279 3688 3392 3756 ipsa
3417 3692 3844 3758 comprehensio.
3878 3694 4020 3745 Idem

2459 3774 2507 3825 iit
2548 3775 2737 3826 eodem
2773 3790 2784 3822 :
2824 3776 2959 3839 Quid
3010 3776 3221 3847 tandem
3287 3779 3424 3831 Deus
3495 3781 3563 3833 sit
3621 3786 3918 3834 substantia
3968 3797 4018 3836 ιι

2459 3879 2672 3936 natura,
2710 3883 2864 3919 uento
2892 3856 3167 3935 bontiniiiii
3202 3885 3432 3936 unquam
3472 3873 3690 3938 reperit,
3722 3889 3891 3942 neque
3933 3891 4019 3928 re-

2458 3957 2634 4023 petite
2663 3966 2843 4022 queat.
2879 3955 2940 4008 Et
2972 3973 3161 4009 rursus
3188 3960 3383 4031 ibidem
3425 3977 3438 4010 :
3478 3961 3756 4024 Salomon,
3824 3965 4020 4033 inquit,

2409 4066 2423 4074 ιι
2457 4050 2548 4112 qui
2587 4046 2689 4099 fuit
2726 4049 3023 4116 sapientior
3054 4051 3264 4102 cunctis
3296 4051 3603 4104 hominibus
3628 4055 3716 4120 qui
3748 4069 3870 4109 ante
3895 4071 3960 4110 eu
3991 4081 4017 4106 .ι

2454 4149 2506 4192 ει
2543 4153 2662 4206 post
2684 4154 2804 4192 euut
2834 4139 3087 4194 luerunt:
3121 4140 3329 4196 euiluit
3364 4144 3591 4197 latitudo
3614 4148 3794 4201 cordis
3823 4150 4017 4201 donum

2461 4223 2578 4286 Dei,
2637 4234 2688 4276 et
2729 4225 3512 4297 alllucittia,contemplationis
3559 4235 3836 4302 eopiosior
3862 4252 4023 4289 arena

2457 4316 2646 4392 utaris;
2681 4327 2882 4383 quanto
2915 4319 3030 4385 plus
3058 4331 3330 4373 scrutatur
3348 4324 3691 4389 profundunt,
3738 4335 4016 4380 tantonta-

2456 4404 2538 4469 gis
2564 4413 2796 4459 malnat:
2833 4413 2886 4458 et
2911 4408 3066 4457 linem
3093 4409 3376 4472 qitcnidaiii
3414 4409 3540 4462 facit
3573 4415 3849 4477 sapientiae
3876 4415 4018 4468 inve-

775 4513 910 4566 tiltro
941 4510 1114 4574 primo
1142 4507 1338 4560 Contra
1375 4504 1714 4568 Eunomium,
1748 4518 1867 4571 cap‘.‘
1896 4503 1959 4556 19
1988 4523 1999 4556 :
2033 4504 2148 4558 Non
2178 4509 2356 4561 ternti-
2393 4515 2434 4567 D
2462 4501 2511 4548 ni

2280 4509 2356 4561 υί-
2393 4515 2434 4567 D
2462 4501 2578 4550 nire
2611 4511 2871 4564 quantum
2907 4499 3166 4570 eﬂugerat
3195 4503 3262 4554 ⁸⁷.
3313 4501 3507 4556 Paulus
3571 4519 3747 4558 autem
3799 4520 4019 4560 conatur

773 4613 958 4653 natum
997 4601 1136 4652 idem
1164 4609 1266 4660 cst,
1294 4599 1435 4663 quod
1472 4595 1767 4656 infinitum,
1796 4596 2005 4648 inlinito
2029 4608 2208 4648 autent
2239 4599 2356 4665 plus

771 4703 863 4742 aut
901 4693 1080 4742 minus
1100 4689 1336 4754 cogitare
1360 4697 1614 4739 extrettza:
1637 4688 1919 4737 dementire
1943 4697 2021 4739 est
2044 4706 2055 4750 ;
2084 4691 2352 4754 quotnodo

771 4785 914 4836 cnim
951 4783 1086 4834 ratio
1117 4779 1315 4832 inliniti
1348 4778 1551 4831 servari
1582 4786 1770 4845 queat,
1806 4778 1849 4829 si
1880 4777 2016 4845 ,plus
2048 4788 2138 4830 aut
2171 4784 2351 4834 minus

773 4877 823 4927 in
878 4868 1002 4942 ipso
1022 4871 1422 4930 decernuntur?
1459 4884 1520 4922 ex
1570 4869 1933 4937 dispositione
1962 4869 2105 4922 enim
2160 4872 2343 4923 liniunt

774 4970 924 5021 inte:
946 4981 1038 5029 se;
1072 4966 1209 5033 quod
1243 4966 1363 5032 plus
1396 4971 1499 5025 est,
1533 4962 1907 5026 dijudicatnus,
1950 4961 2000 5012 in
2029 4963 2222 5027 quibus
2250 4977 2342 5013 au-

774 5071 877 5112 tem
913 5076 1015 5111 non
1048 5068 1134 5108 est
1168 5056 1309 5116 linis,
1341 5055 1609 5123 quomodo
1639 5063 1815 5121 potest
1842 5054 1964 5120 quis
1991 5055 2228 5120 cogitare
2253 5070 2344 5104 sit-

773 5166 815 5217 p~
842 5146 1076 5200 illueus?
1127 5144 1270 5198 ldeitt
1322 5145 1372 5196 in
1413 5145 1599 5195 eodem
1633 5160 1645 5194 :
1680 5139 1812 5204 Quis
1860 5140 2051 5202 nescit,
2084 5139 2224 5206 quod
2260 5154 2344 5190 se-

770 5239 1003 5291 cundum
1045 5239 1316 5306 pru'priatn
1352 5237 1611 5287 rationem
1644 5232 1963 5299 simplicitas
1994 5248 2097 5283 non
2145 5232 2341 5298 recipit

768 5332 821 5384 iii
861 5344 1046 5382 saneta
1077 5328 1342 5379 'I‘rinitate
1381 5326 1500 5391 plus
1549 5336 1639 5374 aut
1688 5323 1901 5374 minus?
1933 5323 1984 5373 iit
2039 5338 2143 5389 qua
2195 5324 2336 5373 enini

771 5438 875 5473 nun
911 5430 1083 5489 potest
1108 5422 1288 5474 inistio
1317 5420 1580 5486 quwpiatn
1611 5418 1933 5485 qualitatum
1961 5425 2011 5469 et
2044 5416 2333 5468 concursio

2463 4588 2677 4652 quidem
2710 4592 2918 4656 assequi
2955 4606 3056 4642 non
3103 4592 3225 4644 dico
3265 4588 3510 4644 nam-aui
3572 4594 3663 4647 Dei
3704 4596 3826 4662 (Ιιοε
3877 4602 4020 4650 enirn

2457 4678 2705 4730 Omnibus
2739 4682 2909 4732 iuodis
2943 4681 3053 4734 fieri
3076 4698 3176 4734 non
3213 4685 3432 4752 potest),
3469 4686 3774 4752 sedjudicia
3809 4697 4019 4740 Lillltlm

2455 4767 2547 4821 Dei
2573 4787 2587 4833 ;
2613 4773 2734 4836 quia
2758 4784 2892 4824 Vero
2925 4785 3030 4824 non
3068 4781 3242 4839 potest
3273 4778 3509 4840 reperire
3542 4779 3770 4838 exitum,
3813 4796 3909 4832 nec
3931 4796 4012 4830 ni.

2451 4861 2675 4928 gradum
2709 4874 2966 4938 ascensus
3001 4863 3180 4925 sistat,
3207 4878 3304 4917 nec
3361 4865 3452 4917 ubi
3489 4868 3698 4920 desinat
3735 4872 4019 4938 curiositas

2455 4953 2648 5003 utentis
2679 4968 2694 5003 :
2724 4936 2856 5004 dunt
2883 4967 3100 5026 semper
3131 4955 3335 5022 aliquid
3363 4936 3838 5028 subapparetcjus
3873 4940 4014 5032 quint

2452 5041 2772 5104 relinquitur
2829 5043 2883 5110 (ιι
2919 5057 3031 5096 rem
3065 5045 3276 5106 miram,
3306 5058 3359 5098 ut
3399 5049 3526 5100 titilii
3582 5051 3831 5104 similiter
3893 5070 4016 5107 cvi--

2453 5133 2612 5194 niat),
2644 5140 2864 5196 stupore
2889 5125 3193 5190 orationem
3225 5135 3646 5201 circumscribit;
3680 5150 3733 5192 et
3759 5143 4013 5196 divinitas

2452 5221 2564 5284 Dei,
2594 5231 2754 5289 atque
2775 5222 3092 5288 profundunt
3120 5225 3254 5278 lianc
3276 5242 3385 5278 rent
3421 5240 3588 5290 meat,
3622 5238 4015 5301 c0aliteturque

2444 5314 2645 5379 judicia
2683 5313 2778 5367 Dei
2825 5320 3206 5382 comprehendi
3265 5334 3370 5370 non
3405 5336 3562 5388 posse
3591 5323 3659 5385 “;
3688 5325 3876 5376 eadem
3902 5332 4018 5381 lere

2447 5416 2607 5473 atque
2646 5406 2807 5458 David
2845 5407 3092 5476 loquens,
3134 5411 3226 5480 qtti
3267 5429 3407 5468 nunc
3440 5415 3660 5483 quidem
3680 5417 3879 5485 judicia
3918 5419 4008 5472 θυι

836 5609 875 5636 ⁵⁷
914 5606 974 5661 III
1009 5605 1138 5670 Reg.
1166 5621 1239 5667 iv,
1270 5603 1328 5653 3|
1367 5604 1560 5676 ;I'rov.
1606 5618 1698 5661 xit,
1733 5617 1842 5652 sec.
1873 5597 2054 5660 HK;
2108 5597 2311 5651 Eccles.
2373 5614 2466 5650 xii.
2531 5597 2574 5628 "'
2613 5596 2746 5652 Rom
2802 5602 2893 5666 ii,I
2923 5614 3075 5668 seqq.

839 5801 910 5858 vti
946 5790 1077 5852 (ριιιῐι
1118 5802 1221 5836 ιιιιο
1255 5801 1340 5836 nio
1367 5787 1410 5834 Ιιι
1447 5795 1518 5840 εςι
1554 5785 1790 5835 itiﬁtiilth
1827 5781 2095 5833 ηίιιιιίξιιις.
