4416 6448
373 434 481 498 913

1008 438 1244 498 DECAS
1282 439 1442 501 VIII.
1478 463 1548 474 -·
1576 440 1672 498 DE
1713 432 2147 497 INFINITATE
2186 439 2312 497 DEI
2353 438 2430 496 1N
2466 437 2924 499 CREATURIS.

3487 430 3593 491 91L

371 558 524 602 voe-t
550 553 803 619 abyssum
845 550 1088 612 multam,
1134 552 1290 618 cujus
1361 551 1584 604 [nudum
1642 565 1916 610 mensura.
1950 554 1992 607 Α
2024 551 2290 612 bulainus,
2319 552 2458 603 sicut
2483 550 2768 617 Apostolus
2793 551 2867 601 ait
2900 550 2963 600 ⁶¹.
2995 545 3050 600 Si
3086 547 3168 598 cui
3203 546 3365 613 igitur
3405 563 3590 597 cuium

371 649 461 688 aut
485 653 645 690 sensu
682 653 785 691 non
812 639 936 692 licet
969 640 1446 706 comprehendere;
1481 639 1769 708 aliquando
1791 654 1918 694 vero

371 727 502 779 dicit
540 727 908 780 admirabilem
953 728 1147 781 factam
1193 743 1312 783 esse
1339 728 1700 797 cognitionem
1743 744 1806 781 ex
1859 743 1917 781 se

370 817 506 877 ipso,
532 827 670 868 etex
726 817 807 868 sui
844 817 1163 870 lormatione
1209 818 1276 870 ⁸⁹.
1333 817 1398 870 Et
1453 818 1625 871 adhuc
1669 820 1807 870 idem
1866 819 1918 869 in

373 904 563 955 eodem
631 905 767 956 libro
818 921 833 956 :
883 905 1018 966 Quia
1073 907 1270 972 expetit
1328 906 1542 971 quidem
1603 908 1777 959 omnis
1825 922 1921 958 ua-

373 1002 491 1042 tnra
538 993 761 1056 primam
782 1007 1022 1056 causam;
1051 993 1508 1058 comprehendere
1541 1008 1667 1044 vero
1699 1008 1800 1046 non
1833 1008 1924 1059 po-

377 1092 476 1132 tr-st
504 1092 720 1146 prapter
751 1096 963 1145 causas,
993 1097 1123 1149 quas
1149 1083 1283 1144 dixi;
1341 1082 1588 1135 laborans
1631 1084 1922 1147 desiderio,

374 1180 427 1222 et
460 1172 618 1222 veluti
649 1173 831 1234 anxia,
865 1181 918 1225 et
949 1173 1206 1225 damnum
1245 1186 1348 1225 nou
1385 1182 1575 1238 potens
1626 1173 1790 1233 ferre,
1840 1187 1922 1224 se-

373 1262 603 1311 cundam
638 1262 1030 1327 navigationem
1057 1261 1302 1327 suscipit,
1337 1273 1393 1313 ut
1421 1263 1692 1315 intueatur
1721 1264 1926 1315 scilicet

377 1351 429 1401 in
454 1364 513 1400 ea
555 1365 673 1416 qu:e
697 1359 1012 1411 cernuntur,
1033 1359 1085 1402 et
1117 1350 1313 1416 aliquid
1337 1365 1402 1402 ex
1429 1351 1507 1402 eis
1543 1351 1703 1403 faciat
1735 1352 1935 1422 Deum,

376 1440 515 1488 male
542 1443 719 1490 docta.
750 1439 886 1502 Quid
917 1442 1059 1492 enim
1113 1441 1253 1504 quod
1286 1443 1383 1490 snh
1433 1452 1704 1504 aspectum
1763 1444 1925 1500 cadit,

376 1543 440 1575 eo
470 1528 560 1591 qui
596 1529 808 1592 aspicit,
857 1529 1017 1580 altius
1066 1537 1118 1579 et
1161 1531 1267 1578 Deo
1311 1529 1537 1581 similius
1571 1541 1673 1588 est,
1734 1542 1791 1582 ut
1837 1527 1930 1584 hic'

377 1614 540 1674 colat,
602 1615 726 1666 illud
753 1615 998 1668 colatur?
1037 1616 1266 1670 Sanctus
1291 1616 1580 1682 Gregorius
1637 1619 1927 1687 Nyssenns,

377 1705 430 1755 in
465 1704 580 1756 Vita
617 1704 816 1770 Moysis
859 1723 871 1758 :
905 1705 1025 1758 Non
1054 1709 1244 1771 poterit
1297 1709 1468 1760 videre
1493 1710 1676 1774 faciem
1710 1727 1877 1762 meant
1911 1725 1931 1764 :

375 1811 478 1848 non
504 1797 635 1848 enim
667 1796 856 1849 videbit
885 1799 1035 1849 homo
1067 1798 1254 1864 faciem
1275 1815 1460 1860 meam,
1494 1809 1539 1851 et
1564 1801 1694 1852 vivet
1727 1800 1794 1852 “.
1820 1802 1931 1852 Hoc

379 1891 558 1934 autem
584 1898 688 1935 non
710 1883 834 1935 dicit
855 1883 1155 1950 Scriptura,
1182 1886 1330 1951 quasi
1363 1883 1499 1937 Dens
1521 1886 1765 1937 sitcausa
1794 1902 1934 1938 mor-

385 1970 455 2021 tis
485 1969 777 2038 (quomodo
805 1973 946 2025 enim
985 1973 1144 2026 facies
1172 1973 1292 2026 vita:
1319 1972 1430 2027 ﬁeri
1465 1989 1699 2042 tttiqttam
1762 1985 1935 2043 potest
1985 2036 1990 2041 I

1984 2054 1991 2063 ’
2036 2056 2102 2108 Ει
2131 2071 2318 2110 rursus
2341 2056 2479 2110 idem
2513 2057 2562 2110 in
2595 2059 2794 2110 eisdem
2839 2076 2850 2109 :
2892 2058 2971 2110 Illi
3004 2058 3166 2123 igitur
3227 2057 3403 2123 angeli
3443 2071 3602 2120 ηενρ-

379 2073 538 2112 cansa
564 2061 752 2114 mortis
778 2062 857 2116 eis
887 2064 973 2129 qui
1010 2064 1574 2131 appropinquaverttnt
1596 2065 1663 2132 ἲ),
1689 2067 1780 2118 sed
1812 2067 1934 2133 quia

381 2146 519 2201 Deus
547 2159 626 2202 est
662 2159 848 2203 natura
883 2151 1007 2205 vitze
1057 2162 1268 2215 auctor,
1309 2153 1584 2220 preprium
1635 2163 1814 2205 autem
1859 2155 1935 2206 si-

378 2253 538 2304 gnum
567 2239 760 2293 divinae
812 2249 1018 2294 naturae
1070 2251 1152 2295 est
1189 2255 1310 2295 esse
1340 2238 1547 2294 'celsius
1587 2245 1728 2294 omni
1759 2243 1932 2309 signo.

381 2328 480 2391 Qui
500 2328 660 2395 igitur
687 2330 886 2397 aliquid
913 2344 1102 2384 eorum
1149 2346 1269 2399 quae
1314 2343 1735 2400 cognoscuntur,
1771 2334 1933 2386 Deum

378 2433 497 2472 esse
530 2420 846 2483 arbitratur,
886 2432 1138 2490 tanquam
1171 2424 1236 2476 ab
1260 2437 1322 2476 eo
1345 2423 1434 2490 qui
1471 2439 1597 2478 vere
1655 2433 1760 2489 est,
1794 2427 1935 2481 male

385 2506 627 2562 deﬂexus
660 2511 724 2562 ad
766 2512 815 2564 id
857 2512 999 2578 quod
1047 2513 1530 2578 comprehensione
1551 2513 1685 2567 [ictae
1730 2517 1936 2582 cogita-

383 2598 544 2651 tionis
571 2614 690 2652 esse
713 2600 1077 2662 existimatur,
1115 2605 1278 2657 vitam
1312 2618 1415 2656 non
1448 2605 1627 2657 habet.
1659 2606 1756 2670 Qui
1795 2609 1935 2662 enim

379 2694 460 2737 est
493 2695 678 2740 auctor
694 2703 881 2742 eorum
905 2705 1022 2757 quae
1048 2701 1194 2753 sunt,
1227 2693 1272 2744 is
1297 2703 1378 2745 est
1409 2708 1528 2746 vera
1552 2696 1656 2746 vita
1686 2713 1699 2757 ;
1729 2697 1813 2749 hic
1844 2711 1937 2749 au-

377 2780 486 2827 tem
521 2778 767 2842 cognosci
795 2793 899 2830 non
913 2789 1088 2846 potest
1113 2782 1212 2850 (a).
1242 2783 1374 2846 Quia
1405 2782 1562 2850 igitur
1577 2787 1935 2853 cognitionem

377 2863 545 2915 vincit
577 2875 762 2917 natura
789 2865 1029 2921 eﬂ'eetrix
1058 2869 1199 2930 vitae,
1226 2884 1384 2923 omne
1402 2873 1540 2936 quod
1579 2872 1936 2938 comprehen-

380 2955 545 3018 ditur,
579 2973 682 3016 non
716 2967 798 3012 est
842 2961 969 3024 vita;
1001 2961 1140 3026 quod
1174 2970 1350 3013 autem
1389 2976 1493 3014 non
1537 2969 1621 3014 est
1653 2963 1782 3024 vita,
1832 2978 1934 3016 non

379 3044 543 3097 habet
575 3056 848 3112 naturam,
880 3060 936 3101 ut
964 3049 1229 3103 eﬂiciatnr
1255 3050 1499 3105 effectrix
1529 3054 1671 3104 vitaz.
1727 3051 1818 3106 Sic
1844 3067 1939 3106 ex-

2022 639 2109 702 qui
2149 649 2350 692 certant
2378 640 2478 707 (d),
2513 640 2595 691 vel
2627 634 2829 698 lumen,
2863 637 2942 688 vel
2982 637 3148 702 ligura
3189 635 3474 702 quavpiani,
3503 635 3584 684 vel

2031 727 2232 792 aliquid
2262 731 2327 780 ad
2355 728 2761 781 similitudinem
2807 727 2942 793 ignis
2969 735 3246 792 appareat,
3279 738 3345 775 ne
3379 726 3582 789 ample-

2023 828 2232 872 cumur
2265 818 2566 884 huiusmodi
2600 822 2793 878 visum,
2825 827 2905 869 est
2940 817 3084 867 enim
3121 816 3330 865 fallacia
3375 815 3582 865 ἰιιίιιιὶι·ἱ

2024 905 2328 965 manifesta,
2350 920 2465 971 quae
2487 907 2702 971 quidem
2737 905 3034 957 restnultos
3060 904 3266 962 fefellit,
3317 905 3406 969 qui
3435 917 3591 968 Inop-

2026 1004 2106 1045 ter
2128 996 2478 1060 ignorantiam
2505 1010 2532 1047 a
2553 997 2633 1047 via
2658 995 2895 1046 veritatis
2918 994 3048 1043 male
3070 991 3423 1043 deﬂeverunt.
3461 993 3594 1040 lica-

2026 1092 2110 1133 tus
2141 1082 2561 1151 Chrysostomus
2610 1084 2661 1133 in
2718 1085 2962 1132 oratione
3011 1082 3073 1132 de
3106 1083 3547 1145 inconiprc-hcnso
3580 1097 3592 1130 :

2038 1171 2188 1232 Quod
2224 1173 2274 1221 in
2298 1170 2402 1222 Deo
2437 1180 2518 1222 est
2555 1171 3085 1235 ineompreliensnnt,
3121 1185 3224 1220 non
3257 1171 3332 1219 sic
3369 1186 3463 1218 nns
3488 1171 3592 1217 sri-

2028 1275 2166 1319 mus,
2199 1262 2334 1312 sicut
2363 1261 2461 1310 illa-
2495 1271 2808 1326 potestates,
2858 1274 2975 1325 quia:
3015 1267 3161 1308 tanto
3196 1259 3361 1322 magis
3397 1259 3595 1317 sciunt,

2027 1359 2228 1413 quanto
2255 1349 2568 1400 mundiores
2596 1359 2648 1398 et
2686 1349 3056 1414 sapientiores
3087 1357 3138 1397 et
3169 1349 3599 1412 persch-ieinn-s

2005 1451 2188 1503 quam
2223 1439 2457 1488 humana
2503 1448 2697 1488 natura
2733 1446 2858 1488 sunt
2891 1455 2903 1489 :
2939 1438 3176 1487 accretin
3209 1438 3348 1484 enini
3386 1437 3596 1498 ςτιιιῐιιιι-

2031 1529 2117 1577 tiae
2155 1528 2509 1578 accretionem
2545 1528 2857 1579 reverentia)
2881 1538 3031 1578 creat
3061 1529 3162 1589 (e);
3199 1527 3342 1575 sicut
3380 1526 3428 1573 ιιι
3459 1526 3597 1588 quo-I

2029 1628 2094 1665 ex
2141 1615 2308 1666 radiis
2341 1614 2470 1666 solis
2502 1629 2606 1666 non
2642 1623 2815 1679 potest
2881 1625 3128 1679 aspectus
3167 1614 3328 1672 ferre,
3385 1629 3487 1662 non
3524 1613 3602 1662 sic

2032 1704 2206 1755 cernit
2223 1717 2419 1766 caicus,
2457 1704 2596 1755 sicut
2632 1705 2723 1770 qtti
2759 1704 2904 1756 videt
2943 1719 2954 1752 :
2999 1704 3062 1754 ad
3095 1704 3340 1754 etttndettt
3374 1702 3589 1752 niodu'n

2035 1793 2176 1856 quod
2206 1800 2286 1843 est
2319 1790 2369 1842 in
2418 1790 2526 1843 Deo
2555 1793 3084 1857 inconipreliensnm,
3115 1805 3219 1841 non
3267 1791 3341 1840 sic
3377 1804 3492 1846 nos,
3547 1798 3604 1838 nt

2038 1879 2133 1940 illi,
2176 1880 2550 1947 cognoscimus
2581 1897 2594 1944 ;
2628 1890 2887 1948 quantum
2921 1881 3062 1932 enim
3092 1881 3412 1932 interestint
3449 1893 3476 1930 r
3505 1883 3604 1928 ca".-

2036 1983 2156 2021 cum
2186 1979 2237 2021 et
2267 1970 2555 2029 videntem.
2588 1979 2793 2022 tantum
2831 1972 3052 2023 interest
3073 1972 3210 2022 inter
3232 1985 3329 2020 nos
3362 1980 3416 2020 et
3447 1969 3586 2019 illos.

2035 2159 2152 2198 etus
2207 2155 2390 2214 tegunt
2417 2187 2432 2210 ,
2472 2147 2525 2200 hi
2555 2161 2684 2200 vero
2730 2148 2931 2215 alioqui
2970 2146 3214 2199 homines
3268 2147 3603 2196 contundunt

2037 2235 2314 2288 intendere
2351 2237 2538 2290 oculos
2581 2237 2918 2303 impudenter
2969 2237 3021 2287 in
3096 2236 3317 2303 gloriam
3371 2236 3600 2300 inexpli-

2036 2326 2286 2378 cabilem.
2321 2325 2454 2391 Quis
2477 2342 2570 2381 eos
2605 2343 2710 2381 non
2735 2327 2968 2381 deﬂeat?
2991 2326 3111 2395 quis
3139 2343 3242 2378 non
3269 2327 3440 2392 lugeat
3470 2327 3606 2379 hanc

2045 2418 2376 2478 vecordiam,
2436 2428 2486 2470 et
2543 2427 2845 2470 extremam
2881 2417 3242 2469 dementiam“!
3301 2417 3361 2467 Et
3411 2417 3607 2468 iterum

2040 2508 2198 2570 idem,
2223 2522 2344 2560 cum
2375 2509 2619 2573 explanat
2661 2509 2840 2561 illud-:
2902 2507 3141 2560 Vidimus
3190 2509 3412 2577 gloriam
3470 2507 3605 2568 eius,

1997 2657 2005 2668 ,
2046 2599 2268 2666 gloriam
2304 2601 2458 2666 quasi
2499 2598 2771 2666 Unigeniti
2824 2615 2853 2650 a
2893 2597 3050 2650 Patre
3081 2599 3166 2651 “2
3211 2598 3348 2657 Non.
3414 2598 3606 2662 inquit,

2038 2688 2378 2750 vidissemus,
2407 2689 2507 2740 nisi
2540 2703 2632 2755 per
2660 2703 2855 2754 corpus
2893 2689 3048 2741 nobis
3074 2698 3373 2747 assuetum,
3413 2697 3460 2737 et
3507 2701 3605 2735 nn~

2038 2776 2240 2829 hiscunt
2267 2772 2433 2829 altum
2478 2780 2633 2830 nobis
2663 2781 3022 2845 apparuisset.
3058 2778 3120 2829 Et
3154 2777 3354 2838 adhuc,
3420 2778 3469 2828 in
3509 2777 3607 2828 ho-

2037 2867 2182 2920 milia
2204 2868 2270 2920 15
2303 2868 2354 2920 iti
2393 2868 2649 2922 Joannem
2679 2886 2694 2924 ε
2719 2869 2777 2922 Si
2805 2871 2964 2922 Deum
2986 2885 3133 2920 nemo
3153 2869 3276 2919 vidit
3296 2866 3605 2933 unquam“,

2038 2955 2165 3021 quid
2235 2956 2418 3022 igitur,
2484 2957 2678 3023 inquit,
2745 2958 3194 3025 restiondebittttts
3255 2957 3611 3023 gratttlilnquo

2040 3047 2211 3111 lsaim,
2244 3065 2364 3103 cum
2396 3051 2507 3105 ait:
2550 3049 2668 3102 Vidi
2705 3052 2867 3104 Deum
2899 3054 3158 3104 sedentem
3187 3067 3340 3115 super
3364 3051 3608 3102 (In-onum

376 3134 552 3202 pietur
577 3136 741 3206 Moysi
775 3140 1099 3194 desiderium
1135 3155 1229 3208 per
1259 3143 1309 3194 id
1340 3144 1480 3208 quod
1527 3142 1676 3206 fecit,
1720 3153 1776 3197 ut
1821 3160 1933 3198 ma-
1963 3152 2007 3215 ρ
2039 3140 2319 3204 excelsum,
2352 3151 2398 3193 et
2425 3143 2477 3193 in
2509 3143 2727 3194 sublime
2760 3144 2956 3194 elatum
2991 3144 3072 3194 “1’
3101 3151 3151 3194 et
3182 3141 3399 3203 Joanni,
3427 3143 3515 3208 qui
3552 3142 3598 3195 ei

379 3233 534 3279 neret
557 3228 824 3295 cupiditas
843 3230 1183 3298 inexplebilis
1208 3232 1307 3298 (b).
1327 3231 1469 3284 Idem
1493 3233 1544 3285 in
1568 3233 1940 3302 explanatione

380 3313 523 3368 illius
556 3315 1105 3380 beatitttdinis,'Beati
1142 3320 1334 3372 mundo
1361 3322 1536 3387 corde,
1566 3325 1810 3383 quoniam
1840 3326 1941 3392 ipsi

383 3402 548 3455 Deum
571 3407 812 3460 videbunt
842 3408 884 3438 ⁶¹
931 3423 946 3462 :
1001 3409 1098 3473 Qui
1137 3424 1231 3462 eor
1257 3424 1435 3473 suum,
1476 3412 1674 3477 inquit,
1701 3415 1766 3465 ah
1796 3415 1939 3466 omni

379 3490 662 3548 all‘ectione
686 3496 894 3550 turbida
937 3499 1269 3563 emundavit,
1306 3501 1355 3552 in
1395 3503 1606 3568 pr0pria
1640 3503 1943 3570 pulchritu-

381 3583 820 3649 dineimag'nem
874 3587 1065 3639 divinae
1095 3601 1300 3642 naturae
1356 3593 1628 3659 persp'eit.
1695 3593 1941 3646 Mensura

382 3671 526 3723 enim
562 3674 962 3740 perspicientia
996 3675 1110 3738 Dei,
1140 3692 1256 3742 qua:
1292 3693 1318 3728 a
1357 3688 1404 3729 te
1435 3681 1550 3747 capi
1584 3688 1778 3745 potest,
1817 3682 1942 3733 inte

380 3771 485 3814 est.
524 3762 694 3829 igitur
723 3765 812 3831 qui
864 3780 922 3818 se
953 3765 1082 3832 ipse-
1114 3767 1278 3832 videt,
1309 3769 1362 3821 in
1396 3781 1452 3821 se
1483 3771 1622 3837 quod
1651 3771 1941 3834 desiderat,

380 3850 550 3913 videt,
588 3859 747 3918 atque
772 3853 846 3904 ita
881 3853 1110 3908 mundus
1141 3857 1302 3910 corde
1329 3855 1557 3910 edicitur
1579 3859 1788 3922 beatus,
1823 3876 1944 3913 cuni

382 3937 600 3993 intuens
652 3941 704 3994 in
754 3957 902 3997 suam
933 3947 1272 4011 munditiem,
1311 3949 1361 4002 in
1401 3949 1634 4017 imagine
1677 3966 1772 4005 sua
1803 3953 1946 4006 videt

381 4031 678 4097 exemplar.
710 4033 934 4086 Divinus
967 4034 1270 4090 Diadoclius
1318 4038 1420 4106 (c).
1472 4047 1526 4092 et
1575 4041 1774 4094 silentii
1831 4058 1946 4092 nia-

381 4120 569 4191 gister:
595 4121 784 4187 Nemo,
808 4123 1003 4192 inquit,
1029 4140 1148 4178 cum
1177 4142 1394 4181 sensum
1423 4130 1613 4182 mentis
1637 4131 1802 4191 audit,
1826 4147 1951 4196 spe--

383 4219 464 4260 ret
484 4209 659 4263 videre
675 4212 844 4264 oculis
859 4213 1080 4282 gloriam
1103 4216 1404 4276 Dei,sentiri
1426 4219 1564 4269 enim
1585 4232 1699 4270 eam
1717 4219 1948 4274 dicimus

382 4309 544 4370 gustu
578 4307 832 4369 quodam,
855 4306 944 4372 qui
975 4309 1215 4373 expromi
1245 4324 1347 4361 non
1374 4319 1570 4376 potest,
1599 4311 1791 4364 divinat:
1818 4327 1949 4365 con-

380 4390 683 4452 solationis,
719 4407 842 4445 cum
875 4397 994 4462 quis
1017 4398 1248 4447 animam
1281 4398 1607 4465 purgaverit,
1641 4413 1741 4450 non
1767 4411 1946 4452 autem

2044 3228 2411 3280 testiinonium
2458 3232 2679 3298 prmhet,
2709 3246 2827 3281 cum
2867 3231 2941 3281 ait
2971 3247 2984 3283 :
3039 3230 3163 3281 Ha'c
3191 3231 3346 3293 dixit,
3382 3231 3594 3297 quando

2042 3316 2170 3368 vidit
2202 3318 2424 3384 gloriam
2472 3319 2586 3384 ejus
2628 3320 2714 3371 “?
2768 3321 2903 3385 Quid
2963 3320 3278 3373 Ezeeliieli?
3340 3322 3606 3386 siquidem

2043 3405 2157 3470 ipse
2188 3410 2348 3459 etiam
2400 3409 2531 3461 vidit
2562 3425 2681 3462 eum
2713 3411 2989 3464 sedentem
3033 3425 3196 3478 Super
3218 3411 3508 3464 Clienihim
3544 3414 3609 3462 θ’.

2045 3499 2178 3559 Quid
2212 3499 2588 3552 Danieli?cum
2615 3503 2688 3553 ait
2723 3519 2735 3554 :
2775 3502 3036 3568 Antiquus
3071 3504 3275 3554 dierum
3309 3503 3516 3555 sedi-bat
3546 3504 3610 3554 ολ.

2045 3588 2182 3652 Quid
2207 3589 2416 3657 Moysi?
2449 3592 2536 3658 qui
2563 3591 2690 3643 dixit
2727 3608 2741 3645 :
2781 3591 3007 3645 Ostende
3039 3594 3167 3644 mihi
3192 3593 3415 3661 gloriam
3449 3605 3613 3657 tuam,

2047 3687 2099 3728 ut
2143 3681 2417 3744 manifeste
2451 3681 2653 3732 videant
2713 3691 2760 3733 te
2819 3683 2884 3732 “.
2924 3680 3091 3733 Jaroli
3124 3693 3302 3734 autem
3345 3683 3467 3734 ltitic
3517 3698 3616 3732 tiu-

2047 3783 2167 3820 men
2201 3771 2406 3834 accepit
2437 3773 2848 3837 cognominatus
2893 3773 3077 3833 Israel,
3147 3774 3196 3823 id
3234 3782 3340 3835 est,
3371 3789 3514 3824 mens
3547 3776 3619 3824 vi-

2046 3859 2171 3910 dens
2207 3859 2370 3910 Deum
2411 3861 2477 3912 ⁷⁸.
2531 3862 2667 3925 Quid
2726 3863 2887 3929 igitur
2956 3864 3031 3914 ait
3075 3860 3320 3914 Joannes
3377 3880 3388 3913 :
3453 3862 3618 3913 Deum

2047 3965 2195 4002 nemo
2222 3952 2348 4002 vidit
2379 3952 2645 4020 unquam?
2673 3952 2858 4020 Liquet
2882 3957 3063 4006 omnia
3087 3955 3176 4007 illi
3202 3955 3266 4006 ad
3293 3955 3621 4008 condescen-
3650 3970 3655 3977 '

2049 4042 2254 4094 sionem
2297 4043 2655 4110 pertinuisse;
2690 4060 2813 4112 quia
2849 4048 2991 4098 enini
3029 4046 3266 4098 futurum
3298 4057 3406 4098 erat
3448 4057 3500 4096 ut
3531 4045 3619 4096 Fi-

2050 4134 2156 4186 lius
2182 4136 2269 4187 Dei
2305 4137 2352 4187 in
2371 4150 2492 4188 vera
2514 4151 2677 4190 carne
2709 4149 3012 4203 appareret,
3048 4137 3448 4190 assnelaeiebat
3472 4151 3562 4188 eos
3589 4153 3614 4186 τι

2051 4224 2312 4290 principio
2334 4224 2472 4276 Deus
2500 4224 2742 4291 ingloria
2769 4227 2858 4277 Dei
2888 4226 3138 4286 videnda,
3163 4236 3419 4292 quantum
3451 4228 3515 4275 ah
3544 4228 3622 4276 eis

2053 4314 2218 4365 videri
2249 4323 2478 4380 poterat.
2508 4312 2644 4377 Quid
2679 4315 2821 4367 enim
2853 4317 2921 4367 sit
2981 4315 3118 4366 Dens
3155 4332 3256 4367 non
3289 4317 3459 4367 solum
3499 4331 3622 4380 prn—

2054 4406 2250 4470 phetae,
2285 4406 2377 4456 sed
2422 4419 2520 4457 nec
2576 4404 2768 4472 angeli,
2817 4421 2913 4456 nec
2959 4407 3265 4472 archangeli
3325 4407 3618 4458 viderunt:

381 4490 642 4542 apparere
667 4481 714 4532 ei
736 4481 936 4550 aliquid
959 4498 1147 4537 eorum
1167 4498 1284 4552 quae
1305 4486 1406 4538 sub
1426 4496 1701 4552 aspectum
1723 4490 1944 4553 cadunt,
1982 4492 2024 4546 D
2055 4494 2203 4545 solus
2235 4491 2401 4546 Filius
2445 4502 2495 4544 et
2534 4481 2773 4559 Spiritus
2814 4503 3031 4545 sanctus
3063 4509 3183 4543 enni
3216 4493 3421 4544 vident.
3471 4494 3619 4558 Quo-

380 4567 652 4635 iiqnidem
688 4585 832 4623 nunc
869 4588 964 4642 per
994 4575 1173 4639 ﬁdem,
1205 4585 1260 4628 et
1289 4589 1391 4627 non
1426 4589 1519 4643 per
1564 4577 1798 4643 speciem
1830 4595 1941 4633 am-

450 4727 495 4758 "
536 4725 672 4779 Psal.
704 4743 873 4787 xxxv.
927 4744 1181 4782 cxxxvm.

382 4796 424 4827 ⁸⁸
467 4797 594 4846 iliid.
629 4796 713 4850 18.
813 4799 856 4829 ⁸⁸
889 4800 986 4852 lsa.
1022 4815 1098 4862 vt,
1156 4801 1202 4853 1.

381 4865 424 4896 τε
465 4862 601 4921 Gen.
639 4882 810 4929 xxxn,
841 4868 927 4921 28.

1260 4733 1303 4763 ⁶⁰
1355 4734 1520 4787 Exod.
1558 4751 1747 4797 xxxiii,
1801 4737 1892 4790 20.

1308 4804 1350 4834 ⁸⁸
1401 4804 1555 4857 Joan.
1597 4822 1693 4866 xii,
1725 4806 1812 4858 41.

1966 4737 2006 4767 θ’
2065 4738 2254 4792 Matth.
2309 4757 2360 4801 v,
2410 4742 2462 4795 8.

1891 4808 1933 4838 "
1963 4808 2150 4861 Ezecn.
2194 4824 2245 4871 x,
2307 4811 2353 4861 ι.

2057 4581 2215 4635 modo
2249 4582 2393 4634 enim
2442 4582 2619 4637 omnis
2651 4594 2843 4634 natura
2885 4595 3066 4638 creata
3105 4582 3285 4636 videre
3316 4585 3508 4652 poteiit
3544 4585 3620 4652 (l)

2541 4744 2655 4796 “Il
2703 4743 2834 4809 _Cor.
2901 4762 2951 4809 v,
3021 4747 3069 4798 7.

2703 4746 2834 4813 Cor.
2901 4762 2951 4809 v,
3021 4747 3069 4798 7.
3150 4746 3382 4800 “Joan.
3437 4763 3473 4805 ι,
3537 4748 3620 4798 ιιι

2432 4812 2475 4840 “¹¹
2529 4812 2662 4866 Dan.
2704 4812 2812 4877 ίιίι,
2861 4816 2944 4868 15.

3026 4817 3072 4847 ⁶⁹
3102 4814 3268 4870 Exod.
3309 4831 3504 4882 xxxiii,
3538 4815 3621 4871 l8.

1857 4990 2128 5052 Scholia.

452 5107 526 5174 (l)
588 5103 738 5157 Nulla
804 5115 994 5176 natura
1049 5116 1227 5160 creata
1289 5109 1472 5176 videre
1514 5108 1677 5162 Deum
1723 5110 1939 5176 poterit,

381 5178 509 5236 quid
546 5177 620 5227 sit
655 5191 670 5237 ;
736 5189 832 5228 nec
872 5175 1014 5228 enim
1065 5178 1201 5227 beati
1253 5177 1334 5229 sic
1372 5175 1538 5229 Deum
1573 5175 1850 5239 videbunt,
1885 5193 1942 5234 nt

381 5248 507 5312 quid
541 5245 634 5309 sit,
661 5244 900 5297 videant.
940 5244 1013 5298 De
1048 5245 1349 5312 huiusmodi
1394 5249 1606 5301 visione
1641 5258 1695 5302 et
1750 5251 1934 5318 cogni-

450 5386 526 5463 ta)
552 5385 816 5463 Cognosci
851 5403 956 5463 non
985 5400 1179 5463 potest,
1214 5390 1339 5459 quid
1369 5392 1665 5448 sitscilicct
1694 5411 1706 5446 :
1741 5397 1808 5447 de
1839 5392 1939 5446 hae

379 5460 521 5527 cnim
558 5458 865 5527 cognitione
894 5458 1146 5527 loquitur.

453 5525 528 5598 (li)
555 5525 747 5598 l)o_ctus
783 5528 925 5598 enini
953 5525 1214 5598 responso
1238 5531 1350 5593 Dei,
1386 5533 1578 5586 desivit
1631 5532 1938 5592 desiderare

381 5595 566 5674 videre
590 5593 773 5674 'pt'llltl
915 5593 1187 5674 ha_c_'vita,
1215 5612 1268 5655 et
1300 5603 1554 5657 incensus
1584 5613 1665 5657 est
1697 5603 1937 5674 inexple-

382 5665 470 5717 lili
492 5665 986 5719 deside-riuvidendi
1026 5669 1077 5720 in
1109 5671 1296 5724 altera.

453 5737 519 5794 (ι’)
550 5733 602 5785 In
635 5736 809 5789 lihello
845 5737 918 5791 De
941 5736 1208 5795 suirituali
1239 5741 1569 5806 perfectione.

2057 5118 2198 5189 tione
2233 5117 2325 5171 Dei
2357 5120 2655 5182 loquuntur
2687 5135 2898 5189 semper
2926 5122 3149 5186 Patres,
3189 5139 3309 5178 eum
3356 5140 3474 5179 eam
3525 5130 3624 5182 tol-

2051 5184 2165 5238 lunt
2196 5199 2250 5242 et
2273 5201 2487 5257 negant.

2091 5397 2199 5476 .(d)
2235 5396 2517 5452 Certamen
2548 5398 2700 5462 dicit,
2739 5416 2848 5469 quo
2874 5411 3148 5456 certamus
3195 5416 3315 5457 cum
3359 5404 3474 5475 lege
3503 5420 3627 5459 car.

2050 5482 2157 5521 lllS.
3595 5481 3602 5490 ’

2119 5539 2188 5604 (e)
2221 5537 2600 5611 Reverentiam
2647 5539 2789 5611 enim
2819 5539 2930 5592 Deo
2961 5540 3181 5611 adhibet
3226 5543 3315 5611 qui
3358 5544 3459 5596 scit
3501 5559 3622 5597 enni

2044 5622 2148 5682 non
2185 5621 2345 5674 posse
2366 5609 2790 5682 comprehendi;
2819 5610 2978 5678 ctqui
3019 5613 3190 5680 magis
3222 5609 3322 5668 hoc
3352 5615 3474 5680 scit,
3508 5631 3624 5682 ina,-

2035 5675 2205 5742 joretn
2237 5679 2595 5733 reverentiam
2639 5680 2879 5734 adhibet.
