4446 6450
384 435 485 500 921

1043 433 1278 493 DECAS
1303 433 1458 492 VIII.
1502 457 1568 467 —
1601 430 1696 489 DE
1737 415 2180 488 INFINITATE
2212 430 2337 489 DEI
2383 430 2464 489 IN
2497 430 2951 494 CREATURIS.

3524 427 3631 490 922

387 555 534 607 ﬂlltl,
563 544 718 616 quod,
753 556 891 615 unus
915 542 1057 596 Deus
1079 554 1159 596 est
1177 542 1355 605 Pater,
1385 552 1433 594 et
1455 539 1709 603 Filins,ct
1728 538 1961 605 Spiritus
1988 540 2036 593 Α
2065 543 2155 588 aut
2183 537 2341 588 aliam
2373 540 2664 617 quamlibet
2690 550 3005 604 potestatem
3027 558 3041 604 ;
3064 548 3115 590 at
3136 539 3179 592 si
3209 540 3330 607 quis
3362 539 3525 592 Deum
3547 545 3629 594 tli-

386 641 604 684 sanrtus
629 650 642 694 ;
671 633 713 684 si
733 639 910 683 autem
941 647 1074 682 uitus
1100 631 1242 683 Deus
1268 640 1371 693 est,
1393 646 1456 681 ex
1484 646 1591 698 quo
1623 630 1824 691 omnia,
1856 642 1952 679 nec

386 722 532 772 estin
553 734 618 771 eo
634 719 935 782 slnistrum,
956 734 1052 772 nec
1068 719 1208 773 aliud
1224 719 1580 782 imminutum,
1604 732 1778 784 neque
1800 718 1955 782 quid-

389 824 546 875 quam
559 811 755 875 gradus
771 807 1420 874 inferioris,pr:eterqtmm
1435 823 1551 872 qum
1566 808 1632 858 ab
1649 808 1761 874 ipso
1778 817 1954 858 creata

391 905 516 948 sunt
537 915 550 950 :
569 911 688 964 quae
708 907 881 949 autem
904 906 1171 961 suntpost
1193 895 1404 950 Patrem
1430 907 1481 950 et
1503 896 1690 949 Filium
1710 907 1759 948 et
1788 894 1958 961 Spiri-

393 993 505 1037 tum
529 998 793 1049 sanctum,
822 995 1013 1039 cuncta
1046 996 1170 1040 sunt
1206 986 1424 1053 pulchre
1440 996 1641 1048 creata,
1659 995 1704 1036 cl
1725 985 1874 1051 large
1892 984 1960 1037 ab

397 1075 509 1138 ipso
544 1082 668 1127 sunt
699 1084 816 1139 post
848 1074 982 1126 bene
1011 1075 1245 1140 protecta
1275 1084 1325 1126 et
1341 1075 1650 1127 constituta.
1676 1074 1879 1130 Rursus
1913 1088 1960 1124 ι-

397 1161 515 1213 dem
533 1171 718 1215 contra
752 1162 940 1215 lneresi
950 1180 998 1214 ιιι
1020 1163 1400 1216 Dlarcosiorum
1422 1159 1562 1215 πηοί
1583 1162 1747 1223 enim,
1768 1160 1959 1225 inquit,

397 1254 660 1304 credimus
677 1255 912 1320 penitus,
929 1256 1068 1306 sicut
1088 1255 1282 1306 veritas
1311 1252 1566 1314 ostendit,
1591 1262 1640 1304 et
1667 1249 1963 1318 probabilis

400 1344 534 1394 ratio
546 1343 802 1411 suggerit,
823 1356 882 1396 ac
901 1358 1021 1395 cum
1045 1342 1220 1411 regula
1241 1342 1456 1407 pietatis
1472 1349 1756 1402 consonat,
1771 1348 1961 1402 etcum

399 1428 513 1496 lnge
534 1439 583 1481 et
621 1430 1001 1495 prnplwtis,et-
1023 1445 1143 1481 cum
1185 1430 1315 1497 ipsis
1361 1429 1430 1482 ab
1471 1429 1678 1494 origine
1736 1429 1965 1492 patriar-
2024 1435 2028 1438 '

403 1521 518 1570 rhis
540 1519 726 1570 ordine
759 1518 1085 1578 εοηςθι-υιίε,
1127 1526 1180 1568 et
1218 1532 1338 1568 cum
1381 1517 1491 1583 ipsa
1536 1515 1833 1568 Salvatoris
1874 1506 1967 1566 do-

404 1611 599 1671 ctrina,
630 1619 677 1661 et
704 1609 1069 1674 apostolorum
1110 1607 1199 1675 qui
1233 1620 1333 1657 nos
1363 1615 1544 1671 aperte
1572 1607 1766 1657 docent
1800 1603 1967 1656 conﬁ-

405 1701 500 1750 tt-ri
528 1714 691 1750 unum
713 1697 924 1749 Patrem
943 1699 1313 1749 univi-rsorum
1331 1693 1655 1746 dominatum
1677 1700 1966 1753 tenentem,

403 1800 452 1840 et
497 1789 775 1841 Dominum
802 1786 981 1840 Iesum
1006 1781 1299 1846 Christum,
1335 1796 1382 1839 et
1415 1785 1532 1854 ejus
1559 1788 1819 1846 {sanctum
1847 1782 1969 1850 Spi-

407 1883 591 1944 ritum,
629 1895 785 1930 unam
817 1891 1060 1932 sanctam
1083 1877 1407 1930 Trinitatem
1441 1891 1542 1926 nun
1579 1885 1836 1936 (tr-utam,
1860 1888 1975 1925 om-

407 1970 565 2022 nibus
598 1984 660 2021 ex
692 1969 857 2022 nihilo
897 1979 1011 2035 post
1048 1968 1257 2021 Patrem
1286 1976 1338 2018 et
1364 1963 1554 2017 Filium
1596 1976 1646 2017 et
1711 1963 1967 2032 Spiritum

409 2069 655 2112 sanctum
688 2059 867 2111 factis.
906 2058 1091 2123 Quare
1151 2057 1203 2109 lu
1266 2056 1332 2110 iis
1380 2070 1498 2121 qua:
1550 2055 1692 2108 clare
1743 2054 1976 2108 confessi

2063 637 2169 688 rat,
2207 629 2482 693 abrogarit
2515 625 2727 681 divinas
2781 644 2961 692 voces,
2991 645 3108 695 qum
3137 630 3296 681 clarc'
3329 631 3560 682 clamant
3610 646 3625 680 :

2066 715 2175 781 Ego
2212 715 2347 768 Dens
2375 719 2592 783 primus.
2616 730 2664 772 et
2693 735 2784 787 ego
2812 729 2926 785 post
2956 720 3085 779 huc,
3111 730 3158 772 et
3183 729 3371 784 prater
3392 736 3470 771 me
3521 736 3622 770 non

2055 815 2130 857 est
2162 805 2297 858 Deus
2321 809 2386 859 τ’.
2421 807 2512 860 Sin
2542 824 2668 861 vero
2691 826 2795 862 non
2822 810 2970 862 dicat
2994 810 3198 872 Deum,‘
3229 811 3374 862 dicet
3423 811 3634 862 scitir-et

2057 897 2290 962 angelos,
2322 897 2403 948 vel
2435 908 2745 962 potestates,
2771 910 2826 951 at
2857 901 2932 953 sic
2949 901 3110 953 etiam
3167 901 3493 965 improbabit
3549 900 3635 951 di-

2058 985 2209 1037 vinas
2240 987 2562 1052 Scripturas,
2595 1005 2712 1056 quae
2743 989 2975 1042 dicunta
3010 990 3114 1040 Deo
3146 989 3311 1042 factas
3331 983 3449 1043 esse
3485 991 3582 1043 has
3616 1006 3632 1043 :

2060 1073 2297 1127 Laudate
2320 1092 2456 1140 eum,
2486 1093 2660 1129 omnes
2687 1080 2855 1145 angeli
2872 1079 3016 1144 ejus;
3055 1078 3267 1128 laudate
3295 1095 3407 1129 eum
3459 1093 3633 1130 omnes

2059 1170 2334 1225 potestates
2352 1163 2464 1226 ejus
2491 1162 2557 1214 ⁸⁸.
2585 1162 2658 1214 Et
2697 1166 2778 1216 his
2806 1178 3049 1230 apertum
3109 1168 3187 1226 tit,
3209 1166 3349 1232 quod
3373 1165 3515 1216 inter
3535 1181 3632 1214 na-

2063 1264 2236 1308 turam
2281 1251 2371 1305 Dei
2421 1252 2473 1303 in
2532 1252 2704 1303 tribus
2747 1253 3007 1316 personis,
3067 1263 3117 1304 et
3156 1254 3221 1304 ah
3243 1267 3306 1305 eo
3333 1262 3512 1306 creata
3555 1253 3636 1303 ni"

2064 1345 2133 1400 hil
2163 1344 2304 1398 aliud
2335 1342 2626 1410 quidquam
2682 1342 2891 1407 penitus
2953 1343 3256 1408 reperitur;
3307 1343 3484 1393 omnia
3543 1357 3638 1394 au-

2065 1443 2168 1487 tem
2200 1444 2316 1498 post
2335 1431 2570 1484 divinam
2599 1440 2840 1481 naturam
2875 1439 2928 1482 et
2957 1431 3308 1482 substantiam
3328 1440 3451 1481 sunt
3473 1445 3638 1493 genu-

2066 1535 2179 1578 rala
2211 1533 2264 1576 et
2289 1532 2492 1586 creata,
2525 1522 2726 1574 idcirco
2756 1521 2885 1571 nihil
2936 1534 3121 1572 eorum
3170 1535 3288 1585 quae
3351 1527 3498 1581 sunt,
3553 1528 3640 1572 est

2068 1631 2172 1670 non
2233 1626 2470 1669 ereatum
2504 1624 2556 1666 et
2584 1613 2860 1675 infectum,
2891 1611 2988 1664 nisi
3017 1612 3166 1665 solus
3207 1612 3344 1664 Deus
3385 1613 3494 1663 hmc
3549 1626 3641 1662 sn-

2067 1723 2160 1774 pra
2197 1704 2553 1758 substantiam
2583 1703 2838 1755 Trinitas.
2864 1701 3143 1753 Manifesta
3192 1702 3354 1752 etiam
3401 1709 3483 1752 est
3547 1701 3639 1751 tibi

2077 1797 2236 1863 hujus
2262 1794 2483 1848 decadis
2497 1794 2760 1861 expositio
2812 1793 3140 1846 matcriaria.
3161 1789 3398 1854 Primum
3424 1789 3642 1857 qni-lem

2077 1885 2247 1956 ponit,
2281 1884 2410 1936 nihil
2438 1899 2622 1937 eorum
2651 1897 2768 1950 qua!
2822 1891 2966 1944 sunt,
2997 1895 3115 1934 esse
3149 1883 3264 1933 sine
3316 1895 3496 1940 causa,
3549 1868 3643 1932 sed

2010 2016 2016 2039 ;
2087 1977 2260 2032 solum
2302 1973 2464 2025 Deum
2503 1973 2628 2035 ;hic
2659 1973 2818 2037 igitur
2874 1972 2960 2038 qni
3019 1985 3234 2022 causam
3300 1985 3402 2021 non
3458 1970 3642 2030 habet,

2077 2082 2237 2120 causa
2269 2066 2505 2118 omnium
2534 2075 2640 2128 est,
2672 2065 2762 2131 qui
2795 2079 2856 2116 es
2886 2063 3056 2115 nihilo
3089 2073 3392 2115 creaturam
3448 2065 3644 2128 produ-

411 2160 557 2212 snnt,
586 2160 641 2203 et
669 2150 1015 2202 crediderunt
1040 2145 1227 2199 omnes
1257 2147 1427 2199 sancti
1454 2146 1562 2212 jam
1595 2146 1748 2210 dicti,
1776 2156 1828 2197 et
1851 2160 1974 2210 pro-

413 2237 1066 2308 phetm,etevangelistm,
1100 2250 1258 2305 atque
1303 2236 1551 2306 apostoli,
1627 2251 1732 2290 non
1782 2235 1974 2304 poterit

415 2345 647 2397 unquam
688 2330 790 2382 ulla
822 2330 983 2384 fallax
1018 2332 1273 2400 cogitatio
1313 2341 1498 2387 contra
1516 2330 1720 2383 radium
1740 2326 1979 2381 veritatis

417 2423 671 2477 resistere
700 2437 762 2474 ac
795 2437 1113 2492 repugnare.
1158 2421 1220 2475 Et
1249 2433 1466 2475 sanctus
1500 2435 1564 2473 ac
1595 2419 1809 2472 divinus
1837 2416 1972 2470 Ger--

417 2527 607 2566 manus
637 2512 690 2566 in
719 2513 1054 2581 expositione
1086 2512 1205 2564 ﬁdei
1231 2512 1305 2564 ait
1329 2528 1344 2564 :
1365 2509 1467 2565 Sed
1493 2513 1765 2564 veneratio
1787 2517 1975 2562 nostra

416 2613 471 2664 et
490 2605 668 2657 cultus
696 2605 863 2658 solam
891 2618 994 2657 non
1027 2614 1287 2666 creatam,
1313 2613 1366 2656 et
1423 2604 1474 2656 in
1550 2604 1816 2655 inﬁnitum
1884 2615 1981 2668 po-

434 2705 634 2750 tcntem
658 2709 818 2763 supra
839 2708 998 2762 quam
1022 2693 1388 2761 principialem
1421 2711 1433 2757 ;
1462 2703 1513 2745 et
1532 2708 1690 2759 supra
1709 2705 1866 2760 quam
1888 2692 1984 2743 bo-

421 2803 567 2852 nam,
603 2788 725 2840 vitze
748 2785 1064 2855 principem,
1089 2794 1142 2838 et
1170 2799 1328 2850 supra
1348 2785 1703 2837 substantiam
1741 2791 1982 2834 sanctam

421 2877 765 2941 Trinitatem,
793 2890 952 2929 unam
975 2875 1304 2930 divinitatem
1365 2884 1418 2926 et
1453 2864 1767 2940 potcsiatcm
1828 2871 1987 2925 corde

2079 2158 2150 2210 cit
2189 2155 2429 2220 ;idcirco
2463 2154 2594 2206 nihil
2628 2168 2814 2205 eorum
2850 2167 2967 2218 qua?
2994 2160 3140 2215 sunt,
3187 2162 3269 2203 est
3327 2163 3650 2204 ron-turnum

2079 2247 2306 2308 auctori,
2337 2245 2464 2312 qttin
2491 2244 2668 2310 potius
2704 2243 2786 2295 vel
2831 2258 2893 2295 ex
2925 2243 3189 2310 prinripio
3245 2244 3520 2306 temporis,
3576 2242 3652 2293 vel

2082 2352 2182 2389 nou
2211 2351 2272 2388 ex
2290 2335 2555 2401 principio
2591 2335 2867 2401 temporis,
2899 2333 2989 2386 sed
3019 2348 3083 2384 ex
3118 2334 3378 2398 pr'nripio
3411 2333 3507 2385 aevi
3535 2341 3611 2382 est
3641 2350 3654 2394 ;

2081 2427 2146 2479 ab
2170 2426 2249 2476 bis
2265 2426 2408 2478 enim
2434 2425 2688 2491 operibus
2712 2439 2830 2490 qua:
2853 2431 2979 2475 sunt
3002 2438 3064 2472 ex
3088 2423 3349 2490 prinripio
3375 2422 3657 2485 temporis,

2082 2516 2370 2583 requiescit
2392 2526 2444 2568 et
2469 2514 2762 2567 Sabbatttm
2803 2507 2910 2583 agit
2945 2513 3081 2566 Deus
3114 2533 3125 2576 ;
3160 2513 3495 2579 abopnibns
3538 2525 3662 2561 vero

2031 2637 2038 2645 -
2081 2620 2198 2672 qua:
2224 2619 2287 2656 cx
2310 2604 2572 2670 principio
2600 2603 2694 2654 arvi
2732 2612 2877 2666 sunt,
2931 2618 3034 2655 n0u
3071 2602 3383 2668 requiemit,
3419 2610 3471 2652 ct
3528 2599 3665 2652 Sab-

2081 2696 2261 2748 batum
2295 2697 2436 2777 agit;
2471 2703 2521 2745 et
2547 2692 2686 2760 quo-,l
2714 2690 2852 2744 Deus
2888 2691 3157 2744 inelividue
3205 2707 3267 2743 et
3289 2706 3346 2742 se
3372 2694 3488 2754 ipso
3513 2704 3669 2756 egi-c-

2089 2787 2265 2848 diens,
2296 2799 2398 2834 una
2446 2790 2710 2850 potestate
2737 2783 2916 2834 omnia
2942 2783 3213 2846 producit,
3248 2780 3301 2831 in
3341 2781 3482 2830 nullo
3525 2793 3661 2845 quo-

2087 2877 2225 2945 piam
2257 2877 2610 2944 propti-rhmc
2641 2875 2863 2939 divisus,
2913 2889 3086 2940 neque
3140 2873 3260 2939 quia
3331 2871 3674 2940 producendo

425 2985 527 3023 non
553 2967 831 3020 dubitante
865 2977 920 3019 et
950 2982 1043 3019 ore
1071 2965 1356 3019 cuuﬁtetur
1380 2983 1392 3025 ;
1413 2965 1536 3017 huic
1555 2965 1696 3016 enim
1731 2963 1830 3015 soli
1873 2961 1988 3016 cul-
2086 2966 2286 3030 omnia,
2314 2968 2492 3018 omnia
2528 2965 2603 3030 ﬁt,
2629 2966 2850 3029 idcirco}
2879 2963 3077 3030 aliquid
3119 2977 3301 3015 eorum
3360 2976 3475 3024 quae
3499 2961 3564 3012 ab
3596 2961 3680 3026 ip-

426 3059 799 3113 tumtiihucre
851 3067 1080 3126 oportet.
1143 3057 1205 3110 Et
1270 3066 1484 3109 sanctus
1532 3054 1805 3124 Cyrillus:
1861 3053 1988 3106 Sive
2092 3073 2153 3112 so
2180 3059 2313 3111 ﬁunt
2355 3067 2448 3110 aut
2482 3067 2734 3126 aguntur,
2762 3064 2844 3107 cst
2879 3070 2981 3106 non
3011 3062 3249 3106 creatum
3286 3069 3299 3104 :
3338 3066 3508 3118 neque
3550 3066 3676 3117 pos-

425 3149 570 3216 quis,
601 3148 795 3216 inquit,
821 3149 1061 3215 angelos,
1087 3148 1197 3199 sive
1250 3146 1450 3212 aliquid
1502 3147 1838 3212 superiorum
1903 3157 1995 3197 01⁵-
2023 3145 2067 3205 C
2099 3160 2224 3206 sunt
2250 3150 2425 3212 aliqua
2451 3151 2579 3210 duo,
2614 3156 2705 3200 aut
2734 3145 3021 3198 multitudo
3049 3154 3167 3210 post
3196 3143 3321 3205 duo,
3385 3151 3475 3192 aut
3529 3141 3673 3193 aliud

427 3241 632 3302 diuum,
674 3249 726 3291 et
761 3237 1278 3292 omniaintermedia
1303 3247 1714 3303 pratergressus
1755 3235 1822 3288 ad
1857 3235 2003 3302 ipsos
2109 3240 2236 3310 quid
2268 3239 2562 3292 secundum
2597 3237 2843 3303 superius
2864 3247 2917 3287 et
2950 3232 3175 3286 inferius
3205 3231 3550 3300 progrediens
3594 3245 3682 3283 es-

431 3329 762 3397 set-aphinos
786 3336 892 3394 eat,
913 3339 963 3381 et
981 3343 1264 3397 supremas
1283 3328 1482 3394 glori-is
1501 3327 1862 3396 aggrediatur,
1908 3340 2006 3378 na-
2107 3345 2166 3385 se
2188 3317 2479 3393 inﬁnitum,
2509 3337 2563 3382 et
2582 3327 2696 3381 sine
2723 3328 2983 3394 principio
3009 3342 3022 3378 :
3045 3326 3135 3377 sed
3156 3339 3318 3377 unum
3341 3323 3534 3385 solum,
3582 3323 3683 3374 hoc

431 3432 603 3476 ιυηηὶ
654 3436 760 3474 lion
809 3422 1168 3484 transcendet,
1226 3421 1308 3473 νει
1338 3419 1478 3473 enim
1515 3419 1714 3488 aliquid
1746 3432 2001 3485 ιιιρετηε,
2108 3432 2191 3478 est
2219 3423 2380 3486 Deus,
2404 3419 2885 3487 incomprehensus
2913 3426 3013 3480 est,
3040 3427 3094 3467 et
3118 3414 3545 3482 inaspectahilis,
3578 3422 3676 3463 eta

435 3512 537 3564 “00
567 3519 669 3575 (‘5',
701 3525 764 3562 εκ
792 3509 950 3562 PM"?
982 3511 1260 3573 luminum.
1286 3520 1339 3562 Cl
1398 3510 1599 3563 “Circo
1652 3508 1793 3561 Deus
1852 3525 1865 3561 ε
1918 3507 2002 3560 νει
2109 3515 2401 3568 contrariis
2431 3512 2576 3566 solus
2610 3514 2723 3580 ipse
2748 3510 3056 3563 nominatur
3080 3527 3091 3572 ;
3115 3509 3205 3561 sed
3258 3507 3551 3561 secundum
3595 3519 3684 3558 es-

435 3598 572 3652 infra
596 3595 1155 3669 aliquidintclligitnr,
1189 3609 1242 3650 ct
1265 3598 1497 3661 inferne,
1530 3599 1630 3651 hoc
1660 3606 1742 3651 est
1785 3605 2000 3649 creatu-
2109 3606 2338 3659 sentiam
2401 3618 2550 3656 suam
2581 3615 2797 3667 prorsus
2819 3609 2967 3652 caret
2998 3599 3234 3660 nomine,
3265 3597 3386 3663 quia
3407 3595 3553 3647 solus
3601 3603 3688 3646 est

437 3703 518 3754 ra,
543 3699 597 3742 ct
623 3704 687 3742 ex
719 3699 964 3743 creatura
998 3709 1010 3753 ;
1049 3688 1393 3756 interiectum
1425 3703 1555 3742 vero
1578 3687 1708 3740 nihil
1762 3686 2010 3738 funditus
2116 3709 2184 3748 ηο

1933 3698 2010 3737 m9
2116 3709 2221 3748 non
2253 3703 2467 3746 creatus
2495 3699 2548 3745 ct
2582 3692 2849 3756 ingenitus
2878 3708 2890 3752 ;
2915 3689 3096 3742 omnia
3117 3698 3293 3740 autem
3345 3697 3464 3754 post
3532 3697 3689 3739 natu-

437 3789 543 3842 ea.
570 3782 632 3832 Εῑ
663 3781 854 3833 item"!
882 3781 1020 3834 id"m
1057 3798 1069 3834 ε
1105 3781 1255 3845 Quml
1283 3781 1424 3834 νηίιη
1454 3789 1539 3833 (εει
1580 3779 1832 3846 opinione
1891 3777 2011 3830 “'0‘
2113 3800 2228 3842 ram
2265 3785 2500 3837 divinam
2534 3794 2658 3836 sunt
2683 3791 2887 3844 creata,
2912 3781 3035 3847 quia
3092 3779 3232 3831 inter
3275 3780 3449 3846 ipsum
3499 3778 3690 3837 Deum,

440 3887 559 3924 Tum
583 3885 756 3938 ιιαιιιε
781 3885 908 3934 Dure
929 3868 1089 3934 Deus.
1121 3884 1294 3938 neque
1317 3879 1499 3936 aperte
1555 3877 1826 3931 ετεθιυτει,
1848 3881 2006 3935 quem
2112 3885 2168 3926 et
2203 3881 2486 3927 creaturas
2513 3884 2685 3936 neque
2713 3869 3005 3937 quidquam
3034 3876 3137 3930 est,
3207 3881 3378 3933 neque
3419 3868 3704 3936 cogitatur

441 3964 613 4015 locum
645 3961 785 4030 apud
809 3961 952 4029 ipsos
977 3964 1192 4029 recipiet
1215 3964 1265 4015 in
1295 3962 1357 4014 iis
1376 3976 1499 4030 qua;
1547 3961 1698 4014 sunt?
1753 3959 1862 4029 Ego
1914 3971 2009 4012 ne-
2113 3978 2367 4032 tanquam
2422 3960 2653 4016 essentia
2701 3960 2986 4028 quaepiam.
3048 3956 3334 4024 Diligenter
3373 3955 3535 4021 igitur
3581 3969 3696 4005 ma-

441 4068 548 4122 que
579 4055 630 4107 in
653 4053 764 4108 sola
789 4053 1112 4120 cogitatione
1168 4054 1406 4120 recipere
1457 4053 1716 4116 dicerem,
1763 4053 2012 4119 quamvis
2127 4057 2264 4112 teria
2290 4053 2448 4122 hujus
2469 4053 2685 4106 decadis
2713 4068 2738 4100 a
2779 4049 3039 4115 theologis
3075 4049 3344 4113 exposita,
3382 4061 3504 4097 cum
3562 4045 3697 4097 alio—

442 4148 641 4216 eligere
671 4147 842 4200 solum
884 4160 1118 4213 possem.
1151 4147 1215 4199 Et
1265 4144 1508 4199 Justinus
1565 4144 1916 4214 philosophus
1968 4153 2024 4198 et
2127 4149 2217 4218 qui
2257 4148 2428 4215 ipsius
2459 4144 2549 4200 Dei
2595 4143 2915 4198 inﬁnitatem
2974 4128 3306 4209 cognoscere
3361 4153 3467 4191 non
3525 4137 3700 4206 possi-

447 4248 651 4307 marlyr
680 4257 693 4291 :
725 4238 932 4292 Etenim
963 4238 1006 4290 si
1029 4239 1154 4307 quid
1181 4238 1446 4305 principio
1470 4248 1624 4290 extra
1658 4235 1825 4289 Deum
1877 4244 2014 4302 erat,
2129 4254 2248 4294 mus
2280 4238 2380 4309 (l).

445 4328 667 4390 omnino
691 4327 1058 4382 necessarium
1097 4336 1182 4382 est
1225 4326 1471 4381 conﬁteri
1524 4327 1626 4381 hoc
1685 4333 1779 4378 aut
1827 4322 2020 4392 Deum,

436 4578 448 4593 ἱ
520 4506 686 4560 "lsa.
720 4522 867 4571 ηπ,
899 4509 951 4563 6.
1029 4506 1237 4564 “Psal.
1267 4522 1493 4571 cxtvm,
1514 4507 1571 4563 2.

1933 4625 2204 4688 Scholia.

523 4728 618 4807 (l)_
642 4730 718 4781 Ad
749 4730 1034 4807 cannam
1070 4732 1171 4784 hoc
1205 4741 1452 4785 extremo
1501 4732 1682 4807 capite
1731 4747 1795 4784 ex
1854 4729 2025 4807 radis
2061 4736 2104 4788 ι)
2134 4729 2196 4807 si
2221 4737 2379 4781 natus
2427 4728 2768 4807 nonnfnissf‘t
2806 4730 2964 4780 homo
3020 4727 3108 4807 ille
3143 4725 3358 4790 (Matth.
3394 4741 3538 4807 nitri,
3592 4723 3709 4807 2}):

453 4794 706 4852 Patribus
724 4800 801 4870 de
821 4794 1057 4868 ingenito
1077 4811 1257 4853 notata
1282 4794 1663 4870 sunt,adju'ngi
1689 4811 1866 4868 potest
1887 4800 2028 4868 quod
2157 4799 2216 4851 Et
2245 4797 2517 4870 quomodo
2537 4797 2610 4850 illi
2632 4795 2823 4870 melius
2852 4808 2991 4870 erat,
3023 4799 3064 4870 si
3100 4809 3255 4870 natus
3281 4811 3383 4848 non
3418 4794 3714 4870 t'uisset?_ei

454 4879 674 4920 sanctus
711 4864 1132 4937 Cnrysoslomus
1163 4864 1701 4937 scripsit,itisser€ns
1721 4871 1787 4924 de
1831 4864 2034 4936 ingeni-
2141 4864 2284 4937 enini
2319 4868 2410 4933 qui
2447 4883 2550 4918 non
2587 4879 2689 4931 est,
2735 4868 2865 4920 nihil
2900 4868 3176 4929 conducit,
3217 4880 3391 4932 neque
3424 4875 3604 4937 nocet.
3642 4864 3710 4916 Et

459 4952 512 4990 to
538 4946 723 4989 contra
759 4935 1047 4993 hairetims
1076 4941 1126 4991 in
1153 4935 1368 4991 homilia
1405 4943 1456 4990 in
1490 4941 1616 4991 illud
1652 4958 1663 4992 :
1716 4939 1769 4991 lu
1835 4939 2034 5002 princi-
2140 4935 2399 4990 Salomon
2436 4937 2652 4989 beatum
2682 4939 2934 5003 praedicat
2962 4953 3082 4987 nttm
3105 4939 3192 5002 qui
3228 4952 3332 4987 non
3365 4945 3450 4988 est
3473 4935 3714 4998 genitus,

457 5008 546 5070 pio
569 5017 683 5077 erat
706 5005 937 5077 Verbum
971 5006 1148 5072 (Joan.
1197 5025 1233 5073 t,
1272 5011 1344 5073 Ι),
1382 5020 1434 5060 et
1462 5025 1477 5061 :
1506 5008 1740 5077 Spiritus
1761 5019 2035 5061 scrutatur
2136 5010 2216 5058 sic
2253 5005 2398 5060 enim
2428 5007 2504 5058 ait
2533 5023 2546 5058 :
2580 5005 2778 5077 Beatus
2811 5007 2901 5068 qui
2940 5019 3187 5058 mortuus
3217 5017 3322 5069 cst,
3360 5009 3712 5077 magisquam

461 5073 728 5156 profunda
768 5076 859 5130 Dei
895 5077 936 5142 (Ι
965 5078 1094 5131 Cor.
1127 5071 1310 5156 _It_,’10)'
1338 5078 1466 5156 :__Ne
1491 5071 1791 5156 ex'i_stitti_es,
1825 5078 2024 5156 inquit,
2129 5079 2217 5156 xiv

1960 5078 2024 5156 it,
2129 5079 2342 5156 Hircus,
2375 5087 2428 5156 et
2457 5091 2617 5140 supra
2642 5076 2886 5156 duosqui
2913 5093 3014 5128 non
3040 5088 3123 5127 est
3154 5071 3711 5156 genitu-3.(Erc‘l‘e.utv,

464 5145 736 5225 lugeretice,
764 5161 1014 5225 magnum
1049 5148 1180 5225 quid
1214 5157 1266 5201 te
1297 5142 1536 5225 tribuere
1559 5148 1738 5225 Patri,
1765 5142 1918 5200 eum'
1942 5147 2024 5198 tli-
2129 5144 2184 5211 ἢ)
2218 5163 2232 5199 :
2265 5145 2331 5225 Et
2361 5145 2406 5198 si
2435 5162 2540 5197 non
2571 5142 2902 5225 estlgenitns,
2930 5148 3199 5225 quomodo
3226 5156 3307 5197 est
3332 5143 3556 5196 boatu»?
3594 5142 3724 5192 Vide

461 5216 694 5268 eisesse
723 5213 1019 5284 ingenitum
1050 5213 1217 5284 {quia
1259 5217 1422 5271 multa
1442 5217 1695 5286 alia'que
1726 5232 1829 5270 nou
1885 5229 2016 5272 sunt
2131 5216 2352 5286 nomina
2382 5225 2590 5286 natura;
2627 5215 2903 5283 ingenitae.
2930 5213 3072 5266 Dixit
3105 5216 3376 5267 hominem
3414 5227 3586 5279 neque
3631 5226 3726 5276 ge-

464 5294 739 5364 geuerata,
773 5283 1027 5364 dicuntur
1062 5283 1298 5364 ingenita
1342 5306 1369 5364 ;Δ
1391 5283 1783 5364 ιξίοἱιιιι-Ἀιιςιῃ)
1811 5287 2025 5364 ingeni-
2131 5285 2330 5364 nituun,
2362 5297 2534 5364 neque
2560 5283 2847 5364 formatum
2881 5286 3101 5338 beatum
3129 5283 3516 5350 pqnamobrcm
3546 5283 3728 5347 appel-

466 5367 572 5434 tns,
599 5353 720 5434 quia
759 5370 864 5434 non
894 5358 994 5434 fuit
1017 5358 1250 5424 genitus,
1279 5359 1371 5409 sed
1400 5356 1695 5434 formatus;
1723 5356 1924 5434 dicitur
1968 5371 2028 5408 e-
2132 5355 2261 5406 latio
2296 5353 2518 5434 ingenui
2551 5356 3090 5434 nou_interpretatur
3149 5368 3398 5404 naturain
3459 5353 3727 5422 divinant,

467 5416 595 5475 nam
617 5416 1103 5496 'humoingenitus,
1130 5416 1574 5496 non'getteratits,
1608 5416 1780 5496 neque
1823 5425 2028 5477 forma-
2129 5441 2250 5496 uer,
2288 5416 2446 5496 u_t"tu_
2470 5425 2570 5496 ais,
2606 5416 2960 5478 substantiam
2998 5425 3300 5488 signiﬁcat;
3333 5437 3435 5476 nec
3466 5416 3727 5475 honorem

465 5504 576 5559 tus,
602 5502 658 5548 ut
680 5508 799 5549 cum
837 5491 1097 5551 Dominus
1129 5491 1356 5551 dixit‘de
1382 5493 1520 5550 Juda
1556 5514 1569 5549 :
1604 5491 1807 5550 Bonum
1834 5505 1949 5550 erat
1977 5497 2025 5548 ei
2128 5495 2284 5548 all'ert
2306 5491 2474 5546 Patri.
2502 5492 2769 5550 llactcuus
2804 5495 3245 5564 Chrysostoutus.
