4446 6450
1955 421 2270 481 iOANNIS
2304 421 2485 481 CYPA
2498 423 2855 482 RISSIO’LE

3919 413 4033 480 ’Μ

1562 674 1807 736 DECAS
1845 677 2085 736 NONA.
2127 711 2196 721 —
2235 680 2346 738 DE
2406 679 2910 740 INFINITATE
2942 678 3039 738 IN
3067 675 3260 738 0E0.

1429 811 1659 867 CAPUT
1701 815 1741 867 1.

807 907 958 970 Quod
997 907 1053 958 in
1085 904 1214 963 Deo,
1258 906 1346 967 qui
1389 915 1462 955 est
1513 920 1674 969 supra
1728 904 2118 966 substantiam,
2157 923 2257 958 non
2291 917 2366 959 est

869 977 1154 1038 quidquam
1203 971 1350 1023 aliud
1415 989 1516 1023 non
1563 984 1798 1024 creatum
1877 983 2072 1038 praeter
2119 974 2365 1037 Patrem,

878 1041 1097 1099 Filium.
1130 1049 1176 1091 et
1211 1040 1460 1103 Spiritum
1495 1056 1729 1091 sanctum
1777 1043 1932 1092 unius
1976 1051 2024 1093 et
2073 1044 2235 1094 solius
2273 1059 2369 1094 na-

873 1122 1004 1161 tura:
1041 1125 1141 1160 non
1173 1116 1381 1167 crcatw,
1420 1123 1510 1158 mc
1540 1107 1684 1158 aliud
1717 1109 2000 1175 quidquam
2032 1122 2152 1162 ante
2176 1109 2372 1163 amula

877 1191 1064 1243 prater
1103 1176 1194 1227 has
1235 1187 1335 1226 tres
1372 1191 1616 1241 personas
1657 1178 1879 1228 divinas.

873 1263 1093 1328 Magnus
1128 1261 1432 1329 Dionysius,
1489 1265 1666 1328 capite
1696 1263 1869 1328 primo
1904 1262 2144 1331 Mysticaz
2178 1265 2373 1316 theolo-

805 1355 903 1417 gia!
930 1353 1206 1406 :Triuitas
1233 1365 1397 1416 supra
1425 1353 1802 1413 substantiam,
1825 1362 1877 1405 et
1914 1368 2077 1421 supra
2107 1355 2370 1419 divinum,

800 1451 854 1492 ct
891 1455 1050 1506 supra
1084 1440 1306 1499 bonum,
1339 1437 1552 1502 pietatis
1578 1438 2010 1490 Christianorum
2045 1453 2169 1505 erga
2208 1438 2370 1490 Deum

804 1544 1003 1596 praeses
1033 1538 1083 1579 et
1109 1536 1312 1588 custos,
1346 1526 1516 1593 dirige
1547 1541 1642 1577 nos
1677 1527 1740 1578 ad
1793 1527 2139 1594 mysticorum
2169 1540 2374 1579 sermo—

802 1634 929 1669 num
962 1616 1051 1668 Dei
1085 1629 1410 1682 supr-aquam
1448 1615 1685 1682 ignotum
1716 1614 1816 1682 (l),
1850 1625 1901 1667 et
1929 1630 2254 1682 supraquam
2285 1617 2371 1669 lu-

800 1721 928 1760 cens
963 1707 1062 1774 (2),
1101 1715 1263 1771 atque
1302 1719 1571 1758 summum
1606 1706 1917 1772 fastigium;
1951 1706 2042 1758 ubi
2079 1707 2372 1784 simplicia,

800 1808 854 1849 et
888 1798 1128 1850 absoluta
1169 1797 1268 1864 (3),
1300 1805 1352 1848 et
1393 1797 1747 1849 immutabilia
1784 1797 2065 1866 theologia:
2112 1798 2370 1866 mysteria

800 1889 1121 1955 aperiuntur
1154 1887 1204 1939 in
1253 1886 1484 1954 caligine
1529 1901 1856 1954 supraqnam
1893 1886 2106 1940 lucente
2157 1889 2356 1941 silentii

799 1991 1012 2030 arcana:
1036 1977 1316 2030 doctrinae.
1347 1973 1448 2035 Tn,
1481 1989 1598 2041 qua:
1634 1975 1683 2027 in
1715 1974 2048 2028 obscuritate
2074 1976 2378 2029 tenebrico-

802 2071 1015 2123 sissima
1053 2083 1378 2137 supraquam
1406 2067 1712 2120 clarissime
1739 2080 2060 2135 supraquam
2095 2066 2366 2133 splendes.

2397 825 2441 878 Α
2469 827 2522 872 et
2553 819 2683 872 nihil
2715 833 2873 886 supra
2921 833 2980 872 ea
3013 834 3131 886 qua:
3170 828 3336 883 sunt,
3381 826 3433 871 et
3464 832 3625 885 supra
3664 819 4031 874 substantiam

2469 923 2588 963 esse
2618 909 2876 976 cogitant,
2927 908 3055 976 quin
3109 909 3288 974 potius
3338 908 3674 960 arbitrantur
3708 925 3803 964 sua
3839 916 4030 979 cogni-

2473 999 2617 1052 tione
2674 1014 2831 1053 nosse
2879 1014 3003 1052 eum
3058 1000 3148 1068 qui
3223 1001 3401 1068 posuit
3450 1002 3703 1055 tenebras
3755 1002 4030 1056 latibulum

2472 1103 2645 1143 suum.
2691 1085 2748 1140 Si
2783 1098 2961 1141 autem
2999 1103 3161 1154 supra
3193 1089 3290 1141 hos
3323 1099 3450 1140 sunt
3485 1089 3791 1142 divinorum
3838 1101 4032 1160 myste-

2473 1172 2672 1224 riorum
2708 1173 3064 1239 cognitiones.
3099 1174 3234 1241 quid
3277 1175 3380 1227 dici
3415 1177 3612 1242 poterit
3660 1178 3725 1230 de
3771 1178 3893 1232 aliis
3926 1194 4036 1232 non

2473 1260 2715 1321 initiatis,
2748 1263 2838 1327 qui
2871 1276 3136 1316 summam
3167 1279 3384 1317 causam
3413 1267 3657 1319 omnium
3685 1282 3750 1320 ex
3775 1269 4036 1323 extremis

2476 1349 2548 1416 (b)
2582 1349 2632 1400 in
2663 1357 2849 1402 natura
2884 1365 3060 1404 rerum
3093 1353 3394 1414 designant,
3446 1353 3687 1422 nihilque
3729 1370 3847 1408 eam
3876 1367 4035 1410 ante-

2475 1438 2671 1491 cellere
2698 1438 2850 1490 aiunt
2886 1439 3067 1504 impiis
3097 1438 3445 1507 imaginibus,
3472 1456 3608 1509 quas
3655 1445 3755 1511 ipsi
3787 1446 4037 1510 tingunt!

2477 1526 2542 1579 Et
2569 1541 2790 1592 magnus
2821 1529 3152 1582 Athanasius
3183 1547 3197 1581 :
3231 1529 3358 1582 Sola
3396 1531 3538 1582 enim
3574 1542 3759 1585 sancta
3800 1531 4039 1588 Trinitas

2477 1615 2772 1669 divinitatis
2800 1632 2906 1669 non
2938 1629 3118 1672 creata
3160 1619 3431 1688 apparuit.
3461 1619 3525 1672 Et
3555 1620 3747 1675 beatus
3773 1622 4034 1677 Basilius:

2477 1703 2590 1756 Illic
2617 1705 2767 1757 stetit
2799 1707 2975 1771 beata,
3016 1716 3069 1760 et
3101 1723 3204 1762 non
3235 1716 3416 1761 creata
3457 1707 3714 1772 Trinitas,
3757 1711 3935 1776 Pater,
3985 1723 4040 1766 et

2479 1792 2665 1856 Filius,
2704 1804 2757 1846 et
2784 1794 3015 1863 Spiritus
3051 1805 3290 1850 sanctus.
3327 1797 3390 1850 Et
3413 1796 3706 1867 Gregorius
3728 1798 4038 1870 Nyssenus:

2478 1882 2618 1936 Nihil
2648 1886 2789 1936 aliud
2825 1896 2951 1939 ante
2990 1888 3179 1940 sarcula
3213 1898 3408 1954 praeter
3440 1888 3677 1954 Patrem,
3722 1903 3776 1945 et
3805 1893 3998 1946 Filium
4026 1934 4042 1957 ,

2479 1982 2532 2027 et
2558 1973 2811 2039 Spiritum
2836 1988 3099 2028 sanctum.
3122 1975 3187 2028 Et
3213 1977 3430 2031 divinus
3449 1978 3848 2052 Damascenusz
3883 1982 4046 2037 Solus

2481 2081 2585 2117 non
2627 2076 2863 2126 creatus,
2901 2066 2990 2133 qui
3027 2067 3078 2119 in
3113 2065 3295 2129 Patre,
3325 2077 3379 2122 et
3413 2068 3573 2134 Filio,
3602 2080 3654 2124 et
3684 2069 3887 2140 Spiritu
3915 2088 4042 2126 san-

800 2171 852 2212 ct
883 2163 933 2214 in
968 2160 1071 2214 illis
1099 2160 1476 2228 splendoribus
1532 2172 1858 2225 supraquam
1906 2157 2162 2225 pulchris,
2207 2167 2260 2211 et
2294 2168 2368 2210 ta-
2401 2170 2442 2224 Β
2475 2164 2563 2208 cto
2597 2154 2813 2210 colitur.
2839 2154 2915 2207 Ex
2940 2156 3137 2222 quibus
3170 2157 3226 2208 llt
3260 2157 3630 2222 manifestum,
3658 2162 3798 2227 quod
3829 2162 3880 2213 in
3916 2160 4045 2224 Deo,

800 2263 967 2313 ctum,
1000 2261 1049 2302 et
1083 2260 1358 2316 aspectum
1384 2250 1461 2318 (a)
1486 2265 1550 2302 ex
1580 2259 1690 2304 toto
1715 2248 2039 2316 fugientibus
2061 2257 2264 2299 mentes
2292 2249 2369 2316 (4)

799 2342 971 2394 oculis
1021 2349 1212 2409 captas
1260 2355 1585 2408 supraquam
1638 2339 1845 2404 imples.
1881 2337 2006 2390 Mihi
2053 2337 2212 2405 igitur
2256 2337 2371 2390 haec

799 2445 1070 2499 aptentur,
1101 2443 1152 2484 tu
1203 2447 1349 2493 vero,
1381 2431 1544 2483 chare
1597 2429 1898 2491 Timothee,
1949 2429 2001 2480 in
2054 2429 2365 2480 vehementi

804 2523 1150 2590 mysticarum
1189 2520 1699 2587 coutemplationum
1737 2520 2122 2573 exercitatione
2164 2530 2216 2571 et
2248 2534 2373 2572 sen-

800 2628 914 2674 sus,
943 2623 994 2665 et
1043 2627 1172 2665 usus
1216 2612 1415 2663 mentis
1454 2611 1716 2675 relinque,
1769 2618 1822 2661 et
1867 2609 2044 2661 ouiuia
2093 2623 2212 2676 qua:
2270 2609 2371 2661 sub

800 2717 1014 2755 sensum
1043 2712 1094 2754 et
1125 2701 1533 2769 intelligentiam
1581 2701 1812 2757 cadunt.
1863 2709 1916 2752 et
1964 2699 2214 2751 universa
2251 2714 2370 2767 qua:

798 2804 945 2855 sunt,
975 2801 1028 2842 et
1079 2807 1184 2845 non
1220 2800 1350 2844 sunt
1381 2791 1457 2857 (5)
1495 2807 1508 2840 :
1543 2800 1594 2842 et
1628 2792 1692 2844 ad
1737 2790 2156 2856 copulatiouem,
2193 2806 2369 2856 quan-

800 2892 910 2933 tum
941 2881 1197 2947 consequi
1230 2891 1401 2948 potes,
1433 2896 1554 2933 cum
1583 2893 1645 2932 eo
1680 2881 1767 2945 qui
1800 2894 1960 2944 supra
1997 2891 2212 2930 omnem
2240 2878 2373 2928 sub-

796 2973 1048 3025 stantiam
1087 2981 1140 3025 et
1175 2972 1537 3039 cognitionem
1579 2981 1694 3032 est,
1733 2972 1912 3038 ignote
1945 2970 2022 3038 (fi)
2062 2971 2323 3023 centende
2361 2990 2372 3023 :

798 3067 854 3115 ct
885 3074 1033 3115 extra
1067 3073 1115 3116 te
1156 3064 1365 3130 positus
1398 3077 1546 3128 pure.
1596 3071 1649 3114 et
1680 3062 1746 3114 ab
1792 3061 2045 3115 omnibus
2085 3060 2292 3114 solutus
2322 3069 2377 3114 et

796 3150 935 3204 liber
955 3152 1019 3204 ad
1058 3153 1261 3204 radium
1285 3153 1523 3205 divinum
1551 3151 1742 3204 divina:
1758 3151 2377 3214 obscuritatis,0muibus

795 3244 1012 3306 ablatis,
1050 3253 1106 3297 et
1155 3244 1221 3295 ab
1260 3245 1510 3297 omnibus
1561 3244 1846 3313 expeditus
1893 3242 2206 3295 adduceris.
2246 3241 2377 3296 Vide

796 3344 999 3397 autem,
1037 3345 1094 3387 ut
1125 3348 1282 3388 nemo
1311 3336 1424 3388 haec
1456 3336 1638 3387 audiat
1673 3350 1735 3388 ex
1766 3336 1830 3387 iis
1869 3336 1958 3401 qui
1993 3351 2093 3387 nou
2136 3347 2256 3388 sum
2293 3335 2376 3386 in-

797 3428 1024 3492 structi;
1070 3428 1168 3481 hos
1199 3426 1344 3491 dico,
1377 3426 1465 3495 qui
1501 3426 1660 3479 rebus
1701 3425 1933 3479 terrenis
1971 3426 2371 3487 adhmrcscunt,
2405 3441 2450 3502 ρ
2482 3432 2768 3488 sanctum;
2800 3431 2859 3475 et
2891 3437 3234 3475 cum-rursus
3282 3421 3512 3475 dicimus
3554 3436 3568 3474 :

2469 2251 2558 2315 qui
2610 2257 2686 2301 est
2730 2263 2889 2316 supra
2925 2249 3303 2314 substantiam,
3330 2266 3427 2304 nec
3465 2252 3610 2306 aliud
3634 2255 3927 2322 quidquam
3965 2267 4049 2310 est

2471 2353 2575 2390 non
2596 2349 2836 2391 creatum
2862 2348 3058 2407 prater
3082 2338 3552 2404 Trinitatem,‘nec
3580 2344 3724 2398 aliud
3744 2346 4052 2414 quidquam

2472 2437 2594 2482 ante
2633 2443 2806 2482 avum
2844 2439 3038 2496 praeter
3083 2432 3322 2491 Patrem,
3351 2441 3399 2485 et
3449 2432 3663 2496 Filium,
3698 2446 3749 2487 et
3786 2435 4047 2502 Spiritum

2471 2528 2734 2582 sanctum,
2763 2519 3271 2588 Trinitatemsupra
3299 2532 3566 2586 naturam,
3628 2537 3678 2576 ct
3709 2526 3760 2577 in
3793 2541 3893 2592 qua
3921 2527 4050 2579 sim-

2472 2609 2652 2675 plicia,
2703 2619 2755 2662 et
2814 2611 3100 2676 absoluta,
3166 2622 3328 2679 atque
3381 2614 3741 2667 immutabilia
3797 2617 4045 2684 mysteria

2475 2702 2753 2768 theologia:
2810 2704 3153 2772 deteguntur,
3192 2716 3245 2757 et
3292 2707 3391 2773 ipsi
3422 2709 3616 2760 occulti
3657 2724 3937 2761 sermones
3972 2710 4043 2763 si-

2475 2787 2621 2841 lentii
2651 2790 2970 2854 ineffabilia;
3004 2808 3169 2858 quare
3199 2794 3243 2845 si
3276 2808 3393 2860 qua:
3427 2804 3508 2848 est
3537 2807 3722 2849 natura
3751 2813 3854 2848 non
3897 2812 4050 2849 crea-

2480 2890 2567 2942 ta,
2607 2897 2668 2934 ea
2711 2894 2791 2933 est
2825 2881 2983 2935 Pater
3014 2895 3067 2938 et
3113 2885 3279 2937 Filius
3325 2895 3378 2938 et
3429 2886 3664 2951 Spiritus
3699 2899 3939 2940 sanctus.
3987 2887 4049 2940 Et

2479 2985 2667 3022 rur~us
2699 2987 2710 3019 :
2742 2968 2795 3021 Si
2843 2971 2968 3036 quid
3015 2982 3095 3023 est
3146 2970 3325 3033 Pater,
3375 2982 3428 3024 et
3467 2971 3653 3032 Filius,
3705 2981 3758 3023 et
3815 2971 4050 3039 Spiritus

2477 3070 2716 3120 sanctus,
2755 3061 2866 3111 sola
2903 3076 3006 3112 non
3049 3071 3227 3113 creata
3264 3071 3449 3114 natura
3496 3070 3616 3124 est,
3664 3071 3718 3114 et
3766 3077 3884 3114 cum
3919 3062 4053 3115 diei-

2480 3164 2601 3202 mus
2648 3166 2660 3200 :
2714 3148 2757 3203 Ο
2806 3159 2996 3202 natura
3040 3165 3144 3202 non
3177 3158 3359 3202 creata
3387 3190 3401 3212 ,
3436 3160 3628 3203 auctor
3659 3152 3930 3210 omnium,
3967 3153 4051 3205 vel

2481 3250 2678 3308 praeter
2716 3241 2953 3293 divinam
3005 3250 3254 3293 naturam
3316 3239 3448 3293 nihil
3500 3251 3580 3294 est
3627 3257 3733 3294 non
3771 3255 4052 3305 creatum,

2484 3333 2752 3398 implicate
2784 3333 3015 3387 dicimus
3054 3332 3290 3395 Patrem,
3329 3342 3383 3384 et
3432 3331 3653 3393 Filium,
3701 3344 3750 3386 et
3792 3333 4054 3402 Spiritum

3614 3421 3773 3475 Pater
3809 3425 4059 3493 omnipo—

2258 3564 2533 3627 Scholia.

797 3768 801 3772 .
862 3718 937 3784 (Ι)
966 3716 1294 3786 Supraqunm
1335 3720 1585 3785 ignotum.
1630 3717 1763 3782 Quia
1806 3717 1928 3782 quid
1966 3715 2034 3767 sit
2069 3714 2228 3777 Deus,
2274 3713 2364 3779 qui

792 3799 876 3840 cst
905 3799 1087 3840 saneta
1121 3788 1378 3850 Trinitas,
1412 3803 1514 3840 non
1547 3787 1718 3838 solum
1763 3796 1843 3839 est
1875 3787 2147 3853 ignotum.
2181 3794 2238 3836 ut
2271 3799 2367 3835 nos

793 3859 1094 3924 intelligere
1129 3872 1412 3922 possumus
1445 3858 1495 3908 in
1524 3857 1792 3909 creaturis
1832 3850 2034 3922 aliquid
2065 3869 2184 3907 esse
2211 3856 2364 3920 igno-

795 3938 928 3983 tum,
966 3929 1054 3977 sc-l
1086 3936 1164 3977 est
1191 3942 1515 3993 supraquam
1555 3927 1816 3987 ignotum.

864 3995 939 4061 (ξ)
981 3995 1309 4057 Sttpraquam
1345 3992 1537 4064 lucetis.
1569 3995 1700 4058 Quin
1739 3996 1972 4064 cognitio
2003 4003 2084 4047 est
2118 3992 2362 4064 qumdam

794 4063 877 4115 lux
918 4067 1131 4126 mentis,
1160 4065 1423 4130 signiﬁcat
1460 4063 1762 4132 Dionysius.
1797 4063 1902 4115 non
1934 4078 2053 4116 esse
2086 4063 2360 4127 proprium

795 4132 885 4184 llci
925 4135 1003 4185 sic.
1039 4135 1290 4198 cognosci
1339 4133 1479 4201 quod
1516 4135 1606 4192 sit.
1640 4142 1693 4186 et
1728 4135 1899 4184 bonus
1945 4134 2036 4194 sit,
2069 4141 2120 4184 et
2157 4132 2361 4196 reliqua

792 4203 1058 4268 ejusmodi
1098 4203 1185 4254 Dei
1224 4203 1458 4270 propria,
1488 4205 1625 4253 sicut
1665 4217 1764 4255 nos
1794 4202 2165 4267 intelligimus,
2196 4210 2250 4252 et
2278 4217 2368 4253 co-

791 4273 1097 4339 gnoscimus
1139 4275 1188 4324 in
1231 4274 1511 4334 creaturis,
1540 4286 1680 4333 esse,
1722 4282 1774 4323 et
1818 4273 1950 4324 tales
1976 4285 2131 4331 eSse,
2157 4272 2254 4321 sed
2286 4280 2367 4323 εει

791 4342 1032 4408 cognitio
1078 4341 1194 4406 ejus
1261 4342 1475 4406 propria
1525 4357 1683 4408 supra
1734 4358 1945 4394 omnem
2001 4339 2365 4405 cognitionem

790 4421 1026 4462 creatam
1102 4427 1128 4461 a
1160 4426 1218 4462 se
1269 4412 1413 4462 enim
1450 4410 1645 4471 solum,
1681 4421 1738 4462 ut
1765 4412 1916 4465 decet
1963 4412 2012 4463 id
2053 4419 2157 4472 est,
2190 4409 2367 4476 perie-

790 4488 896 4544 (τιν’⁹
935 4494 1164 4538 εθεζηυεο
1190 4488 1276 4531 lllt‘
1313 4494 1452 4533 esse.

865 4552 938 4614 (5)
971 4548 1243 4614 Simpliria
1281 4558 1327 4601 et
1362 4549 1620 4602 absoluta.
1649 4547 1740 4602 Illa
1778 4551 1927 4607 dicit,
1963 4564 2079 4614 qme
2111 4548 2249 4599 nude
2282 4562 2368 4600 se-

790 4621 894 4672 cuti
930 4628 1075 4678 sunt,
1112 4619 1226 4671 sine
1264 4621 1650 4683 integuunntis
1690 4619 2022 4686 symbolicis,
2047 4629 2100 4670 et
2125 4619 2241 4670 siue
2273 4632 2365 4682 pa-

790 4690 1007 4747 rabolis,
1042 4703 1103 4738 ac
1131 4689 1248 4740 sine
1275 4689 1454 4741 verbis
1482 4729 1494 4746 .
1527 4706 1644 4756 qua!
1675 4688 2033 4754 explicatione
2084 4687 2365 4752 indigent,

792 4759 1162 4823 intelliguntur
1202 4768 1255 4811 et
1287 4759 1556 4817 videntur.
1604 4756 1712 4810 Deo
1751 4758 2025 4823 aperiente
2065 4757 2359 4824 mysteria;

2471 3722 2650 3779 potest
2681 3712 2878 3778 caligo.
2909 3726 3083 3775 neque
3112 3726 3231 3777 quae
3259 3709 3485 3775 caligine
3509 3709 3721 3779 obtecta
3747 3708 3890 3779 sunt)
3920 3707 4059 3779 vidit

2471 3776 2694 3838 Paulus.
2728 3776 3065 3843 et‘cugnovit
3100 3776 3149 3832 in
3205 3780 3323 3833 luce
3365 3778 3678 3832 clarissima:
3709 3776 4060 3830 revelationis

2468 3853 2584 3906 sine
2631 3853 2752 3901 ullis
2789 3849 3064 3918 symbolis.
3111 3848 3243 3901 Illud
3293 3860 3472 3900 autem
3502 3845 3902 3918 observandum
3938 3859 4041 3905 εει,

2471 3937 2536 3973 ne
2589 3923 2713 3986 quis
2744 3915 3093 3983 interpretem
3122 3927 3324 3971 temere
3357 3915 3903 3986 reprehendat,q_uod
3940 3929 4060 3966 ver-

2471 3984 2630 4043 timus
2665 4006 2678 4042 :
2714 3991 3038 4050 Ap~riuntnr
3073 3989 3123 4056 in
3159 3987 3429 4056 caligine),
3451 3986 3611 4056 Amale
3647 3984 3753 4056 legi
3791 3984 3841 4034 in
3869 3997 4058 4056 exem-

2475 4059 2713 4126 plaribus
2749 4057 2953 4111 Grzecis
2984 4058 3036 4110 in
3072 4055 3220 4109 Italia
3259 4053 3312 4109 et
3347 4058 3398 4107 in
3435 4053 3607 4108 Gallia
3644 4053 3904 4126 hactenus
3941 4053 4058 4126 edi:

2477 4121 2564 4192 iis,
2608 4127 3036 4192 ἐγκαλύπτεται,
3083 4127 3134 4178 id
3179 4136 3283 4181 est.
3331 4134 3606 4192 teguntur;
3664 4122 3857 4173 melius
3883 4121 4058 4192 reperi

2477 4200 2527 4250 in
2555 4189 2560 4192 ⁷
2587 4189 2883 4262 exemplari
2935 4197 3326 4260 manuscripto,
3390 4189 3530 4258 quod
3557 4190 3929 4259 Cyparissiota
3965 4189 4064 4242 ba-

2475 4269 2608 4330 bttit,
2646 4266 3066 4325 summitteret,
3098 4265 3148 4315 id
3188 4275 3288 4320 est.
3318 4265 3661 4327 detegantur.

2548 4327 2623 4405 (1)
2671 4334 2868 4388 Mente:
2910 4335 3185 4405 angelicas
3215 4333 3399 4405 oculis
3446 4339 3629 4405 captas
3663 4327 3795 4379 dicit
3834 4344 3940 4405 prie.
3977 4332 4061 4405 in:

2479 4399 2625 4459 111ιέιὰ
2683 4399 3009 4457 excellentia
3057 4403 3224 4455 divini
3279 4399 3628 4468 splendoris;
3670 4409 3797 4449 sunt
3861 4399 4061 4466 alio-pii

2481 4478 2664 4527 multis
2693 4474 2865 4527 oculis
2905 4473 3143 4540 praediti?
3170 4481 3391 4539 propter
3434 4468 4056 4540 utullanrcognitionem

2518 4546 2707 4610 rnpt'itP
2745 4536 3032 4593 facultatis.
3067 4536 3218 4593 Sicut
3252 4536 3394 4592 enim
3435 4536 3575 4588 Deus
3626 4536 3823 4610 dicitur
3874 4537 4061 4590 invisi-

2518 4561 2707 4610 ηψπ-ιιι)
2745 4561 3032 4593 ιειςιιιιιὶιις.
3067 4561 3218 4593 διεηι
3252 4561 3394 4592 8111111
3435 4561 3575 4588 UCIIB
3626 4561 3823 4587 IIICIuIr
3875 4561 3982 4590 IIIVI

2478 4561 2628 4676 gilis,
2660 4614 2736 4663 sic
2769 4612 3019 4664 dicuntur
3052 4611 3306 4679 angelica:
3343 4616 3549 4658 mentes
3579 4607 3749 4679 oculis
3781 4616 3982 4672 captae.

2517 4672 2625 4752 .(5i
2664 4681 2916 4752 Universa
2948 4695 3062 4747 qua
3095 4672 3319 4752 sicut,“
3363 4691 3467 4752 non
3502 4684 3648 4752 sunt.
3689 4672 3742 4724 lal
3775 4686 3857 4752 est
3886 4715 3901 4736 ,
3943 4691 4064 4728 om-

2473 4744 2562 4806 nia
2604 4744 3024 4804 intellectilia'et
3074 4747 3330 4808 scttsilia;
3369 4745 3481 4797 haec
3510 4744 3653 4795 enim
3688 4751 3904 4809 pr0pter
3933 4760 4066 4800 con-

788 4845 906 4892 «lita:
947 4813 1027 4879 sic
1057 4833 1268 4880 (isleuSn
1314 4837 1368 4878 ct
1430 4813 1662 4880 revelata
1689 4865 1704 4889 ,
1752 4813 1856 4880 non
1897 4813 2138 4893 possunf
2174 4813 2357 4892 postea
2394 4823 2440 4880 Ι)
2467 4824 2668 4876 tiuuam
2713 4820 3066 4872 mutationem
3121 4817 3444 4871 dicebautur
3497 4826 3528 4865 a
3571 4813 3909 4880 philosophis
3957 4831 4064 4869 non

789 4911 1043 4951 sermone
1095 4897 1338 4963 expromi
1367 4936 1382 4956 .
1435 4897 1574 4950 sicut
1610 4896 1805 4949 Paulus
1837 4898 1901 4949 de
1938 4895 2249 4963 huiusmodi
2279 4897 2361 4944 vl-

788 4969 941 5021 sione
983 4974 1033 5015 ct
1073 4962 1400 5018 revelatione
1433 4967 1813 5034 mysteriorum
1849 4966 2075 5032 simplici
2107 4962 2366 5034 etiabso-

789 5039 922 5097 Ima,
957 5037 1006 5087 id
1050 5050 1153 5098 est,
1187 5038 1324 5087 nuda
1376 5048 1426 5088 et
1479 5033 1660 5102 aperta
1715 5036 1935 5087 remotis
1985 5033 2262 5101 symbolis,
2314 5044 2368 5087 et

791 5108 968 5158 verbis
1015 5107 1376 5169 exiilicaiiOIte
1413 5106 1799 5167 indigentibus,
1852 5105 1902 5156 in
1951 5115 2100 5171 raptu
2138 5105 2225 5153 illo
2268 5119 2365 5156 suo

790 5177 1046 5242 scripsit:
1075 5176 1204 5237 Qun:
1231 5195 1333 5228 nou
1363 5179 1507 5237 licet,
1534 5177 1727 5240 inquit,
1753 5175 1953 5226 homini
1980 5174 2121 5241 loqui
2149 5171 2366 5242 ("Con

793 5264 888 5304 ait.
925 5247 1017 5316 4);
1057 5249 1123 5298 ad
1174 5247 1273 5298 hoc
1327 5250 1470 5299 enim
1523 5249 1734 5297 videtur
1787 5243 2074 5316 Dionysius
2123 5243 2370 5316 retulisse

791 5318 933 5379 quod
963 5313 1072 5369 iliic
1120 5317 1275 5369 dixit.
1311 5317 1363 5367 In
1402 5316 1629 5380 caligine
1664 5328 1992 5381 supraquam
2041 5313 2252 5364 lucente
2292 5313 2369 5367 si-

793 5387 938 5438 leutii
975 5403 1186 5439 arcanae
1209 5387 1488 5448 doctrinm,
1517 5385 1800 5449 caliginem
1824 5384 2057 5444 vocavit,
2087 5397 2205 5443 qna:
2234 5383 2366 5435 Pau-

794 5457 878 5507 lns
908 5455 1147 5524 ᾶρρητα,
1177 5459 1222 5506 id
1252 5464 1354 5518 est,
1385 5470 1608 5518 arcana;
1642 5455 1754 5507 haec
1785 5453 1930 5504 enim
1959 5451 2372 5524 obscurissima,

793 5538 848 5578 et
892 5521 1011 5593 quae
1041 5521 1302 5593 espliuari
1342 5541 1446 5577 non
1491 5533 1718 5594 possunt
1750 5523 1919 5592 (sicut
1971 5536 2144 5589 neque
2201 5521 2368 5574 videri

866 5688 942 5753 (a)
973 5685 1197 5737 Tantum
1223 5726 1235 5745 ,
1286 5697 1340 5738 et
1388 5695 1661 5751 aspectum
1713 5684 2048 5738 iutcllectilcs
2082 5683 2245 5745 dicit;
2281 5692 2365 5734 est

796 5762 941 5812 cnim
971 5757 1206 5826 Cogttilio
1248 5760 1492 5826 quit-dum
1536 5757 1699 5811 tactio
1760 5768 1812 5810 cl
1867 5756 1999 5810 visio
2037 5753 2357 5808 ittlullcClus.

2469 4907 2620 5031 esi?)
2657 4957 2863 5029 Ignota.
2902 4957 3187 5031 Signiﬁcat
3221 4970 3327 5008 non
3365 4967 3494 5031 esse
3526 4953 3743 5031 curiose
3777 4943 4067 5031 inquiren-

2473 5024 2622 5096 duin,
2669 5024 2939 5096 quomodo
2966 5028 3056 5080 flat
3089 5024 3460 5096 istakcognitio
3490 5025 3735 5096 mysticae
3781 5025 4069 5096 theologia:

2474 5116 2570 5170 per
2602 5091 2992 5170 copulatioueni
3030 5091 3314 5170 cum‘Deo,
3351 5091 4065 5170 relicta‘omnialiaat-ogui-

2477 5161 2624 5224 iioue
2659 5161 2872 5230 rerum;
2909 5169 2959 5219 id
2991 5173 3135 5235 quod
3164 5165 3359 5235 Paulus
3391 5162 3666 5235 apostolus
3696 5161 4056 5235 signiﬁcavit,

2477 5255 2601 5295 Cum
2633 5239 2772 5293 dixit
2811 5239 2877 5290 de
2912 5231 3127 5289 illa'sua
3177 5251 3298 5287 cum
3336 5233 3446 5285 Deo
3471 5231 3836 5297 copulatione,
3877 5233 3928 5283 iu
3963 5247 4068 5298 qua

2482 5320 2736 5378 mysteria
2776 5309 2860 5360 illa
2896 5320 3092 5378 arcana
3123 5305 3254 5378 vidit
3301 5319 3313 5354 :
3355 5301 3481 5378 Sive
3508 5302 3899 5378 “incorpore,
3955 5305 4073 5378 sive

2481 5369 2635 5432 ex'tra
2687 5391 2907 5445 corpus,
2942 5376 3149 5438 nescio,
3186 5372 3327 5445 Deus
3359 5372 3462 5445 scit
3499 5371 3704 5445 (ibid.).
3734 5369 3953 5445 Nescio,
3986 5372 4074 5445 in-

2482 5450 2618 5515 quit,
2654 5448 2704 5502 id
2738 5440 2820 5501 est
2843 5489 2854 5511 ,
2891 5440 2995 5499 non
3029 5449 3243 5497 curiose
3273 5440 3513 5515 inquiro,
3548 5441 3682 5497 satis
3710 5440 3843 5494 tnihi
3877 5457 3958 5496 cat
3991 5442 4072 5495 vi-

2481 5513 2626 5572 disse
2661 5526 2712 5571 et
2754 5518 2971 5570 audisse
3003 5530 3201 5568 arcana
3231 5513 3341 5577 illa,
3382 5521 3486 5566 etc.

2544 5679 2617 5749 (b)
2656 5680 2909 5734 Extrema
2947 5679 3000 5734 in
3037 5680 3198 5735 rebus
3244 5689 3400 5732 vocat
3458 5679 3740 5733 materiam
3794 5676 4064 5731 inanima-

2473 5769 2603 5813 ιςιιιι.
