4446 6450
414 421 520 483 925

1256 428 1495 490 DECAS
1545 430 1643 489 IX-
1678 432 1881 490 —‘DE
1915 431 2361 496 iNFINITATE
2402 437 2483 495 IN
2515 434 2690 493 DEO.

3526 423 3640 490 926

410 542 548 595 trus,
577 530 784 598 Filihet
809 531 1045 600 Spiritus
1070 543 1274 595 sancte.
1306 537 1568 603 explicate
1598 552 1756 590 unam
1783 547 1836 589 et
1869 554 1969 589 non
1999 541 2045 596 Α
2073 549 2156 593 cla
2194 543 2459 596 Trinitate
2488 559 2646 596 unam
2678 541 3006 594 divinitatem
3035 580 3050 599 .
3079 548 3132 592 et
3168 554 3331 593 unum
3400 555 3646 606 regnum.

410 630 646 672 creatam
692 617 940 675 naturam
992 625 1337 689 incovamus;
1390 626 1522 678 nihil
1571 637 1971 680 commoventes

412 708 465 761 in
500 710 624 770 title.
655 727 774 779 qua:
822 722 969 765 tenet
1015 715 1280 780 unitatem
1328 731 1452 773 esse
1496 718 1548 772 in
1584 717 1970 788 Trinitate,“

409 797 723 855 Trinitatem
757 803 811 855 in
841 804 1067 859 unitate.

1022 937 1250 992 CAPUT
1295 938 1359 991 ll.

411 1047 564 1109 Quod
591 1047 646 1097 in
674 1047 796 1108 Deo,
825 1048 914 1113 qui
939 1057 1014 1100 est
1041 1065 1198 1110 supra
1225 1050 1598 1113 substantiam,
1633 1066 1731 1103 non
1759 1063 1830 1099 est
1861 1051 1968 1102 alia

477 1115 723 1167 divinitas
761 1115 896 1176 eius,
933 1118 1036 1168 nisi
1086 1115 1264 1178 Pater,
1309 1129 1354 1168 et
1399 1117 1588 1178 Filius,
1642 1127 1690 1170 et
1742 1117 1968 1177 Spiritus

477 1193 711 1244 sanctus,
742 1200 847 1234 una
887 1196 932 1234 et
975 1186 1084 1236 sola
1128 1200 1229 1235 non
1276 1187 1449 1236 creata
1482 1197 1709 1248 natura;
1743 1202 1833 1236 nec
1858 1187 1968 1237 alia

481 1263 736 1321 potestas,
767 1253 869 1303 sive
899 1254 1087 1309 rimis.
1132 1262 1181 1304 et
1211 1256 1448 1321 operatio
1481 1255 1532 1305 in
1572 1255 1716 1319 ipso,
1750 1255 1853 1305 nisi
1891 1255 1971 1307 Ita

481 1329 584 1370 tres
617 1319 806 1371 divina!
831 1334 1091 1382 personet.

483 1427 740 1480 Dominus
767 1429 817 1480 in
845 1429 1132 1495 Evangelia
1154 1431 1228 1483 ait
1254 1449 1266 1483 :
1293 1432 1488 1483 Arnodo
1509 1433 1746 1486 videbitis
1772 1393 1970 1485 Filium
2020 1457 2023 1460 ·

408 1517 632 1569 hominis
655 1519 913 1570 sedentem
938 1535 969 1570 a
993 1519 1192 1572 dextris
1219 1522 1427 1574 virtutis
1459 1521 1574 1582 Dei.
1611 1534 1658 1574 et
1688 1525 1967 1576 venientem

408 1609 464 1658 in
512 1607 732 1659 nubibus
764 1608 879 1660 caeli
911 1608 978 1662 ⁸¹.
1008 1608 1070 1661 Et
1100 1625 1290 1664 rursus
1331 1627 1346 1664 :
1391 1611 1452 1666 Si
1486 1626 1656 1664 autem
1697 1614 1751 1664 in
1781 1615 1973 1665 virtute

409 1693 502 1746 Dei
527 1696 681 1754 eiicio
710 1697 970 1751 dwmonia
995 1698 1062 1751 ⁸¹.
1101 1699 1164 1750 Ει
1195 1702 1366 1753 adhuc
1400 1717 1412 1752 :
1454 1701 1552 1754 l'os
1583 1713 1754 1755 autem
1797 1704 1971 1756 sedete

407 1784 462 1833 in
504 1787 711 1837 civitate
741 1787 1058 1843 Jerusalem.
1088 1789 1248 1842 donec
1280 1792 1578 1844 induamini
1621 1795 1858 1845 virtutem
1905 1809 1970 1846 ex

2079 642 2137 689 et
2169 647 2334 682 unum
2368 633 2725 692 dominaluiu,
2759 633 3067 685 anathema.
3109 629 3392 682 Confessio
3439 641 3643 682 sancta:

2075 734 2131 777 et
2164 724 2512 777 ceumenicm
2560 732 2725 776 serta:
2753 722 2942 790 synodi
2978 736 2992 773 :
3035 721 3143 773 Nos
3173 735 3344 787 neque
3374 731 3483 773 tres
3515 720 3648 773 deos

2078 815 2296 872 sciunts,
2329 827 2498 875 neque
2533 823 2672 864 tutos
2706 813 2900 864 multos
2950 815 3098 870 deos,
3155 812 3236 863 vel
3287 821 3524 872 naturas,
3563 812 3642 860 vel

2078 904 2432 965 substantias,
2468 903 2549 955 vel
2576 902 2886 954 divinitatea
2935 902 3203 963 novimus,
3243 911 3334 951 aut
3375 902 3650 964 cognosci-

2084 1007 2234 1055 mus;
2268 999 2355 1043 aut
2384 991 2474 1057 qui
2503 999 2913 1057 cognoscerent,
2943 990 3193 1040 novimus
3225 1006 3238 1041 :
3277 988 3382 1038 imo
3410 1002 3531 1038 eum
3555 984 3646 1051 qui

2082 1081 2262 1142 habet,
2291 1081 2373 1131 vel
2403 1080 2585 1139 sentit,
2610 1076 2690 1129 vel
2718 1079 3013 1144 cognoscit,
3033 1075 3499 1126 anathematismis
3525 1074 3649 1124 sub-

2076 1168 2316 1236 jicimus.
2343 1167 2632 1236 Gregorius
2653 1165 2929 1230 Nyssenus
2951 1164 3004 1216 in
3033 1165 3169 1216 libro
3204 1163 3482 1227 inscripto,
3519 1163 3648 1224 Qua

2077 1260 2146 1310 sit
2181 1257 2473 1309 Christiani
2506 1256 2761 1321 professio
2788 1271 2805 1306 :
2837 1253 2936 1316 Qui
2969 1252 3136 1311 enim,
3171 1251 3364 1315 inquit,
3400 1262 3491 1299 eos
3515 1262 3647 1300 con-

2078 1349 2300 1401 demnat
2339 1347 2429 1413 qui
2472 1346 2656 1397 dicunt
2712 1360 2870 1395 uuam
2929 1343 3286 1400 divinitatem,
3343 1338 3650 1390 neceSsario

2080 1438 2160 1489 vel
2194 1437 2387 1487 multas
2415 1435 2636 1497 dicenti,
2663 1433 2741 1485 vel
2776 1433 2996 1493 nullam,
3020 1430 3348 1490 assrutitur;
3377 1440 3480 1478 non
3508 1425 3648 1477 enim

2081 1525 2372 1592 quidquam
2407 1523 2551 1574 aliud
2586 1530 2779 1588 prater
2810 1521 2921 1572 brcc
2987 1520 3124 1572 dicta
3165 1517 3384 1585 cogitari
3437 1523 3652 1581 potest,

2084 1616 2210 1681 quin
2260 1615 2368 1665 imo
2403 1627 2578 1679 neque
2624 1610 2868 1662 doctrina
2915 1608 3210 1676 Scriptura:
3247 1607 3448 1658 multas
3480 1605 3649 1666 dicit,

2083 1716 2201 1765 qum
2226 1700 2425 1751 alicubi
2449 1699 2692 1750 meminit
2722 1697 3068 1765 singulariter
3089 1695 3405 1753 divinitatis,
3440 1703 3496 1744 ut
3529 1709 3650 1745 cum

2083 1791 2159 1842 ait
2195 1809 2208 1842 :
2246 1788 2308 1840 In
2345 1791 2454 1855 ipso
2484 1789 2683 1860 habitat
2716 1790 2886 1840 omnis
2914 1787 3181 1853 plenitudo
3214 1785 3506 1836 divinitatis
3540 1799 3655 1833 cor-

407 1874 514 1925 allo
536 1874 602 1926 ⁸³.
631 1873 693 1925 Ει
717 1876 930 1929 divinus
962 1880 1280 1941 Apostolus:
1305 1878 1540 1932 Christus
1567 1880 1659 1932 Dei
1686 1883 1971 1948 sapientia,
2007 1886 2046 1938 Β
2076 1880 2330 1947 pot-aliter
2368 1879 2440 1932 ".
2475 1879 2532 1929 Si
2560 1879 2720 1944 igitur
2748 1877 3039 1928 extendere
3084 1889 3366 1925 nume-rum
3399 1871 3651 1922 divinita-

403 1971 454 2015 ει
493 1962 582 2014 Dei
614 1964 777 2020 rirtus
793 1965 856 2018 “.
878 1965 1170 2032 Gregorius
1193 1969 1461 2035 Nyssenns
1491 1987 1502 2018 :
1541 1971 1602 2021 'll
1636 1971 1881 2037 δύναμις,
1923 1971 1974 2021 id

405 2063 512 2117 cst,
540 2055 732 2117 virtus,
772 2059 887 2110 sive
922 2068 1183 2125 potestas,
1224 2077 1350 2114 cum
1396 2064 1460 2112 ad
1509 2061 1672 2115 Deum
1723 2055 2005 2121 refertur,‘

407 2144 757 2210 singulariter
788 2146 1040 2214 eﬂ'ertur;
1077 2131 1196 2202 eum
1250 2165 1377 2202 vero
1424 2151 1488 2202 ad
1544 2163 1845 2211 creaturas.
1881 2169 1979 2204 nu-

406 2246 557 2284 mero
607 2235 980 2290 multitudinis.
1036 2237 1328 2307 Gregorius
1377 2238 1685 2307 Theologus
1731 2257 1745 2291 :
1798 2241 1975 2295 Unum

409 2323 618 2384 tria,-et
648 2328 747 2377 tria
777 2343 939 2380 unum
969 2369 982 2390 ,
1019 2331 1068 2382 in
1101 2333 1296 2398 quibus
1329 2343 1408 2386 est
1443 2334 1727 2398 divinitas;
1767 2333 1849 2385 vel
1884 2349 1977 2400 po-

408 2412 515 2466 tius
544 2415 737 2480 dicam,
763 2432 879 2483 qua:
909 2432 1033 2474 Sunt
1068 2423 1338 2477 divinitas.
1365 2425 1424 2477 Et
1465 2440 1650 2480 rursus
1679 2427 1815 2478 idem
1847 2445 1859 2480 :
1889 2428 1978 2481 Dei

409 2516 540 2555 vero
572 2519 694 2556 eum
743 2507 885 2571 dico,
938 2512 1061 2565 dico
1116 2513 1310 2574 Patris.
1357 2527 1408 2566 et
1461 2516 1603 2581 Filii,
1650 2526 1705 2569 et
1747 2518 1983 2586 Spiritus

407 2598 599 2665 sancti;
643 2614 816 2668 neque
843 2600 1126 2656 divinitate
1157 2607 1292 2658 ultra
1333 2607 1445 2659 hare
1478 2607 1615 2672 fusa,
1641 2624 1707 2661 ne
1730 2610 1981 2676 populum
2014 2659 2019 2667 .

409 2688 633 2741 deorum
671 2690 1097 2756 lntroducamus,
1133 2711 1232 2749 nec
1256 2697 1537 2753 divinitate
1562 2699 1701 2752 intra
1733 2701 1844 2753 haec
1876 2711 1986 2754 tera

410 2778 634 2844 minata,
675 2797 742 2836 ne
777 2784 841 2837 de
891 2787 1140 2854 angustia
1193 2787 1494 2841 divinitatis
1548 2789 1884 2842 damnemur.
1921 2791 1984 2843 Et

411 2866 605 2923 iterum
642 2887 654 2922 :
693 2870 860 2926 Unius
892 2875 1210 2939 divinitatis,
1250 2891 1284 2929 ο
1334 2877 1455 2930 boni
1483 2917 1498 2940 ,
1541 2877 1860 2931 Trinitatem
1894 2881 1989 2934 ho-

410 2969 622 3029 norate.
672 2963 738 3015 Et
782 2979 968 3038 rursus
1005 2984 1017 3018 :
1051 2966 1196 3019 Satis
1232 2977 1332 3028 est,
1389 2977 1611 3022 eatenus
1661 2984 1986 3036 cognoscere

412 3051 676 3104 unitatem
716 3055 766 3105 in
810 3055 1096 3118 Triuitate,
1130 3066 1185 3109 et
1219 3057 1539 3110 Trinitatem
1575 3060 1623 3110 in
1656 3048 1859 3112 unitate
1887 3059 1986 3112 mi-

411 3141 633 3193 rabilem
668 3144 718 3193 in
770 3160 935 3196 unum
1011 3146 1408 3213 copulationem
1477 3157 1531 3199 et
1584 3146 1983 3199 distinctionem

411 3231 718 3283 habentem.
752 3231 811 3284 Et
846 3237 1020 3288 adhuc
1044 3237 1181 3288 idem
1215 3253 1227 3288 :
1263 3237 1426 3289 Nobis
1456 3247 1632 3291 autem
1663 3253 1799 3288 unus
1823 3236 1980 3298 Delus,

411 3322 538 3387 quia
571 3332 623 3374 et
659 3338 762 3377 una
801 3325 1073 3388 divinitas.
1111 3327 1176 3380 Et
1212 3343 1439 3395 magnus
1470 3329 1798 3381 Athanasius
1832 3344 1848 3383 :
1880 3327 1986 3379 Ter

411 3419 633 3465 sanctus
664 3423 880 3477 pr0pter
912 3424 1021 3468 tres
1045 3430 1328 3482 personas,
1362 3417 1526 3469 semel
1568 3417 1822 3468 Dutuiutts
1853 3430 1978 3481 pro-

409 3516 532 3570 pter
568 3520 728 3557 unam
762 3505 1105 3561 divinitatem
1133 3547 1148 3571 ,
1204 3510 1338 3562 satis
1373 3510 1486 3562 lucc.
1531 3521 1654 3564 sunt
1690 3509 1935 3560 lidelibus
1968 3525 1980 3558 :

412 3600 687 3666 hucusque
713 3596 952 3669 cognitio
986 3596 1037 3646 in
1076 3597 1382 3648 hominibus
1409 3598 1674 3665 procedit,
1705 3599 1985 3662 humusque

407 3681 699 3741 Cherubini
746 3685 844 3738 alis
890 3701 948 3737 se.
1004 3686 1224 3749 velant;
1270 3687 1358 3752 qui
1412 3698 1590 3737 autem
1637 3689 1866 3752 amplius
1903 3691 1984 3743 his

409 3777 636 3831 scrutari
676 3778 820 3836 vult,
857 3777 1000 3829 audit
1046 3779 1310 3830 dicentem
1345 3796 1358 3831 :
1396 3778 1475 3831 Ne
1511 3780 1581 3831 sis
1623 3780 1842 3833 nimium
1892 3798 1983 3832 sa-

409 3873 578 3937 piens,
612 3886 673 3921 ne
717 3867 1036 3934 obstupeﬁas
1071 3867 1142 3922 ⁸⁸.
1193 3870 1256 3921 Ει
1306 3885 1530 3938 magnus
1570 3869 1796 3924 Basilius
1841 3891 1852 3924 :
1887 3871 1985 3922 Ba-

410 3963 602 4028 ptisma
642 3971 883 4013 nostram
915 3970 1015 4022 est,
1039 3962 1332 4013 secundum
1368 3961 1717 4015 traditionem
1749 3963 1981 4023 Domini,

410 4057 463 4106 in
517 4054 734 4107 nomine
776 4035 1012 4116 Patris,
1045 4067 1100 4107 et
1148 4054 1290 4114 Filii.
1337 4068 1388 4110 et
1435 4056 1666 4124 Spiritus
1711 4061 1883 4112 sancti
1913 4060 1982 4122 “,

411 4147 554 4198 nulla
589 4156 858 4207 creatura,
897 4161 1070 4215 neque
1113 4162 1269 4201 servo
1301 4151 1366 4202 ad
1413 4150 1655 4204 ordinem
1703 4152 1878 4205 Patris
1931 4165 1985 4205 et

411 4238 533 4291 Filii
567 4236 848 4305 adjuncm,
882 4248 1067 4306 utpote
1095 4239 1380 4294 divinitate
1411 4241 1463 4294 in
1496 4243 1667 4298 tribus
1694 4246 1980 4311 completa;

412 4329 552 4393 quod
579 4337 729 4381 extra
764 4329 875 4391 haec
907 4336 1012 4392 est,
1046 4329 1097 4382 id
1126 4346 1284 4386 omne
1308 4347 1624 4386 censervum
1664 4345 1767 4397 est,
1790 4350 1984 4403 quam-

411 4420 492 4472 vis
525 4419 892 4486 magnitudine
931 4421 1253 4487 dignitatum
1301 4423 1403 4475 alia
1441 4425 1562 4478 aliis
1591 4437 1884 4492 praestent,
1933 4437 1987 4478 et

2015 3196 2059 3254 Ο

2078 1980 2190 2022 ιιιιιι
2226 1972 2276 2021 in
2312 1969 2729 2027 multitudinem,
2772 1981 2961 2018 eorum
3000 1973 3205 2015 tanttun
3239 1973 3320 2013 est
3351 1963 3440 2027 qui
3473 1976 3533 2010 ex
3569 1969 3655 2011 er‘

2080 2074 2200 2111 rore
2238 2057 2437 2110 multos
2466 2059 2591 2108 deos
2618 2055 2853 2120 PORCII!“
2881 2061 3161 2122 mgrolaut,
3189 2066 3382 2116 negare
3404 2059 3577 2101 autem
3601 2049 3651 2098 in

2079 2151 2392 2201 universum
2429 2146 2789 2207 divinitatem,
2821 2160 3004 2196 eorum
3041 2143 3198 2194 fuerit
3225 2145 3311 2206 qui
3348 2142 3514 2193 Deum
3553 2140 3649 2190 tol-

2080 2233 2214 2301 lunt,
2246 2251 2365 2302 quae
2399 2237 2534 2286 ratio
2563 2244 2645 2287 est
2677 2235 2968 2284 accusandi
3006 2246 3104 2283 nos
3141 2231 3226 2295 qui
3271 2245 3429 2280 unam
3464 2227 3649 2278 divini-

2084 2335 2243 2379 tatem
2279 2325 2636 2378 conﬁtemur?
2666 2324 2728 2377 Ει
2754 2323 2816 2376 8.
2848 2322 2992 2388 Soph
3006 2322 3187 2374 rouius
3222 2319 3659 2386 Iilcrosnlymita-

2085 2430 2184 2468 nus
2217 2433 2230 2467 :
2259 2414 2428 2478 Sicut,
2458 2415 2648 2480 inquit,
2682 2414 2997 2476 didicimus,
3026 2426 3187 2463 unum
3217 2409 3379 2462 Deum
3416 2423 3556 2470 esse,
3582 2408 3660 2459 sic

2085 2523 2246 2560 unam
2277 2508 2607 2559 divinitatem
2636 2505 3000 2559 couiltendam
3045 2519 3165 2556 esse
3209 2501 3535 2567 accepimus.
3590 2499 3657 2551 Et

2085 2597 2378 2666 Gregorius
2408 2598 2738 2664 Theologus,
2779 2597 2829 2647 in
2869 2597 3114 2648 oratione
3146 2593 3210 2645 de
3262 2589 3659 2645 constituendis

2087 2691 2352 2757 episcopis
2386 2704 2399 2739 :
2432 2686 2488 2740 Si
2520 2688 2775 2754 consequi
2827 2700 3064 2754 possent,
3113 2695 3172 2737 ut
3223 2683 3315 2736 hic
3363 2678 3656 2748 perfectam

2090 2761 2464 2833 universdrum
2513 2780 2797 2831 scientiam
2843 2779 3094 2830 haberem
3126 2815 3139 2836 ,
3187 2774 3313 2840 quid
3365 2771 3495 2824 mihi
3543 2771 3664 2823 reli‘

2089 2886 2252 2938 quum
2302 2869 2486 2922 esset?
2535 2869 2661 2934 quid
2741 2866 3052 2933 sperarem?
3102 2863 3341 2933 Regnum
3405 2863 3663 2915 caelorum

2091 2966 2271 3032 plane,
2307 2964 2550 3016 dicturus
2579 2977 2658 3014 es.
2714 2961 2960 3013 Albitror
2995 2967 3172 3013 autem
3205 2959 3338 3011 nihil
3365 2957 3507 3009 aliud
3542 2971 3664 3008 esse

2091 3056 2213 3118 hoc,
2241 3070 2403 3122 quam
2433 3053 2654 3119 adipisci
2691 3053 2830 3115 quod
2869 3051 3215 3118 purissimum
3247 3058 3302 3102 et
3331 3049 3662 3114 perfectissi-

2092 3160 2238 3196 mum
2267 3152 2368 3204 est,
2415 3142 2706 3208 perfectius
2734 3151 2913 3192 autem
2947 3155 3008 3193 ex
3060 3139 3316 3191 omnibus
3362 3152 3480 3205 qua!
3517 3145 3664 3195 sunt.

2093 3236 2328 3299 cognitio
2355 3233 2444 3286 Dei
2471 3242 2572 3296 est,
2615 3233 2706 3286 sed
2734 3233 2873 3283 hanc
2894 3231 3112 3298 quidem
3139 3230 3330 3295 partim
3357 3241 3667 3291 teneamus,

2092 3327 2287 3398 partim
2325 3340 2453 3378 vero
2487 3340 2798 3391 pergamus,
2832 3331 2890 3375 ut
2920 3322 3462 3387 comprehendamus,
3496 3335 3669 3385 quan-

2092 3422 2183 3472 diu
2216 3433 2378 3486 super
2419 3425 2617 3469 terram
2651 3429 2872 3475 smnus;
2905 3413 3100 3478 partim
3128 3411 3178 3463 in
3211 3410 3444 3462 futurum
3478 3424 3658 3462 reser-

2091 3519 2384 3571 vemus,nt
2421 3509 2570 3563 illinc
2623 3508 2764 3559 hunc
2814 3505 3042 3558 fructum
3093 3503 3296 3556 laboris
3348 3502 3667 3561 habeamus,

2093 3603 2432 3669 splendorem
2467 3599 2671 3652 scilicet
2704 3598 2870 3650 totius
2894 3608 3093 3648 sancta).
3115 3594 3414 3654 Trinitatis,
3443 3594 3671 3660 quicun-

2093 3709 2196 3761 que
2226 3676 2326 3756 ξεί
2355 3703 2408 3745 et
2436 3691 2632 3760 qualis,
2664 3706 2725 3742 ac
2754 3699 3010 3758 quantus,
3038 3690 3079 3740 si
3121 3687 3198 3739 fas
3227 3694 3308 3738 est
3337 3685 3534 3737 dicere.
3561 3682 3670 3734 Ad-

2096 3787 2199 3839 hnc
2242 3787 2380 3837 idem
2432 3786 2482 3837 in
2527 3784 2714 3837 eadem
2748 3783 2999 3833 oratione
3029 3795 3044 3831 :
3080 3777 3226 3830 Satis
3259 3775 3434 3828 habeo
3459 3774 3666 3836 audire,

2092 3880 2232 3948 quod
2267 3877 2456 3940 Filius,
2493 3888 2546 3932 et
2579 3875 2719 3945 quod
2748 3890 2810 3927 ex
2852 3875 3031 3935 Patre,
3074 3882 3128 3923 et
3158 3870 3298 3937 quod
3335 3870 3421 3921 hic
3449 3867 3668 3934 quidem

2092 3982 2174 4024 est
2210 3970 2389 4033 Pater,
2421 3971 2507 4022 hic
2543 3985 2670 4034 vero
2715 3967 2902 4028 Filius,
2936 3974 2989 4018 et
3035 3964 3165 4016 nihil
3215 3971 3408 4030 prmtcr
3443 3963 3544 4013 hoc
3575 3970 3670 4011 (ιιι-ί

2094 4062 2238 4114 riose
2270 4060 2522 4128 inquiro;
2571 4074 2640 4110 ne
2674 4057 2801 4108 mihi
2835 4053 3053 4107 eveniat
3092 4049 3235 4120 quod
3272 4048 3518 4108 vocibus,
3551 4059 3672 4112 qua:

2093 4152 2320 4205 nimium
2363 4151 2540 4210 elata',
2590 4164 2809 4216 prorsus
2841 4145 3134 4204 decidunt;
3171 4150 3262 4194 aut
3309 4136 3550 4205 aspectui
3593 4136 3672 4187 in-

2093 4253 2243 4298 tento
2277 4245 2330 4294 in
2367 4243 2573 4295 radium
2600 4241 2762 4304 solis;
2792 4254 2898 4304 quo
2929 4238 3069 4290 enim
3099 4237 3237 4305 plus,
3264 4241 3318 4286 et
3351 4231 3562 4284 acutius
3589 4229 3669 4280 vi.

2092 4339 2220 4390 dere
2249 4336 2372 4403 quis
2405 4334 2573 4401 cupit,
2609 4348 2674 4385 eo
2722 4331 2892 4400 magis
2941 4344 3138 4383 sensus
3176 4335 3295 4394 ejus
3330 4324 3559 4377 luditur.
3600 4319 3671 4370 Es

2093 4426 2178 4478 his
2211 4423 2417 4494 patent,
2452 4423 2595 4490 quod
2628 4422 2679 4483 iu
2712 4420 2840 4481 Deo,
2867 4421 2955 4487 qui
2988 4434 3150 4484 supra
3185 4415 3542 4468 substantiam
3567 4418 3672 4473 est,

409 4508 754 4562 autecellant.
802 4508 869 4561 Et
912 4524 1104 4563 rursus
1151 4512 1289 4562 idem
1325 4529 1337 4564 :
1370 4513 1572 4567 Catena
1623 4515 1867 4583 quaedam
1896 4525 1981 4572 est
2014 4503 2059 4559 Ῐ)
2090 4531 2194 4569 non
2227 4521 2310 4568 est
2344 4513 2448 4566 alia
2481 4512 2738 4566 divinitas
2777 4512 2892 4579 ejus
2921 4551 2935 4573 ,
2975 4510 3076 4563 nisi
3135 4509 3313 4569 Pater,
3375 4505 3567 4567 Filius,
3619 4513 3673 4556 ct

395 4581 592 4650 ‘sancts
624 4609 676 4652 et
711 4598 1009 4653 veneranda
1046 4599 1304 4664 Trinitas,
1335 4617 1495 4654 unam
1532 4612 1586 4658 et
1613 4581 1863 4658 eamdem
1895 4608 1976 4660 di-

409 4677 690 4738 vinitatem
725 4686 779 4738 in
811 4701 913 4738 una
948 4697 1002 4740 et
1039 4698 1295 4759 perpetua
1327 4691 1499 4758 gloria
1533 4692 1729 4758 ubique
1753 4695 1987 4747 circum-

411 4775 611 4829 ferens.
651 4776 838 4830 Adhuc
871 4778 1011 4830 idem
1049 4800 1072 4833 τι
1095 4780 1245 4833 Dicta
1283 4792 1407 4838 sunt
1438 4785 1574 4854 hmo,
1615 4795 1669 4838 et
1699 4787 1833 4841 bene
1860 4789 1986 4851 erit,

411 4877 470 4916 ut
500 4876 582 4916 est
615 4866 682 4918 iis
711 4867 801 4936 qui
834 4867 954 4921 sine
983 4869 1300 4925 curiositate
1331 4876 1557 4928 credunt
1584 4877 1637 4929 in
1671 4875 1835 4928 Deum
1865 4878 1994 4931 Ver-

409 4955 536 5029 bum
568 4965 619 5008 et
655 4955 939 5024 Spiritum,
965 4974 1127 5011 unam
1155 4961 1517 5022 substantiam
1548 4975 1599 5017 et
1631 4965 1992 5030 divinitatem:

411 5061 532 5113 qua:
563 5059 615 5098 et
650 5050 760 5101 sols
800 5061 883 5102 est
915 5058 1258 5123 veneranda;
1283 5065 1335 5108 et
1375 5057 1522 5124 nullo
1555 5060 1713 5112 modo
1743 5060 1998 5126 subrepat

416 5140 728 5194 undtitudo.
765 5140 831 5195 Et
873 5145 1243 5213 disputatione
1280 5159 1467 5201 contra
1521 5149 1844 5205 Phwdonem
1877 5152 1996 5222 phi-

415 5230 720 5296 losophum,
752 5248 871 5302 qua:
909 5250 988 5288 eat
1022 5238 1072 5289 iu
1107 5239 1276 5304 prima
1309 5244 1514 5309 synodo
1548 5260 1561 5294 :
1592 5241 1773 5306 Fides,
1799 5243 1997 5311 inquit,

418 5323 686 5375 catholica
738 5317 898 5379 uuam
946 5328 1117 5381 solam
1159 5331 1500 5385 divinitatem
1553 5336 1723 5393 novit.
1759 5347 1814 5387 et
1860 5338 2000 5388 hanc

418 5413 570 5479 colit,
609 5412 809 5476 Patris,
841 5417 980 5494 Filii,
1023 5431 1074 5471 et
1125 5421 1364 5489 Spiritus
1398 5418 1823 5496 sancti,'pr:eter
1857 5427 1996 5482 hanc

418 5520 524 5556 non
568 5506 906 5573 reputabitur
940 5510 1131 5567 altera.
1191 5513 1370 5567 Editio
1406 5528 1607 5571 sancta:
1658 5528 1714 5573 et
1760 5535 1997 5575 ωοιιιιιῡ-

415 5597 556 5656 nica:
582 5597 753 5652 tertia
784 5603 977 5669 synodi
1010 5587 1046 5656 τ’
1087 5605 1141 5657 Si
1171 5606 1290 5673 quis
1330 5624 1432 5661 uou
1465 5597 1754 5667 conﬁtetur
1787 5612 1839 5667 iu
1875 5628 1997 5667 san-

487 5715 529 5744 "
561 5715 746 5795 Matth.
778 5724 1041 5795 ιιςξίηϐι.
1120 5726 1164 5756 ³⁸
1202 5727 1387 5782 Matth.
1425 5746 1524 5795 xtl,
1556 5731 1647 5787 28.

421 5800 610 5857 “ius,
665 5788 750 5841 19.
829 5792 870 5823 ⁸⁷
906 5793 1111 5851 Coloss.
1169 5803 1313 5862 ",9.

1726 5734 1771 5764 ⁸³
1807 5733 1937 5790 Luc.
1978 5749 2124 5800 xstv,
2161 5734 2240 5789 l9.

2094 4607 2328 4676 Spiritus
2362 4616 2607 4669 sanctus,
2648 4607 2756 4658 imo
2803 4605 2916 4672 ipsa
2953 4604 3055 4656 tria
3109 4610 3235 4655 sunt
3274 4600 3566 4660 divinitas;
3620 4606 3675 4649 et

2095 4717 2197 4754 nec
2232 4700 2371 4753 ultra
2413 4701 2538 4762 ista,
2577 4699 2720 4756 hate:
2759 4713 2857 4750 nec
2887 4697 2972 4750 his
3003 4696 3177 4748 tribus
3219 4693 3420 4748 aliquid
3459 4692 3669 4753 deﬁcit,

2097 4792 2296 4862 quippe.
2340 4807 2462 4845 cum
2517 4791 2772 4845 divinitas
2807 4791 2859 4844 in
2919 4792 3004 4844 his
3058 4791 3228 4844 tribus
3277 4791 3541 4857 completa
3579 4789 3671 4846 sit.

2100 4884 2242 4949 quod
2273 4892 2453 4935 autem
2498 4890 2649 4935 extra
2693 4883 2806 4935 hate
2842 4893 2945 4939 est.
2982 4898 3155 4950 neque
3181 4884 3339 4937 Pater
3371 4892 3473 4945 est,
3507 4895 3680 4946 neque

2101 4973 2292 5036 Filius,
2330 4987 2506 5040 neque
2540 4970 2775 5040 Spiritus
2806 4982 3028 5027 sanctus
3050 5013 3064 5034 .
3095 4975 3186 5028 sed
3220 4989 3542 5029 conservum
3587 4986 3683 5024 uo-

2106 5065 2311 5117 biscum
2345 5072 2429 5117 est
2459 5064 2936 5117 universum.’l‘ota
2966 5064 3112 5117 enim
3149 5077 3337 5118 natura
3370 5082 3472 5116 non
3498 5073 3680 5117 creata

2107 5158 2159 5209 in
2204 5157 2286 5209 his
2316 5157 2494 5208 tribus
2532 5157 2794 5220 cernitur,
2825 5167 2879 5210 et
2909 5157 3172 5225 completa
3205 5167 3308 5220 est,
3337 5167 3386 5210 et
3419 5159 3556 5210 sicut
3581 5174 3680 5210 una

2112 5258 2196 5300 est
2229 5263 2333 5300 non
2370 5255 2552 5300 creata
2592 5257 2783 5300 natura
2813 5247 3119 5305 Trinitatis.
3149 5250 3230 5302 sic
3257 5249 3419 5300 etiam
3459 5263 3561 5300 una
3601 5255 3685 5299 est

2113 5340 2286 5406 ipsius
2334 5340 2612 5402 divinitas,
2651 5349 2705 5391 et
2749 5347 3010 5406 potestas,
3054 5347 3108 5392 et
3153 5341 3418 5406 operatio,
3451 5349 3504 5392 et
3545 5339 3684 5391 sicut

2106 5446 2208 5483 ttun
2245 5441 2326 5485 est
2356 5430 2458 5483 alia
2489 5429 2670 5482 divina
2702 5441 2890 5482 natura
2924 5442 3118 5497 pra-ter
3144 5431 3464 5485 Trinitatem
3495 5422 3684 5498 supra-

2103 5538 2264 5593 quam
2306 5522 2538 5574 divinam
2570 5559 2583 5583 ,
2617 5521 2696 5575 sic
2729 5537 2833 5573 non
2865 5531 2947 5574 est
2979 5522 3081 5573 alia
3117 5535 3310 5591 praster
3342 5525 3509 5590 ipsam
3542 5522 3680 5574 divi-

2105 5619 2268 5678 nitas,
2306 5615 2387 5666 vel
2442 5619 2706 5679 potestas,
2757 5611 2868 5666 sive
2909 5611 3101 5678 virttis,
3134 5624 3190 5669 et
3242 5615 3485 5683 Operatio
3523 5631 3535 5665 :
3586 5614 3678 5683 scd

2321 5733 2366 5764 “
2401 5731 2414 5784 I
2444 5731 2570 5785 Cor.
2601 5747 2641 5799 t,
2664 5731 2754 5786 2i.
2835 5733 2880 5764 ⁸⁵
2913 5733 3090 5788 Ecclc.
3125 5751 3217 5801 vn,
3245 5735 3326 5788 l7.
3405 5737 3449 5766 ⁸⁸
3481 5734 3667 5789 Matth-
