4446 6450
783 435 889 497 997

1929 438 2116 494 JO.\N
2131 439 2254 500 NlS
2294 439 2529 496 CYPAR
2544 442 2853 500 ISSIOTE

3906 410 4012 503 ses

784 546 924 601 quod
955 552 1031 593 est
1074 555 1283 600 natm-it.
1322 545 1421 595 boc
1453 543 1723 602 Trinitas;
1753 546 1890 610 quod
1932 544 2209 606 divinitas,
2243 549 2342 599 boc
2375 553 2416 605 Α
2447 551 2789 616 prehensum,
2822 560 2875 603 et
2904 551 3095 616 majus,
3132 564 3293 616 quam
3329 560 3386 604 ut
3410 552 3630 618 cogitari
3671 561 3851 618 queat,
3880 567 4013 617 quo-

785 639 1042 691 pott-stas.
1073 641 1125 679 et
1155 634 1394 694 operatio
1422 649 1434 694 ;
1479 646 1644 697 quare
1684 632 1824 695 quod
1857 639 2095 697 potestas
2128 642 2181 684 et
2214 648 2346 699 ope-

785 717 945 778 r.-tio,
994 720 1092 770 boc
1137 729 1322 771 natura
1368 735 1526 783 supra
1572 721 1962 772 substantiam:
1999 730 2054 772 et
2085 722 2208 788 quia
2253 737 2348 774 na-

785 817 929 867 tura,
977 818 1029 860 et
1075 809 1396 870 subsmntia,
1431 821 1482 861 et
1519 819 1778 875 potestas,
1811 820 1864 862 et
1894 813 2132 876 operatio
2167 812 2302 863 idem
2333 850 2348 871 ,

787 892 989 943 idcirco
1028 909 1166 945 unus
1204 898 1361 946 nobis
1416 893 1554 948 Deus
1594 898 1704 959 ipsa
1741 899 1919 949 unitas
1955 897 2117 950 trium
2167 914 2352 964 perso-

786 995 1003 1036 narum.
1035 982 1201 1034 Simul
1235 996 1410 1035 tamen
1445 993 1500 1036 et
1535 987 1633 1037 hoc
1663 986 1864 1050 pateﬁt,
1899 1003 2111 1039 omnem
2146 989 2353 1042 theolo-

789 1071 933 1132 giam
971 1072 1020 1120 in
1075 1072 1250 1124 tribus
1296 1073 1494 1124 divinis
1542 1076 1788 1140 personis
1825 1076 2129 1128 conclusam
2179 1091 2297 1128 esse
2336 1093 2350 1127 :

789 1160 881 1221 qui
935 1170 1110 1210 autem
1147 1161 1295 1226 plura
1331 1163 1414 1215 bis
1460 1165 1670 1215 curiose
1721 1164 1977 1232 indagare
2031 1168 2160 1220 vult.
2197 1167 2264 1219 ab
2290 1181 2350 1221 ea

749 1319 752 1323 ‘
788 1264 906 1315 qua:
941 1265 1062 1302 vere
1094 1253 1288 1304 veritas
1315 1264 1416 1314 est,
1452 1256 1670 1307 excidit.

1398 1388 1617 1442 CAPUT
1672 1392 1761 1444 111.

794 1496 945 1557 Quod
975 1497 1025 1547 in
1061 1497 1166 1549 Deo
1196 1501 1285 1564 qui
1312 1509 1387 1550 est
1423 1517 1579 1558 supra
1608 1504 1977 1562 substantiam,
2015 1522 2116 1557 non
2144 1518 2218 1560 est
2245 1510 2356 1561 a.’ia

863 1566 1061 1637 unitas,
1094 1577 1142 1618 et
1178 1569 1284 1618 alia
1330 1568 1563 1620 Trinitas
1594 1585 1611 1620 .'
1643 1589 1732 1622 nec
1783 1585 1854 1623 cst
1888 1576 1938 1624 iu
1981 1591 2205 1637 superna
2241 1577 2356 1629 Tri-

865 1635 1029 1684 nitate
1059 1637 1340 1700 quit/qnam
1376 1638 1633 1699 intrqttale
1659 1678 1672 1699 ,
1708 1649 1754 1690 et
1794 1642 1963 1700 maius
1990 1682 2002 1700 ,
2043 1635 2101 1693 ac
2136 1646 2303 1696 minus
2337 1662 2356 1698 :

863 1717 950 1751 nec
981 1703 1127 1753 aliud
1171 1707 1296 1768 quid
1332 1708 1384 1756 in
1433 1722 1493 1757 ea
1526 1709 1758 1772 privam,
1789 1711 2074 1760 secundum
2123 1729 2177 1764 se
2225 1714 2348 1766 sub-

865 1773 1071 1821 stantia:
1097 1787 1298 1837 expers,
1331 1783 1379 1826 et
1414 1791 1514 1828 non
1554 1793 1643 1841 per
1671 1793 1722 1828 se
1748 1779 2019 1830 exsistam.

865 1882 1090 1949 Magnus
1112 1885 1464 1947 Athanasius,
1499 1889 1550 1940 in
1587 1891 1923 1956 expositione
1959 1893 2078 1945 fidei
2110 1893 2162 1945 in
2187 1894 2358 1959 prima

795 1973 1000 2037 synodo
1037 1973 1109 2024 ait
1147 1991 1157 2024 :
1194 1973 1467 2040 Principio
1501 1977 1613 2028 lucc
1642 1987 1726 2029 est
1760 1978 1893 2031 ﬁdes
1921 1981 2224 2035 orthodoxa
2251 2021 2265 2043 ,
2303 1991 2362 2035 ut

797 2079 958 2113 unum
1001 2064 1167 2118 Deum
1203 2068 1255 2117 in
1288 2066 1576 2128 Triuitate.
1605 2076 1658 2122 et
1684 2067 2006 2123 Trinitatem
2056 2071 2107 2123 in
2160 2073 2363 2127 unitate

799 2170 1150 2221 veneremur;
1206 2172 1381 2224 neque
1426 2159 1819 2214 confundentes
1864 2177 2143 2230 personas,
2193 2179 2363 2233 neque

799 2247 1156 2298 substantiam
1202 2261 1542 2316 separautcs.
1581 2251 1636 2301 Et
1674 2252 1834 2318 paulo
1870 2261 1992 2319 post
2027 2271 2040 2307 :
2083 2253 2364 2308 lncreatus

803 2338 981 2396 Pater,
1023 2338 1291 2391 iucreatus
1323 2338 1511 2399 Filius,
1548 2341 1819 2394 increatns
1854 2342 2090 2410 Spiritus
2119 2354 2360 2409 sanctus;

800 2440 848 2476 et
887 2443 986 2477 non
1022 2439 1128 2479 tres
1170 2430 1418 2488 increati.
1449 2433 1541 2484 sed
1585 2447 1726 2484 unus
1760 2433 2032 2486 increatus
2073 2449 2085 2483 :
2116 2435 2365 2501 omnipo-

803 2529 919 2571 tens
952 2519 1130 2577 Pater.
1163 2522 1504 2587 omnipotens
1538 2521 1726 2587 Filius,
1755 2526 2096 2589 omnipotens
2132 2524 2366 2590 Spiritus

797 2623 1050 2672 smctus;
1084 2622 1135 2663 et
1172 2629 1276 2665 non
1320 2625 1425 2666 tres
1458 2616 1872 2681 omnipotentes.
1907 2615 2163 2669 {Etcrnus
2186 2618 2365 2682 Pater,

800 2710 1032 2752 a-tcrnus
1067 2700 1231 2752 Filius
1257 2743 1269 2763 ,
1317 2713 1551 2756 aeternus
1586 2705 1822 2770 Spiritus
1871 2714 2128 2768 sanctus;
2175 2716 2229 2757 et
2262 2721 2366 2758 non

801 2802 910 2842 tres
946 2793 1144 2843 mtcrni,
1187 2794 1248 2844 Et
1302 2810 1403 2845 non
1456 2795 1624 2846 multo
1665 2804 1783 2860 post
1816 2810 1830 2846 :
1873 2795 1935 2846 Et
1968 2797 2020 2848 in
2055 2797 2154 2848 bac
2188 2795 2369 2849 Trini-

801 2888 906 2929 tate
933 2881 1112 2932 nullus
1164 2883 1390 2947 primus,
1426 2891 1478 2935 et
1529 2885 1708 2937 nullus
1745 2884 2000 2948 ultimus;
2052 2902 2210 2940 nemo
2257 2902 2371 2939 ma-

800 2985 956 3033 gnus,
987 2979 1039 3021 et
1069 2987 1225 3023 nemo
1252 2988 1468 3037 parvus,
1502 2978 1592 3026 sed
1630 2975 1710 3025 bat
1747 2982 1856 3027 tres
1888 2991 2130 3041 persoum
2155 2986 2369 3030 atternze

2450 639 2609 690 modo
2649 640 2734 691 hic
2764 642 2907 708 quod
2941 641 3207 702 excellat,
3250 642 3327 693 vel
3355 642 3691 709 intelligitur,
3720 643 3803 695 vel
3838 645 4015 694 trade-

2453 728 2570 790 Iurj;
2606 729 2872 792 quomodo
2898 743 3026 782 vero
3054 730 3195 797 quod
3229 729 3502 783 inﬁnitum
3531 739 3636 791 est,
3667 728 3844 781 metiri
3892 744 4016 797 pos-

2451 825 2637 863 sumus
2675 831 2688 864 :
2723 825 2779 865 ut
2808 817 2950 879 quod
2983 827 3068 870 est
3095 831 3281 869 eorum
3326 833 3444 884 qua
3480 819 3860 881 terminantur,
3892 832 4016 870 eve-

2453 906 2566 957 niat
2611 908 2897 971 divinitati,
2923 926 3083 977 quam
3109 913 3368 978 gradibus
3408 914 3775 977 superioribus
3835 922 3889 964 et
3933 913 4017 964 in-

2452 995 2740 1050 ferioribus
2781 1001 3106 1053 metiamur?
3166 1003 3225 1054 Et
3279 1017 3466 1056 rursus
3506 1003 3646 1055 idem
3696 1017 3710 1054 :
3760 1002 3876 1055 Non
3933 1012 4018 1056 est

2448 1088 2686 1142 Trinitas
2738 1090 3112 1142 adnumeratio
3164 1092 3544 1158 inaequalium,
3611 1091 3807 1158 alioqui
3885 1092 4014 1159 quid

2455 1179 2704 1245 prohibet
2734 1179 2861 1244 quin
2892 1180 2962 1231 sit
2995 1181 3107 1231 haec
3135 1181 3316 1239 decas,
3355 1190 3408 1230 et
3441 1181 3782 1238 hecatontas.
3816 1187 3870 1230 et
3905 1192 4020 1246 my-

2457 1266 2603 1317 rias?
2635 1267 2697 1317 Et
2732 1281 2921 1320 rursus
2953 1284 2966 1318 :
3001 1267 3172 1320 Unam
3204 1268 3560 1329 divinitatem,
3585 1275 3638 1320 et
3665 1275 4016 1334 potestatem,

2455 1368 2574 1419 qua
2621 1355 2673 1405 in
2727 1354 2903 1407 tribus
2941 1356 3239 1418 reperitur,
3275 1357 3452 1408 ettria
3502 1354 3878 1415 complectitur
3911 1355 4022 1406 dis-

2456 1452 2620 1506 crete,
2682 1458 2854 1510 neque
2884 1443 3135 1498 diﬂerens
3165 1444 3507 1506 substantiis,
3530 1445 3640 1495 sive
3668 1443 3897 1502 naturis,
3924 1457 4021 1495 nec

2456 1542 2614 1584 aucta
2674 1534 3112 1597 exsuperantiis,
3179 1542 3232 1586 et
3289 1533 3725 1591 remissionibus.
3784 1533 4021 1599 undique

2456 1621 2701 1687 aequalis,
2734 1623 2971 1688 undique
3001 1624 3210 1675 eadem.
3245 1621 3307 1673 Et
3339 1623 3532 1675 iterum
3577 1621 3714 1672 idem
3765 1621 3815 1672 iu
3849 1621 4023 1686 prima

2459 1711 2704 1762 oratione
2735 1711 2800 1763 de
2830 1725 2962 1776 pace
2991 1728 3003 1763 :
3042 1711 3259 1772 Uuitas,
3291 1711 3485 1778 inquit,
3519 1726 3640 1778 quae
3675 1713 3728 1762 iu
3759 1709 4025 1762 Trinitatc

2372 1800 2432 1841 -”
2462 1802 2676 1860 colitur.
2708 1809 2761 1854 et
2793 1800 3034 1854 Trinitas
3062 1818 3179 1869 qua»
3216 1803 3266 1855 in
3295 1802 3551 1856 unitatem
3579 1802 3855 1870 redigitur,
3887 1801 4027 1867 ejus-

2461 1887 2580 1939 dem
2619 1887 2820 1948 tbroui,
2862 1889 3099 1955 ejusdem
3131 1890 3333 1958 gloriae,
3362 1906 3465 1942 non
3496 1899 3699 1951 creata,
3732 1893 4030 1956 inaspecta-

2463 1978 2610 2042 bilis,
2648 1994 2756 2032 non
2795 1981 2994 2032 cadens
3021 1981 3120 2034 sub
3151 1989 3373 2043 tactum,
3408 1981 3882 2047 incomprcbeusa,
3911 1997 4029 2049 qua

2462 2069 2574 2122 sola
2609 2071 2883 2138 cognoscit
2906 2086 3065 2139 quem
3096 2072 3235 2136 apud
3277 2085 3335 2123 se
3363 2072 3605 2124 ordinem
3641 2069 3838 2123 haheat
3860 2110 3875 2134 ,
3908 2086 4030 2136 qua:

2463 2175 2677 2214 omnem
2704 2171 3012 2214 creaturam
3040 2171 3192 2214 extra
3222 2161 3354 2216 sinit
3377 2163 3568 2227 partim
3605 2161 3799 2227 primo,
3828 2162 4026 2226 partim

2464 2252 2705 2304 secundo
2731 2253 2850 2304 velo
2891 2252 3212 2320 diremptam
3241 2252 3450 2318 :primo
3485 2251 3699 2318 quidem
3729 2260 4030 2302 creaturam

2466 2342 2741 2396 caelestem
2777 2351 2829 2395 et
2867 2342 3164 2409 angelicam
3195 2357 3222 2394 a
3250 2342 3529 2394 divinitate
3557 2341 3878 2404 diremptam
3898 2377 3914 2402 ,
3944 2354 4030 2392 se-

2467 2432 2642 2485 cundo
2673 2446 2802 2485 vero
2853 2442 3091 2484 nostram
3137 2446 3165 2484 a
3214 2440 3467 2484 creatura
3499 2429 3761 2497 angelica.
3802 2427 4032 2481 Sanctus

2466 2520 2759 2589 Gregorius
2786 2519 3078 2590 Nyssenus,
3114 2520 3250 2572 libro
3281 2521 3453 2587 primo
3472 2519 3669 2573 Contra
3693 2516 4034 2570 Eunomium:

2468 2611 2620 2677 Quod
2651 2623 2850 2675 autem,
2879 2613 3077 2681 inqut,
3124 2628 3228 2664 non
3263 2611 3509 2681 congruit
3537 2626 3659 2664 cum
3687 2612 3931 2679 dogmate
3969 2609 4036 2660 ab

2470 2704 2601 2772 ipsis
2631 2703 2911 2764 fabricato,
2935 2704 3144 2769 opinari
3179 2702 3479 2768 simplicem
3505 2715 3625 2755 esse
3656 2700 4033 2764 substantiam,

2468 2811 2590 2864 qua:
2617 2810 2776 2863 supra
2806 2796 2983 2846 omnia
3014 2804 3114 2857 est,
3149 2794 3398 2860 quamvis
3426 2792 3477 2846 id
3509 2794 3671 2846 verbo
3711 2791 3876 2857 gratis
3926 2791 4036 2843 lar-

2471 2887 2702 2952 giantur,
2761 2886 3104 2938 manifestum
3165 2883 3224 2935 tit
3275 2883 3434 2935 etiam
3470 2896 3656 2948 parum
3710 2881 4035 2933 advertenti.

2471 2977 2603 3041 Quis
2631 2976 2774 3030 enim
2806 2976 3014 3042 ignorat
3049 2973 3190 3042 quod
3217 2973 3512 3025 secundum
3563 2972 3831 3040 propriam
3875 2970 4040 3022 ratio-

803 3072 926 3114 sunt
956 3103 970 3122 ,
1007 3073 1059 3114 ct
1093 3066 1328 3129 :l‘quuli's
1373 3066 1422 3116 in
1462 3066 1730 3118 erunibus.
1784 3066 2051 3120 Unitatem
2105 3068 2268 3133 igitur
2314 3069 2367 3120 in
2396 3073 2440 3130 ο
2471 3083 2596 3121 nem
2625 3066 2939 3133 simplicitas
2968 3065 3020 3118 in
3075 3074 3264 3118 sancta
3307 3054 3577 3115 Trinitat'e
3612 3060 3728 3128 plus
3773 3069 3826 3113 et
3862 3060 4044 3113 minus

802 3150 1088 3211 ’l'tinitate,
1122 3161 1173 3203 et
1203 3150 1523 3206 Trinitatem
1552 3155 1602 3205 in
1636 3154 1840 3207 unitate
1881 3155 2056 3206 omnis
2097 3155 2363 3208 Christia-

805 3257 904 3291 II'IS
951 3243 1126 3294 colat.
1163 3243 1223 3293 lit
1279 3253 1494 3295 sant‘ltts
1547 3245 1826 3304 Maximus,
1880 3246 1931 3297 in
1992 3247 2369 3311 explanatione

804 3333 983 3382 Subtili
1023 3335 1366 3399 precationis,
1396 3335 1552 3388 Pater
1582 3348 1755 3389 uoster
1781 3353 1796 3389 :
1819 3335 1959 3396 Non,
1992 3339 2181 3403 inquit,
2206 3339 2366 3390 aliam

805 3424 1062 3477 unitatem
1092 3465 1102 3484 ,
1138 3436 1190 3477 et
1219 3427 1375 3478 aliam
1409 3429 1729 3481 Trinitatem
1764 3445 1884 3481 esse
1932 3429 2213 3481 didicimus
2241 3431 2367 3496 (non

805 3516 943 3566 enim
981 3518 1178 3577 unitas,
1216 3534 1331 3583 qum
1363 3520 1584 3584 simplex
1619 3530 1672 3571 et
1711 3536 1812 3573 uua
1844 3532 2033 3572 natura
2064 3530 2170 3582 est,
2205 3521 2370 3574 dissi-

809 3607 1105 3659 militudine
1153 3618 1357 3661 natura!
1395 3626 1419 3660 a
1457 3609 1726 3664 Trinitate
1778 3611 2001 3679 diﬂerl),
2056 3626 2157 3664 nec
2209 3612 2368 3663 aliam

802 3698 950 3766 juxta
1001 3698 1159 3750 aliam
1212 3710 1340 3766 (non
1395 3699 1536 3751 enim
1588 3701 1905 3753 remissione
1957 3703 2239 3766 potestatis
2265 3702 2373 3754 dis-

807 3805 949 3842 creta
983 3801 1060 3843 est
1092 3794 1155 3844 ab
1186 3794 1389 3846 unitate.
1412 3793 1669 3857 Trinitas,
1699 3795 1776 3847 vel
1806 3809 1832 3844 a
1859 3793 2126 3847 Trinitate
2145 3794 2370 3860 unitas),

809 3896 978 3948 neque
1013 3883 1151 3934 sicut
1180 3882 1380 3951 aliquid
1417 3898 1702 3936 commune
1727 3891 1779 3933 et
1806 3882 2072 3946 generale,
2117 3883 2256 3949 quod
2283 3897 2372 3935 co-

806 3975 1064 4040 gitatione
1097 3976 1266 4028 solum
1301 3977 1532 4043 spectari
1566 3985 1760 4043 potest,
1796 3991 1822 4027 a
1852 3975 2097 4043 partibus
2136 3975 2249 4027 suis
2280 3990 2374 4026 va-

809 4069 1000 4129 riatur,
1055 4067 1133 4119 sic
1170 4084 1194 4118 a
1246 4067 1509 4120 Triuitate
1541 4070 1743 4120 variata
1784 4077 1866 4120 est
1903 4071 2104 4128 unitas,
2139 4082 2258 4135 qua:
2288 4077 2371 4121 est

807 4161 1105 4211 substantia
1143 4162 1353 4226 proprie
1385 4175 1476 4228 per
1505 4175 1561 4212 se
1586 4162 1872 4223 evsislens,
1904 4169 1954 4210 et
1982 4169 2220 4226 potestas
2249 4173 2375 4211 vere

810 4270 903 4316 per
929 4268 985 4304 se
1013 4255 1233 4310 valens;
1272 4269 1366 4305 nec
1403 4264 1654 4319 tanquam
1691 4253 1790 4304 alia
1835 4267 1896 4304 ex
1929 4252 2029 4302 alia
2068 4252 2197 4316 (non
2227 4249 2371 4302 enim

812 4346 1048 4399 Trinitas
1077 4364 1140 4400 cx
1178 4349 1381 4399 unitate
1418 4347 1652 4405 exsistit,
1687 4361 1784 4397 nec
1817 4344 1994 4396 unitas
2021 4359 2084 4396 ex
2111 4342 2374 4395 Trioilate

2471 3173 2576 3212 non
2613 3157 2845 3224 recipit?
2877 3155 2940 3209 Et
2973 3155 3148 3208 adhuc
3185 3154 3482 3220 Gregorius
3513 3152 3809 3220 Theologus
3839 3151 3889 3203 in
3920 3165 4043 3202 ora-

2473 3247 2615 3301 tione
2646 3247 2710 3298 de
2736 3244 3059 3314 baptismate
3088 3260 3100 3294 :
3130 3241 3264 3296 Volo
3298 3243 3508 3296 Patrem
3542 3241 3802 3309 majorem
3835 3240 4038 3303 dicere;

2471 3355 2535 3394 ex
2576 3353 2682 3407 quo
2721 3337 2984 3404 provenit,
3019 3345 3077 3387 ut
3101 3335 3189 3402 qui
3215 3344 3342 3388 sunt-
3367 3333 3620 3400 aequales,
3647 3331 3880 3398 aequales
3913 3331 4043 3393 sint,

2472 3442 2525 3485 et
2560 3431 2843 3493 exsistant;
2868 3430 2968 3481 hoc
2993 3428 3139 3480 enim
3182 3426 3251 3478 ab
3280 3425 3533 3476 omnibus
3570 3435 3888 3474 concessum
3919 3429 4044 3481 est;

2472 3529 2526 3572 et
2554 3529 2733 3570 metuo
2768 3531 2835 3569 ne
2881 3516 3204 3584 principium
3256 3513 3448 3564 faciam
3492 3511 3818 3578 principium
3871 3507 4046 3560 miuo-

2477 3626 2590 3661 rmn
2620 3629 2632 3673 ;
2667 3618 2717 3660 et
2754 3606 3079 3661 contumelia
3114 3605 3335 3655 adiciam
3375 3599 3730 3669 prseferetido;
3770 3613 3874 3650 non
3901 3598 4045 3649 enim

2474 3699 2543 3762 ci,
2585 3713 2647 3751 ex
2682 3711 2804 3765 quo.
2833 3695 2995 3764 gloria
3026 3703 3107 3746 est
3137 3691 3426 3745 submissio
3471 3703 3655 3740 eorum
3686 3687 3772 3750 qui
3807 3701 3870 3737 ex
3902 3686 4047 3750 ipso.

2477 3791 2540 3844 Et
2576 3805 2760 3842 rursus
2784 3787 3077 3854 Gregorius
3100 3782 3393 3852 Nyssenus,
3420 3780 3472 3832 in
3506 3780 3642 3832 libro
3668 3777 3739 3830 De
3765 3777 4053 3827 Abraham:

2476 3886 2534 3936 In
2564 3894 2794 3948 utroque
2822 3880 2984 3947 igitur
3010 3891 3192 3928 verum
3219 3874 3348 3927 dicit
3376 3872 3678 3939 Scriptura,
3708 3884 3826 3937 quae
3850 3867 4053 3934 mqualc

2475 3974 2785 4033 confitetur,
2821 3979 2873 4023 et
2928 3968 3101 4034 majus
3142 3981 3248 4019 non
3297 3971 3480 4031 negat.
3533 3961 3667 4014 Cum
3707 3959 3849 4013 enim
3900 3956 4052 4008 Scri-

2477 4075 2631 4134 ptura
2690 4063 2754 4116 ad
2789 4060 3178 4113 humanitatem
3227 4055 3493 4122 respicit,
3545 4051 3719 4120 majus
3767 4051 4058 4102 conﬁtetur

2477 4157 2618 4226 quod
2655 4168 2758 4206 non
2792 4153 3022 4211 videtur,
3057 4163 3216 4216 quam
3259 4146 3308 4198 id
3343 4145 3485 4210 quod
3525 4155 3620 4209 per
3647 4153 3862 4192 carnem
3911 4138 4060 4188 vide-

2480 4262 2600 4313 tnr;
2645 4247 2861 4314 quando
2894 4249 3290 4294 veromenlem
3327 4233 3546 4288 deducit
3581 4230 3644 4283 ad
3677 4228 4016 4281 divinitatem
4044 4246 4060 4277 r

2485 4352 2641 4394 vacat
2688 4342 2798 4392 bmc
2844 4333 3182 4403 comparatio
3219 4327 3440 4395 majoris
3471 4334 3522 4378 et
3572 4322 3818 4383 minoris,
3853 4329 3905 4371 et
3934 4317 4056 4369 vice

813 4441 1110 4491 secundum
1156 4439 1588 4505 productionem,
1625 4437 1704 4489 vel
1733 4433 2249 4505 antegressionem),
2287 4434 2378 4488 sed
2414 4398 2456 4451 Β
2491 4436 2683 4487 borum
2721 4429 2900 4480 unitas
2940 4425 3300 4492 praedicatur:
3339 4418 3449 4486 Ego
3483 4427 3528 4468 et
3564 4413 3728 4505 Pater
3760 4426 3921 4505 unum
3967 4423 4063 4505 stt-

812 4534 1053 4584 eamdcm
1090 4549 1212 4583 vere.
1244 4536 1531 4596 unitatem,
1569 4530 1962 4584 ctTrinitatem
2001 4528 2103 4579 dici
2133 4527 2384 4579 dicimus:

813 4625 1073 4677 unitatem
1135 4627 1351 4692 quidem
1414 4627 1622 4678 ratione
1670 4623 2010 4681 substantiae,
2061 4618 2387 4672 Trinitatem

812 4729 940 4765 vero
994 4715 1152 4766 modo
1204 4715 1541 4776 exsistendi;
1602 4723 1768 4764 totam
1824 4712 2087 4763 unitatem
2142 4707 2388 4761 eamdem

815 4805 981 4868 ips-am
1015 4821 1116 4858 non
1165 4805 1392 4858 divisam
1444 4805 1718 4872 personis;
1767 4812 1819 4856 et
1870 4810 2036 4852 lotam
2073 4800 2395 4852 Trinitatem

811 4897 1052 4948 eanulcm
1091 4898 1260 4961 ipsam
1293 4912 1395 4948 non
1437 4896 1711 4948 confusam
1762 4888 1970 4945 unitate
2024 4908 2036 4942 :
2083 4905 2147 4943 ne
2187 4890 2386 4942 divisio

817 4991 1221 5042 multitudinem
1255 4990 1479 5041 deorum
1530 4988 1865 5047 iutroducat,
1922 5000 2099 5053 neque
2149 4982 2400 5035 confusio

816 5085 905 5134 1)μῆ
948 5084 1312 5150 negationem.
1344 5081 1639 5149 Gregorius
1673 5079 1979 5145 Tbcolugus
2010 5078 2060 5128 iu
2099 5077 2255 5128 tertia
2286 5088 2403 5131 ora,

817 5179 963 5230 tione
1003 5177 1069 5228 de
1122 5190 1250 5243 pace
1286 5192 1296 5227 :
1330 5173 1443 5226 Non
1481 5187 1643 5225 utmm
1688 5172 1906 5238 pietatis
1955 5169 2243 5222 terminum
2289 5166 2406 5218 exi-

818 5273 1118 5332 Stimemus,
1153 5267 1401 5321 venerari
1433 5267 1675 5327 Patrem,
1707 5274 1761 5316 et
1793 5261 1988 5314 Filium
2013 5304 2025 5321 ,
2053 5271 2105 5313 et
2142 5259 2405 5325 Spiritum

817 5371 1085 5424 sanctum,
1123 5375 1284 5412 unam
1338 5360 1389 5410 in
1445 5359 1617 5410 tribus
1660 5357 1907 5424 personis
1940 5352 2275 5406 divinitatem
2309 5398 2322 5421 ,
2355 5357 2408 5399 et

819 5463 1171 5520 potestatem,
1205 5451 1339 5503 nihil
1369 5463 1553 5517 supra,
1599 5465 1696 5502 nec
1738 5447 1876 5500 intra
1924 5444 2208 5505 colentes;
2268 5438 2403 5492 illud

816 5547 958 5596 enim
991 5546 1103 5596 lieri
1160 5560 1264 5595 non
1305 5552 1505 5610 potest,
1554 5543 1655 5594 boc
1696 5547 1878 5591 autem
1928 5535 2151 5604 impiqu
2195 5541 2297 5585 est.
2343 5531 2408 5583 Et

819 5639 997 5689 adhuc
1028 5637 1170 5689 idem
1219 5653 1229 5687 :
1274 5635 1369 5689 Ubi
1408 5635 1551 5688 enim
1603 5642 1685 5686 est
1733 5627 2154 5697 nntunquodqne
2206 5626 2409 5678 incom-

882 5794 924 5817 ³⁴
963 5799 1116 5851 Joan.
1157 5815 1208 5863 x,
1246 5797 1331 5851 50.

2492 4539 2607 4576 ntus
2633 4519 2702 4585 ⁸⁸;
2737 4535 2854 4586 qua:
2894 4517 3036 4570 enim
3067 4514 3273 4566 variata
3303 4517 3430 4562 sunt
3459 4504 3750 4560 secundum
3783 4499 4066 4566 inatquali-

2498 4622 2682 4673 tatem,
2717 4623 2881 4660 unum
2915 4621 3033 4658 esse
3058 4619 3163 4657 non
3194 4608 3439 4668 possunt.
3472 4595 3536 4648 Et
3567 4607 3794 4659 magnus
3826 4590 4067 4643 Athana-

2498 4704 2634 4765 sius,
2670 4702 2722 4754 in
2762 4689 2900 4752 libro
2931 4696 3005 4750 Dc
3035 4693 3402 4747 incarnatione
3433 4687 3630 4742 Christi
3659 4703 3676 4739 :
3706 4684 3845 4746 Ubi,
3875 4681 4067 4748 inquit,

2501 4796 2731 4859 dignitas
2768 4802 2848 4846 est
2875 4789 3114 4858 ejusdem
3153 4782 3398 4843 honoris,
3426 4779 3669 4846 ejusdem
3713 4788 3929 4844 quoque
3968 4771 4070 4823 bo-

2503 4887 2652 4940 noris
2683 4894 2764 4937 est
2798 4879 3098 4940 veneratio;
3131 4877 3180 4928 in
3209 4873 3469 4940 dignitate
3499 4866 3688 4937 aequali
3723 4880 3827 4918 non
3861 4871 3942 4915 est
3976 4876 4073 4928 pu-

2506 4989 2628 5043 gna,
2664 4968 2927 5037 imeqnale
2959 4966 3184 5019 suscitat
3221 4974 3494 5031 pugnam;
3536 4955 3812 5025 mqualitas
3845 4954 4076 5006 bonorat

2508 5041 2713 5134 pacem.
2745 5060 2804 5113 Et
2835 5061 2974 5114 idem
3009 5071 3197 5110 rursus
3227 5073 3238 5107 :
3275 5053 3474 5106 Contra
3529 5046 3920 5117 Apollinarium
4018 5041 4075 5094 Si

2511 5131 2699 5209 natura
2749 5165 2854 5205 non
2886 5158 2967 5201 est
3000 5145 3162 5197 Pater
3188 5142 3360 5210 major
3408 5137 3568 5199 Filio,
3606 5148 3778 5204 neque
3807 5131 4081 5200 magnitu-

2510 5248 2634 5299 dine
2663 5238 3070 5313 (magnitudinis
3094 5235 3237 5287 enim
3265 5246 3458 5300 expers
3473 5233 3596 5297 est),
3623 5238 3792 5294 neque
3820 5234 4079 5289 tempore,

2513 5341 2636 5410 quia
2678 5338 2795 5391 sine
2825 5344 3063 5399 tempore
3091 5338 3194 5392 est,
3233 5338 3405 5390 neque
3434 5321 3716 5390 qualitate,
3745 5313 4085 5410 Quia-quali-

2515 5405 2623 5486 tate
2652 5436 2800 5482 caret
2834 5441 2846 5477 :
2881 5423 3026 5477 nulla
3065 5421 3228 5489 igitur
3257 5415 3360 5470 alia
3395 5428 3452 5467 re
3489 5411 3749 5479 majorem
3784 5423 3842 5462 se
3869 5405 4084 5458 Patrem

2517 5523 2670 5584 dicit,
2713 5517 2815 5572 nisi
2849 5523 3115 5582 quatenus
3141 5508 3328 5569 Filius,
3364 5513 3417 5558 et
3462 5501 3675 5554 Patrem
3712 5512 3869 5552 suum
3907 5497 4086 5550 bono-

2521 5629 2668 5671 rans.
2697 5610 2760 5664 Et
2794 5619 3015 5673 magnus
3044 5599 3294 5662 Basilius,
3321 5596 3457 5649 libro
3480 5601 3673 5663 quarto
3703 5602 3919 5644 suarum
3947 5584 4089 5638 Con-
