4446 6450
825 425 928 492 931

1976 413 2293 484 JOANNIS
2327 417 2883 482 CYPARISSIOTA!

3934 393 4038 473 932

824 551 1026 602 ctatur,
1079 535 1431 604 intelligentia
1483 535 1628 588 enim
1674 535 2005 601 percipimus
2058 537 2273 588 Petrum
2327 547 2381 588 et
2418 548 2451 596 Α
2484 553 2609 603 erga
2641 536 2824 595 aliam,
2858 549 2962 587 non
2996 533 3171 586 minus
3195 545 3352 597 quam
3378 545 3501 598 erga
3527 545 3584 584 se
3614 531 3781 597 ipsam
3811 569 3824 588 ,
3855 531 3903 582 id
3930 539 4034 589 est.

826 625 1048 678 Paulum
1097 623 1339 691 ejusdem
1397 633 1602 674 natura}
1641 635 1786 683 esse,
1828 633 1882 670 ot
1928 633 2173 674 naturam
2227 637 2384 674 unam

827 715 1028 766 habere
1071 725 1433 774 communem,
1483 709 1858 776 unusquisque
1899 712 2042 762 enini
2072 725 2257 763 eorum
2307 718 2391 763 est

824 803 1026 855 animal
1081 800 1309 854 rationis
1348 800 1638 866 particeps,
1679 801 1952 862 mortale;
1989 809 2042 852 et
2096 799 2392 865 unusquis-

823 905 928 959 que
956 903 1084 943 caro
1111 898 1194 943 est
1220 889 1456 942 animata
1489 888 1666 938 anima
1708 887 1914 940 ratione
1940 888 2184 955 praedita,
2223 898 2277 939 et
2307 887 2389 938 in-

824 984 1118 1049 telligente.
1169 977 1294 1032 llaec
1349 979 1871 1046 igitur-communis
1935 989 2126 1031 natura
2181 979 2390 1031 ratione

821 1075 1216 1131 consideratur,
1262 1080 1358 1122 nec
1389 1070 1530 1121 enim
1560 1083 1803 1135 persona:
1837 1069 1956 1121 alia:
1992 1071 2042 1122 in
2091 1069 2212 1122 aliis
2245 1071 2386 1121 inter

827 1181 886 1219 se
935 1172 1080 1224 s‘unt,
1135 1162 1228 1215 sed
1277 1161 1457 1224 potius
1507 1173 1860 1226 unaquaeque,
1911 1157 2186 1224 sigillatim
2221 1164 2285 1208 -ιιι
2335 1157 2387 1208 in

827 1265 999 1322 parte,
1047 1255 1098 1303 id
1129 1262 1232 1310 est,
1261 1266 1354 1312 per
1401 1264 1461 1302 se
1501 1258 1746 1314 separata
1776 1257 1882 1308 est,
1913 1248 2142 1313 plurima
2186 1247 2390 1299 habens

827 1359 948 1410 qua:
995 1345 1166 1408 ipsam
1197 1343 1264 1392 ab
1290 1342 1455 1392 altera
1489 1340 1849 1406 distinguant,
1882 1338 2146 1404 siquidem
2181 1347 2236 1390 et
2267 1336 2388 1390 loco

823 1436 1049 1493 distant,
1087 1439 1139 1483 et
1164 1438 1405 1495 tempore
1433 1429 1706 1486 diil’erunt,
1737 1438 1790 1478 ot
1821 1426 2098 1480 voluntate
2125 1427 2388 1478 dividun-

828 1535 936 1585 tur,
967 1533 1021 1574 et
1056 1523 1280 1583 viribus,
1321 1531 1374 1573 et
1413 1520 1605 1579 forma,
1642 1519 1692 1570 id
1730 1523 1834 1580 est,
1868 1519 2057 1584 figura,
2094 1527 2145 1569 et
2181 1514 2387 1576 habitu,

827 1622 881 1662 et
929 1610 1201 1670 iiiistione,
1243 1600 1621 1675 ae'dignitate,
1672 1614 1726 1656 et
1779 1605 1981 1668 studio,
2028 1606 2389 1670 omnibusqu

828 1697 1250 1764 proprietatibus
1274 1694 1704 1761 designantilius,
1729 1693 1849 1758 plus
1879 1708 2007 1745 vero
2029 1692 2240 1744 caeteris
2273 1705 2388 1742 oin-

828 1787 984 1836 nihus
1011 1797 1076 1836 eo
1105 1787 1245 1848 quod
1293 1795 1397 1834 non
1445 1791 1570 1834 sunt
1606 1783 1723 1834 alia:
1771 1784 1825 1833 in
1867 1771 1988 1833 aliis
2038 1792 2241 1842 mutuo,
2291 1781 2384 1832 sed

828 1878 1010 1944 ponus
1041 1884 1308 1941 separata:
1337 1883 1482 1931 sunt,
1513 1873 1654 1924 unde
1683 1881 1735 1924 et
1763 1871 1872 1924 duo
1925 1880 1978 1922 et
2007 1880 2113 1922 tres
2145 1869 2388 1922 homines
2420 1859 2461 1912 Β

824 1966 1100 2024 dicuntur,
1128 1974 1180 2015 et
1218 1963 1400 2024 inniti;
1436 1963 1536 2013 hoc
1566 1972 1746 2012 autem
1787 1961 1837 2012 in
1870 1962 2017 2012 omni
2051 1970 2241 2012 natura
2271 1961 2395 2013 lii-et

827 2055 1198 2109 considerare.
1235 2051 1432 2104 Contra
1485 2065 1612 2104 veto
1643 2052 1692 2102 in
1735 2060 1942 2112 sancta,
1987 2059 2041 2102 et
2078 2063 2238 2115 supra
2266 2050 2393 2102 sub-

821 2147 1104 2205 stantiam,
1146 2159 1209 2196 ac
1244 2144 1380 2194 ultra
1414 2143 1617 2203 omnia,
1646 2151 1695 2193 et
1732 2141 2181 2206 incomprehensa
2211 2137 2397 2192 Trini-

826 2247 958 2298 tale,
993 2236 1101 2288 illic
1130 2235 1274 2286 enim
1323 2233 1756 2299 contemplaintir
1787 2245 2098 2294 commune,
2133 2239 2186 2280 et
2230 2245 2394 2282 unum

825 2343 882 2380 re
909 2335 1126 2392 propter
1155 2332 1507 2383 comternuin,
1540 2332 1594 2373 et
1620 2321 1744 2386 quia
1788 2320 1838 2372 id
1889 2319 2064 2386 ipsum
2096 2327 2226 2372 sunt
2260 2320 2388 2370 sub-

821 2417 1042 2478 stantia,
1078 2416 1417 2481 opcratione.
1448 2412 1741 2472 voluntate,
1773 2421 1826 2463 et
1858 2410 2143 2462 voluntatis
2170 2411 2387 2476 coospi-

821 2508 1054 2569 ratione,
1107 2512 1398 2572 potestate,
1439 2503 1638 2554 virtute
1694 2509 1745 2553 et
1799 2502 2058 2552 bonitate.
2115 2499 2229 2552 Non
2278 2499 2386 2552 dixi

822 2595 1020 2658 simile,
1053 2595 1144 2645 sed
1181 2595 1229 2644 id
1253 2595 1447 2659 ipsum,
1480 2603 1533 2644 et
1560 2599 1778 2657 propter
1801 2602 1962 2642 unum
1991 2591 2249 2653 impetum
2278 2604 2390 2642 nio-

821 2695 936 2747 tus;
973 2699 1073 2734 una
1111 2683 1252 2734 enim
1283 2681 1608 2742 substantia,
1641 2693 1743 2732 una
1777 2680 2026 2740 bonitas;
2063 2694 2165 2730 una
2196 2679 2384 2741 virtus,

820 2789 928 2828 una
958 2774 1231 2836 voluntas,
1255 2788 1357 2823 una
1383 2773 1542 2832 actio,
1574 2787 1676 2823 una
1705 2783 1756 2824 et
1777 2773 1962 2823 eadem
1993 2777 2250 2837 potestas,
2284 2785 2386 2823 non

817 2875 930 2916 tres
954 2863 1222 2916 sibi'inter
1239 2878 1296 2913 se
1319 2863 1543 2924 similes,
1563 2862 1654 2912 sed
1679 2877 1780 2912 una
1801 2872 1848 2912 et
1874 2863 2057 2913 cadent
2079 2863 2240 2911 trium
2266 2875 2388 2924 per-

818 2965 1077 3006 sonarum
1103 2951 1291 3014 motio,
1322 2966 1484 3001 unum
1504 2951 1648 3003 enim
1668 2965 1998 3019 unaquaeque
2021 2965 2204 3002 earum
2233 2951 2392 3003 habet

889 3063 935 3096 ⁸⁹
963 3062 1120 3117 Joan.
1151 3079 1260 3125 xvr,
1294 3062 1379 3117 15.

2493 628 2543 680 iu
2571 627 2822 678 omnibus
2852 640 3010 676 unum
3039 633 3163 677 sunt
3193 621 3370 677 Pater.
3403 633 3456 673 et
3496 619 3686 681 Filius,
3726 630 3780 671 et
3808 619 4040 686 Spiritus

2489 725 2733 774 sanctus,
2774 717 2976 779 'prcter
3024 711 3318 778 ingenitum
3355 707 3458 776 (i),
3502 717 3556 760 et
3591 707 3954 769 nativitatem,
3986 716 4040 757 et

2489 803 2886 871 processionem
2915 814 2931 863 ;
2963 813 3155 860 unum,
3207 797 3448 864 inquam,
3482 795 3661 858 habet,
3714 795 3809 847 sed
3837 795 4041 861 cogita-

2490 892 2638 943 tione
2682 889 2994 942 distinctum
3027 888 3128 954 (2).
3171 887 3391 955 Magnus
3422 887 3652 942 Basilius
3700 893 3753 940 in
3793 901 4042 941 sermone

2489 982 2554 1034 de
2583 980 2722 1032 lide:
2755 977 2949 1031 Filium
2980 978 3093 1031 dixi
3115 987 3169 1031 et
3195 977 3430 1040 Patrem,
3461 992 3612 1032 serra
3643 978 3772 1030 mihi
3804 977 3899 1030 lias
3922 992 4044 1045 pro-

2490 1070 2783 1137 prietates;
2819 1083 3143 1136 permanens
3189 1069 3350 1138 igitur
3395 1068 3563 1122 Filius
3594 1069 3645 1120 in
3683 1082 3749 1122 eo
3789 1071 3931 1134 quod
3961 1076 4046 1119 est

2489 1158 2678 1221 Filius,
2712 1158 2892 1210 omnia
2936 1166 3042 1218 est,
3073 1168 3405 1224 quaecunque
3431 1155 3592 1209 Pater
3621 1143 3725 1213 est.
3763 1157 3902 1208 sicut
3933 1155 4044 1220 ipse

2489 1247 2749 1299 Dominus
2765 1246 2898 1298 dixit
2922 1263 2936 1298 :
2965 1245 3284 1314 Omnia'quar
3308 1246 3458 1298 habet
3485 1244 3668 1308 Pater,
3695 1262 3808 1298 mea
3834 1257 3954 1298 sunt
3975 1245 4042 1296 ⁶’.

2489 1336 2866 1404 Ειϐιθεοιὶιιε
2910 1333 3232 1404 Nyssenus:
3284 1336 3613 1389 Coiilitentes
3645 1375 3660 1399 ,
3712 1336 3890 1402 inquit
3943 1337 4042 1402 (3),

2488 1426 2730 1478 eamdem
2770 1433 3017 1476 naturam
3049 1424 3166 1477 sine
3193 1425 3296 1475 ulla
3331 1424 3650 1485 variatione,
3685 1423 4042 1477 differentiam

2490 1529 2685 1576 cause,
2713 1522 2767 1566 et
2795 1528 2860 1566 ex
2896 1525 3057 1565 causa
3091 1512 3490 1578 proﬁciscentis
3519 1527 3625 1566 non
3663 1527 3941 1578 negamus,
3990 1515 4041 1564 ln

2490 1619 2599 1672 quo
2638 1603 2753 1655 solo
2783 1602 3010 1655 alterum
3044 1603 3111 1655 ab
3146 1602 3319 1655 altero
3362 1602 3597 1654 discerni
3628 1601 4045 1669 comprehcndi-

2491 1708 2634 1746 rnus.
2669 1693 2729 1745 Et
2759 1691 2971 1744 divinus
2992 1692 3333 1754 Anastasius,
3361 1691 3411 1742 in
3438 1692 3574 1744 libro
3621 1691 3699 1742 De
3726 1692 3942 1742 veritate
3964 1707 4045 1743 re-

2489 1791 2692 1833 ctorum
2716 1782 3062 1848 dogmatum:
3113 1780 3554 1848 Reciprocantur,
3613 1781 3806 1846 inquit,
3860 1781 4046 1846 hujus-

2493 1870 2632 1921 modi
2686 1869 3096 1935 appellationes,
3151 1869 3314 1929 Deus,
3369 1869 3658 1929 Dominus,
3708 1879 3762 1920 et
3813 1868 4047 1935 Spiritus

2493 1967 2710 2025 propter
2757 1957 3132 2025 incorporeum
3177 1966 3231 2010 et
3275 1967 3548 2015 sanctum.
3599 1959 3722 2022 quia
3761 1958 4046 2025 unicuique

2492 2061 2737 2115 persona:
2784 2047 3116 2099 conveniunt
3166 2047 3468 2113 huiusmodi
3502 2031 3925 2108 nominationes,
3962 2063 4045 2101 re-

2491 2148 2706 2193 servato
2755 2139 2898 2192 Patri
2937 2141 3037 2193 hoc
3068 2141 3206 2202 solo,
3233 2139 3440 2192 scilicet
3487 2139 3701 2192 Patrem
3748 2155 3889 2203 esse,
3921 2141 4046 2207 qia

2492 2229 2641 2283 solus
2675 2238 2757 2282 est
2805 2226 2962 2280 Pater
2986 2238 3238 2296 tanquam
3291 2244 3453 2283 causa
3485 2243 3497 2293 ;
3550 2240 3604 2283 et
3637 2240 3910 2284 reservato
3947 2233 4044 2298 ipsi

2491 2316 2628 2370 Filio
2662 2318 2764 2370 hoc
2800 2327 3031 2378 tantum,
3081 2318 3290 2372 scilicet
3337 2317 3530 2372 Filium
3562 2334 3703 2386 esse,
3744 2323 3870 2390 quia
3904 2322 4049 2374 solus

2490 2412 2701 2479 genitus
2737 2419 2856 2472 est;
2895 2419 3171 2463 reservato
3202 2411 3328 2463 item
3360 2410 3660 2474 Paracleto,
3695 2426 3814 2466 esse
3844 2415 4049 2466 scilicet

2493 2500 2754 2568 Spiritum
2786 2508 3060 2550 sanctum.
3097 2498 3314 2552 Divinos
3356 2482 3660 2565 Dionysius,
3698 2515 3818 2568 cap.
3855 2517 4048 2555 secun-

2493 2591 2558 2642 do
2601 2589 2672 2640 De
2704 2587 2902 2638 divinis
2943 2586 3260 2648 nominibus,
3294 2587 3368 2639 ait
3395 2605 3408 2640 :
3438 2587 3697 2652 Copulata
3726 2587 3778 2639 in
3806 2603 3969 2638 unutn
3997 2590 4047 2639 in

2496 2690 2605 2732 tota
2653 2680 2959 2740 divinitate,
3008 2688 3067 2730 ut
3116 2678 3168 2729 in
3217 2678 3532 2745 theologicis
3582 2679 4050 2732 informationibns

2497 2769 2702 2837 prolixe
2733 2782 2797 2819 ex
2829 2765 3126 2833 Scripturis
3154 2767 3356 2819 sanctis
3381 2767 3897 2831 demonstravimus,
3927 2779 4052 2820 sunt

2496 2872 2820 2924 supraquani
2874 2858 3075 2923 bonus,
3119 2870 3450 2923 supraquam
3506 2855 3667 2920 Deus,
3722 2871 4048 2925 stipraquam

2498 2949 2822 3012 substantia,
2867 2961 3196 3015 supraquain
3226 2948 3431 3011 vivens,
3461 2961 3782 3016 supraqnam
3810 2949 4049 3018 sapiens,-

2277 3155 2548 3220 Schola.

892 3263 970 3333 (i)
1003 3260 1243 3333 fPrreten
1271 3260 1576 3333 ingenitum.
1622 3268 1668 3311 et
1702 3259 2049 3318 nativitatem,
2092 3268 2386 3333 et_procea_-
2416 3266 2457 3320 C
2493 3264 2651 3320 tione,
2681 3263 3033 3329 differentiam
3073 3265 3247 3317 causa?
3283 3277 3332 3316 et
3372 3278 3436 3316 ea:
3476 3279 3634 3314 causa
3679 3265 4050 3331 proﬁciscentis

820 3328 1040 3394 sionem.
1085 3331 1196 3381 Non
1233 3331 1330 3380 hoc
1363 3331 1492 3380 dii-it
1536 3329 1918 3387 Dainasoenns,
1948 3328 2102 3393 quasi
2152 3329 2385 3380 innasci-

826 3409 1030 3460 liilitas,
1065 3414 1185 3466 qua:
1215 3399 1410 3466 iliciiur
1437 3398 1753 3463 ἀγεννησία,
1788 3399 2078 3448 conStituat
2106 3405 2158 3448 et
2190 3397 2382 3447 (listin‘

822 3485 948 3542 αιωι
995 3464 1281 3535 personam
1329 3464 1543 3542 lia-iris;
1583 3466 1681 3516 hoc
1708 3480 1849 3542 enim
1896 3466 2007 3517 lieri
2047 3476 2380 3542 non_potest,

824 3533 946 3597 cum
974 3533 1266 3604 ingenitum
1294 3533 1424 3585 nihil
1453 3548 1636 3600 ponat.
1660 3535 1749 3583 sed
1781 3545 2039 3598 neganter
2063 3534 2380 3598 accipiatur,

829 3628 929 3666 nec
962 3608 1256 3674 ingenitum
1305 3605 1501 3669 accipit
1541 3619 1636 3668 pro
1671 3617 1733 3654 eo
1781 3604 1927 3674 quod
1971 3613 2054 3654 est
2086 3605 2379 3674 itirreatuin

824 3683 924 3750 (sic
946 3671 1087 3750 enim
1118 3674 1416 3750 secundum
1445 3673 1800 3750 substantiam
1825 3671 2049 3750 dicitur,
2071 3681 2125 3722 et
2159 3671 2223 3722 ad
2257 3675 2384 3722 snh-

824 3739 1080 3803 giantiam
1137 3742 1440 3810 pertinet),
1489 3742 1581 3794 sed
1632 3742 1712 3792 sic
1769 3741 1966 3806 accipit
2016 3739 2383 3794 Damascenus

821 3821 909 3872 hic
943 3812 1267 3878 ingenitum,
1313 3821 1368 3862 ιιι
1402 3810 1666 3877 signified
1699 3811 1749 3861 id
1797 3813 1939 3875 quod
1974 3825 2078 3861 non
2110 3821 2192 3861 est
2229 3811 2382 3873 getti-

822 3901 958 3948 iuin,
988 3877 1044 3935 iit
1083 3880 1149 3932 ad
1181 3880 1821 3948 relationein_pei'tineat,
1875 3877 2147 3948 quatenus
2190 3881 2383 3930 relatio

823 3946 1009 4022 geniti,
1049 3965 1166 4017 anc
1199 3949 1448 4022 convenit
1495 3946 1651 4006 Filio,
1704 3958 1930 4022 negatur
1978 3947 2167 4009 Patri;
2213 3948 2384 4022 utsic

828 4017 989 4077 l’aler
1016 4022 1290 4087 ingenitus
1325 4017 1686 4083 distinguatur
1720 4031 1745 4066 a
1779 4017 1913 4069 Filio
1947 4031 2046 4068 non
2079 4019 2377 4087 secundum

825 4085 1212 4150 Substaiitiain,
1245 4087 1336 4138 sed
1376 4087 1670 4137 secundum
1701 4087 2038 4138 relationem.
2067 4085 2385 4136 Observavit

825 4166 926 4214 hoc
968 4171 1019 4210 et
1059 4157 1344 4224 explicavit
1399 4156 1450 4206 in
1501 4154 1831 4207 Damasreiio
1871 4156 2014 4206 idem
2044 4153 2100 4206 S.
2136 4152 2333 4205 Thom.
2369 4170 2383 4204 t

824 4248 876 4300 p.
928 4246 978 4294 ιι.
1011 4228 1098 4287 55,
1147 4225 1341 4300 ιιι-ιρι.
1410 4231 1494 4300 ad.
1624 4224 1758 4300 Illetn
1813 4225 2094 4300 nativitas,
2142 4238 2258 4290 quae
2302 4231 2387 4274 est

826 4295 979 4352 Eii-tus
1021 4295 1330 4355 notionalis,
1383 4297 1445 4343 ad
1480 4295 1791 4344 relationem
1836 4295 2088 4357 pertinet,
2119 4302 2382 4359 quatenus

825 4367 1204 4434 significatur,
1241 4365 1382 4416 sicut
1421 4365 1496 4434 ait
1545 4366 1683 4413 idem
1735 4364 1792 4415 S.
1830 4361 2047 4434 Tlioui.,
2094 4373 2152 4413 ut
2187 4363 2266 4434 via
2310 4363 2384 4434 ad

822 4432 1107 4506 personam
1147 4435 1261 4486 Filii
1291 4433 1621 4500 proprietate
1647 4433 1939 4500 personati,
1975 4432 2024 4483 id
2059 4442 2143 4485 est
2172 4432 2386 4483 iiliatio-

821 4525 886 4559 ltt:
914 4517 1279 4556 Ctitislllttliitlt.

2489 3350 2588 3384 non
2623 3348 2891 3399 negamus.
2923 3336 3151 3384 Causam
3189 3337 3337 3392 dicit,
3378 3346 3495 3399 qua!
3548 3335 3773 3385 univoce
3803 3335 4000 3388 dicitur
4034 3353 4049 3398 ς

2489 3416 2593 3452 non
2645 3405 2785 3452 enini
2825 3401 2876 3452 iit
2918 3403 3113 3468 divinis
3163 3403 3454 3468 perfel‘tiiis
3509 3413 3590 3453 est
3643 3417 3760 3454 esse
3807 3417 4050 3466 causam,

2487 3485 2646 3528 quani
2683 3485 2802 3521 esse
2852 3484 2915 3522 ex
2961 3467 3332 3529 caiisa,’sicut
3363 3474 3410 3523 in
3451 3473 3733 3526 creaturis.
3763 3471 3813 3524 in
3857 3474 4054 3538 quibus

2488 3540 2865 3606 homonymum
2913 3549 3016 3599 est,
3073 3540 3120 3589 id
3158 3550 3235 3592 est
3271 3542 3628 3605 :eqnivocum,
3677 3541 3877 3594 habere
3926 3557 4052 3593 cau-

2486 3623 2622 3668 sam,
2652 3609 2790 3674 quod
2827 3608 3078 3660 t'olivenit
3107 3608 3350 3671 etl'ectui;
3393 3619 3444 3658 et
3483 3621 3603 3658 esse
3634 3625 3873 3671 causam,
3909 3612 4050 3673 quod

2486 3675 2739 3730 convenit
2785 3675 3038 3744 el'licienii
3092 3685 3348 3744 tanQuam
3387 3674 3719 3743 perfeCIiori.
3753 3681 3804 3729 In
3855 3682 4053 3731 divinis

2487 3760 2648 3799 causa
2685 3755 2764 3815 est
2804 3744 2960 3815 [’ater
3000 3743 3140 3805 Filii,
3181 3743 3273 3798 sed
3314 3761 3415 3798 non
3453 3759 3612 3797 causa
3643 3746 3908 3809 eil'ectrix,
3937 3763 4055 3815 qua

2487 3831 2515 3868 a
2566 3813 2764 3866 sanctis
2801 3810 3047 3866 Patribus
3087 3815 3286 3866 dicitur
3314 3817 3718 3882 γενεσιουργὸς.
3759 3819 3850 3870 sed
3889 3810 4052 3871 causa

2486 3883 2660 3936 solum
2693 3897 2823 3952 _qu:e
2851 3883 3046 3935 dicitur
3076 3882 3268 3945 αἴτιος,
3312 3887 3404 3936 ant
3434 3884 3594 3949 ἀρχὴ.
3624 3896 3715 3937 aut
3753 3886 3920 3947 αἴτιος
3956 3889 4055 3952 ἀρ-

2485 3952 2657 4024 χικός.
2693 3950 2901 4024 Dictum
2933 3952 3096 4024 estde
3123 3953 3204 4024 his
3225 3953 3414 4006 deCad.
3451 3953 3505 4010 7,
3531 3969 3648 4020 cap:
3680 3957 3730 4008 6.
3764 3950 4057 4020 Dupliciter

2487 4020 2664 4087 itaque
2716 4020 2908 4071 dicitur
2959 4021 3097 4086 apud
3150 4022 3367 4075 Graecos
3398 4025 3593 4084 αῐτιγ,
3635 4025 3683 4075 id
3719 4035 3822 4083 est,
3854 4028 4058 4089 quiest

2489 4106 2652 4146 causa
2683 4106 2696 4141 :
2733 4091 2902 4149 αἴτιος
2938 4096 3337 4160 γενεσιουργδς,
3380 4094 3426 4144 id
3444 4105 3544 4149 est.
3579 4108 3740 4146 causa
3775 4094 4016 4146 effectrix
4038 4136 4054 4156 ,

2485 4172 2537 4214 et
2594 4160 2764 4219 αἴτιος
2819 4159 3068 4224 ἀρχικὸς,
3107 4161 3156 4211 id
3195 4159 3310 4224 est,
3343 4177 3504 4215 causa
3564 4178 3682 4226 quae
3732 4164 4053 4229 principium

2485 4242 2600 4292 est;
2637 4229 2778 4281 sicut
2812 4229 3080 4294 accipiunt
3115 4231 3364 4294 th'ION'S
3409 4233 3579 4286 (ἐιωεὶ
3633 4247 3825 4284 nomen
3879 4248 4058 4286 causai

2488 4303 2540 4352 in
2590 4291 2809 4356 divinis,
2848 4291 2988 4362 quod
3044 4299 3099 4352 S.
3151 4291 3345 4350 Thom.
3390 4313 3535 4355 recte
3572 4300 3858 4360 intellexit,
3895 4302 3950 4352 et
4003 4303 4055 4354 in

2487 4365 2960 4437 Griecis‘Patribus
2985 4369 3263 4432 probavit;
3297 4371 3371 4420 sic
3402 4373 3541 4422 enim
3567 4371 3782 4431 scripsit
3817 4372 3867 4420 in
3915 4383 4056 4437 Opu-

2488 4439 2637 4508 Iculo
2665 4435 2862 4508 Contra
2887 4451 3086 4488 errores
3107 4437 3427 4498 Grecorum,
3447 4454 3564 4508 cap.
3593 4443 3611 4493 Ι
3635 4456 3648 4491 :
3670 4437 3850 4503 Neque
3880 4435 4057 4492 tamen

2490 4506 2891 4571 intelligendum
2925 4514 3028 4568 est,
3062 4509 3202 4572 quod
3235 4511 3430 4571 sani-ti,
3459 4506 3549 4575 qui
3610 4509 3827 4560 nomine
3883 4523 4060 4560 causa:

893 4575 969 4642 (9.)
995 4573 1093 4648 Sed
1124 4571 1790 4648 cogitationedistinctum.
1820 4569 2036 4648 Scilicet
2067 4586 2092 4620 a
2124 4584 2375 4637 persona.
2413 4593 2457 4648 ι)
2485 4587 2538 4648 et
2573 4569 2778 4628 causa“
2837 4582 3058 4626 utuntur
3081 4569 3171 4648 'ini
3197 4575 3395 4648 divinis
3418 4569 3425 4571 ﬁ
3450 4569 4061 4648 personis,“intendant

822 4641 908 4696 Ne
928 4642 1050 4710 quis
1088 4645 1242 4694 aliter
1278 4645 1511 4706 accipiat
1537 4647 1678 4707 quod
1713 4643 1800 4693 hic
1831 4641 1960 4710 dicit
1993 4641 2378 4702 llatiiascenus,

825 4718 926 4766 hoc
946 4709 1131 4776 ipsum
1165 4713 1293 4761 dii-it
1323 4717 1378 4763 δ.
1419 4710 1612 4762 Thom.
1651 4727 1662 4761 I
1697 4726 1748 4776 p.
1783 4725 1838 4776 q.
1871 4709 1961 4769 39,
1995 4721 2099 4763 art.
2131 4710 2151 4759 1
2188 4727 2200 4760 :
2235 4710 2390 4760 ltela-

821 4793 897 4832 tio
931 4798 1093 4842 enim,
1144 4783 1334 4845 inquit,
1369 4784 1431 4831 ad
1467 4791 1754 4833 essentiam
1787 4790 2104 4843 comparata
2145 4795 2248 4830 non
2284 4780 2389 4830 dif-

825 4852 926 4904 fert
965 4866 1042 4911 ri',
1084 4852 1173 4900 Sed
1228 4854 1433 4901 ratione
1479 4861 1711 4912 tantum,
1756 4859 2022 4917 quatenus
2053 4848 2257 4899 sciIiCcI
2301 4864 2390 4900 es-

829 4931 1001 4972 sentia
1035 4935 1292 4983 quantum
1320 4923 1383 4970 ad
1417 4924 1629 4970 inodum
1663 4920 2022 4986 signiﬁcandi,
2057 4930 2112 4967 ut
2143 4918 2217 4968 ait
2245 4919 2383 4969 idem

825 4992 885 5043 δ.
917 4989 1133 5047 Thom"
1156 4990 1490 5052 signiliraliit'
1523 5000 1579 5040 ut
1618 4990 1786 5041 forma
1818 4991 1977 5040 triuin
2013 5002 2387 5054 personarum,

822 5071 876 5111 et
930 5075 1181 5124 persona,
1234 5069 1288 5108 tit
1328 5060 1690 5123 particulare;
1747 5071 2057 5124 comparata
2102 5067 2281 5109 autem
2321 5065 2386 5108 ad

823 5129 1122 5195 oppositam
1175 5129 1510 5190 relationem,
1561 5131 1719 5181 habet
1776 5131 1975 5180 virtute
2025 5129 2385 5193 appositionis

825 5200 1024 5250 t'ealein
1066 5199 1491 5258 distinctionem,
1537 5209 1588 5248 ut
1623 5202 1722 5261 sic,
1768 5200 1958 5264 inquit,
2011 5207 2252 5247 remanet
2282 5212 2384 5245 una

823 5267 1084 5326 es'seutia,
1117 5281 1167 5316 et
1202 5279 1312 5318 tres
1337 5283 1601 5334 personae.
1641 5269 1826 5336 Itaque
1851 5268 2130 5319 distinetio
2166 5269 2389 5316 rationis

823 5336 1018 5388 sullicit
1051 5348 1104 5388 tit
1137 5338 1481 5405 multiplicari
1527 5354 1734 5406 possint
1781 5353 2046 5394 DJI'SOIIIE.
2099 5351 2218 5401 qua:
2263 5347 2388 5386 sunt

825 5409 1022 5471 alioqui
1061 5422 1163 5459 ttitu
1197 5410 1460 5468 essentia,
1489 5421 1542 5459 et
1575 5426 1677 5459 non
1712 5409 2094 5474 multiplicetur
2126 5420 2384 5457 essentia.

825 5474 916 5527 Sic
941 5477 1104 5528 etiam
1158 5477 1519 5530 llaniascmius
1571 5480 1621 5530 in
1671 5483 1769 5530 hoc
1821 5483 1938 5529 loco
1983 5476 2382 5528 distinctionem

824 5547 1190 5613 cogitationis,
1242 5552 1356 5599 sive
1396 5550 1625 5600 rationis
1683 5558 1857 5616 posuit
1907 5549 2048 5598 inter
2093 5556 2382 5596 t-swiitiaui

825 5618 1133 5668 divinaiiiet
1168 5633 1452 5684 personas,
1494 5619 1676 5670 relicta
1709 5624 2053 5670 distinctione
2077 5619 2205 5668 reali
2233 5621 2323 5666 tut
2360 5628 2384 5666 t'

826 5687 1116 5738 relationes
1150 5687 1481 5753 persunales,
1512 5704 1647 5754 quas
1683 5689 2075 5740 nominaret-at.

894 5759 968 5826 (5)
1003 5761 1320 5826 Loiq‘ilcutcs
1356 5764 1590 5811 eaiitdcin
1627 5775 1870 5811 naturam
1923 5763 2032 5810 sine
2060 5755 2170 5809 ulla
2209 5755 2385 5807 variu-

2486 4647 2856 4698 diversitatem
2908 4655 3112 4696 natura:
3163 4645 3441 4704 inducere.
3494 4659 3587 4700 aut
3663 4645 3857 4698 Filium
3937 4661 4059 4700 esse

2489 4725 2818 4773 creaturam,
2854 4715 2948 4782 sed
3000 4728 3096 4776 per
3155 4716 3263 4782 hoc
3307 4717 3488 4767 volunt
3542 4717 3833 4768 ostendere
3884 4716 4056 4768 solani

2488 4786 2751 4848 originem
2805 4781 3178 4848 personarum.
3228 4781 3496 4837 llacteniis
3558 4786 3617 4837 S.
3657 4782 3850 4836 Thom.
3909 4786 4060 4848 Quod

2489 4869 2616 4921 eigo
2669 4852 2740 4902 ait
2791 4850 3086 4914 Gregorius
3130 4851 3423 4919 NySsciius,
3471 4872 3534 4908 ex
3589 4854 3699 4907 sola
3759 4852 4058 4905 diﬂerentia

2491 4937 2667 4975 causa:
2695 4931 2747 4972 et
2775 4923 2979 4971 (‘attsati
3012 4921 3064 4972 in
3103 4922 3297 4971 divinis
3344 4926 3610 4979 exsistere
3652 4924 4058 4975 distinctionem

2525 5005 2864 5050 ersonarnni,
2907 4991 3195 5056 signiﬁcat,
3233 4990 3358 5057 quia
3413 4992 3572 5046 Pater
3615 5003 3696 5044 est
3734 4993 4060 5060 principium

2515 5062 2630 5125 "ilii,
2668 5078 2760 5125 pcr
2795 5062 3192 5126 geneiaiiouein
3247 5061 3482 5124 scilicet,
3509 5077 3560 5115 et
3593 5062 3750 5115 Pater
3797 5075 3862 5112 ac
3895 5061 4064 5115 Filius

2489 5132 2808 5198 principium
2854 5130 3087 5201 Spiritus
3122 5135 3294 5184 sancti
3330 5149 3425 5201 per
3454 5135 3828 5201 Spirationem,
3863 5132 4065 5201 idcirco

2488 5203 2730 5262 Patrem,
2762 5210 2814 5251 et
2847 5200 3066 5257 Ftl=mu.
3110 5211 3163 5252 ct
3199 5200 3458 5267 Spiritum
3489 5200 3765 5256 sanetum
3797 5200 3911 5250 suis
3940 5215 4062 5265 pru-

2488 5271 2803 5337 prietatibus
2838 5271 3208 5339 persoiialibus
3245 5276 3384 5326 inter
3414 5289 3472 5325 se
3514 5272 3733 5323 realiter
3779 5269 4062 5334 distingui.

2488 5342 2557 5395 Ει
2587 5346 2726 5406 quod
2785 5340 3100 5393 Anastasius
3151 5341 3522 5394 Autinehettns
3578 5345 3670 5401 ait,
3735 5341 3838 5390 hoc
3888 5340 4064 5390 solum

2490 5409 2755 5464 reservari
2816 5411 2980 5468 l’atri,
3014 5410 3222 5460 scilicet
3272 5412 3482 5463 I’atretn
3538 5425 3678 5471 esse,
3733 5413 3859 5475 quia
3919 5411 4067 5459 solus

2495 5481 2648 5532 I’alci-
2683 5482 2750 5528 sit
2785 5493 3038 5550 tanquam
3071 5494 3264 5543 causa;
3305 5484 3525 5550 perinde
3556 5491 3638 5532 εει
3675 5480 3812 5550 ut_si
3839 5476 4067 5550 diceret,

2494 5553 2619 5618 quia
2652 5551 2796 5602 solus
2828 5549 2984 5600 Pater
3007 5561 3076 5600 sit
3105 5565 3271 5616 tanqu
3293 5545 3361 5602 ιίιι
3393 5553 3712 5617 ριιιιιοιιιιιιιιι
3739 5545 3877 5598 Filii.
3915 5548 4066 5614 apud

2494 5621 2718 5672 Latinus
2767 5637 2894 5671 νυνι)
2929 5619 3187 5673 usitatum
3233 5635 3314 5675 est
3344 5639 3440 5687 pro
3476 5621 3732 5672 vocabulo
3769 5633 3943 5668 coitate
3991 5618 4069 5668 uti

2496 5691 2715 5742 nomine
2745 5692 3011 5757 principii.
3046 5690 3298 5743 Rationes
3343 5707 3474 5743 usus
3521 5692 3676 5754 huius
3728 5688 3872 5740 verbi
3925 5687 4071 5740 idem

2496 5769 2556 5813 δ.
2580 5757 2774 5812 Thom.
2806 5761 3008 5823 attulit;
3040 5763 3178 5832 legat
3202 5765 3291 5831 qui
3321 5762 3610 5815 desiderat.
