4446 6450
825 423 932 485 935

1420 524 1646 580 CAPUT
1700 522 1760 576 V.

821 658 973 724 Quod
1016 659 1066 709 in
1123 655 1381 708 Trinitate
1423 655 1705 724 ingenitum
1755 671 1915 724 neque
1957 656 2250 708 substantia
2281 665 2378 717 est,

890 741 1052 792 neque
1087 725 1374 789 proprietas
1406 739 1638 785 personae
1673 723 1763 775 Dei
1793 723 2004 782 Patris:
2035 741 2124 774 nec
2178 728 2230 775 in
2266 726 2382 789 ipsa

887 805 964 844 est
1022 793 1167 843 aliud
1220 793 1530 857 principium
1577 793 1692 855 fons
1726 793 1884 844 totius
1937 794 2246 851 diuinitatis.
2281 793 2384 844 nisi

890 862 1035 915 solus
1077 861 1237 912 Pater
1271 875 1287 910 :
1321 876 1410 910 nec
1459 859 1566 910 ulla
1595 861 1703 910 alia
1751 861 2030 917 naturalis.
2070 871 2120 912 et
2173 863 2385 928 propria

891 930 1199 981 substa’ntia’
1223 937 1465 983 potestas.
1489 931 1595 978 sive
1625 931 1813 987 virtus,
1833 939 1881 979 et
1913 929 2166 980 divinitas
2187 968 2200 987 ,
2232 940 2386 993 atque

889 998 1120 1063 energi‘a,
1175 1002 1278 1047 sive
1318 996 1552 1060 Operatio
1588 1011 1653 1048 ea:
1699 995 1904 1061 inﬁnita
1941 1014 2002 1049 ac
2038 999 2216 1049 divina
2269 998 2391 1050 sub-

890 1068 1086 1118 stantia
1134 1066 1417 1132 prodictas,
1472 1065 1573 1116 nisi
1625 1064 1766 1117 solus
1799 1063 2005 1130 Filius,
2054 1075 2105 1119 et
2161 1064 2389 1132 Spiritus

891 1144 1125 1186 sanctus.

893 1239 1116 1307 Magnus
1152 1236 1403 1300 Basilius,
1439 1240 1490 1291 in
1521 1241 1760 1292 secundo
1787 1239 1987 1294 Contra
2019 1240 2338 1294 Eunomium
2372 1255 2392 1294 :

771 1316 773 1318 i
821 1329 1244 1393 lnterrogetuus,
1275 1330 1490 1394 inquit,
1524 1326 1868 1391 Eunontium,
1911 1342 2108 1399 quanta
2143 1348 2394 1388 mensura

824 1419 1120 1481 ingenitum
1169 1436 1196 1471 a
1243 1419 1422 1485 genito
1451 1422 1743 1472 discretmn
1785 1431 1891 1484 est,
1923 1423 2181 1488 numquid
2231 1437 2395 1490 parva

828 1511 1066 1576 quadam
1116 1517 1169 1560 et
1227 1517 1394 1565 tanta,
1438 1517 1496 1560 ut
1526 1510 1736 1574 possint
1767 1510 2057 1576 aliquando
2083 1511 2134 1562 in
2164 1512 2396 1579 idipsum

825 1597 966 1649 inter
997 1611 1054 1649 se
1085 1590 1396 1647 cohaarere?
1426 1611 1490 1646 an
1518 1595 1621 1648 hoc
1655 1596 1898 1649 funditus
1925 1595 2038 1649 fieri
2070 1613 2174 1650 non
2203 1607 2398 1666 potest,

825 1696 880 1739 et
941 1688 1108 1740 tuulto
1166 1688 1370 1747 minus,
1407 1701 1566 1751 quam
1618 1689 1865 1738 eumdem
1921 1688 2079 1739 simul
2109 1689 2308 1750 vivere,
2346 1695 2403 1741 et

826 1786 1093 1828 mortuum
1143 1789 1282 1835 esse,
1316 1785 1368 1825 et
1396 1773 1644 1826 ettmdem
1693 1774 1850 1826 simul
1895 1774 1959 1826 in
2019 1777 2206 1827 eadem
2250 1786 2402 1842 parte

827 1882 1018 1920 sanum
1051 1879 1191 1922 esse,
1228 1875 1280 1916 et
1309 1874 1592 1932 aegrotare,
1623 1873 1678 1916 et
1711 1865 1934 1932 vigilare
1968 1866 2155 1929 simul,
2196 1877 2250 1919 et
2275 1866 2403 1919 dor-

831 1959 1003 2009 mire?
1035 1956 1184 2008 Talia
1217 1958 1362 2008 enim
1398 1966 1546 2016 sunt,
1579 1968 1934 2022 quaecumque
1987 1960 2197 2009 summa
2231 1970 2403 2024 oppo-

829 2050 1026 2103 sitione
1069 2048 1167 2100 sibi
1207 2049 1344 2098 inter
1373 2061 1430 2098 se
1463 2046 1706 2115 opposita
1734 2052 1880 2109 sunt,
1915 2055 1970 2098 ut
2002 2045 2230 2098 alterum
2283 2062 2403 2099 cum

830 2139 995 2198 adsit,
1034 2151 1252 2190 necesse
1287 2136 1355 2187 sit
1390 2136 1613 2187 altermn
1653 2135 1866 2197 abesse,
1899 2149 2017 2200 quas
2049 2144 2238 2187 natura
2281 2149 2409 2194 sunt,

829 2231 1054 2283 Ollttlillo
1090 2228 1464 2293 repugnantia,
1490 2236 1544 2280 et
1577 2225 1982 2278 incoluerentia.
2016 2223 2081 2277 Et
2121 2225 2171 2277 iu
2217 2234 2411 2293 quarto

833 2322 972 2372 libro
1047 2329 1234 2371 cnntra
1291 2317 1537 2369 etundem
1595 2332 1609 2368 :
1671 2315 1998 2382 ingenitum,
2063 2315 2268 2382 inquit,
2329 2317 2408 2366 vel

831 2411 1135 2466 Substantia
1203 2421 1322 2468 est,
1387 2407 1470 2459 vel
1525 2409 1816 2470 accidens;
1873 2406 2005 2458 nihil
2063 2410 2209 2458 enim
2265 2407 2408 2459 aliud

833 2510 997 2553 restat
1033 2507 1229 2568 pra-ter
1263 2501 1413 2562 haec;
1451 2498 1539 2562 qtti
1575 2498 1736 2564 igitttr
1774 2498 1825 2549 in
1859 2509 2089 2564 utroque
2119 2498 2409 2550 absurdum

837 2592 1232 2644 demonstravit
1265 2590 1317 2641 in
1356 2590 1419 2641 iis
1438 2605 1556 2657 qua:
1580 2589 1832 2655 deinceps
1868 2598 2188 2654 sequuntur,
2219 2601 2410 2640 rursus

834 2683 888 2735 in
917 2681 1156 2734 secundo
1189 2680 1342 2742 dixit,
1377 2694 1596 2745 prorsus
1628 2678 1842 2731 reticeri
1875 2679 1923 2729 in
1960 2675 2230 2729 Trinitate
2261 2680 2415 2744 inge-

833 2773 1006 2826 nitum
1037 2780 1256 2838 propter
1281 2771 1605 2821 Arianorum
1635 2770 1984 2833 imperitiam.
2011 2771 2143 2820 Cum
2169 2767 2252 2820 his
2275 2781 2410 2821 con-

835 2871 1035 2916 sonant
1091 2877 1208 2925 quae
1266 2859 1563 2926 Gregorius
1612 2859 1887 2927 Nyssenus
1938 2857 2416 2924 dixit.Gregotius

836 2952 1165 3019 Theologus,
1213 2952 1352 3002 libro
1393 2949 1565 3016 primo
1619 2949 1690 2999 De
1747 2946 1888 3000 Filio
1923 2963 1940 2999 :
1977 2948 2256 3012 Quomodo
2295 2949 2418 3001 sub-

837 3044 1092 3095 stantiam
1151 3040 1241 3091 Dei
1293 3039 1429 3089 dlClS
1473 3051 1577 3087 non
1626 3036 1946 3103 positionem
1983 3033 2102 3097 ejus
2137 3033 2278 3101 quod
2310 3043 2417 3095 est,

839 3133 932 3186 sed
978 3130 1308 3182 ablutionem
1364 3127 1477 3194 ejus
1513 3128 1655 3193 quod
1693 3140 1795 3175 non
1840 3123 1961 3176 est?
1997 3121 2232 3175 Verbum
2271 3122 2414 3175 enim

843 3221 1081 3273 declarat
1107 3234 1210 3270 non
1236 3233 1356 3270 esse
1381 3218 1425 3268 ei
1453 3217 1858 3281 generationem
1885 3230 1899 3276 ;
1932 3229 2034 3264 non
2069 3221 2245 3263 autem
2277 3213 2420 3278 quod

844 3310 1138 3362 secundum
1204 3317 1450 3358 naturam
1503 3317 1607 3366 est,
1657 3305 2016 3364 demonstrat,
2052 3319 2226 3371 neque
2277 3303 2422 3372 quod

842 3411 945 3464 est,
974 3415 1074 3451 non
1104 3400 1306 3450 habens
1351 3396 1780 3458 generationem.
1813 3395 1942 3457 Qua:
1978 3395 2138 3462 igitur
2170 3393 2424 3447 suhSIan-

845 3493 916 3544 tia
965 3489 1096 3541 Dei?
1135 3487 1401 3540 Anteutia.
1442 3495 1545 3536 tua:
1581 3493 1666 3542 est
1718 3484 1820 3534 hoc
1854 3484 2055 3547 dicere,
2089 3486 2178 3551 qui
2210 3485 2423 3537 curiose

844 3582 1005 3632 ctiam
1041 3577 1271 3644 inquiris
1300 3574 1579 3644 generatio
1605 3589 1728 3632 rem,
1768 3572 1920 3625 nobis
1978 3589 2108 3626 vcro
2167 3589 2420 3640 magnum

845 3680 948 3746 est,
999 3670 1043 3721 si
1106 3667 1323 3735 quando
1380 3666 1598 3716 tandem
1656 3674 1709 3714 et
1753 3665 1802 3715 in
1837 3675 2112 3730 posterum
2156 3666 2423 3718 discamus

838 3758 1110 3812 dissoluta
1169 3755 1400 3824 caligine
1443 3761 1497 3806 et
1540 3752 1936 3818 crassitudine,
1986 3757 2125 3808 sicut
2177 3754 2426 3822 promisit

848 3850 939 3917 qui
978 3847 1193 3901 mentiri
1227 3862 1328 3898 non
1382 3854 1581 3913 potest.
1620 3843 1740 3898 lloc
1780 3843 1944 3912 igitur
1999 3844 2328 3913 intelligatur
2371 3856 2426 3897 et

847 3949 1097 4008 speretur
1130 3941 1196 3992 ab
1248 3938 1315 3991 iis
1346 3936 1436 4005 qui
1471 3937 1535 3987 ad
1571 3937 1671 3988 hoc
1695 3944 1856 3988 erunt
1893 3936 2100 4003 purgati
2136 3950 2272 3989 :nos
2298 3949 2425 3989 vero

852 4036 952 4087 hoc
994 4047 1181 4099 parum
1218 4029 1398 4081 dicere
1427 4028 1744 4088 audeamus,
1781 4028 1923 4092 quod
1954 4025 2000 4079 si
2036 4040 2224 4092 magna
2258 4024 2424 4094 gloria

850 4135 933 4180 est
969 4123 1112 4177 Patri
1139 4136 1203 4174 ex
1236 4119 1382 4172 nullo
1415 4118 1652 4185 prodire,
1688 4133 1791 4169 non
1822 4117 1998 4169 minor
2024 4127 2106 4170 est
2134 4115 2268 4170 Filio
2297 4132 2424 4185 pro-

852 4213 1020 4266 ticisci
1053 4227 1117 4264 ex
1156 4211 1246 4263 tali
1282 4208 1481 4272 Patre;
1509 4207 1736 4274 gloriam
1765 4205 1907 4259 enim
1937 4205 2054 4274 ejus
2076 4205 2164 4274 qui
2202 4220 2424 4260 causam

853 4318 960 4358 non
1013 4303 1200 4359 habet,
1254 4296 1686 4366 participaverit,
1739 4296 1863 4359 quia
1917 4309 1981 4347 ex
2035 4309 2143 4347 non
2198 4294 2425 4346 habente

852 4407 1074 4448 Causam
1127 4391 1269 4443 inest
1314 4389 1362 4441 ei
1417 4389 1528 4456 ipsa
1576 4400 1664 4438 res
1694 4385 1991 4437 nativitatis
2024 4392 2195 4450 tanta,
2225 4392 2281 4438 et
2318 4394 2424 4437 tam

1977 414 2303 477 JOANNIS
2345 410 2905 494 crramssmre

2409 527 2452 579 Α
2481 523 2601 574 dem
2633 522 2773 574 idem
2802 535 2860 569 es
2887 531 3008 569 cum
3056 514 3147 565 illo
3197 509 3492 561 secundum
3542 505 3897 558 substantiam
3943 500 4056 571 (a)?

3944 375 4051 456 θῶ

2482 611 2562 661 An
2592 609 2766 673 potius
2793 607 2980 672 liquet,
3004 600 3149 670 quod
3181 605 3431 651 manente
3449 594 3780 660 proprietate
3809 592 4055 646 immota.

2483 713 2784 762 quaeremus
2849 691 3208 749 substantiam
3267 686 3382 747 Dei,
3414 698 3533 751 qua:
3591 681 3804 733 tandem
3852 689 3956 743 est,
4003 677 4048 730 si

2487 797 2663 841 tamen
2696 797 3019 854 quasreums,
3055 777 3196 846 quod
3229 789 3358 827 vero
3380 788 3491 826 non
3528 772 3637 825 sint
3669 772 3811 821 idem
3852 768 4057 834 ingeni-

2487 888 2600 932 tum
2621 887 2676 929 et
2705 875 2863 938 Deus,
2886 875 2962 926 sic
2987 873 3181 923 disces.
3213 867 3268 920 Si
3315 867 3452 918 idem
3477 872 3640 918 esset.
3673 859 3975 928 oportebat,
4005 861 4064 906 ut

2497 967 2625 1032 quia
2678 967 2817 1018 Deus
2853 963 3156 1027 aliquorum
3217 957 3357 1010 Deus
3403 965 3521 1016 est,
3562 951 3858 1013 ingenitum
3893 949 4055 1000 etiam

2491 1057 2793 1121 aliquorum
2845 1059 2991 1104 esset
3047 1046 3374 1115 ingenitum;
3411 1052 3506 1094 aut
3559 1042 3683 1108 quia
3745 1038 3942 1115 nullius
3985 1045 4070 1088 est

2493 1144 2814 1211 ingenitum,
2872 1154 3044 1206 neque
3106 1138 3270 1189 Deum
3328 1147 3450 1187 esse
3502 1131 3805 1196 aliquorum
3867 1125 4068 1177 Deum:

2495 1249 2613 1302 qua
2641 1236 2782 1285 enim
2812 1232 3032 1282 omnino
3061 1235 3186 1280 sunt
3222 1226 3432 1282 eadem,
3466 1222 3657 1274 eodem
3703 1219 3869 1270 etiam
3909 1212 4073 1266 modo

2496 1321 2825 1382 ell'eruntur;
2878 1316 3027 1384 atqui
3096 1328 3202 1366 non
3276 1321 3360 1364 est
3420 1310 3723 1374 aliquorum
3768 1304 4072 1372 ingenitum

2501 1412 2752 1480 (quorum
2796 1406 2941 1460 enim
2983 1414 3066 1457 est
3083 1402 3149 1469 ἲ),
3181 1399 3322 1452 Deus
3372 1411 3506 1450 vero
3565 1395 3876 1461 aliquorum
3933 1391 4075 1443 Deus

2500 1512 2620 1560 est,
2657 1507 2738 1550 est
2782 1497 2924 1550 enim
2964 1493 3233 1552 omnium,
3267 1487 3536 1556 quomodo
3583 1485 3745 1552 igitur
3781 1482 3886 1534 erit
3928 1479 4074 1532 idem

2503 1590 2665 1651 Deus,
2699 1595 2752 1639 et
2784 1581 3123 1650 ingenitum?
3153 1578 3219 1632 Et
3255 1589 3466 1640 rursus,
3498 1575 3657 1638 Quia,
3692 1572 3890 1639 inquit,
3922 1569 4076 1636 inge-

2504 1683 2696 1740 nitum,
2728 1687 2780 1728 et
2815 1676 3053 1745 genitum
3095 1669 3369 1724 contraria
3399 1674 3525 1719 sunt
3553 1666 3693 1717 inter
3719 1678 3798 1724 se,
3837 1672 3896 1713 ut
3925 1659 4077 1712 babi-

2509 1780 2612 1831 tus,
2644 1779 2698 1820 et
2728 1764 3076 1832 privatioues,
3109 1774 3333 1813 necesse
3358 1765 3440 1810 est
3473 1766 3529 1807 ut
3561 1753 3875 1807 substantia
3907 1752 4078 1802 intro-

2509 1860 2776 1913 ducantur
2827 1856 2966 1907 inter
3017 1866 3078 1906 se
3129 1847 3455 1910 contrariae,
3513 1844 3660 1912 quod
3710 1843 3922 1910 quidem
3969 1853 4078 1893 non

2510 1947 2827 2000 conceditur
2859 1959 2874 2004 ;
2915 1953 3009 1995 aut
3048 1940 3173 2007 quia
3203 1951 3413 1994 rursus.
3440 1935 3647 2002 priores
3679 1942 3800 1986 sunt
3843 1930 4077 1994 habitus,

2511 2051 2670 2105 quam
2723 2033 3082 2104 privatiooes,
3127 2039 3180 2082 et
3221 2027 3439 2081 habitus
3471 2024 3665 2077 tollunt
3715 2023 3843 2089 ipsa
3899 2020 4081 2086 priva-

2520 2128 2714 2188 tiones,
2765 2139 2873 2175 non
2937 2119 3106 2174 solum
3172 2115 3532 2182 antiquiorem
3600 2124 3721 2165 esse
3781 2107 4081 2161 substantia

2515 2219 2691 2272 Patris
2727 2213 3084 2268 substantiam
3132 2208 3299 2272 Filii,
3329 2205 3422 2260 sed
3483 2206 3650 2258 etiam
3698 2215 3730 2253 a
3787 2196 4082 2254 substantia

2516 2308 2694 2364 Patris
2755 2309 2866 2362 tolli
2920 2321 3140 2360 necesse
3181 2314 3283 2367 est,
3310 2309 3571 2370 quantum
3612 2313 3677 2352 ex
3723 2295 3790 2348 iis
3817 2309 3937 2363 quae
3967 2306 3996 2344 a
4035 2301 4085 2343 te

2519 2402 2693 2470 posita
2757 2411 2923 2463 sunt,
2959 2397 3289 2452 concludere
3342 2395 3484 2447 licet.
3511 2393 3577 2444 Et
3622 2393 3816 2466 iterum
3851 2386 3992 2440 idem
4031 2385 4086 2438 in

2519 2492 2765 2548 oratione
2793 2492 2857 2544 de
2896 2489 3284 2551 constitutione
3320 2486 3697 2552 episcoporum
3726 2497 3742 2535 :
3778 2479 3906 2532 Sine
3944 2475 4091 2542 prin-

2521 2584 2681 2649 cipio,
2719 2581 2914 2647 inquit,
2964 2589 3080 2632 erat
3116 2579 3314 2636 Pater,
3353 2589 3458 2627 non
3495 2574 3637 2624 enim
3670 2570 3884 2622 aliunde
3922 2567 4090 2619 habe-

2523 2673 2613 2725 bat
2661 2681 2719 2724 ut
2776 2680 2942 2732 esset,
2981 2683 3078 2721 nec
3109 2683 3135 2717 a
3167 2680 3226 2720 se
3260 2666 3396 2733 ipso,
3442 2662 3616 2715 Filius
3639 2675 3766 2712 vero
3797 2657 4088 2727 (siquidem

2525 2756 2740 2813 Patrem
2775 2757 2850 2824 (l)
2883 2765 2938 2808 ut
2990 2770 3210 2809 causam
3251 2752 3474 2819 accipis)
3527 2766 3630 2803 non
3667 2757 3752 2802 est
3784 2747 3900 2799 siue
3940 2747 4091 2812 priu-

2524 2847 3057 2919 cipio;'principium
3089 2844 3288 2911 quippe
3315 2841 3433 2894 Filii
3469 2843 3628 2896 Pater
3676 2848 3759 2892 est
3801 2849 3858 2890 ut
3882 2851 4042 2890 causa
4070 2851 4088 2900 ς

2526 2940 2613 2993 sin
2647 2947 2828 2990 autem
2865 2925 3193 3002 principium
3237 2932 3510 2999 intelligas
3557 2946 3623 2984 ex
3658 2926 3935 2995 tempore,
3978 2928 4094 2979 sine

2528 3029 2797 3098 principio
2864 3036 2985 3088 est;
3055 3039 3162 3076 non
3249 3023 3393 3075 enim
3450 3020 3638 3088 incipit
3697 3020 3796 3073 sub
3855 3027 4098 3085 tempore

2531 3120 2787 3173 Dominus
2837 3128 3159 3183 temporum.
3207 3113 3272 3167 Et
3329 3115 3503 3167 adhuc
3559 3113 3614 3166 in
3669 3112 3858 3164 eodem
3913 3110 4093 3162 libro:

2531 3209 2862 3263 Observetur
2911 3219 3086 3259 autem
3116 3249 3129 3270 ,
3172 3217 3229 3258 ut
3288 3219 3403 3257 mea
3460 3203 3726 3258 sententia
3777 3211 3896 3262 est,
3963 3213 4098 3252 unus

2535 3300 2698 3362 Deus,
2747 3299 2813 3350 ad
2864 3312 3025 3349 unam
3089 3310 3308 3348 causam
3363 3291 3499 3346 Filio
3550 3303 3601 3345 et
3648 3291 3852 3360 Spiritu
3910 3299 4100 3341 sancto

2533 3391 2734 3452 relatis,
2767 3401 2871 3440 non
2903 3386 3244 3452 compositis,
3277 3385 3360 3437 vel
3409 3382 3790 3452 agglutinatis,
3817 3390 3872 3433 et
3900 3395 4097 3434 secun-

2530 3479 2654 3528 tlutn
2697 3491 2862 3528 unum
2897 3485 2952 3526 et
2980 3475 3266 3538 euindem,
3305 3482 3361 3524 ttt
3411 3473 3483 3525 ita
3537 3472 3733 3533 dicam,
3785 3478 3988 3523 motum
4046 3477 4100 3520 et

2532 3568 2890 3629 voluntatem,
2934 3574 2989 3618 et
3022 3580 3184 3617 uuam
3237 3573 3290 3617 et
3340 3563 3588 3617 eamdem
3630 3563 4007 3615 substantiam.
4039 3562 4104 3614 Et

2532 3672 2721 3710 rursus
2751 3658 2802 3708 in
2836 3657 3019 3709 eodem
3052 3671 3065 3707 :
3099 3654 3418 3714 Pravorum,
3459 3652 3650 3718 inquit,
3680 3659 3734 3704 et
3760 3650 4098 3720 indignorum

2532 3762 2688 3804 esset
2706 3750 3037 3818 principium
3077 3748 3256 3808 Pater,
3292 3748 3336 3799 si
3367 3759 3471 3798 non
3493 3754 3641 3799 esset
3673 3760 3834 3798 causa
3872 3754 3928 3797 ut
3962 3744 4100 3798 divi-

2532 3840 2672 3891 nitas
2700 3848 2842 3892 esset
2891 3838 2945 3891 in
2978 3837 3115 3891 Filio
3145 3846 3198 3889 et
3231 3834 3436 3904 Spiritu
3478 3845 3686 3888 sancto.
3731 3833 3954 3901 Magnus
3981 3833 4106 3887 Dio-

2533 3931 2743 4000 nysius,
2777 3929 2828 3981 in
2870 3927 3104 3982 secundo
3140 3927 3210 3979 De
3245 3926 3433 3979 divinis
3487 3925 3819 3978 nominibus:
3857 3921 3951 3977 Est
4007 3939 4104 3974 an-

2535 4032 2666 4083 tem,
2719 4021 2914 4086 inquit,
2967 4019 3248 4073 distinctio
3278 4018 3330 4069 in
3376 4017 3596 4080 divinis,
3628 4029 3745 4081 quae
3773 4023 3902 4069 sunt
3943 4028 4102 4080 supra

2533 4111 2915 4174 substantiam,
2961 4123 3066 4161 non
3116 4106 3204 4160 illa
3249 4106 3420 4160 solum
3463 4119 3624 4173 quam
3672 4104 3804 4165 disi,
3842 4104 3983 4170 quod
4015 4117 4102 4156 se-

2535 4203 2768 4257 cundum
2815 4201 2980 4268 ipsam
3009 4198 3406 4267 c0pulationein
3451 4209 3801 4264 personarqu
3833 4194 3886 4246 in
3913 4209 4102 4254 unum,

2533 4295 2653 4349 sine
2684 4291 2935 4346 tnistione
2960 4301 3015 4345 et
3044 4274 3362 4344 confusione
3389 4300 3721 4354 unaquaeque
3757 4299 3823 4338 ex
3853 4283 4102 4353 personis

2545 4399 2663 4452 qua!
2720 4392 2845 4437 sunt
2901 4381 3199 4450 ὲναρχικαὶ,
3250 4377 3301 4431 id
3341 4387 3442 4440 est,
3475 4391 3637 4429 unum
3681 4385 3736 4428 et
3785 4376 4107 4444 principium

853 4484 1159 4539 veneranda
1209 4481 1275 4535 iis
1313 4480 1403 4548 qui
1456 4494 1559 4530 non
1603 4480 1800 4531 habent
1833 4485 2065 4529 mentem
2105 4489 2426 4543 magnopere
2456 4486 2506 4545 ι)
2531 4476 2794 4536 omnium,
2834 4472 3096 4527 collocata
3146 4479 3230 4523 est
3281 4468 3333 4520 in
3375 4468 3501 4532 alia,
3541 4467 3634 4519 sed
3682 4465 3824 4530 quod
3873 4464 3962 4536 illa
3993 4477 4112 4529 quae

852 4577 1005 4632 ltuhti
1026 4583 1320 4642 repentem,
1350 4581 1404 4624 et
1435 4570 1666 4622 terrenis
1686 4571 1846 4620 rebus
1868 4567 2202 4619 immersam.
2223 4565 2326 4619 Sed
2363 4566 2430 4628 si,

856 4667 1053 4736 inquit,
1083 4667 1222 4718 idem
1257 4661 1564 4716 substantia
1601 4670 1682 4712 est
1717 4657 1884 4710 Filius
1917 4672 2036 4709 cum
2068 4655 2249 4717 l'atre,
2287 4656 2437 4724 inge-

857 4760 1002 4810 nitus
1059 4770 1188 4806 vero
1239 4762 1320 4803 est
1380 4749 1561 4811 Pater,
1595 4748 1702 4800 erit
1762 4746 1925 4812 igitur
1985 4743 2085 4794 hoc
2141 4752 2192 4795 et
2244 4740 2433 4793 Filius.

856 4847 1040 4907 Recte,
1073 4846 1128 4897 sis
1156 4843 1448 4908 ingenitum
1478 4851 1621 4892 esset
1652 4835 1954 4888 substantia
1993 4832 2082 4885 Dei
2108 4851 2121 4896 ;
2147 4833 2227 4885 sin
2256 4845 2437 4885 autem

854 4935 1160 4989 dill'ert-ntia
1211 4943 1294 4984 est
1335 4931 1480 4982 circa
1535 4927 1932 4984 substantiam,
1969 4923 2097 4989 quid
2155 4924 2257 4974 hoc
2302 4921 2439 4973 dicis

855 5040 1107 5095 tanquam
1167 5023 1368 5089 aliquid
1404 5018 1619 5071 valeat?
1655 5019 1733 5068 Au
1773 5027 1822 5066 tu
1853 5016 2014 5066 etiam
2050 5028 2106 5066 es
2130 5014 2287 5064 l‘ater
2330 5010 2433 5063 Pa-

855 5122 974 5183 tris,
1007 5133 1073 5171 ue
1109 5116 1236 5183 quid
1266 5115 1409 5166 desit
1453 5111 1593 5179 quod
1631 5108 1793 5161 Pater
1831 5105 2049 5167 habent,
2085 5102 2428 5172 quandoqui-

2533 4575 2661 4620 sunt
2688 4561 3038 4618 fecunditatis
3073 4560 3190 4624 Dei,
3213 4575 3317 4612 non
3350 4564 3659 4613 commeant
3682 4565 3824 4608 retro
3848 4555 4111 4617 vicissim,

2533 4656 2679 4710 solus
2712 4665 2890 4706 autem
2923 4651 3047 4704 fons
3082 4649 3382 4704 divinitatis
3416 4647 3577 4700 Pater
3618 4654 3723 4710 est,
3755 4644 3828 4698 ita
3863 4653 3920 4696 ut
3953 4642 4115 4696 Pater

2535 4759 2640 4795 non
2690 4743 2761 4795 sit
2811 4739 2999 4803 Filius,
3031 4752 3205 4804 neque
3255 4735 3423 4789 Filius
3448 4734 3639 4800 Pater,
3663 4733 3893 4787 servatis
3937 4733 4026 4801 pie
4059 4732 4113 4784 in

2539 4833 2755 4904 hymnis
2782 4842 2834 4886 et
2863 4831 3117 4884 laudibus
3157 4828 3357 4881 divinis
3389 4827 3452 4879 iis
3490 4840 3609 4893 quae
3635 4824 3832 4891 cuique
3872 4837 4116 4890 persona:

2538 4925 2736 4977 divina:
2794 4922 3010 4991 proprie
3057 4920 3412 4973 conveniunt.
3478 4915 3700 4981 Magnus
3751 4914 4112 4977 Athanasius,

2545 5013 2689 5066 libro
2741 5013 2916 5081 primo
2976 5019 3165 5062 contra
3217 5007 3439 5059 Arianos
3483 5021 3502 5058 :
3546 5004 3602 5057 Si
3651 5017 3756 5055 non
3805 5009 3889 5054 est
3926 4999 4116 5062 Filius,

2541 5104 2741 5174 inquit,
2771 5101 3042 5173 quomodo
3071 5102 3234 5171 igitur
3276 5100 3444 5152 Deum
3477 5096 3657 5151 dicitis
3686 5092 4025 5149 creatorem?
4059 5092 4116 5145 Si

2324 5240 2602 5303 SchoHa.

926 5385 1063 5452 (ηεξ
1093 5383 1305 5450 quidem
1340 5378 1553 5432 Patrem
1587 5387 1650 5452 _ut_
1679 5388 1894 5452 causam
1932 5365 2290 5452 acc_ipis(_Filii
2313 5369 2424 5446 sei-

853 5439 1024 5524 lic‘ctf,
1059 5439 1159 5507 non
1183 5452 1402 5524 estsine
1422 5447 1690 5524 principio
1713 5442 1907 5512 (Filius
1939 5441 2191 5524 setlrcet),
2221 5439 2422 5506 princi-

859 5510 1231 5597 pitt-ti'qtttppc
1268 5510 1578 5597 l‘Ziltinl’ater
1605 5510 1694 5568 est
1723 5510 1782 5596 ut
1821 5527 2003 5564 causa.
2045 5510 2415 5597 No'tuuun'est

856 5579 1014 5668 paulo
1031 5579 1190 5663 supra
1216 5612 1242 5642 a
1273 5591 1330 5643 S.
1357 5589 1581 5649 Tltotua,
1611 5587 1827 5638 nomine
1859 5596 2034 5634 CdttSJ!
2059 5580 2227 5634 solum
2251 5579 2413 5648 origi-

925 5763 1000 5822 (..“ι
1033 5755 1408 5813 Substantiatn
1447 5751 1597 5816 dicit,
1634 5750 1684 5805 id
1720 5759 1803 5805 cst
1838 5733 2110 5802 naturam.

2535 5385 2655 5423 nem
2688 5386 3038 5439 personarum
3063 5378 3295 5439 sanctos!
3313 5365 3505 5439 Patres
3524 5359 3830 5439 signiﬁcare
3854 5354 4115 5434 voluisse;

2521 5428 2704 5506 itaque
2727 5458 2846 5492 cum
2876 5443 2947 5494 ait
2968 5439 3261 5507 Gregortus
3280 5437 3505 5499 Naziau,
3532 5428 4111 5507 :_Princtpiutn_quippe

2525 5497 2645 5562 Filii
2703 5509 2865 5564 Pater
2911 5522 2993 5564 est
3050 5497 3107 5562 υἶ
3144 5524 3343 5568 causa,
3385 5497 3608 5572 perinde
3652 5511 3733 5555 est
3771 5510 3831 5554 ut
3875 5497 4114 5552 diceret:

2527 5577 2859 5651 Principium
2883 5578 3006 5636 Filii
3043 5591 3126 5635 cst
3166 5578 3326 5634 Patrr
3347 5587 3403 5631 ut
3429 5577 3603 5645 origo.
