4446 6450
382 400 487 470 93⁸1

1324 399 1560 460 DECAS
1598 398 1698 458 IX.
1729 416 1798 431 “-
1834 395 1931 454 DE
1964 390 2413 464 INFINITATE
2457 390 2538 448 ΙΝ
2591 389 2756 448 DEO.

3543 383 3652 450 938

383 515 528 575 enim
583 522 701 591 per.
725 507 985 570 Verbum,
1024 511 1080 560 et
1129 503 1180 557 in
1245 502 1522 573 Sapientia
1571 502 1752 557 omnia
1821 499 1962 554 facta
1995 506 2035 559 Α
2067 497 2352 560 exsistens,
2394 496 2614 564 apponit
2639 498 2904 547 creatura:
2936 490 3324 558 perfeivtionem
3354 507 3447 561 per
3476 493 3650 561 ipsius

385 604 615 659 sunt,et
661 590 780 650 sine
832 594 938 648 hoc
995 592 1130 646 nihil
1200 592 1319 645 fieri
1366 601 1567 660 potest,
1625 606 1732 644 tton
1799 590 1961 667 habet

389 684 549 739 Pater
595 686 853 753 Opinione
885 693 1092 747 vestra,
1125 684 1178 736 in
1199 697 1309 751 quo
1343 689 1398 736 ct
1443 695 1538 750 per
1588 696 1748 749 quem
1779 680 1960 734 omnia

390 777 541 834 facit.
573 775 632 830 Si
683 778 798 830 haec
849 776 1031 829 divina
1089 760 1399 830 substantia
1446 788 1552 827 non
1588 782 1672 827 est
1711 770 1962 830 iocunda,

389 871 483 925 sed
526 864 735 923 sterilis
796 869 1059 935 opinione
1130 869 1393 935 ipsorum,
1439 867 1582 919 sicut
1635 864 1818 917 lumen
1856 877 1962 916 non

392 962 726 1024 illuminatis,
780 968 837 1014 et
884 960 1006 1014 lous
1067 960 1269 1020 siccus,
1311 957 1581 1025 quomodo
1641 969 1747 1008 non
1802 956 1967 1023 pudet

395 1069 489 1108 vos
539 1054 720 1107 dicere
773 1053 974 1106 habere
1033 1064 1155 1103 eum
1211 1052 1317 1100 vim
1377 1044 1640 1101 creandi?
1673 1047 1741 1100 Et
1793 1045 1969 1098 adhuc

397 1148 538 1200 idem
569 1163 583 1199 :
629 1143 1048 1211 Participantes,
1079 1143 1274 1211 inquit.
1306 1140 1518 1202 Filium,
1558 1138 1770 1193 Patrem
1802 1137 1968 1205 partiv

394 1241 662 1306 cipaiiius,
711 1237 836 1303 quia
875 1235 1151 1303 proprium
1207 1233 1383 1286 Patris
1413 1244 1489 1286 est
1534 1231 1792 1295 Verbum,
1827 1230 1972 1283 unde

397 1331 441 1383 si
477 1337 623 1382 esset
679 1329 797 1396 ipse
848 1326 1010 1379 Pater
1041 1324 1105 1378 ex
1155 1325 1595 1392 participatione,
1644 1331 1698 1374 et
1742 1336 1973 1396 nones

397 1417 518 1484 ipso
567 1413 827 1467 divinitas
879 1411 1180 1466 secundum
1237 1405 1636 1472 substantiam,
1680 1390 1971 1475 numquam
2010 1435 2018 1442 α

397 1514 529 1562 deos
560 1506 782 1561 laceict.
805 1505 1026 1558 Divinus
1041 1503 1292 1572 Cyrillus,
1316 1503 1368 1555 in
1396 1500 1697 1564 Tliesriuri's,
1718 1515 1838 1566 cap.
1862 1501 1938 1551 155‘
1961 1517 1973 1552 :

401 1600 655 1668 l-Zjnsdem
694 1599 856 1667 igitur
887 1607 1095 1650 natura:
1131 1611 1253 1648 cum
1285 1594 1442 1648 Patre
1461 1593 1628 1646 Filius
1653 1609 1714 1645 ex
1739 1594 1977 1660 ingenito

400 1706 506 1743 non
543 1690 739 1753 lactus,
777 1696 960 1755 utpote
1017 1687 1227 1741 habens
1273 1686 1516 1740 eamdem
1573 1693 1896 1752 potestatem
1925 1691 1980 1735 et

400 1778 657 1830 virtutem
685 1792 702 1840 ;
734 1777 844 1828 iiiio
893 1775 1080 1844 p0tius
1123 1775 1237 1842 ipse
1267 1780 1353 1827 est
1385 1774 1591 1833 vivens.
1625 1780 1678 1825 et
1722 1771 1979 1824 substan-

2079 587 2588 644 sanctilicationein,
2637 595 2707 636 ct.
2747 582 3244 652 participationem.
3303 581 3368 635 Et
3417 584 3649 638 adhuc:

2078 676 2212 730 Cum
2245 677 2409 742 igitur
2456 677 2598 743 quod
2641 671 2782 727 Deus
2819 675 3069 740 promisit
3099 688 3157 726 se
3195 673 3501 737 facturum,
3532 688 3656 726 cuiu

2083 777 2350 835 potestate
2429 767 2650 833 impleat
2737 765 2998 833 Spiritus,
3046 774 3099 816 et
3167 773 3413 831 pastores
3452 765 3661 818 exciti-t

2084 858 2389 912 iii-cundum
2439 859 2857 925 promissionem
2896 859 2946 910 in
3000 857 3278 925 prophetis
3308 856 3534 919 factam,
3567 871 3657 910 sed

2072 941 2275 1018 'qu‘itur
2315 965 2420 1003 non
2449 964 2570 1003 esse
2606 949 2842 1001 alienum
2873 963 2904 1000 a
2933 947 3112 1000 divina
3144 945 3471 1010 substantia,
3491 957 3544 1000 et
3565 962 3662 1014 per

2085 1058 2145 1096 se
2175 1043 2446 1096 exiiistens
2479 1057 2542 1095 ex
2575 1042 2687 1110 ipsa
2719 1041 3025 1093 substantia
3067 1039 3340 1107 prodieus,
3379 1049 3432 1093 et
3462 1040 3517 1094 in
3546 1040 3662 1107 ipsa

2087 1124 2336 1194 manetis,
2362 1132 2543 1184 omnia
2572 1146 2691 1199 quae
2724 1130 2814 1182 Dei
2847 1139 2990 1190 sunt,
3021 1137 3296 1191 operatur.
3340 1126 3403 1180 Et
3434 1126 3611 1179 adhuc
3644 1139 3659 1178 :

2089 1225 2382 1291 Oportebat
2411 1236 2506 1275 eos
2533 1221 2719 1275 doceri
2764 1222 2832 1274 de
2875 1221 3111 1287 Spiritus
3156 1220 3329 1272 sancti
3379 1216 3660 1285 mysterio,

2089 1326 2142 1368 ει
2193 1312 2495 1380 intelligere
2547 1327 2672 1366 esse
2721 1310 2988 1378 Spiritum
3037 1320 3290 1365 sanctum
3342 1308 3490 1361 velut
3547 1309 3664 1360 l'ru-

2095 1417 2242 1457 ctum
2271 1405 2355 1470 (5)
2389 1404 2672 1479 quemdam
2715 1403 2909 1455 divinae
2955 1401 3292 1465 substantiae,
3336 1400 3427 1466 qui
3459 1401 3510 1452 itt
3549 1399 3665 1466 ipsa

2092 1497 2329 1560 exsistit,
2371 1504 2423 1548 et
2457 1509 2520 1547 ex
2555 1495 2666 1560 ipsa
2700 1492 3136 1561 inseparabiliter
3173 1503 3226 1544 et
3259 1489 3667 1558 impariibiliter

2099 1588 2359 1656 procedit.
2394 1598 2449 1639 et
2479 1588 2776 1652 secundum
2820 1586 3066 1638 eamdem
3101 1592 3350 1636 naturam
3397 1585 3450 1634 in
3499 1599 3663 1635 unum

2095 1665 2382 1747 copulatus
2418 1688 2520 1732 est.
2556 1678 2619 1731 Et
2652 1677 2829 1731 adhuc
2858 1678 2911 1730 in
2947 1677 3150 1731 eisdem
3181 1675 3278 1754 1’Sl
3305 1691 3334 1729 a
3371 1661 3480 1728 Deo
3510 1674 3672 1730 Patro

2100 1775 2344 1839 procedit
2407 1772 2644 1839 Spiritus
2697 1765 2937 1833 sanctus,
2997 1781 3190 1837 eStqiie
3252 1771 3414 1822 veluti
3461 1770 3672 1823 [ι-ιιιιιις

404 1867 546 1920 tialis
598 1866 865 1933 operatio,
913 1874 968 1918 et
1014 1864 1209 1925 virttis,
1259 1874 1314 1916 ct
1370 1861 1637 1931 sapientia
1691 1861 1888 1915 Patris.
1919 1859 1982 1911 Et
2020 1846 2062 1908 Β
2091 1864 2336 1931 quidam,
2376 1862 2458 1914 viel
2488 1846 2721 1931 qualitas
2757 1861 3074 1914 substantiis
3115 1861 3308 1930 ipsius,
3347 1859 3503 1913 Pater
3544 1876 3673 1913 νει-υ

406 1971 592 2010 rursus
616 1957 792 2008 adhuc
832 1954 973 2008 idem
1009 1971 1022 2007 :
1060 1951 1164 2019 Qui
1201 1962 1284 2007 est
1321 1954 1486 2022 igitur
1525 1955 1705 2026 omnis
1733 1951 2004 2024 operatio.

404 2059 457 2103 et
489 2050 659 2102 virtus
710 2046 912 2112 Patris,
956 2061 1052 2115 per
1102 2061 1265 2114 quam
1305 2045 1490 2101 omnia
1539 2053 1825 2112 operatur,
1858 2034 2006 2111 quo:

410 2141 570 2194 modo
602 2149 748 2193 esset
781 2147 991 2192 natura
1018 2137 1223 2193 factm?
1258 2137 1322 2190 Et
1371 2137 1591 2198 iterum,
1641 2135 1695 2188 in
1728 2135 1994 2202 capitibus

409 2233 486 2288 De
551 2231 756 2302 Spiritu
808 2216 995 2286 sancto
1061 2247 1082 2284 :
1149 2230 1264 2285 Non
1327 2241 1444 2292 est.
1504 2229 1703 2296 inquit,
1756 2228 1993 2295 Spiritus

411 2334 634 2378 sanctus
687 2332 929 2386 creatus,
984 2330 1078 2376 aut
1136 2321 1353 2382 lactus,
1404 2319 1496 2372 sed
1543 2332 1612 2372 ex
1669 2316 1992 2377 substantia.

411 2429 532 2483 qua:
590 2412 764 2482 major
809 2421 894 2467 est
923 2428 1083 2478 quam
1111 2420 1169 2466 ut
1218 2410 1446 2480 cogitari
1483 2409 1673 2479 possit,
1706 2418 1760 2462 et
1791 2408 1993 2471 divitia,

416 2515 606 2576 utpote
632 2506 809 2558 virtus
844 2505 1038 2574 ipsius.
1066 2516 1123 2560 et
1147 2502 1413 2557 naturalis
1439 2503 1678 2570 energia.
1713 2502 1776 2555 Et
1809 2513 2000 2554 rursus

415 2599 470 2652 lu
516 2597 727 2669 eisdem
771 2614 784 2648 :
825 2593 939 2648 Non
986 2593 1132 2647 enim
1187 2594 1396 2647 audebo
1453 2593 1672 2651 dicere.
1712 2607 1834 2661 qua:
1891 2605 2026 2651 non,

418 2700 675 2758 operatus
721 2698 806 2742 cst
847 2687 1100 2741 Christus
1135 2702 1230 2754 per
1270 2701 1355 2739 me
1384 2687 1436 2737 in
1467 2685 1835 2739 obedientiam
1869 2699 2001 2752 gen-

420 2784 555 2833 tittiti
597 2792 848 2834 sermone
899 2787 954 2832 et
1006 2791 1170 2846 opere
1223 2776 1276 2829 in
1315 2784 1581 2845 potestate
1624 2776 1901 2843 signoruni
1943 2785 1999 2829 et

421 2874 788 2944 prodigiorum
836 2874 890 2926 iii
951 2874 1151 2926 virtute
1208 2871 1443 2942 Spiritus
1497 2873 1696 2927 sancti.
1747 2872 1914 2940 Signa
1949 2881 2003 2926 ει

421 2969 667 3038 prodigia
705 2978 963 3037 operatur
1015 2967 1267 3022 Christus
1311 2983 1408 3037 per
1463 2965 1690 3021 Paulum
1723 2968 1773 3021 in
1807 2968 2006 3022 virtute

425 3059 665 3126 Spiritus
695 3061 870 3114 sancti
904 3075 919 3125 ;
952 3068 1037 3139 est
1078 3061 1242 3128 igitur
1305 3061 1546 3130 Spiritus
1594 3071 1816 3115 sanctus
1843 3075 2002 3114 euer-

383 3184 390 3188 -
426 3152 512 3222 gia
542 3151 622 3221 (1)
648 3153 893 3221 quatiant
922 3152 1206 3214 naturalis,
1225 3163 1279 3203 et
1311 3153 1518 3216 vivens,
1541 3163 1596 3207 et
1617 3161 1680 3206 ut
1709 3152 1781 3206 ita
1803 3153 2003 3218 dicant,

425 3247 662 3310 qualitas
703 3245 783 3315 (2)
830 3244 1130 3299 divinitatis
1158 3244 1275 3298 Filii
1319 3245 1430 3299 Dei.
1471 3245 1533 3297 Et
1565 3246 1760 3299 iterum
1807 3247 1857 3299 iu
1889 3247 1998 3300 eis-

426 3339 549 3392 dein
597 3355 612 3391 :
647 3335 884 3391 Sanctus
925 3337 1069 3390 enini
1117 3338 1428 3391 nominatur
1474 3337 1709 3405 Spiritus
1739 3349 1998 3403 sanctus;

428 3431 474 3482 si
522 3427 688 3496 igitur
717 3434 800 3481 est
834 3435 1028 3480 natura
1056 3436 1306 3490 sanctus,
1345 3441 1450 3480 non
1478 3425 1640 3479 habet
1671 3425 1825 3489 foris,
1860 3429 2001 3481 unde

429 3519 552 3574 talis
597 3518 710 3597 sit;
760 3519 1010 3584 qttiuimo
1041 3534 1164 3570 cuni
1196 3516 1283 3571 'sit
1315 3517 1430 3585 ipse
1461 3516 1656 3570 divinat
1689 3515 2003 3570 substantiae

430 3611 672 3680 i-iiergia,
717 3612 833 3665 sive
873 3621 1028 3666 actus
1081 3611 1338 3665 naturalis
1369 3621 1424 3664 et
1453 3611 1658 3674 vivens,
1690 3623 1753 3664 ac
1806 3625 1898 3679 per
1943 3624 2003 3664 se

506 3752 590 3806 "l
619 3753 744 3809 Cor.
778 3769 874 3816 xu,
899 3753 954 3808 5.
983 3757 988 3765 ’

2094 1969 2269 2019 neque
2301 1959 2497 2016 liii-tus,
2530 1966 2704 2021 neque
2735 1962 2975 2014 creatus,
3009 1951 3283 2019 quomodo
3311 1964 3453 2006 esset
3499 1952 3675 2007 luctus

2095 2048 2356 2116 Spiritus,
2393 2048 2481 2114 qui
2518 2049 2585 2099 ab
2623 2048 2739 2112 ipso
2791 2045 3078 2113 procedit?
3116 2045 3179 2098 Et
3229 2046 3467 2099 iturum:
3506 2044 3674 2097 Nemo

2094 2152 2258 2207 potest
2291 2139 2490 2202 dicere,
2535 2139 2790 2192 Dominus
2828 2136 2985 2192 Iesus
3017 2138 3286 2200 Christus,
3317 2138 3422 2192 nisi
3453 2141 3506 2190 i'it
3547 2136 3674 2205 Spi-

2097 2235 2204 2286 ritu
2228 2245 2408 2286 saucio
2430 2233 2477 2264 ⁹⁶
2512 2215 2610 2302 (a).
2646 2232 2839 2299 Liquet
2881 2231 3068 2300 igitur.
3095 2234 3242 2300 quod
3283 2232 3374 2300 qui
3403 2230 3673 2300 Spiritum

2099 2335 2347 2381 sanctum
2389 2327 2703 2398 participat,
2755 2326 2906 2380 novit
2961 2324 3250 2379 Dominum
3307 2323 3491 2379 Jesuin
3528 2343 3542 2379 :
3582 2327 3676 2394 qui

2099 2431 2275 2470 autem
2321 2434 2429 2473 non
2462 2418 2772 2488 participat,
2818 2419 3052 2487 ignorat.
3079 2410 3361 2484 Quomodo
3393 2417 3556 2486 igitur
3585 2417 3680 2484 qui

2102 2513 2370 2579 particeps
2401 2511 2635 2581 Spiritus
2682 2511 2858 2566 saucii
2899 2521 3005 2576 est,
3051 2514 3202 2566 novit
3234 2511 3376 2579 quod
3413 2509 3679 2568 Dominus

2099 2602 2292 2658 Jesttsl
2324 2603 2480 2657 Sicut
2503 2604 2594 2673 qui
2625 2603 2728 2657 mel
2759 2603 3137 2672 degustat-unt,
3160 2617 3224 2657 ex
3263 2602 3526 2672 qualitate
3561 2604 3682 2671 ejus

2103 2706 2474 2765 cognoverunt
2498 2697 2602 2748 niel
2624 2711 2744 2750 esse
2783 2697 2964 2760 dulce,
3003 2696 3083 2749 sic
3111 2696 3201 2762 qui
3235 2697 3511 2765 particeps
3555 2695 3687 2763 Spi~

2106 2788 2242 2839 ritus
2272 2785 2446 2840 sancti
2480 2796 2587 2840 est.
2627 2783 2799 2856 Igitur
2838 2785 3078 2855 Spiritus
3107 2795 3331 2840 sanctus
3371 2786 3461 2855 qui
3492 2794 3574 2840 est
3619 2801 3687 2841 ex

2107 2880 2409 2934 substantia
2463 2877 2611 2943 Filii,
2664 2879 2921 2946 qualitas,
2973 2891 3033 2933 ut
3085 2879 3158 2932 ita
3207 2879 3421 2947 loquar,
3469 2879 3690 2934 exsistit

2110 2971 2204 3023 Dei
2233 2971 2610 3024 universorum
2658 2970 2896 3028 Domini.
2928 2971 2983 3024 Si
3020 2980 3200 3024 autem
3237 2969 3338 3024 hoc
3368 2987 3552 3026 verum
3580 2983 3686 3035 est,

2108 3073 2192 3117 est
2229 3064 2393 3133 igitur
2441 3062 2604 3129 Deus,
2651 3075 2706 3117 et
2747 3077 2855 3116 non
2890 3063 3092 3132 aliquid
3127 3067 3354 3127 factum,
3387 3077 3481 3119 aut
3528 3081 3687 3119 crea-

2113 3165 2248 3217 tuui,
2290 3164 2348 3207 ut
2398 3155 2666 3208 haereticis
2713 3155 2943 3207 videtur.
2983 3155 3048 3207 Et
3082 3155 3258 3211 adhuc
3304 3174 3334 3208 :v
3371 3155 3489 3211 Non
3528 3161 3692 3227 igitur

2120 3240 2354 3309 Spiritus
2382 3253 2605 3298 sanctus
2641 3259 2705 3298 ex
2750 3244 3191 3314 participatione,
3222 3261 3321 3300 nec
3361 3264 3427 3302 ex
3460 3263 3690 3317 compo-

2115 3333 2312 3386 sitione
2354 3342 2576 3388 sanctus
2623 3345 2730 3396 est,
2778 3335 2872 3388 sed
2907 3347 2991 3388 est
3041 3330 3344 3389 substantia
3393 3346 3448 3392 et
3497 3350 3688 3391 natura

2118 3423 2494 3484 sani-tilicaus.
2522 3432 2577 3477 et
2605 3409 2907 3478 divinitatis
2945 3422 3036 3477 Dei
3066 3423 3267 3490 Patris,
3295 3435 3354 3477 ut
3378 3426 3450 3478 ita
3485 3425 3690 3490 dicam,

2123 3517 2394 3580 qualitas;
2434 3524 2490 3567 ut
2522 3513 2748 3570 dulcedo
2781 3515 2955 3570 mellis
2985 3514 3090 3584 (ι),
3127 3515 3208 3568 vel
3255 3513 3392 3570 odor
3426 3531 3491 3571 ex
3535 3515 3689 3572 ﬂore.

2121 3606 2183 3658 Et
2219 3622 2442 3675 magnus
2471 3607 2824 3672 Athanasius,
2853 3606 2909 3661 in
2933 3605 3162 3674 epistola
3195 3606 3266 3662 ad
3293 3605 3647 3676 Serapionem
3672 3625 3688 3664 :

1921 3842 2200 3905 Schoha.

503 3955 584 4020 tl)
615 3953 750 4018 Quia
779 3956 832 4006 iri
860 3951 969 4005 Deo
999 3952 1210 4020 energi'a
1243 3949 1457 4019 propria
1509 3964 1612 4002 non
1643 3949 2013 4019 distinguitur,

435 4043 465 4078 a
489 4037 708 4084 natura,
729 4023 872 4076 sicut
902 4022 953 4074 iii
983 4032 1228 4073 creatura
1256 4021 1633 4085 distinguitur,
1659 4020 1861 4073 idcirco
1892 4035 2014 4073 cuni

437 4095 675 4164 Cyrillus
691 4093 823 4145 dicit
842 4091 1171 4164 :f—Spiritus
1197 4086 1416 4164 sanctus
1431 4101 1514 4143 est
1531 4090 1746 4164 energia
1773 4091 2017 4164 quaedam

439 4159 721 4226 naturalis,
738 4173 791 4215 et
823 4159 1098 4223 vivetisfet
1121 4171 1176 4210 ut
1198 4159 1270 4211 ita
1290 4160 1489 4223 dicant,
1507 4159 1739 4225 qualitas
1760 4161 2016 4212 divinita-

441 4232 954 4293 tisFtliiDei,-ltoc
969 4228 1388 4298 dieit:Spiritus
1425 4237 1644 4298 sanctus
1671 4229 1759 4294 qui
1794 4239 1877 4282 est
1923 4245 2020 4281 na-

440 4313 561 4357 tura
588 4303 701 4356 sive
747 4302 1068 4359 substautia,
1097 4295 1343 4367 procedit
1364 4315 1428 4352 ex
1453 4295 1611 4358 Filio,
1629 4312 1738 4367 qur
1762 4309 1847 4351 εει
1887 4299 2020 4352 sub-

437 4375 661 4436 stantia,
698 4372 813 4424 sive
838 4365 1198 4426 essentia.‘Aii
1237 4369 1381 4421 hunc
1434 4365 1655 4421 modum
1702 4365 1766 4422 S.
1787 4367 2025 4422 Thomas

442 4442 852 4508 interpretatur,
875 4447 931 4492 et
975 4440 1131 4508 docet
1181 4437 1615 4504 interpretandas
1667 4452 1788 4492 esse
1831 4438 2023 4504 hujus-

445 4507 599 4564 tiiodi’
623 4511 948 4571 locutiones,
989 4507 1044 4561 in
1069 4508 1334 4576 opusculo
1356 4508 1552 4560 Contra
1581 4523 1781 4560 errores
1807 4509 2022 4563 Graeco?-

2117 3953 2370 4005 virtutem
2413 3951 2653 4020 Spiritus
2713 3952 2884 4006 sancti
2923 3950 3211 4012 viventsm,
3243 3957 3299 4004 et
3331 3965 3426 4020 per
3455 3967 3515 4008 se
3541 3959 3689 4009 exsi-

2119 4034 2374 4086 steiiteui,
2436 4037 2557 4090 quae
2587 4033 2672 4078 est
2703 4024 2816 4091 ipsa
2850 4020 3028 4074 divina
3081 4021 3411 4091 substantia.
3466 4028 3613 4078 novit
3643 4038 3696 4079 et

2121 4092 2312 4160 Filium
2355 4103 2410 4145 et
2454 4091 2694 4156 Patrem,
2727 4090 2873 4160 quia
2907 4099 3037 4144 sunt
3089 4106 3278 4160 unum.
3317 4090 3474 4156 Quod
3512 4105 3693 4150 autem

2121 4159 2381 4224 Spiritum
2440 4171 2692 4214 sanctum
2727 4159 2861 4214 dicit
2905 4175 3026 4214 esse
3063 4159 3365 4214 naturalem
3394 4164 3693 4230 energiani,

2119 4235 2233 4285 sive
2261 4232 2543 4293 virtutem,
2573 4246 2679 4284 non
2705 4231 2904 4283 dicitur
2929 4230 3192 4300 naturalis
3219 4244 3247 4280 a
3270 4242 3459 4284 natura
3487 4247 3697 4300 creata,

2123 4303 2218 4355 sed
2247 4318 2274 4352 a
2306 4315 2498 4353 natura
2527 4301 2765 4354 increata
2793 4314 2808 4360 ς
2844 4309 2928 4353 est
2953 4301 3095 4352 enim
3115 4299 3359 4368 Spiritus
3392 4315 3614 4358 sanctus
3640 4299 3699 4359 ie

2126 4381 2334 4443 natura
2357 4370 2728 4443 ipsa_'divina.
2762 4369 3018 4443 Rursus,
3045 4383 3169 4422 cum
3189 4370 3330 4443 dicit
3381 4386 3502 4443 esse
3535 4390 3698 4428 ener-

2123 4441 2410 4506 giain,sive
2442 4439 2699 4492 virtutem
2724 4441 3015 4506 viventem,
3045 4449 3099 4490 et
3121 4439 3215 4506 per
3230 4453 3289 4491 se
3317 4441 3698 4509 exsisteuteni,

2123 4511 2285 4563 Veluti
2309 4511 2648 4577 qualitatem,
2676 4519 2734 4561 ut
2775 4512 2845 4563 ita
2871 4510 3069 4567 dicam,
3105 4510 3407 4562 divinitatis
3428 4511 3546 4563 Filii
3580 4512 3696 4572 Dei;

414 4575 580 4642 ‘ruiii.
616 4595 668 4637 c.
700 4580 736 4634 ι
778 4597 794 4635 ι
836 4578 1080 4634 Esseiitia
1109 4575 1224 4648 est
1259 4580 1326 4630 de
1353 4578 1585 4630 essentia
1606 4616 1621 4639 ,
1650 4579 1774 4648 quia
1826 4577 2018 4641 Filius,
2058 4587 2082 4616 ε
2121 4581 2192 4632 ita
2222 4575 2522 4648 dici't,qiiia
2548 4589 2606 4633 tit
2628 4577 3136 4648 aiLideiiiCyriilus.
3163 4579 3260 4631 lib.
3294 4595 3383 4632 xiv
3417 4577 3698 4647 Thesauri,

439 4651 530 4716 qui
556 4663 638 4704 est
665 4651 920 4714 essentia,
954 4657 1036 4702 est
1066 4648 1133 4703 de
1170 4646 1329 4702 Patre
1353 4687 1368 4712 ,
1398 4648 1492 4716 qui
1545 4656 1628 4702 est
1675 4647 1863 4702 eadem
1926 4665 2016 4700 es-

440 4725 614 4774 sentla
657 4720 859 4774 divitia.

512 4789 590 4857 (2)
616 4789 752 4855 Ouia
773 4786 1009 4855 qualitas
1029 4786 1255 4841 formam
1289 4787 1581 4911 gniﬁcat,
1607 4802 1726 4855 quae
1752 4797 2006 4856 tanquam
2043 4784 2084 4838 D

512 4861 695 4911 cideiis
726 4860 780 4911 in
807 4862 916 4911 alto
942 4858 1180 4911 exsistit.
1213 4873 1284 4911 an
1387 4855 1454 4910 ab
1484 4871 1547 4908 ea
1579 4859 1739 4911 quale
1765 4858 2012 4911 nomina-

441 4855 695 4914 accideiis
726 4860 780 4912 in
807 4862 916 4912 alto
942 4858 1180 4928 exsistit,
1213 4855 1363 4928 quod
1387 4855 1454 4928 ab
1482 4871 1547 4928 ea
1579 4859 1739 4923 quale
1765 4855 2012 4912 nomina-

441 4939 552 4994 tur,
587 4931 788 4984 idcirco
821 4927 1138 4983 vocabulum
1200 4926 1437 4982 correxit
1470 4926 1726 4994 Cyrillus.
1779 4941 1900 4982 cum
1933 4931 2015 4982 di-

443 5000 544 5066 xit,
579 4999 649 5054 Ut
678 4999 752 5052 ita
785 5000 964 5054 dicant
987 5013 1000 5050 :
1027 5006 1087 5050 ut
1118 5001 1435 5051 admoneret
1463 4995 1740 5054 Spiritum
1763 5009 2014 5052 sanctum

440 5087 551 5122 non
576 5069 918 5136 qualitatem,
947 5067 1041 5122 sed
1063 5073 1246 5121 verai'u
1264 5077 1319 5121 et
1341 5067 1633 5133 perlectam
1656 5069 2018 5121 substantiam

440 5154 583 5194 esse.
615 5140 727 5194 Cur
786 5147 967 5191 autem
1001 5139 1317 5206 qualitatem
1370 5137 1667 5205 symbolice
1722 5151 2019 5206 vocaverit,

444 5209 671 5278 intelligi
703 5216 879 5278 potest
903 5222 968 5262 ex
997 5204 1062 5260 eo
1087 5210 1230 5275 quod
1250 5204 1411 5276 paulo
1436 5214 1553 5278 post
1589 5206 1703 5262 ait:
1745 5204 1897 5262 Sicut
1927 5209 2020 5278 qui

443 5280 572 5343 tiiel,
609 5277 804 5347 inquit,
860 5278 1248 5346 dcgitstaruut,
1280 5294 1347 5331 ex
1378 5277 1643 5347 qualitate
1679 5278 1799 5346 ejus
1823 5277 2023 5347 cogno-

445 5360 638 5400 verunt
685 5346 797 5402 inet
826 5361 948 5401 esse
981 5348 1180 5411 dulce;
1221 5352 1320 5409 sic,
1371 5346 1564 5415 inquit,
1614 5348 1706 5414 qui
1752 5346 2023 5416 particeps

443 5418 680 5485 Spiritus
700 5418 874 5473 sancti
897 5428 1002 5481 est,
1032 5427 1181 5470 novit
1205 5417 1487 5471 Domitium
1506 5416 1712 5480 Jestun,
1731 5422 1870 5472 sicut
1887 5433 2025 5472 scri-

444 5498 594 5557 ptu_m
626 5501 732 5542 est:
767 5485 938 5542 Nemo
967 5494 1144 5557 potest
1173 5489 1382 5550 dicere,
1417 5487 1678 5541 Dominus
1702 5486 1887 5549 lesus,
1913 5489 2023 5541 nisi

444 5555 495 5611 ιιι
525 5555 733 5625 Spiritu
773 5569 989 5613 sancto.
1022 5555 1090 5611 Ut
1120 5559 1285 5628 igitur
1310 5571 1379 5610 ex
1432 5557 1721 5612 dulcedine
1763 5561 2026 5626 qualitate

445 5629 788 5682 substantia“
817 5628 992 5682 mellis
1018 5631 1366 5697 cogiiiiscitur
1392 5629 1519 5692 iuet,
1550 5629 1632 5682 sic
1657 5628 1746 5698 qui
1771 5636 2028 5700 cognovit

2119 4664 2184 4702 ex
2215 4650 2394 4702 divina
2416 4645 2657 4703 essentia
2690 4645 2810 4700 Filii
2845 4645 2958 4716 (qui
2993 4648 3201 4702 scilicet
3235 4649 3407 4716 spirat
3437 4645 3698 4716 Spiritum

2118 4719 2388 4788 sanctum)
2425 4731 2681 4786 tanquam
2720 4715 2893 4771 vii-tus
2930 4720 3049 4783 ejus
3083 4715 3403 4788 naturaliter
3433 4715 3698 4788 emanat).
3732 4775 3734 4777 ,

2187 4788 2265 4855 ('5)
2297 4786 2442 4842 Velut
2466 4791 2698 4853 [ruerunt
2739 4789 3020 4860 quemdam
3046 4787 3238 4860 divitiis
3256 4786 3702 4860 substiiiiti'ar,qui

2113 4859 2167 4909 in
2200 4860 2311 4925 ipsa
2340 4859 2571 4921 exsistit,
2612 4867 2663 4928 et
2697 4871 2762 4909 ex
2785 4858 2902 4926 ipsa
2936 4858 3360 4926 inseparabiliter
3379 4868 3427 4911 et
3460 4858 3717 4928 impurus

2114 4928 2290 4980 biliter
2325 4930 2581 4996 procedit.
2624 4927 2765 4980 Dicit
2799 4929 3060 4996 Spiritum
3103 4935 3353 4979 saitctitiii
3405 4927 3702 4995 procedere

2117 5016 2178 5050 ex
2213 4995 2522 5052 substantia
2556 4999 2762 5057 divina.
2796 4998 2922 5066 quia
2943 4995 3102 5050 Pater
3133 5007 3189 5050 et
3227 4996 3417 5062 Filius,
3448 5015 3476 5050 a
3504 5002 3702 5067 quibus

2118 5068 2384 5135 procedit,
2439 5079 2563 5121 sunt
2598 5069 2781 5120 divina
2819 5067 3146 5129 substantia,
3179 5068 3295 5120 sive
3341 5073 3576 5122 essentia
3619 5071 3706 5122 di-

2078 5203 2080 5205 ,
2118 5141 2264 5192 vina.
2298 5137 2410 5190 Etsi
2433 5140 2577 5208 enini
2605 5137 3078 5208 personis-divinis
3113 5138 3434 5191 attribuitur
3468 5142 3701 5208 spirare,

2112 5223 2272 5261 .tttoru
2307 5217 2486 5261 inuicti
2521 5207 2832 5261 Graecorum
2864 5205 3085 5259 Patrum
3116 5208 3416 5261 substantia
3472 5205 3588 5262 sive
3614 5229 3701 5262 es-

2124 5284 2294 5332 sentia
2322 5279 2505 5331 divina
2539 5293 2634 5344 pro
2665 5291 2900 5344 persona
2927 5277 3033 5329 ilici
3059 5278 3217 5337 solet,
3249 5281 3374 5344 quia
3411 5292 3536 5331 sunt
3561 5281 3702 5331 iiieiii

2125 5365 2203 5400 re.
2241 5347 2350 5400 Hoc
2377 5349 2539 5418 etiaiii
2576 5347 2784 5399 ttOtavit
2814 5345 2875 5400 S.
2911 5344 3148 5418 Tliotttas
3173 5346 3223 5398 iit
3255 5348 3443 5400 eodem
3478 5349 3704 5418 Cyrillo,

2129 5421 2178 5472 in
2222 5418 2482 5485 opusculo
2501 5416 2702 5469 Contra
2731 5433 2935 5469 errores
2969 5414 3440 5484 Umerorum-cap.
3471 5414 3590 5473 ιἐι
3617 5420 3705 5472 1-7.

2199 5488 2276 5557 (4)
2314 5485 2382 5540 Ut
2412 5487 2633 5540 dulcedo
2664 5486 2855 5546 mellis.
2888 5485 2967 5540 vel
3006 5486 3134 5538 odor
3167 5502 3230 5538 es:
3264 5488 3415 5557 flore.
3450 5487 3546 5542 llis
3566 5504 3680 5556 syui
3743 5516 3745 5518 -

2130 5560 2267 5612 bolis
2293 5562 2462 5611 utitur
2486 5558 2723 5627 Cyrillus
2760 5559 2826 5627 ad
2857 5559 3338 5610 demonstrandqu
3363 5572 3428 5611 ex
3457 5559 3712 5613 substan-

2131 5631 2202 5682 tia
2234 5629 2429 5693 Patris,
2463 5628 2515 5681 id
2532 5624 2642 5693 est,
2669 5642 2735 5681 ex
2759 5624 2920 5680 Patre
2948 5627 3379 5682 substatitialiter
3413 5633 3714 5698 procedeie

517 5816 593 5884 (c)
627 5814 839 5878 Dicere,
860 5813 1122 5868 Dii-uinus
1151 5811 1420 5879 Juss,est
1452 5828 1613 5871 nosse
1647 5813 1933 5868 Dominum
1963 5808 2187 5876 Iesum;
2225 5825 2383 5867 nemo
2420 5809 2566 5866 enim
2609 5807 2743 5865 dicit
2776 5819 2867 5865 aut
2896 5810 3134 5882 appellat
3175 5824 3336 5878 quem
3373 5825 3479 5865 non
3527 5814 3705 5867 novit.

765 5917 1044 5974 Pnaos.
1079 5913 1196 5974 Gn.
1234 5912 1408 5976 CLII.

3166 5901 3170 5906 ’
3198 5906 3278 5968 30
