4446 6450
779 412 890 474 939

1859 389 1866 395 ’
1937 413 2263 471 JOANNIS
2303 415 2897 501 CYPARISSiOTIE_

3907 405 4011 474 940

785 521 895 577 Sic.
926 521 1118 582 inquit,
1161 531 1210 572 et
1241 519 1474 586 Spiritus
1509 531 1729 574 sanctus
1754 523 1842 589 qui
1877 542 1903 574 a
1936 524 2070 576 Filio
2103 528 2262 579 datur
2288 535 2342 578 et
2373 535 2417 586 Λ
2445 529 2650 591 omnia;
2679 529 2860 580 omnia
2893 526 3036 580 enim
3072 523 3266 583 Verbo,
3303 534 3360 576 et
3387 521 3660 590 Sapientia
3685 519 3822 574 facta
3851 520 4008 573 sunt;

786 609 1040 669 mittitur,
1072 616 1126 658 et
1165 619 1246 660 est
1283 611 1395 675 ipse
1439 625 1626 671 unum,
1662 619 1715 660 et
1763 627 1866 662 non
1915 613 2098 672 multa,
2143 630 2237 666 nec
2280 632 2341 666 ex

783 699 964 749 multis
995 714 1180 757 unum,
1231 701 1322 750 sed
1357 701 1468 765 ipse
1518 701 1690 750 solum
1741 701 1994 765 Spiritus.
2038 704 2172 753 Cum
2200 705 2343 754 enim

782 801 921 835 unus
946 785 1013 836 sit
1041 783 1229 845 Filius,
1263 787 1351 850 qui
1383 797 1463 838 est
1492 785 1724 838 Verbum
1758 793 1961 848 \it’CllS,
1989 776 2200 856 oportet
2226 806 2345 842 esse

780 889 942 925 unam
977 874 1137 926 vitam
1182 879 1499 942 perlectam,
1537 886 1590 926 et
1637 878 1969 942 implentt‘m,
2004 883 2346 931 sanctiﬁcan-

781 979 908 1026 tem,
957 976 1004 1014 et
1047 966 1466 1026 illutuiuaulem,
1513 981 1632 1030 qua:
1683 976 1764 1019 est
1804 971 2020 1036 energia
2079 972 2248 1038 ipsuts
2291 985 2343 1024 et

778 1057 1002 1114 donum,
1032 1056 1172 1120 quod
1221 1056 1434 1120 quidem
1479 1071 1542 1106 ex
1593 1053 1751 1108 Patre
1782 1056 1982 1108 dicitur
2027 1061 2340 1124 proeedere.

780 1145 839 1195 lit
873 1146 1046 1195 adhuc
1082 1163 1093 1195 :
1138 1145 1416 1207 Quomodo
1448 1160 1554 1195 non
1587 1145 1724 1196 ultra
1754 1160 1970 1198 omnem
2009 1147 2340 1215 impietatem

776 1232 995 1307 quidam
1049 1235 1370 1300 procedunt,
1435 1236 1521 1298 qui
1579 1235 1842 1301 Spiritum
1901 1247 2148 1290 sanctum
2205 1239 2344 1291 inter

773 1333 1060 1373 creaturas
1119 1333 1324 1390 ponunt
1372 1339 1387 1376 :
1430 1335 1484 1376 et
1535 1339 1639 1376 non
1683 1326 1862 1392 potius
1911 1329 2243 1380 confitentur
2277 1345 2338 1382 ex

771 1415 950 1464 divina
1001 1425 1190 1466 natura
1243 1416 1507 1468 exsiSIere
1553 1417 1696 1482 quod
1753 1433 1817 1470 ex
1878 1418 1988 1486 ipsa
2045 1421 2341 1472 secundum

772 1507 1134 1557 sttltslttlttiztm
1170 1507 1433 1571 procedit,
1483 1517 1535 1558 et
1576 1515 1836 1574 tanquam
1891 1509 2056 1561 Deum
2094 1510 2145 1561 in
2186 1511 2343 1565 nobis

773 1595 1058 1648 habitare?
1080 1594 1376 1662 Gregorius
1407 1595 1682 1666 Nyssenus
1709 1598 1761 1650 in
1790 1595 2116 1651 Catechetico
2143 1615 2160 1651 :
2192 1600 2340 1663 Esse,

772 1689 969 1750 inquit,
1004 1687 1236 1739 Verbum
1275 1687 1390 1746 Dei,
1432 1697 1488 1739 et
1533 1687 1623 1740 Dei
1655 1686 1940 1755 Spiritum,
1967 1691 2217 1752 virtutes,
2253 1705 2342 1743 se-

768 1779 1002 1829 cundum
1038 1778 1396 1830 substantiam
1447 1792 1543 1843 per
1579 1792 1636 1829 se
1675 1779 2006 1832 exsistehtes
2039 1778 2342 1835 cﬂ'ectrices

769 1887 954 1922 t-orum
981 1885 1099 1936 quze
1135 1869 1276 1922 facta
1309 1878 1458 1934 sunt,
1485 1882 1539 1921 et
1567 1870 1906 1922 continentes
1939 1887 2001 1922 ea
2031 1886 2150 1938 quae
2184 1881 2330 1931 sunt.
2368 1861 2408 1916 Β

766 1980 828 2014 ιιι
891 1961 1086 2012 d'vinis
1141 1960 1442 2026 Scriptnris
1482 1961 1910 2014 demonstratur.
1978 1961 2143 2012 Verbo
2190 1965 2334 2015 enim

772 2057 979 2105 Itmuini
1012 2054 1127 2106 cu'ti
1168 2055 1367 2118 ﬁrmati
1409 2064 1548 2113 sunt,
1596 2069 1640 2104 et
1677 2052 1886 2120 Spiritu
1918 2057 2022 2107 oris
2073 2055 2186 2120 ejus
2227 2072 2336 2107 om-

769 2151 846 2198 nis
881 2152 1042 2198 virtus
1071 2162 1250 2198 eorum
1277 2146 1342 2195 ".
1383 2142 1455 2194 Ex
1507 2144 1591 2195 his
1622 2154 1787 2208 patet,
1817 2147 2049 2211 primum
2092 2147 2334 2212 quidem,

769 2251 1067 2306 unguntum
1106 2239 1156 2289 in
1187 2235 1477 2294 Trinitate,
1511 2251 1631 2304 qua:
1655 2251 1814 2303 supra
1840 2238 2197 2290 substantiam
2229 2250 2331 2304 est,

769 2343 940 2394 neque
973 2329 1334 2381 substantiam
1372 2344 1516 2390 esse,
1545 2343 1719 2395 neque
1747 2328 2131 2396 proprietatem
2163 2331 2335 2398 hypo-

767 2422 1016 2471 statieam
1055 2418 1144 2468 ι)ιεί
1181 2415 1393 2480 Patris;
1426 2416 1763 2484 hypostatica
1794 2415 1942 2469 enim
1980 2415 2334 2485 hypostasint,

767 2513 881 2563 sive
913 2525 1196 2577 personam
1239 2509 1514 2569 exhibent,
1555 2522 1839 2573 personam
1869 2516 2046 2560 autem
2072 2507 2337 2561 deliniant

765 2616 1052 2654 tOllllIHlIlC
1096 2617 1216 2653 eum
1260 2601 1495 2668 quadam
1523 2600 1858 2668 proprietate
1889 2616 1904 2651 :
1941 2598 2049 2660 vel.
2083 2605 2338 2652 substan-

769 2697 896 2746 tiam
945 2709 1065 2746 cum
1115 2691 1410 2745 accidente.
1470 2689 1526 2743 Si
1577 2700 1760 2744 autem
1819 2691 2120 2756 ingenitum
2159 2704 2338 2758 neque

766 2786 1068 2838 Substantia
1114 2793 1218 2846 est,
1263 2798 1360 2835 nec
1393 2781 1663 2840 accidens.
1695 2780 1896 2834 nullam
1931 2794 2215 2849 personam
2243 2797 2337 2835 ex-

767 2876 910 2927 hibet
939 2913 953 2935 ,
1009 2875 1122 2925 sive
1161 2873 1417 2936 ostendit,
1468 2881 1518 2925 et
1559 2872 1760 2924 idcirco
1813 2887 1986 2939 neque
2033 2873 2337 2941 proprietas

767 2970 1105 3037 hyposmtica
1136 2975 1215 3018 est
1249 2980 1262 3015 :
1297 2967 1446 3017 notio
1478 2974 1658 3016 tamen
1689 2973 1772 3017 est
1795 2964 1972 3018 Patris
2001 2979 2105 3017 non
2131 2964 2337 3018 baben-

770 3058 836 3109 tls
870 3071 1108 3120 causam,
1146 3055 1288 3124 quod
1325 3055 1439 3121 ipse
1468 3053 1616 3107 solus
1646 3063 1729 3107 est
1766 3051 1925 3107 Pater
1964 3068 2184 3107 causam
2227 3069 2334 3107 non

767 3154 989 3199 balteus.
1026 3146 1336 3200 Secundum
1369 3158 1452 3199 est
1485 3155 1740 3210 tanquam
1784 3160 1850 3198 ex
1890 3148 1992 3200 hoc
2026 3145 2332 3213 probatum,

767 3242 972 3291 πήξει-ι
1003 3255 1108 3291 non
1150 3253 1270 3293 esse
1309 3239 1361 3291 in
1397 3239 1510 3306 ipsa
1545 3236 1814 3292 Trinitate
1843 3237 2008 3290 alium
2041 3218 2336 3306 qttemdani

767 3329 969 3384 inuitem
1006 3330 1328 3393 divinitatis,
1354 3330 1454 3383 nisi
1491 3328 1666 3396 ipsum
1701 3329 1899 3392 solum,
1929 3331 2020 3396 qui
2060 3340 2143 3383 est
2176 3328 2337 3382 Pater

767 3425 934 3475 totius
970 3422 1299 3484 divinitatis,
1346 3436 1567 3475 causam
1617 3435 1722 3474 non
1759 3421 1965 3474 habens
1997 3437 2012 3486 ;
2045 3437 2145 3475 nec
2172 3425 2334 3473 aiiam

766 3517 1058 3583 quamdam
1091 3515 1391 3568 naturalem
1423 3523 1476 3568 et
1511 3513 1927 3568 substantialem
1957 3515 2232 3582 energiam
2269 3528 2332 3566 ex

764 3609 947 3661 divina
979 3607 1286 3660 substantia
1341 3606 1790 3674 incompreliensa
1829 3607 2202 3673 prodeuntem,
2232 3605 2332 3658 nisi

769 3701 960 3754 Filium
1011 3713 1172 3766 supra
1225 3698 1609 3761 substantiam,
1649 3707 1704 3751 et
1761 3696 2024 3764 Spiritum
2083 3706 2332 3750 sanctum

767 3793 1045 3846 naturales
1081 3800 1134 3844 et
1178 3790 1562 3844 substantiales
1592 3790 1863 3858 energies,
1903 3789 2018 3842 sive
2054 3799 2209 3842 actus
2242 3786 2333 3841 Dei

763 3899 983 3936 ('aUSattt
1019 3898 1124 3934 non
1153 3884 1421 3945 habentis,
1449 3891 1706 3948 tanquam
1736 3880 2024 3948 qualitates
2045 3888 2099 3932 et
2126 3878 2335 3931 fructus

763 3975 1081 4025 substantiae
1115 3972 1303 4040 ipsius.
1332 3971 1511 4039 Atque
1547 3971 1613 4022 ad
1650 3972 1790 4023 hunc
1813 3971 2028 4022 modum
2052 3983 2178 4020 vere
2204 3983 2337 4020 eon-

765 4064 950 4115 stituta
986 4071 1038 4114 ct
1068 4061 1344 4115 declarata
1397 4061 1554 4114 nobis
1585 4069 1668 4112 est
1698 4060 1903 4124 divina,
1953 4069 2009 4113 et
2041 4071 2202 4126 supra
2239 4073 2336 4110 na-

767 4166 940 4205 turain
971 4151 1254 4204 beatitudo
1290 4152 1453 4204 trium
1503 4142 1860 4217 personarum
1914 4150 2059 4202 tmlla
2098 4164 2156 4202 re
2191 4148 2334 4201 indi-

760 4262 915 4312 gens,
959 4253 1014 4297 et
1044 4259 1140 4313 per
1165 4258 1225 4298 se
1263 4243 1599 4312 plenissima.
1888 4234 1891 4238 ’

1357 4354 1587 4410 CAPUT
1641 4352 1729 4407 Vl.

758 4450 911 4514 Quod
944 4450 996 4500 in
1040 4448 1322 4509 Trinitate,
1360 4465 1462 4500 non
1511 4458 1587 4500 est
1615 4447 1723 4498 alia
1757 4448 2013 4512 operatio,
2043 4457 2090 4498 et
2120 4463 2329 4509 manus,

2451 629 2505 668 et
2533 618 2872 670 ordinatione
2899 616 3016 683 ejus
3034 623 3248 666 manent
3275 617 3552 665 universa.
3582 608 3648 662 Et
3675 610 3728 662 in
3754 609 3912 673 epist.
3946 611 4012 660 ad

2450 707 2828 774 Serapionem:
2865 705 3082 768 Paulus,
3111 705 3302 771 inquit,
3333 703 3523 755 scribit
3547 703 3700 754 Tito:
3743 699 3845 753 Per
3871 716 4014 767 regr-

2449 799 2766 857 nemtionem
2803 805 2850 848 et
2897 797 3278 847 renomtioueui
3335 791 3570 858 Spiritus
3601 792 3794 854 sancti,
3861 806 4012 856 quem

2448 883 2630 949 e/fudit
2668 885 2720 933 in
2763 900 2854 934 nos
2911 883 3116 932 abunde
3167 897 3257 947 per
3330 878 3510 931 Jesnm
3564 878 3829 931 Christum
3863 878 3928 929 ⁹¹.
3956 877 4011 931 Si

2447 987 2626 1026 autent
2688 974 2842 1026 l‘ater
2877 988 2970 1039 per
3003 971 3236 1024 Verbum
3268 972 3318 1022 in
3365 970 3564 1034 Spiritu
3619 979 3825 1022 sancto-
3864 979 4015 1021 creat
4069 1029 4071 1039 τ

2447 1065 2624 1111 omnia
2670 1069 2724 1111 et
2775 1071 3029 1122 renov:tt;
3086 1074 3206 1126 qua;
3264 1060 3580 1120 similitudo,
3631 1069 3722 1108 aut
3783 1056 4014 1108 alIinitas

2446 1153 2648 1202 creanti
2683 1165 2803 1202 cum
2833 1151 3140 1203 creaturis?
3171 1149 3524 1216 Consequens
3545 1148 3688 1201 enim
3719 1157 3800 1200 est
3833 1157 3890 1199 ut
3919 1147 4014 1197 hu-

2442 1244 2676 1309 jnsmodi
2728 1242 3058 1309 blasphemia
3091 1242 3141 1294 in
3172 1240 3364 1294 Filium
3400 1242 3565 1292 etiam
3614 1250 3816 1300 tnauet,
3845 1247 3902 1291 ιιι
3924 1237 4012 1304 qui

2447 1332 2631 1382 dicunt
2664 1330 2923 1398 Spiritum
2957 1343 3200 1385 sanetum
3224 1346 3348 1385 esse
3369 1341 3702 1392 creaturam,
3733 1331 3912 1382 dit-aut
3943 1328 4017 1378 si-

2447 1424 2664 1483 militer,
2700 1421 2955 1486 Verbum,
2985 1438 3082 1490 per
3107 1423 3250 1489 quod
3280 1423 3462 1473 Omnia
3484 1432 3764 1483 creantur,
3791 1431 4010 1472 creatu-

2446 1529 2559 1566 ram
2595 1527 2737 1568 esse.
2766 1512 2832 1567 Et
2869 1527 3056 1567 rursus
3105 1514 3246 1565 idem
3289 1513 3343 1565 in
3394 1512 3766 1580 disputatione
3819 1518 4010 1564 contra

2445 1603 2633 1656 Arium
2659 1620 2670 1653 :
2709 1601 2816 1657 Fac
2848 1604 2976 1656 velis
3008 1605 3320 1670 recolligere
3344 1602 3796 1670 conquisitionem
3827 1601 3893 1654 de
3922 1599 4012 1652 Fi-

2446 1693 2537 1756 lio,
2567 1709 2683 1757 qua:
2713 1707 2811 1746 nos
2842 1695 3098 1746 comitata
3120 1704 3223 1758 est,
3256 1705 3310 1746 et
3343 1694 3582 1758 reperies
3606 1703 3862 1744 κιει-ιιιιιιι
3887 1689 4009 1756 Spi-

2448 1784 2581 1837 ritus
2605 1784 2778 1836 sancti
2807 1783 3060 1835 virtutem
3091 1783 3331 1849 ejusdem
3353 1781 3668 1834 sttbstantiae
3693 1794 3816 1831 cum
3850 1778 4014 1831 Patre

2439 1875 2632 1926 dit-tam
2661 1888 2782 1927 esse
2811 1888 2874 1927 ex
2909 1873 3080 1938 digito
3103 1874 3242 1938 ejus.
3277 1872 3422 1924 Sane
3444 1870 3661 1939 quidem
3680 1884 3800 1922 cum
3834 1870 4012 1921 virtu-

2438 1977 2543 2019 tetn
2569 1965 2802 2033 Spiritus
2819 1967 2989 2019 sancti
3026 1965 3491 2035 inexpugnabilem
3512 1964 3651 2032 magi
3683 1965 3734 2014 in
3779 1961 4013 2030 Aieypm

2437 2057 2777 2124 contemplati
2802 2057 3124 2118 clamabant,
3145 2057 3348 2109 aientes
3369 2073 3382 2107 :
3408 2055 3612 2123 Digitus
3635 2052 3732 2106 Dei
3757 2051 4011 2115 esthoc”;

2437 2147 2569 2201 nihil
2619 2148 2762 2201 aliud
2813 2148 3209 2201 conﬁtebantur
3297 2145 3557 2200 vocabulo
3614 2145 3788 2213 digiti,
3851 2157 4011 2210 quam

2437 2238 2711 2301 virtutem,
2743 2239 2856 2290 sive
2879 2247 3198 2304 potestatem
3215 2236 3449 2304 Spiritus
3475 2235 3646 2288 sancti
3684 2235 4012 2292 homousion,

2437 2329 2487 2382 id
2547 2339 2625 2382 est
2685 2328 2926 2396 eiusdem
2974 2330 3308 2389 substantize,
3364 2342 3526 2394 quam
3562 2326 3717 2378 habet
3751 2341 3871 2378 cum
3903 2323 4014 2377 Deo

2435 2420 2629 2486 Patre;
2683 2421 2770 2474 cui
2820 2423 3083 2476 vocabulo
3140 2421 3292 2490 digiti
3321 2435 3426 2472 non
3460 2428 3654 2487 qmtest
3685 2419 4010 2481 contradici,

2437 2529 2611 2581 neque
2638 2515 2946 2582 repugnari.
2993 2514 3050 2567 Et
3080 2522 3300 2566 sanctus
3332 2511 3586 2582 Cyrillus,
3625 2511 3720 2564 lib.
3751 2526 3814 2563 xv
3876 2508 4011 2562 Thc-

2437 2619 2755 2657 saurorum:
2792 2602 2845 2656 Si
2879 2603 3080 2667 omnia,
3136 2605 3328 2671 inquit,
3358 2604 3424 2653 'iu
3458 2600 3744 2668 sapientia,
3772 2609 3824 2651 et
3853 2613 4010 2650 manu

2439 2692 2528 2743 Dei
2556 2692 2694 2746 facta
2719 2702 2868 2754 sunt,
2893 2693 3192 2760 Scriptura:
3217 2708 3343 2746 vero
3369 2693 3563 2744 divina:
3591 2690 3657 2743 de
3701 2689 3810 2742 Dt-o
3838 2687 4012 2740 Verbo

2436 2783 2712 2834 clamant:
2751 2781 2943 2836 Omnia
2977 2799 3070 2846 per
3105 2783 3276 2849 ipsum
3306 2781 3446 2847 facta
3469 2788 3611 2842 sunt,
3651 2789 3700 2832 et
3754 2779 3867 2831 sine
3899 2779 4013 2844 ipso

2438 2872 2635 2940 factum
2670 2882 2742 2924 est
2790 2873 2923 2924 nihil
2956 2873 3024 2937 “,
3082 2889 3186 2939 non
3219 2883 3392 2940 potest
3422 2887 3542 2924 esse
3567 2887 3702 2940 npus
3737 2873 4013 2939 sapientiae

2439 2963 2531 3016 Dei
2561 2962 2764 3026 Filius;
2793 2964 2884 3017 sed
2917 2964 3096 3029 potius
3123 2963 3236 3028 ipse
3273 2974 3357 3016 est
3381 2965 3670 3030 sapientia,
3716 2973 3769 3016 et
3789 2977 4008 3024 manus,

2439 3070 2540 3122 qua
2568 3064 2763 3108 cuncta
2798 3053 2937 3108 Deus
2985 3066 3261 3122 operatur.
3307 3057 3370 3107 l-Lt
3401 3055 3578 3108 adhuc
3597 3056 3734 3106 idem
3781 3054 3871 3105 lib.
3899 3069 4009 3115 xrv,

2439 3147 2748 3199 corutudem
2782 3148 3162 3199 Thesaurorum
3191 3161 3210 3199 :
3244 3145 3400 3210 Quia,
3449 3147 3644 3214 inquit,
3674 3145 3902 3211 simplex
3929 3154 4015 3197 est
4044 3212 4049 3215 _

2441 3239 2602 3301 Deus,
2649 3237 2782 3290 nihil
2810 3237 2955 3291 aliud
2999 3250 3198 3306 praeter
3232 3239 3409 3305 ipsum
3451 3248 3529 3291 est
3560 3237 3841 3301 fortitudo,
3891 3252 4013 3304 qua:

2439 3332 2492 3381 in
2517 3331 2633 3396 ipso
2653 3340 2776 3394 est;
2819 3333 2913 3384 scd
2945 3331 3124 3396 potius
3181 3330 3298 3396 ipse
3330 3330 3537 3384 scilicet
3574 3340 3658 3384 est
3685 3327 3875 3390 Filius,
3917 3328 4011 3396 qui

2442 3439 2601 3475 unam
2632 3437 2754 3474 cum
2791 3422 2953 3476 Patre
2984 3422 3370 3494 substantiam,
3399 3432 3452 3473 et
3474 3423 3720 3474 eamdem
3759 3430 4011 3472 naturam

2440 3512 2638 3576 habet;
2675 3522 2732 3565 ιιι
2763 3513 2853 3578 qui
2881 3514 2953 3566 sit
2973 3529 3135 3567 unum
3152 3527 3273 3564 cum
3295 3527 3362 3565 eo
3380 3513 3470 3579 qui
3503 3511 3707 3578 genuit,
3734 3509 3775 3563 si
3802 3519 3855 3562 et
3877 3511 4014 3562 ltens

2439 3618 2504 3655 ex
2553 3602 2681 3666 Deo,
2723 3614 2777 3656 et
2810 3604 2988 3656 lumen
3036 3618 3101 3656 ex
3139 3603 3340 3656 lumine
3398 3601 3691 3670 splenduit,
3746 3599 3935 3662 Filius,
3959 3610 4016 3653 et

2447 3710 2551 3747 non
2597 3693 2755 3747 Pater
2789 3695 3117 3748 intellectus.
3156 3694 3325 3763 Igitur
3359 3695 3533 3747 omnis
3572 3692 3788 3760 energia
3818 3703 3872 3745 et
3904 3693 4015 3743 vir-

2442 3797 2527 3841 tus
2582 3785 2780 3851 Patris,
2823 3802 2917 3855 per
2946 3802 3109 3853 quam
3163 3789 3343 3838 tnnuia
3410 3797 3685 3852 operatur,
3741 3788 4014 3853 quomodo

2437 3890 2579 3931 esset
2633 3889 2833 3930 natura:
2862 3877 3092 3932 creata-7
3125 3877 3291 3939 Idem,
3327 3878 3378 3929 in
3433 3876 3696 3944 capitibus
3718 3875 3781 3928 de
3810 3873 4014 3940 Spiritu

2439 3981 2620 4023 sancto
2650 4010 2665 4032 ,
2709 3971 2783 4023 ait
2823 3977 2873 4022 in
2909 3972 3142 4037 quodam
3165 3973 3281 4023 loco
3311 3971 3562 4024 Christus
3585 3971 3869 4036 disputans
3889 3984 4010 4020 eum

2437 4063 2669 4118 ludatis:
2702 4062 2760 4116 Si
2795 4073 2975 4116 autem
3005 4064 3171 4132 digito
3213 4061 3309 4115 Dei
3337 4064 3495 4131 ejicio
3521 4060 3803 4122 dwmonia,
3850 4060 4016 4128 igitur

2438 4155 2665 4217 pervenit
2693 4156 2748 4208 in
2781 4171 2868 4207 vos
2906 4171 3116 4222 regnum
3151 4154 3246 4208 Dei
3278 4154 3346 4213 ’⁸.
3385 4154 3487 4207 hoc
3517 4153 3637 4206 loco
3667 4153 3891 4220 digitum
3920 4152 4016 4203 de-

2447 4255 2714 4299 monstrat
2743 4261 2863 4300 esse
2889 4246 3153 4315 Spiritum
3189 4254 3460 4306 sanctum.
3479 4246 3569 4311 qui
3600 4243 3757 4297 modo
3777 4242 4011 4312 quodam

2438 4358 2501 4393 ex
2537 4341 2717 4394 divina
2777 4342 3082 4394 substantia
3138 4341 3465 4394 naturaliter
3505 4341 3800 4406 productus
3828 4344 3934 4396 est,
3958 4342 4014 4386 et

2441 4432 2763 4486 naturaliter
2783 4452 2848 4488 es
2879 4450 2942 4486 ea
2975 4434 3190 4500 pendet,
3224 4433 3363 4486 sicut
3393 4432 3596 4500 digitus
3632 4446 3695 4484 ex
3731 4443 3888 4481 manu
3913 4426 4013 4479 lio-

828 4535 920 4592 μιν
969 4535 1128 4587 quant
1183 4521 1363 4571 omnia
1415 4517 1559 4570 Deus
1590 4527 1860 4592 operatur,
1894 4517 1995 4592 nisi
2045 4515 2236 4592 Filius,
2281 4529 2330 4570 et
2367 4523 2406 4575 D
2439 4527 2636 4590 minis;
2689 4523 2884 4577 Filium
2938 4524 3083 4576 enim
3124 4525 3400 4592 appellant
3463 4523 3659 4576 divinae
3719 4519 4015 4586 Scriptum

827 4591 1057 4658 Spiritus
1111 4601 1368 4652 sanctus;
1426 4603 1519 4641 nec
1547 4587 1948 4658 alidsopientiu
1978 4600 2023 4638 et
2058 4588 2243 4649 virtus,
2278 4598 2327 4640 et

826 4655 1024 4728 gloria,
1053 4672 1098 4713 et
1132 4661 1306 4726 imago
1337 4659 1453 4722 Dei,
1492 4659 1594 4710 nisi
1625 4655 1802 4709 Filius
1829 4669 1877 4708 et
1911 4655 2167 4724 Spiritus.

825 4797 1051 4864 Magnus
1081 4798 1436 4860 Athanasius,
1472 4796 1817 4865 libroqniuto
1845 4794 2047 4850 Contra
2080 4797 2328 4853 Arianos:

752 4891 926 4954 Sicut,
959 4875 1316 4958 inquit,Deus
1350 4890 1512 4940 Pater
1541 4898 1821 4940 creaturas
1847 4884 2023 4939 Verbo
2052 4901 2227 4954 creat,
2253 4891 2334 4944 sic

759 4985 1053 5036 secundum
1092 4996 1340 5033 naturam
1385 4980 1618 5047 propriae
1666 4980 1985 5032 substantia:
2015 4981 2173 5034 habet
2209 4999 2332 5047 ger-

749 5090 868 5128 men
895 5072 1157 5136 Νειὺυιιι,
1192 5073 1333 5138 quod
1360 5071 1657 5124 fabricatur
1683 5083 1736 5124 et
1779 5082 1947 5136 creat,
1970 5081 2023 5124 et
2051 5075 2319 5141 gubernat

813 5217 856 5247 ⁹¹
891 5216 1031 5269 l’sal.
1072 5216 1309 5277 uxn,t3.
1376 5213 1417 5242 ν’
1440 5207 1545 5263 Τιι.
1571 5225 1647 5272 ιιι,
1674 5210 1724 5264 6.
1791 5212 1837 5242 ⁸³
1866 5211 2029 5264 Exod.
2053 5228 2165 5275 vut,
2191 5217 2270 5266 19.

745 5303 866 5340 λλιί
918 5292 994 5338 ll.

2341 5213 2562 5268 "Joan.
2609 5230 2646 5274 ι,
2680 5215 2733 5270 3.
2775 5215 2968 5266 "Luc.
3024 5213 3208 5275 “.20.
3276 5214 3759 5274 "l‘sal.xcvtu,t.

2415 4617 2717 4670 obrachitnn
2747 4625 2800 4668 et
2833 4618 3108 4669 dexteram
3140 4616 3256 4678 Dei,
3291 4615 3431 4668 sicut
3465 4616 3728 4683 scripturn
3757 4620 3843 4665 est
3868 4607 4014 4664 :Sal-

2431 4711 2569 4762 t-uvit
2592 4724 2708 4760 eum
2734 4689 2949 4760 deaitern
2979 4707 3116 4775 ejus,
3159 4717 3207 4759 et
3243 4707 3512 4758 brachium
3549 4717 3787 4758 sanctum
3815 4702 3928 4772 ejus
3943 4703 4012 4764 ";

2431 4813 2486 4856 et
2528 4801 2699 4854 illttd:
2744 4799 2991 4860 Domine,
3022 4800 3286 4852 excelsum
3322 4798 3592 4851 brachium
3616 4810 3784 4854 tuum.
3828 4807 3876 4850 et
3911 4811 4014 4848 non

2431 4904 2805 4963 cognoverunt,
2840 4877 3222 4961 cognoscentes
3277 4901 3452 4943 autem
3499 4889 3897 4956 confundantur
3941 4887 4012 4941 ”.

2446 4985 2606 5038 Sicut
2647 4986 2809 5052 igitur
2843 4984 3127 5036 brachium
3159 4981 3553 5035 natttraliterin
3587 4990 3758 5032 totum
3816 4994 4016 5047 corpus

2429 5086 2671 5146 aptatum
2741 5085 2844 5141 est,
2880 5075 3062 5128 omnia
3095 5089 3325 5142 operans
3371 5088 3704 5142 quaecunque
3740 5074 3903 5125 ιιιριιιί
3940 5075 4018 5123 vi-

3846 5210 4015 5264 "lsa.

2249 5356 2528 5418 Schoha.

743 5460 1009 5525 Spiritum
1043 5468 1313 5521 Sztttt'tttut,
1347 5457 1489 5509 sicut
1519 5455 1751 5510 dulcedo
1780 5472 1842 5508 ex
1880 5455 2062 5519 melle,
2098 5466 2154 5510 et
2184 5458 2319 5510 odor

738 5548 799 5580 t-r
837 5530 989 5587 llure,
1028 5538 1075 5578 et
1111 5543 1277 5589 vapor
1311 5543 1371 5579 ex
1411 5541 1578 5594 aqua.
1603 5527 1720 5592 Quo
1751 5529 1999 5595 exemplo
2049 5532 2186 5581 Idem
2215 5526 2324 5597 Cy-

739 5605 892 5651 rdlus
921 5617 1038 5656 rati.
1076 5599 1104 5649 7
1138 5598 1328 5659 utitur;
1358 5600 1432 5647 sic
1458 5600 1600 5649 cuitu
1629 5599 1702 5648 ait
1728 5617 1739 5650 :
1781 5598 2125 5664 Relinquitur
2159 5600 2322 5666 igitur

737 5681 788 5719 ut
851 5669 1162 5720 necessario
1209 5669 1580 5720 eontitt-ndum
1639 5669 1729 5729 sit,
1763 5684 1882 5721 esse
1908 5685 1970 5720 ett
2016 5671 2322 5722 substantia

735 5740 874 5806 ejus,
912 5757 1031 5790 rum
1056 5754 1271 5790 omnem
1299 5738 1416 5790 Filii
1447 5739 1536 5791 liei
1564 5741 1820 5790 virtutem
1845 5749 1898 5792 et
1925 5741 2324 5804 operationem,

739 5812 956 5876 li.tb.,-at,
985 5821 1034 5863 ut
1067 5817 1113 5865 si
1149 5824 1308 5879 vapor
1331 5825 1396 5863 ex
1429 5824 1566 5878 aqua
1605 5809 1883 5876 ascendat,
1917 5821 1968 5862 et
1999 5823 2092 5877 per
2122 5824 2183 5862 ea
2211 5825 2327 5878 quae

2419 5465 2697 5524 operatur.
2735 5470 2830 5510 eos
2857 5456 2999 5524 apud
3029 5471 3167 5522 quos
3191 5466 3292 5516 ρει,
3332 5453 3636 5519 refrigeret,
3670 5463 3724 5506 et
3753 5463 4012 5524 naturam

2423 5523 2576 5594 aqua:
2607 5527 2748 5579 unde
2800 5523 3088 5587 emittitur,
3124 5527 3414 5593 signitictet.
3453 5525 3724 5578 llacwnus
3757 5523 4014 5594 Cyrillus.

2423 5601 2512 5649 Sic
2557 5598 2741 5663 itaque
2793 5597 3003 5650 vocavit
3037 5599 3123 5649 hic
3165 5599 3430 5664 Spiritum
3467 5607 3739 5654 sanetum,
3775 5596 4012 5661 qualita.

2427 5679 2531 5719 tem
2559 5667 2864 5720 divinitatis
2908 5668 3229 5737 symbolice,
3253 5666 3494 5719 aulnbita
3525 5667 4016 5737 correCtioneiverg

2429 5739 2502 5798 hi,
2530 5749 2587 5789 ut
2615 5738 2656 5788 si
2693 5736 2951 5791 vocasset
2972 5753 3223 5804 vaporem
3253 5738 3572 5790 substantia:
3603 5737 3821 5801 tlit‘inx,
3843 5736 4013 5791 simili

2427 5808 2677 5877 exemplo
2701 5817 2753 5861 et
2781 5811 3022 5879 symbolo
3053 5819 3229 5862 utens.
