4446 6450
423 433 521 498 941

1210 397 1212 400 ’
1308 428 1540 491 DECAS
1572 417 1773 489 tx.—'
1804 427 2394 490 DE'iNFlVlTATE
2437 425 2515 485 lN
2559 427 2721 486 nso.

3540 421 3644 483 942

424 545 684 604 ili-antur;
715 539 880 603 πηιοιοι
933 550 1061 590 vero
1119 549 1320 606 ungere
1367 537 1537 605 digito
1572 536 1710 602 apud
1738 550 1862 588 eum
1889 535 1980 600 qui
2012 541 2054 593 Α
2087 535 2306 600 pimtlia,
2334 541 2454 586 erat
2513 535 2678 603 igitur
2705 545 2934 600 tempus,
2977 531 3029 583 in
3067 545 3173 598 quo
3199 540 3314 583 erat
3357 531 3494 584 Deus
3528 534 3646 584 sine

425 630 653 684 lirachio
687 629 890 683 ntitur:
918 625 999 681 sic
1030 621 1263 678 Verbum
1305 624 1394 676 Dei
1430 637 1494 676 cx
1538 623 1674 690 ipso,
1701 633 1755 676 et
1782 623 1834 676 in
1867 623 1982 690 ipso

425 720 744 774 naturaliter
768 724 1038 786 aptatum,
1080 723 1139 769 ut
1166 714 1474 772 itadicam.
1515 722 1569 768 et
1599 714 1820 766 insitum
1853 727 1984 766 con-

425 809 734 864 sideramus
759 825 774 861 :
803 808 859 861 in
891 806 1030 860 Filio
1058 817 1237 859 autem
1268 804 1682 858 consideramus
1714 803 1981 871 Spiritum

425 897 750 952 naturaliter
775 905 830 951 et
854 894 1286 950 siibstantialiter
1331 909 1360 946 a
1388 892 1549 947 Patre
1583 894 1984 962 procedentem,

427 1003 523 1055 ter
546 1001 703 1053 quem
728 987 909 1038 omnia
937 999 1149 1054 ungens
1181 985 1503 1036 sanctiﬁcat.
1535 983 1648 1036 Non
1679 983 1842 1052 igitur
1866 977 1990 1049 ενι-

427 1077 561 1129 ritus
587 1086 810 1128 sanctus
845 1089 872 1126 a
902 1074 1082 1128 divina
1115 1073 1418 1125 substantia
1449 1073 1658 1126 alienus
1687 1082 1741 1124 et
1772 1072 1990 1141 dit-jun-

425 1177 546 1219 ctus
578 1165 809 1229 videtur,
841 1163 970 1232 quin
1004 1162 1184 1232 potius
1215 1177 1278 1215 ex
1311 1162 1447 1228 ipsa,
1473 1171 1526 1215 et
1548 1162 1598 1214 in
1630 1162 1744 1228 ipsa
1773 1169 1991 1212 natura-

426 1257 566 1308 liter.
593 1257 742 1307 Sicut
771 1256 934 1322 igitur
964 1253 1163 1320 digitus
1192 1253 1434 1319 corporis
1462 1252 1516 1304 in
1552 1266 1731 1314 manu,
1755 1250 1991 1317 ejusdem

426 1352 633 1394 natura
654 1355 842 1392 manus
866 1348 981 1400 est;
1012 1341 1092 1392 sic
1118 1354 1310 1393 rursus
1341 1349 1395 1392 et
1430 1353 1622 1393 manus
1651 1339 1704 1390 in
1740 1352 1989 1406 corpore,

427 1443 534 1483 non
563 1442 648 1482 est
675 1429 900 1482 alterius
934 1439 1159 1489 natura.
1190 1444 1350 1507 quam
1378 1429 1644 1498 corporis.
1679 1427 1801 1482 Haec
1830 1428 1993 1497 igitur
2028 1439 2034 1445 '

425 1537 547 1575 cum
571 1523 651 1575 sic
679 1522 814 1582 sint,
856 1521 1108 1589 sequitur
1136 1521 1301 1574 Deum
1332 1535 1453 1574 esse
1480 1520 1741 1588 Spiritum
1763 1538 1776 1573 :
1796 1531 1852 1575 et
1887 1510 1992 1574 non

427 1612 585 1663 aliter
607 1625 747 1666 esse.
802 1612 992 1665 Adhuc
1021 1611 1162 1664 idern
1195 1611 1246 1664 in
1271 1611 1511 1664 eisdem;
1551 1611 1636 1662 Ait
1675 1610 1727 1663 in
1762 1613 1994 1679 quodam

429 1703 544 1755 loco
567 1701 739 1756 Deus:
769 1700 968 1756 Catum
995 1711 1044 1755 et
1085 1713 1278 1756 terram
1310 1719 1404 1771 ego
1428 1701 1618 1767 impleo
1646 1701 1716 1766 ",
1741 1701 1873 1754 dicit
1893 1701 1996 1754 Do-

429 1795 644 1855 minus;
673 1793 854 1863 implet
879 1794 1086 1847 scilicet
1112 1795 1310 1862 ubique
1331 1807 1566 1860 prmsens
1596 1807 1692 1862 per
1712 1791 1992 1860 Spiritum,

2086 622 2371 690 sapientia,
2392 633 2444 675 et
2463 623 2578 675 sine
2597 619 2812 680 vii‘tute.
2832 636 2953 673 cum
2979 635 3084 673 non
3107 630 3250 673 esset
3284 618 3474 681 Filius,
3493 634 3618 672 crea

2089 720 2209 765 tura
2242 712 2383 764 enim
2405 713 2563 779 plane
2585 726 2650 764 ex
2682 711 2850 762 nihilo
2882 709 2933 761 li!
2962 726 2977 772 ;
3016 720 3069 761 at
3105 710 3320 776 sapiens
3353 717 3469 760 erat
3502 723 3647 762 sem-
3730 745 3732 747 μ

2089 815 2185 868 per
2208 809 2261 854 et
2281 809 2466 868 potens
2490 799 2627 853 Dens
2651 816 2666 865 ;
2694 810 2810 853 erat
2839 800 3002 866 igitur
3022 801 3068 852 ei
3093 798 3276 858 Filius,
3312 801 3402 866 qui
3433 807 3513 850 est
3532 813 3650 850 um-

2093 894 2176 942 nia
2201 890 2335 945 haec.
2378 890 2443 944 Et
2469 893 2639 943 adhuc
2663 891 2808 956 ipse:
2845 889 3152 949 Contiteris,
3186 891 3378 955 lnqnit,
3420 889 3540 941 licet
3571 889 3650 940 iii-

2093 981 2255 1042 vitus,
2287 981 2558 1044 haeretice,
2593 981 2909 1049 sapientiam
2941 981 3031 1034 Dei
3069 982 3384 1034 naturaliter
3412 980 3650 1043 insitam,

2091 1077 2148 1121 et
2178 1070 2426 1121 virtutem
2457 1072 2718 1123 exsistere
2755 1073 2808 1123 in
2845 1072 2961 1138 ipso
2990 1074 3243 1124 increatc.
3297 1069 3434 1123 Cum
3488 1072 3653 1138 igitur

2093 1161 2280 1213 audies
2316 1158 2529 1222 Filium,
2559 1162 2643 1212 dic
2667 1162 2826 1213 etiam
2853 1176 3039 1214 rursus
3071 1163 3174 1214 duo
3203 1163 3435 1214 increata
3461 1178 3473 1213 :
3517 1163 3655 1212 hanc

2097 1263 2223 1301 vero
2273 1249 2442 1317 ipsam
2475 1249 2526 1300 in
2571 1248 2678 1302 Deo
2714 1250 3034 1313 sapientiam
3058 1259 3109 1303 ct
3144 1253 3396 1302 virtutem
3421 1252 3656 1303 increate

2095 1351 2149 1393 et
2172 1341 2288 1393 sine
2336 1351 2574 1409 tempore
2599 1343 2943 1394 cxsistentem
2989 1341 3258 1396 credimus
3287 1356 3407 1396 esse
3438 1341 3655 1408 Filium,

2095 1431 2186 1494 qui
2217 1430 2396 1482 omnia
2451 1431 2672 1493 creavit,
2709 1441 2762 1483 et
2791 1441 3006 1498 propter
3037 1445 3135 1484 nos
3171 1431 3346 1484 factus
3399 1441 3479 1486 est
3502 1447 3654 1486 caro.

2099 1518 2163 1570 Et
2188 1519 2360 1572 adhuc
2390 1521 2501 1586 ipse
2531 1521 2596 1572 ‘in
2625 1521 2854 1585 septimo
2889 1522 2954 1573 ad
2989 1519 3262 1574 Hermiam
3313 1523 3450 1575 libro
3471 1524 3656 1590 dispu-

2099 1620 2222 1661 tans
2252 1623 2397 1661 more
2428 1609 2659 1674 dialogi:
2686 1608 2816 1662 Cra.
2861 1609 2916 1662 lu
2950 1625 3055 1676 quo
3090 1620 3215 1664 sunt
3238 1612 3533 1680 sapientes,
3564 1611 3656 1680 qui

2099 1698 2372 1766 sapientes
2406 1698 2583 1750 linat?
2619 1698 2794 1752 Ηειιι.
2827 1699 2882 1751 1η
2935 1700 3196 1767 sapientia
3227 1701 3357 1753 Cra.
3413 1701 3582 1769 lgilnr
3611 1701 3659 1754 si

2101 1787 2334 1854 Spiritus
2363 1792 2681 1856 sapientiam
2714 1792 2866 1842 docet
2901 1805 2960 1844 ea
2996 1805 3114 1857 qna:
3145 1801 3268 1843 sunt
3302 1804 3423 1859 apta
3464 1793 3528 1844 ad
3564 1807 3658 1846 ca-

428 1887 570 1950 quod
597 1851 810 1952 quidem
831 1901 950 1938 cum
977 1888 1140 1940 sciret
1162 1851 1251 1952 qui
1275 1851 1519 1940 Psalrnos
1540 1851 1767 1949 cecinit,-
1790 1851 1987 1940 aiebat:
2027 1851 2068 1904 Β
2095 1851 2179 1940 Pi.e

1905 1896 1987 1940 ,διε
2027 1851 2068 1904 Β
2095 1872 2346 1940 piendum
2402 1876 2743 1942 sapientiam,
2789 1878 3008 1930 omnino
3041 1879 3300 1946 sapientia
3347 1881 3470 1944 erit,
3498 1889 3551 1933 et
3582 1882 3661 1933 in-

429 1975 546 2039 Qi-o
575 1977 659 2029 ibo
685 1992 716 2027 ιι
745 1977 938 2043 spiritu
968 1986 1054 2029 tito
1072 1976 1098 2028 .’
1124 1972 1186 2029 Si
1211 1976 1495 2029 ascendero
1533 1976 1588 2028 in
1609 1975 1818 2038 calum,
1846 1984 1902 2027 tu
1924 1975 2014 2048 ιιι(

2099 1965 2383 2032 telligetur,
2415 1967 2558 2020 hunc
2601 1979 2779 2023 autem
2817 1967 3056 2024 diximus
3089 1987 3209 2026 esse
3240 1972 3427 2027 Deum.
3465 1975 3526 2028 Et
3563 1979 3661 2028 ad-

433 2067 502 2117 lic
536 2079 590 2118 es
627 2079 644 2116 :
677 2067 724 2118 si
753 2065 1066 2120 descendero
1088 2067 1143 2119 in
1170 2066 1458 2135 infernum,
1489 2066 1616 2118 ades
1639 2065 1710 2120 ".
1743 2064 1799 2119 Si
1833 2065 1997 2136 igitur
2098 2056 2202 2110 huc
2242 2061 2293 2110 in
2325 2060 2388 2112 iis
2413 2075 2528 2127 tium
2560 2060 2627 2113 de
2653 2061 2855 2129 Spiritu
2903 2071 3062 2116 ancto
3121 2065 3376 2132 scripsit.:
3423 2066 3663 2122 Libenter

435 2171 530 2223 per
565 2153 823 2222 Spiritntn
853 2157 1038 2224 implet
1067 2140 1247 2210 o'mnia
1279 2157 1437 2216 Deus.
1469 2157 1622 2210 adest
1652 2167 1828 2209 autem
1875 2157 1996 2209 ubi—
2094 2149 2254 2215 igitur
2281 2153 2445 2218 magis
2483 2151 2750 2220 gloriabor
2777 2154 2828 2205 in
2852 2153 3261 2216 inﬁrmitatibus
3294 2159 3445 2220 meis,
3479 2172 3534 2211 nt
3576 2161 3662 2213 in.

429 2264 572 2312 que:
613 2245 751 2300 Deus
801 2247 964 2316 igitur
985 2255 1069 2302 est
1122 2245 1377 2315 Spiritus.
1419 2247 1601 2300 omnia
1649 2245 1876 2315 implens
1921 2254 1984 2299 ιιι
2096 2241 2288 2293 habile!
2324 2242 2378 2293 in
2421 2257 2499 2294 τηε
2547 2244 2714 2296 vim“
2740 2243 2977 2296 (Σητίαν
3007 2262 3026 2309 ;
3057 2247 3099 2300 si
3126 2258 3302 2300 antem
3323 2251 3557 2317 Spiritus
3581 2265 3664 2310 est

441 2336 601 2392 ῃεηδ,
635 2339 698 2392 Ει
731 2339 784 2393 in
811 2339 1010 2394 εεειιεη,
1040 2359 1055 2391 ε
1081 2338 1196 2392 Non
1227 2353 1356 2408 ergo
1383 2347 1468 2391 εει
1515 2337 1692 2392 tam",
1739 2336 1994 2406 spiritus,
2095 2331 2183 2396 qni
2223 2329 2426 2383 habitat
2455 2329 2507 2383 in
2542 2330 2718 2394 nobis,
2749 2342 2803 2385 et
2835 2347 2930 2399 per
2980 2333 3153 2402 ipsum
3185 2336 3456 2403 Christus,»
3491 2342 3665 2398 virtus

434 2432 488 2483 in
516 2446 627 2500 quo
655 2430 815 2491 Dius,
852 2443 904 2486 et
930 2446 1027 2500 per
1047 2445 1204 2500 quem
1260 2431 1441 2484 omnia
1470 2441 1760 2497 operatur;
1795 2439 1848 2482 et
1877 2445 1998 2497 pro-
2043 2495 2055 2500 Δ
2099 2421 2260 2486 igitur
2297 2430 2379 2474 est
2400 2421 2517 2489 ejus
2551 2421 2788 2488 Spiritus
2833 2433 3091 2490 sanctus;
3136 2428 3182 2479 si
3233 2441 3409 2484 antem
3456 2433 3553 2485 hoc
3584 2435 3662 2488 sic

433 2495 553 2587 pter
587 2519 686 2573 hoc
749 2495 1080 2574 honoratur.
1120 2519 1348 2587 Magnus
1401 2495 1754 2584 Athanasius,
1803 2495 1900 2572 lib.
1955 2533 1992 2570 ιι
2038 2495 2068 2524 ⁵
2095 2521 2203 2572 est,
2236 2511 2504 2575 quomodo
2521 2517 2624 2565 erit
2655 2523 2924 2577 creatura,
2982 2518 3070 2585 qui
3102 2526 3290 2572 natura
3317 2523 3470 2575 adest
3495 2525 3544 2576 in
3572 2523 3664 2578 Fi-

431 2611 628 2664 (Jontra
652 2611 880 2666 Arianos
910 2629 930 2669 :
964 2612 1272 2680 Apostolus,
1305 2613 1500 2679 inquit,
1537 2611 1764 2681 gentiles
1813 2613 1878 2662 ad
1908 2625 2027 2661 rem

433 2698 725 2752 verentiam
785 2714 910 2766 erga
945 2697 1111 2752 Deum
1150 2703 1396 2753 excitans
1430 2699 1640 2752 aieliat;
1702 2696 1998 2749 lnrisibilia

429 2794 566 2845 enim
602 2793 763 2858 ipsius
791 2807 822 2843 a
849 2801 1093 2843 creatura
1118 2791 1298 2842 mundi
1327 2805 1418 2856 per
1445 2805 1505 2841 ea
1541 2803 1654 2857 qua
1682 2786 1823 2853 facta
1850 2796 1989 2848 sunt,

435 2884 700 2936 intellecta
732 2884 1150 2950 conspiciantur,
1210 2886 1527 2946 sempiterna
1587 2890 1790 2948 quoque
1835 2881 1999 2931 virtus

431 2980 544 3044 ejus
573 2986 619 3028 et
653 2977 902 3029 divinitas
935 2977 950 3006 ⁸
979 2991 994 3032 :
1028 2989 1148 3042 qua:
1177 2985 1353 3026 antem
1414 2973 1483 3025 sit
1517 2971 1607 3024 Dei
1641 2972 1830 3034 virtus,
1853 2971 1995 3022 idem

436 3068 628 3121 Paulus
688 3067 869 3125 dot-et.
903 3082 1023 3118 cum
1049 3069 1158 3120 ait:
1207 3065 1448 3119 Christus
1479 3064 1578 3116 Dei
1615 3066 1804 3126 virttis,
1824 3074 1872 3115 et
1904 3061 1999 3117 Dsi

2101 2602 2208 2656 lin?
2234 2603 2346 2656 Nisi
2381 2613 2589 2673 tempus
2635 2617 2740 2666 est,
2773 2616 2829 2659 ut
2861 2607 3025 2662 Denm
3087 2608 3346 2676 Verbum,
3408 2617 3497 2684 qui
3527 2619 3663 2672 nihil

2100 2696 2290 2762 duplex
2326 2696 2506 2757 habet,
2549 2699 2909 2766 compositura
2950 2714 3070 2754 esse
3105 2703 3257 2757 dicas
3290 2721 3354 2757 ex
3383 2718 3584 2771 creato,
3613 2720 3666 2762 et

2101 2802 2196 2839 sua
2232 2771 2442 2840 natura.
2465 2790 2667 2855 quodsi
2705 2791 2804 2842 hoc
2822 2793 3115 2845 absurdum
3148 2805 3264 2860 est,
3304 2813 3406 2851 non
3435 2811 3517 2854 est
3544 2803 3667 2871 Spi-

2101 2880 2235 2930 ritus
2265 2890 2499 2943 creatns,
2525 2890 2617 2932 aut
2655 2880 2849 2946 lactus,
2883 2884 2977 2936 sed
3033 2900 3096 2938 ex
3131 2887 3315 2943 divina
3341 2902 3394 2945 et
3427 2907 3544 2959 qua:
3586 2897 3668 2948 in-

2102 2969 2392 3038 telligentia
2420 2970 2808 3040 comprehendi
2829 2988 2932 3027 non
2956 2985 3150 3042 potest,
3181 2980 3504 3048 substantia,
3534 2994 3671 3038 tam-

2100 3075 2262 3129 quam
2294 3061 2462 3130 ipsius
2491 3061 2661 3116 virtus
2683 3073 2738 3117 et
2763 3064 2978 3134 energia
3009 3068 3293 3124 naturalis.
3347 3071 3409 3126 Et
3442 3090 3669 3146 magnus

432 3159 690 3222 sapientia
717 3159 757 3212 ’.
800 3157 865 3211 Et
899 3159 1075 3210 adhuc
1107 3159 1160 3209 in
1213 3157 1400 3210 eodem
1433 3155 1596 3209 libro:
1649 3155 1883 3208 Audiam
1945 3163 1998 3209 et
2025 3132 2071 3194 θ
2107 3155 2188 3204 Atl

1945 3163 1998 3209 ei
2025 3132 2071 3194 Ο
2107 3155 2454 3217 Athanasius,
2486 3153 2540 3207 in
2576 3155 2802 3223 epistola
2853 3132 2919 3210 ad
2949 3155 3333 3228 Serapionem:
3386 3164 3449 3218 Et
3478 3132 3668 3225 riu-sus

574 3251 906 3315 Sapit-mia:
979 3248 1119 3310 Quia
1175 3264 1274 3299 non
1335 3260 1407 3299 est
1466 3256 1525 3299 ut
1585 3248 1740 3299 homo
1795 3245 1998 3312 Deus',

434 3357 504 3396 ne
547 3346 777 3396 humana
832 3343 1092 3409 cogitent.
1149 3339 1216 3392 Et
1258 3332 1315 3394 in
1349 3340 1448 3394 hoc
1495 3341 1654 3403 libro,
1715 3340 1782 3394 de
1833 3341 1996 3409 ipso:

433 3433 648 3489 Etenim
707 3448 831 3488 cum
882 3435 1128 3488 homines
1185 3433 1314 3488 lacti
1369 3434 1480 3487 sint
1542 3433 1651 3502 apti
1697 3433 1764 3486 ad
1821 3433 2000 3500 perci-

434 3524 680 3593 piendam
703 3525 1045 3591 sapientiam,
1071 3523 1212 3580 Deus
1239 3525 1442 3579 nullius
1463 3524 1662 3593 alioqui
1703 3525 1996 3593 particeps,

432 3618 547 3685 ipse
581 3630 690 3669 ana:
725 3613 1017 3682 Sapientia:
1038 3616 1198 3670 Pater
1227 3625 1329 3681 est,
1363 3614 1520 3684 cujus
1550 3615 1643 3684 qui
1669 3625 1795 3670 sunt
1829 3615 2002 3680 parti-

431 3707 600 3774 cipes,
627 3705 905 3775 sapientes
964 3705 1220 3775 appellari
1252 3713 1671 3759 consueverant.
1730 3703 1999 3759 Przterea

431 3807 616 3850 contra
646 3799 863 3851 eosdem
891 3797 1121 3851 Arianns
1146 3814 1160 3850 :
1199 3795 1255 3850 Si
1285 3811 1440 3866 ergo,
1491 3797 1687 3865 inquit,
1719 3795 1772 3849 in
1802 3795 2002 3850 divinis

432 3884 733 3956 Scripinris
766 3903 874 3942 non
899 3891 1167 3957 reperitur
1201 3887 1301 3940 alia
1334 3890 1598 3956 sapientia
1636 3897 1830 3956 praeter
1860 3887 2002 3941 hunc

431 3975 647 4040 Filium,
678 3991 777 4030 nec
804 3991 869 4032 ex
899 3975 1150 4031 Patrihus
1181 3978 1472 4045 quidquam
1511 3978 1616 4030 tale
1675 3977 1999 4042 audivimus,

431 4081 504 4119 i-st
527 4081 706 4125 autem
737 4080 970 4134 certum,
1015 4080 1066 4120 et
1093 4069 1377 4137 scriptum,
1405 4069 1645 4122 increate
1679 4071 1998 4137 sapientiam

430 4161 585 4212 simul
604 4161 869 4216 exsistere
895 4177 1015 4215 cum
1034 4159 1216 4233 Patre,
1241 4170 1294 4215 et
1326 4176 1421 4228 per
1450 4177 1509 4215 se
1543 4163 1726 4214 mundi
1752 4163 2000 4230 opillcem

430 4265 546 4304 esse
573 4253 640 4314 ’ς
675 4252 786 4317 ipse
822 4251 985 4304 fuerit
1015 4248 1202 4303 Filius.
1225 4249 1489 4329 Et.adliuc
1524 4251 1660 4304 idem
1696 4253 1748 4306 in
1786 4255 1999 4308 eodem:

430 4345 594 4406 Sane,
620 4343 816 4410 inquit,
846 4341 931 4395 his
980 4341 1194 4395 duobus
1221 4342 1379 4396 dictis
1412 4344 1548 4394 inter
1577 4357 1637 4397 se
1694 4343 2001 4410 contrariis,

433 3255 507 3304 tle

2106 3241 2230 3308 quia
2283 3239 2454 3297 Filius
2477 3252 2562 3297 est
2593 3243 2878 3330 sapientia,
2911 3253 2965 3298 et
2995 3247 3221 3314 veritas,
3263 3251 3523 3320 scriptum
3546 3266 3666 3309 est:

2105 3333 2333 3401 Spiritus
2362 3335 2659 3402 sapientiae,
2712 3347 2758 3388 et
2789 3337 3027 3390 veritatis
3052 3339 3093 3392 ⁸.
3123 3339 3198 3393 'Et
3228 3358 3416 3399 rursus
3451 3361 3467 3397 :
3501 3343 3672 3402 Filius

2103 3426 2323 3496 quidem
2363 3437 2448 3480 est
2478 3427 2646 3479 virtus
2674 3425 2790 3489 Dei,
2827 3435 2880 3481 et
2903 3427 3395 3501 Dominusglorizc;
3437 3435 3674 3506 Spiritus

2107 3530 2285 3572 autem
2312 3521 2510 3573 dicitur
2525 3520 2750 3587 spiritus
2782 3523 3018 3587 virtutis,
3046 3533 3099 3575 et
3129 3527 3350 3592 spiritus
3379 3529 3582 3595 gloria.
3608 3530 3674 3585 Et

2109 3626 2357 3666 rursum:
2381 3611 2585 3664 Deinde
2606 3627 2726 3663 cum
2760 3610 2916 3666 Pater
2932 3614 3024 3677 sit,
3045 3625 3103 3669 ut
3135 3614 3332 3671 Paulus
3355 3621 3488 3672 dixit
3511 3621 3552 3684 ',
3585 3638 3674 3674 so-

2106 3702 2188 3756 lus
2221 3703 2439 3769 sapiens
2464 3701 2624 3766 Dens,
2651 3699 2822 3757 Filius
2851 3711 2934 3756 est
2955 3706 3219 3774 sapientia
3249 3709 3387 3776 ejus,
3422 3711 3672 3766 Christus

2108 3793 2251 3846 enim
2285 3792 2377 3846 Dei
2418 3795 2610 3855 virtus,
2643 3803 2697 3847 et
2724 3791 2818 3846 Dei
2849 3796 3136 3865 sapientia,
3171 3808 3226 3852 et
3253 3815 3372 3854 cum
3424 3788 3600 3857 Filius
3626 3807 3671 3856 si

2107 3885 2200 3938 Dei
2220 3885 2509 3952 sapientia,
2529 3885 2855 3952 accipientes
2873 3903 2972 3942 nos
2995 3884 3254 3957 Spiritum
3279 3892 3675 3964 sapientiaaji.‘

2100 3975 2234 4030 lium
2275 3974 2572 4040 habemus;
2635 3984 2689 4031 et
2723 3978 2776 4030 in
2824 3977 2938 4046 ipso
2984 3982 3254 4046 sapientes
3290 3984 3572 4040 cllicimur.
3610 3989 3675 4044 Et

2107 4082 2297 4122 rursus
2334 4068 2497 4131 idem,
2527 4079 2716 4123 contra
2751 4085 2842 4124 eos
2872 4070 2961 4138 qui
2994 4073 3431 4129 servinntvcrhis
3452 4094 3464 4130 :
3489 4079 3671 4134 Gloria

2104 4162 2271 4224 enim,
2307 4161 2502 4230 inquit,
2563 4163 2763 4215 dicitur
2815 4148 3174 4230 Unigenitus:
3208 4163 3272 4216 Et
3307 4166 3529 4220 vidimus
3558 4172 3672 4238 glo-

2105 4252 2240 4302 riam
2271 4251 2407 4319 ejus,
2430 4251 2656 4320 gloriam
2681 4253 2833 4320 quasi
2890 4255 3144 4319 unigeniti
3172 4272 3202 4304 a
3241 4253 3398 4308 Patre
3425 4257 3470 4320 ⁸;
3504 4275 3672 4328 quare

2104 4342 2268 4397 illttd:
2297 4341 2440 4395 Deus
2471 4341 2684 4396 Domini
2703 4343 2867 4396 nostri
2885 4341 3013 4396 Iesu
3042 4345 3242 4399 Christi
3264 4349 3282 4377 ‘
3319 4351 3542 4416 perinde
3565 4363 3672 4414 est,

425 4433 570 4501 iuste
620 4434 741 4499 quis
771 4431 935 4495 dicat,
997 4433 1213 4487 vincere
1268 4434 1651 4501 proprietatem
1707 4432 2000 4503 Unigeniti,
2035 4463 2078 4518 ο
2109 4435 2235 4487 utsi
2289 4436 2539 4487 dicatur:
2596 4433 2740 4486 Deus
2774 4437 2958 4488 carnis
2992 4433 3216 4499 Christi.
3260 4435 3419 4492 Pater
3465 4441 3672 4513 gloria,

400 4523 555 4592 .quia
587 4538 693 4576 non
737 4522 809 4577 sit
834 4522 978 4576 aliud
1010 4523 1265 4588 Verbum,
1301 4524 1382 4578 vel
1417 4524 1518 4577 alia
1553 4524 1851 4594 Sapientia,
1900 4529 2002 4582 nisi

431 4616 518 4670 hic
555 4616 725 4669 solus.
763 4612 827 4667 Et
852 4629 1038 4669 rursus
1059 4619 1111 4668 in
1140 4617 1326 4668 eodem
1355 4633 1367 4669 :
1403 4614 1822 4682 Decebatenim,
1843 4620 2002 4672 unius

429 4704 519 4757 Dei
555 4722 717 4757 unam
761 4721 882 4759 esse
905 4707 1216 4774 imaginem,
1249 4717 1303 4760 et
1334 4721 1500 4760 unum
1551 4707 1711 4776 hujus
1742 4704 1996 4772 Verbum,

427 4807 478 4846 et
503 4813 661 4848 unam
697 4796 867 4862 ipsius
890 4797 1251 4862 sapientiam;
1309 4812 1478 4864 qnare
1514 4799 1700 4863 miror,
1729 4801 1998 4868 quomodo

415 4903 444 4937 .‹
459 4902 545 4938 nm
564 4888 632 4939 sit
668 4903 808 4942 unus
843 4888 1008 4950 Dens,
1055 4874 1250 4941 ninltas
1281 4888 1368 4940 isti
1401 4890 1665 4958 imagines
1699 4903 1752 4944 et
1779 4893 1997 4957 sapien-

427 4983 528 5031 tias
566 4980 860 5032 secundum
920 4995 1048 5034 snas
1080 4979 1436 5050 cogitationes
1491 4983 1822 5050 excogitant.
1859 4983 1998 5037 San-

425 5081 542 5120 etns
590 5071 824 5138 (lyrillns
859 5071 911 5123 in
947 5069 1235 5123 Tliesanris
1273 5084 1290 5122 :
1327 5070 1382 5123 Si
1431 5071 1604 5124 lactus
1654 5084 1758 5133 est,
1800 5075 1995 5140 inquit,

425 5159 616 5226 Filius,
646 5170 870 5215 vocatur
893 5161 1089 5216 autem
1150 5171 1312 5215 etest
1349 5160 1441 5214 Dei
1479 5164 1669 5222 virtus,
1699 5175 1750 5214 et
1787 5161 1878 5215 Dei
1912 5179 1999 5216 sa-

1261 5256 1306 5287 "
1338 5256 1482 5310 Psal.
1537 5269 1802 5318 cxxxvni,
1837 5254 1891 5316 7,
1955 5255 2009 5309 8.

1299 5327 1320 5356 '
1350 5324 1390 5377 Il
1421 5326 1547 5379 Cor.
1577 5340 1672 5388 xii,
1699 5326 1751 5378 9.

492 5257 539 5288 "
597 5255 798 5311 Jereni.
843 5272 1000 5316 xxiii,
1065 5253 1154 5308 Ἠ.

427 5327 504 5382 t9.
602 5327 622 5358 ⁸
653 5325 815 5380 Prov.
846 5341 962 5384 vni.
990 5324 1082 5385 ἤ.
1112 5324 1205 5378 23.

424 5412 462 5463 ι,
485 5396 539 5451 3.
621 5397 666 5428 ⁸⁸
693 5395 798 5451 lsa.
818 5411 982 5460 xxxv,
1004 5399 1052 5458 l,
1081 5393 1136 5449 2.

1862 5328 1881 5354 '
1919 5325 2024 5380 l3a.
2056 5341 2131 5385 χι.
2172 5329 2225 5378 2.

1240 5394 1409 5448 “Ian.
1441 5410 1528 5456 ιι..
1558 5393 1622 5457 5:
1656 5393 1786 5446 an.
1822 5411 1881 5458 Il,
1919 5395 1974 5458 5,
1997 5395 2049 5448 6.

2107 4525 2267 4581 Pater
2289 4527 2588 4580 divinitatis
2615 4526 2714 4595 tl).
2745 4524 2984 4580 Gloriam
3007 4530 3150 4580 enim
3181 4542 3334 4583 vocat
3365 4530 3532 4585 lsai‘as
3557 4532 3676 4586 Sal-

2100 4629 2339 4670 vatorem
2365 4619 2661 4671 secundum
2687 4617 3002 4687 dignitatem
3021 4619 3336 4676 divinitatis.
3363 4620 3500 4677 Cum
3525 4627 3670 4680 enim

2100 4717 2376 4760 narrasset
2409 4707 2690 4770 miracula,
2721 4722 2842 4776 qua
2894 4708 2948 4760 in
2987 4708 3205 4763 deserto
3258 4713 3397 4765 facta
3444 4727 3592 4777 sunt.
3623 4731 3679 4770 et

2096 4796 2519 4864 exangelizasset
2540 4801 2775 4850 deserto:
2799 4795 3064 4862 Exsulta,
3084 4799 3280 4869 inquit,
3298 4802 3526 4857 solitudo
3546 4805 3645 4858 λον
3660 4836 3676 4846 ο

2098 4887 2247 4948 dani,
2287 4898 2334 4940 et
2361 4888 2547 4955 ﬂoreat
2577 4897 2830 4955 tanquam
2856 4887 3063 4954 lilium;
3102 4893 3352 4958 quoniam
3387 4895 3556 4963 gloria
3588 4895 3680 4950 Li-

2099 4977 2221 5030 bani
2243 4978 2374 5031 data
2395 4987 2469 5031 est
2490 4980 2623 5038 ei.et
2652 4981 2819 5032 honor
2838 4978 3067 5034 Carmeli
3093 4982 3159 5046 ⁸⁸;
3189 4992 3266 5048 et,
3289 4984 3520 5048 Populus
3533 5006 3680 5044 meus

2100 5068 2286 5120 videbit
2319 5069 2545 5138 gloriam
2571 5068 2784 5124 Domini
2819 5082 2866 5124 et
2895 5073 3225 5127 altitudinem
3262 5074 3379 5140 Dei,
3412 5088 3457 5130 et
3484 5080 3674 5133 videbit

2101 5178 2270 5222 omnis
2310 5179 2434 5214 caro
2474 5163 2715 5217 salutare
2747 5164 2839 5218 Dei
2885 5167 2947 5218 ".
2990 5166 3171 5220 Gloria
3211 5169 3376 5237 igitur
3399 5181 3534 5226 esta
3559 5173 3677 5238 glo-

2137 5257 2150 5285 ⁸
2189 5254 2351 5332 _liom_.
2390 5272 2452 5332 λ.
2506 5255 2596 5309 20.
2698 5261 2717 5288 ⁸
2751 5257 2932 5332 |__Cor.
2979 5277 3027 5332 _l,
3063 5261 3154 5316 26.
3253 5265 3272 5295 ³
3323 5265 3486 5320 Num.
3521 5285 3678 5332 xxm.

2317 5327 2359 5364 '-
2390 5325 2550 5380 Rom.
2593 5343 2703 5392 xvi,
2748 5329 2837 5382 27.
2915 5329 2936 5360 '
2970 5328 3128 5386 Joan.
3165 5351 3202 5397 ι,
3237 5336 3322 5389 ιι.
3430 5339 3449 5370 ⁸
3477 5325 3676 5408 Ενιιυεξ

1914 5489 2190 5555 Scholia.

492 5593 571 5662 (1)
626 5589 787 5646 Pater
813 5593 1019 5661 glorise,
1058 5592 1221 5664 Pater
1271 5594 1588 5646 divinitatis.
1649 5593 1824 5664 Pater,
1862 5594 1998 5646 divi-

424 5665 616 5719 nitatis
643 5664 862 5730 dicitur,
891 5666 940 5734 id
973 5674 1087 5729 est,
1139 5664 1256 5719 Filii
1286 5683 1300 5728 ;
1357 5665 1692 5716 divinitatem
1743 5663 1913 5734 enim,
1946 5664 1996 5717 id

422 5746 501 5790 est
527 5734 820 5789 essentiam
877 5736 1118 5788 divinam
1179 5736 1389 5801 accepit
1443 5750 1538 5801 pro
1596 5748 1824 5801 persona
1880 5733 1996 5788 lt‘ilii

2105 5608 2326 5664 propter
2369 5597 2710 5654 identitatem
2728 5601 2840 5668 rei,
2912 5612 2969 5656 ut
3002 5601 3177 5656 Graeci
3233 5601 3424 5661 Patres
3477 5606 3681 5668 solent.

2103 5669 2247 5736 quod
2273 5669 2439 5724 etiam
2469 5678 2696 5725 sanctus
2721 5667 2963 5728 Thomas
2995 5675 3330 5731 observavit.
