4446 6450
417 402 521 465 945

1313 417 1557 476 DECAS
1603 421 1702 476 IX.
1745 410 1812 454 i-
1859 421 1952 478 DE
1994 421 2445 485 INFINITA'I‘E
2494 428 2566 483 IN
2608 430 2778 490 ΠΕΟ.

3560 431 3663 491 946

413 525 486 577 cit
521 525 666 579 Patri
700 546 716 598 ξ
761 525 1009 596 litori/ica
1044 544 1122 581 me
1149 528 1341 598 gloria,
1367 546 1524 592 quam
1573 529 1736 580 habui
1773 545 1803 579 a
1830 529 1972 593 prin-
2006 534 2043 584 Λ
2078 538 2164 580 tur
2185 543 2260 581 est
2290 533 2353 582 iis
2383 535 2470 600 qui
2498 536 2806 598 advertunt,
2835 537 2975 604 quod
3003 537 3243 592 excitato
3283 551 3533 605 corpore,
3575 538 3664 590 Pi.

412 615 544 676 cipio
573 616 714 682 apud
735 627 803 682 te,
846 628 1128 688 antequam
1155 627 1380 670 mundus
1402 630 1536 671 esset
1571 620 1633 671 ".
1667 618 1804 671 Deus
1834 621 1977 670 enim

417 704 675 773 Verhum,
710 710 802 778 qui
835 719 960 764 ante
979 711 1246 764 mumlum.
1262 712 1485 777 gloriam
1522 711 1698 763 Patris
1724 711 1978 772 habebat,

413 799 536 866 quia
570 801 831 856 extremis
849 802 1042 856 diebus
1085 802 1263 856 lactus
1291 811 1375 855 est
1408 801 1590 866 homo,
1621 801 1902 867 oporu-hat
1925 811 1980 853 ut

415 908 544 947 caro
565 902 786 962 propter
809 895 1063 948 unionem
1092 909 1216 948 cun.
1247 892 1446 953 Verbo.
1491 895 1618 948 illud
1647 893 1795 946 ﬁeret
1836 895 1980 962 quod

421 985 658 1039 Verbum
693 993 812 1050 est;
843 983 900 1037 lit
923 993 1105 1040 autem
1133 986 1254 1046 hoc,
1278 986 1401 1052 quia
1425 984 1553 1038 illud
1583 987 1810 1052 accepit,
1842 987 1984 1053 quod

417 1075 652 1128 habebat
686 1085 811 1129 ante
840 1075 1096 1127 mundum
1135 1094 1146 1138 ;
1207 1075 1310 1128 huc
1365 1085 1544 1129 autem
1578 1087 1696 1128 erat
1747 1077 1986 1142 Spiritus

418 1177 660 1226 sanctus.
694 1167 829 1221 nihil
857 1168 1000 1220 enim
1033 1168 1178 1220 aliud
1211 1175 1297 1221 est
1328 1177 1453 1221 ante
1503 1169 1698 1222 saecula
1763 1181 1992 1235 pra-tor-

416 1272 579 1319 quam
610 1258 852 1324 Patrem,
884 1268 940 1312 et
996 1235 1193 1313 Silium
1223 1267 1278 1311 et
1311 1257 1572 1324 Spiritum
1605 1269 1878 1323 sanctum,
1909 1263 1992 1312 id-

417 1352 570 1403 circo
600 1350 670 1403 ait
702 1351 789 1404 hic
826 1369 841 1404 :
883 1349 1166 1416 Gloriam,
1212 1367 1370 1418 quam
1422 1351 1614 1404 dedisti
1659 1351 1809 1413 mihi,
1871 1351 1991 1406 dedi

417 1441 568 1506 ipsis,
606 1449 664 1493 ut
684 1457 777 1506 per
798 1456 916 1493 eam
945 1443 998 1494 in
1018 1457 1182 1494 unum
1216 1443 1418 1494 mecum
1459 1441 1788 1506 copulentur,
1823 1454 1872 1496 et
1903 1433 2024 1512 per.

418 1549 500 1585 me
527 1543 696 1585 tecum
756 1533 822 1585 ³⁸.
864 1531 1078 1586 Rursus
1138 1533 1303 1596 idem,
1368 1533 1505 1585 libro
1570 1535 1743 1602 primo
1805 1545 1991 1588 contra

422 1624 740 1677 Euuomittm
773 1642 784 1675 :
825 1623 881 1678 Si
900 1633 1077 1676 autem
1118 1637 1332 1691 semper
1361 1635 1444 1678 est
1485 1625 1759 1694 gloriosus
1808 1625 1990 1693 Pater,

424 1718 516 1783 qui
547 1725 630 1768 est
668 1723 794 1769 ante
830 1715 1060 1779 saecula;
1091 1715 1262 1784 gloria
1305 1731 1434 1769 vero
1467 1715 1643 1769 Patris
1678 1725 1763 1769 est
1800 1715 1992 1780 Filius,

423 1808 514 1868 qui
540 1818 620 1861 εει
645 1816 772 1861 ante
803 1822 999 1869 avum,
1035 1807 1288 1860 similiter
1317 1818 1496 1860 autem
1536 1807 1704 1875 gloria
1759 1807 1878 1860 Filii
1911 1817 1993 1861 est

422 1898 657 1960 Spiritus
684 1896 913 1960 Christi,
957 1896 1047 1964 qui
1075 1909 1289 1964 semper
1308 1909 1430 1949 cum
1459 1893 1596 1949 Filio
1643 1903 1697 1948 et
1720 1893 1879 1947 Patre
1917 1897 1993 1948 in-

423 1991 721 2059 telligitur;
759 1990 902 2043 unde
932 1990 1147 2056 sapiens
1183 1988 1310 2053 iste,
1345 1997 1400 2042 et
1453 2001 1518 2041 es
1554 2003 1662 2056 qua
1707 1989 2003 2056 disciplina:

421 2085 736 2147 pronuntiat
799 2082 1178 2150 antiquius.in
1238 2083 1307 2136 iis
1349 2097 1468 2151 qua:
1515 2083 1836 2135 naturaliter
1871 2092 1997 2135 sunt

429 2175 731 2228 honorata?
788 2174 860 2227 Es
895 2174 979 2228 his
1014 2174 1246 2228 emcilnr
1302 2173 1674 2238 manifestum,
1738 2176 1881 2244 quod
1943 2174 1994 2226 in

424 2265 711 2342 Trinitate,
752 2282 870 2332 qua:
895 2282 1053 2333 supra
1080 2267 1440 2321 substantiam
1471 2277 1573 2328 est,
1634 2267 1784 2319 nullo
1827 2267 1992 2320 modo

427 2360 532 2410 alii
568 2369 651 2412 est
681 2359 924 2430 energia,
961 2360 1074 2412 sive
1100 2362 1363 2427 operatio,
1401 2372 1452 2413 et
1475 2376 1664 2413 manus
1702 2376 1799 2429 per
1840 2375 1998 2425 quam

429 2447 570 2500 Dens
595 2448 756 2502 Pater
784 2449 966 2501 omnia
1009 2458 1155 2501 creat
1188 2458 1241 2501 et
1288 2446 1438 2511 facit,
1473 2449 1573 2501 nisi
1630 2449 1779 2502 solus
1820 2447 1993 2518 Filius

427 2548 482 2593 et
537 2537 774 2606 Spiritus
831 2548 1074 2601 sanctus,
1131 2539 1222 2606 qui
1273 2547 1400 2592 sunt
1442 2553 1634 2593 manus
1687 2539 1780 2593 Dei
1834 2554 2001 2608 supra

421 2644 585 2699 quam
605 2629 1006 2696 substantiales,
1026 2630 1383 2696 sicutfalicnbi
1402 2631 1663 2698 scriptum
1683 2641 1765 2686 est
1787 2631 2017 2685 :Manus'

427 2733 532 2776 tum
560 2723 912 2791 feceruntme,
934 2733 983 2775 et
1005 2722 1399 2790 plasmaveruut
1431 2739 1510 2776 me
1534 2724 1603 2788 ⁹¹,
1635 2739 1732 2777 ηε(-
1772 2724 1877 2777 alia
1911 2739 2001 2776 sa-

427 2817 626 2881 pientia
647 2825 702 2868 ει
727 2817 897 2870 virtus
915 2813 1027 2878 Dei,
1051 2816 1151 2870 nisi
1176 2815 1415 2885 bascipsa
1437 2831 1596 2882 supra
1621 2818 1999 2872 subsrantiam.

434 2903 602 2958 Verbo
625 2907 768 2960 enim
797 2906 1004 2959 Domini
1032 2907 1146 2959 caeli
1171 2908 1372 2974 ﬁrmati
1395 2918 1543 2970 sunt,
1562 2921 1608 2961 et
1638 2908 1842 2976 Spiritu
1895 2911 2002 2961 oris

427 2991 744 3062 eius'oumis
772 2999 938 3051 virtus
965 3014 1145 3052 eorum
1170 3001 1212 3030 “
1235 3003 1276 3064 ’,
1299 3015 1397 3054 nec
1427 3000 1527 3053 alia
1554 3000 1731 3068 imago
1756 3008 1809 3053 et
1834 2999 2003 3068 gloria

428 3099 695 3142 coaeterna
729 3089 859 3155 Deo,
891 3092 994 3146 nisi
1026 3091 1221 3157 Filius,
1257 3095 1346 3161 qui
1385 3103 1468 3148 est
1502 3108 1833 3163 supraqnam
1853 3093 2003 3159 prin-

2085 618 2187 669 lius
2205 619 2400 671 dicitur
2422 624 2559 688 apud
2581 614 2802 675 Paulum
2830 623 3098 677 cscitatus
3123 639 3244 679 esse
3262 641 3289 677 a
3321 627 3548 678 mortuis
3572 628 3617 656 “
3647 642 3661 689 ;

2085 722 2279 776 corpus
2309 712 2449 762 enim
2477 712 2676 765 dicitur
2706 728 2803 781 pro
2837 729 3088 779 persona,
3111 717 3190 768 sic
3216 732 3343 782 ergo
3378 732 3503 768 cum
3531 718 3666 766 dici-

2092 807 2214 849 tur:
2260 799 2430 852 Vitam
2481 802 2631 854 dedit
2674 803 2835 858 Pater
2883 804 3042 870 Filio,
3085 807 3386 874 intelligere
3454 817 3669 870 Oportet

2093 890 2256 944 vitam
2294 895 2442 946 carni
2478 897 2675 949 datam.
2713 895 2768 949 Si
2803 899 2944 950 enim
2982 901 3086 950 vita
3141 909 3226 953 est
3260 901 3427 967 ipsius
3462 900 3665 956 curuiS.

2092 984 2367 1047 quomodo
2427 985 2532 1036 vita
2604 987 2763 1038 vitam
2818 989 3062 1056 accipit?
3120 987 3352 1042 Sanctus
3409 990 3666 1059 (lyrinus.

2093 1071 2232 1126 libro
2254 1074 2442 1140 quinto
2468 1074 2817 1145 Dialogorum
2843 1079 2908 1130 ad
2964 1079 3238 1132 llermiam
3294 1097 3307 1131 :
3369 1079 3425 1132 Si
3483 1080 3667 1147 igitur,

2095 1165 2289 1232 inquit,
2319 1181 2422 1218 non
2445 1177 2528 1220 est
2561 1168 2728 1221 Filius
2754 1170 2861 1223 vita
2892 1170 3192 1223 secundum
3234 1181 3507 1230 naturam,
3561 1172 3670 1222 erit

2093 1255 2314 1308 omnino
2343 1257 2394 1308 in
2419 1257 2634 1324 propria
2661 1259 2836 1324 aliqua
2863 1267 3053 1310 natura
3079 1261 3303 1311 sortitus
3327 1259 3489 1310 vitam
3519 1274 3669 1310 suam

2096 1348 2256 1398 aliain
2288 1363 2450 1415 quam
2487 1349 2629 1416 quod
2689 1352 2801 1418 ipse
2823 1359 2927 1405 est.
2980 1351 3366 1418 Respondcant
3417 1365 3548 1418 ergo
3582 1353 3672 1416 qui

2097 1440 2177 1492 sic
2199 1450 2453 1506 corrupta
2482 1452 2537 1496 et
2583 1443 2876 1510 depravata
2913 1445 3164 1511 dogmata
3223 1443 3538 1506 defendunt,
3577 1444 3676 1494 sub

2097 1545 2204 1598 quo
2238 1545 2435 1598 genere
2465 1533 2568 1585 erit
2601 1533 2776 1597 nobis,
2805 1544 2862 1585 ut
2900 1534 2973 1584 illi
3033 1535 3371 1600 opinantur?
3431 1535 3676 1584 Demon-

2098 1633 2327 1676 stratum
2361 1623 2505 1676 enim
2533 1631 2639 1684 est,
2677 1639 2783 1676 non
2819 1639 2940 1678 esse
2965 1623 3188 1676 factum.
3241 1622 3376 1674 ΙΙειι.
3412 1621 3556 1676 Vita.
3595 1623 3681 1674 in-

2098 1716 2236 1782 quit,
2262 1714 2400 1768 facta
2435 1725 2518 1768 est
2543 1731 2571 1767 a
2618 1714 2807 1778 Patre,
2841 1717 2976 1768 dixit
3006 1716 3149 1768 enim
3202 1713 3437 1767 Joannes
3468 1731 3479 1765 :
3522 1715 3676 1778 Quod

2100 1808 2298 1875 factum
2323 1811 2469 1862 estin
2500 1812 2632 1875 ipso,
2659 1809 2761 1862 vita
2782 1819 2891 1861 erat
2918 1807 3227 1863 “.Verhum
3261 1808 3417 1874 cujus
3446 1807 3551 1858 vita
3578 1819 3679 1870 est.

2099 1899 2229 1954 Cvn.
2266 1899 2366 1965 Qui
2394 1899 2665 1968 colligavit
2699 1900 2864 1969 igitur
2894 1899 3074 1959 ambo,
3101 1910 3153 1950 et
3188 1900 3238 1951 in
3275 1913 3439 1950 unum
3481 1896 3682 1961 aliquid

2099 1994 2334 2045 centulit
2368 1992 2536 2043 vitam
2570 2001 2625 2044 et
2659 1988 2885 2054 Filium,
2924 2005 3027 2043 non
3068 1990 3212 2042 aliud
3237 2003 3357 2043 esse
3389 1989 3519 2040 dicit
3548 2003 3685 2054 prie-

2108 2095 2354 2150 tcrquam
2381 2083 2570 2144 vitam,
2622 2097 2746 2151 qua:
2801 2084 2852 2136 in
2902 2081 3022 2151 ipso
3069 2091 3202 2135 est:
3257 2082 3416 2132 itaut
3460 2080 3686 2133 diversis

2103 2175 2418 2227 nominibus
2489 2185 2680 2228 natura
2743 2175 2906 2226 unius
2973 2173 3064 2240 qni
3134 2172 3471 2240 intelligitur,
3532 2171 3687 2222 nobis

2102 2267 2436 2335 signiﬁcetur
2490 2267 2604 2320 sive
2649 2264 2819 2319 Filius
2849 2304 2863 2326 ,
2896 2265 3009 2319 sive
3042 2264 3152 2317 vita
3185 2263 3322 2316 forte
3351 2265 3558 2316 dicatur
3586 2264 3684 2327 (a).

2104 2359 2258 2413 lien.
2303 2359 2418 2426 Sic,
2489 2362 2732 2428 inquam.
2781 2361 2849 2415 Et
2921 2376 3109 2414 rursus
3157 2360 3296 2412 idem
3358 2358 3496 2410 libro
3553 2373 3627 2409 vn
3668 2375 3679 2409 :

2106 2454 2495 2523 Suhjicientur,
2526 2455 2723 2521 inquit,
2754 2454 3038 2526 nobiscum
3073 2453 3249 2505 sacris
3284 2459 3340 2505 et
3363 2451 3562 2502 divinis
3595 2451 3685 2502 lit-

2105 2547 2263 2609 teris,
2303 2561 2422 2616 quae
2465 2555 2656 2612 aperte
2689 2547 3009 2612 praidicant,
3040 2557 3146 2595 non
3171 2545 3294 2595 vitae
3321 2543 3388 2595 ab
3431 2542 3538 2594 alio
3571 2557 3687 2593 ma-

2107 2637 2620 2692 nantisminiStrum
2653 2652 2797 2698 esse,
2856 2636 2950 2690 sed
3011 2651 3068 2690 re
3121 2649 3241 2690 esse
3293 2635 3466 2702 ipsam
3523 2635 3685 2685 vitam

2105 2733 2352 2799 spiritum
2418 2733 2541 2784 vita:
2593 2729 2891 2784 secundum
2956 2738 3207 2780 naturam
3251 2725 3552 2778 'viviticnm
3635 2735 3690 2776 et

2107 2834 2352 2877 sanctum
2380 2841 2392 2884 ;
2423 2823 2500 2875 sic
2521 2823 2666 2875 enim
2703 2824 2774 2874 ait
2807 2819 3001 2874 alicubi
3046 2819 3285 2874 Paulus:
3327 2815 3386 2870 Si
3428 2817 3689 2883 Spiritus,
3759 2889 3765 2898 .

2107 2918 2195 2983 qui
2230 2917 2495 2968 suscitavit
2532 2913 2716 2966 Iesum
2740 2931 2769 2964 (ι
2799 2913 3043 2974 mortuis,
3063 2912 3269 2963 habitat
3296 2912 3347 2962 iu
3383 2911 3529 2961 uobis
3556 2925 3574 2967 ;
3597 2909 3688 2973 qui

2109 3007 2385 3059 suscitavit
2422 3005 2602 3058 Jesum
2630 3022 2662 3056 a
2700 3005 2948 3067 mortuis,
2985 3001 3265 3070 viviﬁcabit
3331 3011 3379 3053 et
3443 2998 3696 3050 mortalia

2111 3113 2331 3158 corpora
2361 3109 2540 3150 nostra
2593 3113 2682 3164 per
2736 3096 3119 3148 inhabitantem
3167 3092 3426 3161 Spiritum
3479 3091 3591 3157 ejus
3643 3090 3698 3141 iu

434 3182 656 3249 cipiunt,
688 3193 740 3236 et
775 3183 1013 3252 Spiritus
1066 3187 1204 3256 ejus,
1231 3187 1323 3254 qui
1367 3197 1451 3240 est
1504 3195 1630 3240 ante
1693 3186 1914 3248 saecula,
1952 3194 2005 3237 et
2033 3197 2076 3252 ε
2113 3192 2259 3241 nobis
2295 3189 2364 3243 ".
2395 3188 2652 3256 Spiritum
2688 3188 2853 3257 igitur
2910 3187 3034 3240 vitae
3067 3189 3363 3240 secundum
3424 3193 3694 3242 naturam,

429 3284 484 3326 et
513 3275 632 3327 sine
658 3275 766 3328 ulla
803 3276 1102 3331 variatione
1145 3279 1322 3348 imago
1365 3287 1419 3334 et
1471 3278 1640 3348 gloria
1695 3276 1788 3332 Dei
1831 3275 2006 3332 Patris

430 3381 532 3417 non
559 3365 812 3421 habentis
849 3383 1090 3424 causam.

1019 3460 1250 3516 CAPUT
1296 3459 1406 3517 VII.

431 3545 584 3611 Quod
616 3550 669 3602 in
707 3549 990 3614 Trinitate,
1023 3571 1140 3620 qua:
1161 3565 1236 3607 est
1287 3571 1449 3620 supra
1472 3555 1850 3609 substantiam.
1896 3571 2008 3607 non

499 3629 574 3672 est
612 3620 720 3672 alia
748 3621 877 3682 vita,
909 3625 984 3675 vel
1020 3625 1286 3686 voluntas,
1337 3626 1413 3678 vel
1461 3626 1719 3684 eharitas,
1762 3625 1837 3678 vcl
1885 3626 2010 3676 bea-

501 3690 796 3747 titudo.vel
834 3694 1190 3756 pulchritudo.
1233 3696 1309 3748 vel
1335 3696 1615 3758 sanctitas,
1661 3711 1824 3754 neque
1854 3695 2008 3747 boui-

501 3769 607 3826 tas,
639 3760 714 3812 vel
755 3763 947 3831 forma,
975 3764 1056 3817 vel
1087 3780 1322 3832 regnum,
1374 3767 1477 3819 nisi
1525 3768 1632 3831 ipse
1688 3763 1860 3817 Filius
1893 3765 2008 3827 Dei,

410 3874 416 3878 .
499 3842 548 3882 et
605 3833 951 3900 sanctusejus
990 3833 1246 3902 Spiritus.

498 3921 923 3993 Chrysostomus
993 3925 1297 3993 explanans
1355 3927 1538 3981 illud:
1604 3927 1670 3981 lu
1737 3929 1850 3995 ipso
1899 3931 2009 3982 vita

431 4025 562 4072 erat,
590 4024 637 4066 et
673 4015 778 4066 vita
802 4026 915 4069 erat
940 4017 1032 4070 lux
1057 4018 1348 4072 hominum.
1383 4016 1520 4072 Cum
1562 4019 1770 4082 audies,
1816 4020 2008 4088 inquit,

431 4100 498 4155 In
525 4104 637 4168 ipso
671 4106 778 4159 vita
802 4117 937 4168 erat,
973 4124 1039 4162 ne
1072 4111 1353 4165 existimes
1389 4111 1552 4165 Deum
1597 4115 1953 4179 compositum
1995 4133 2008 4168 :

432 4195 698 4263 siquidem
740 4199 997 4267 prodiens
1043 4215 1106 4254 es
1147 4200 1324 4266 Patre,
1357 4201 1469 4257 ait:
1501 4203 1652 4256 Sicut
1684 4200 1848 4257 Pater
1915 4207 2014 4257 ha-

433 4293 514 4343 bet
545 4293 702 4344 vitaut
739 4293 792 4344 in
816 4294 1120 4358 semetipso,
1148 4295 1223 4347 sic
1265 4295 1409 4348 dedit
1442 4305 1488 4347 et
1536 4293 1678 4348 Filio
1712 4298 1870 4351 vitam
1912 4301 2010 4350 hu-

433 4383 550 4436 bere
579 4385 632 4435 in
659 4386 940 4453 semetipso
965 4387 1010 4416 "
1040 4403 1055 4452 ;
1087 4389 1288 4442 etenim
1320 4389 1447 4441 alibi
1485 4388 1650 4442 etiam
1680 4390 1833 4451 dicit,
1870 4391 2011 4456 quod

434 4477 522 4529 lux
572 4487 658 4531 est
696 4477 840 4532 Deus
872 4459 990 4545 ηις
1039 4490 1094 4531 et
1138 4480 1334 4534 iterum
1368 4481 1512 4549 quod
1563 4483 1735 4535 lucem
1809 4482 2015 4536 habitat

389 4556 401 4571 “
437 4566 887 4620 inaccessahilem
921 4568 1007 4631 ";
1058 4567 1171 4622 haec
1195 4569 1376 4622 omnia
1412 4568 1557 4622 dicta
1592 4579 1742 4631 sunt,
1801 4585 1906 4622 non
1962 4579 2020 4621 ut

434 4661 778 4727 suspicemur
808 4660 1265 4729 compositionem
1298 4701 1312 4724 ,
1369 4661 1463 4716 sed
1527 4673 1584 4714 ut
1633 4663 1889 4730 paulatim
1953 4664 2019 4714 ad

435 4754 806 4807 escelsitatem
847 4753 1162 4824 dogmatum
1199 4755 1492 4808 elevemur.
1558 4752 1697 4820 Quia
1735 4755 1878 4810 enim
1916 4769 2022 4807 non

436 4845 596 4898 facile
630 4846 752 4912 quis
786 4860 851 4899 ex
892 4845 1051 4915 vulgo
1078 4846 1423 4914 cogitaverit,
1461 4847 1736 4914 quomodo
1789 4855 1871 4900 est
1915 4848 2022 4898 vita

437 4922 554 5004 eius
592 4952 688 5007 per
712 4953 770 4990 se
790 4938 1086 5004 essistens,
1123 4941 1355 5007 primum
1387 4939 1606 5006 quidem
1673 4939 1806 4992 illud
1857 4940 2018 5000 dixit,

436 5031 580 5092 quod
615 5030 873 5084 humilius
905 5041 1025 5095 est;
1057 5031 1256 5086 deinde
1295 5031 1409 5101 jam
1439 5031 1683 5085 eruditos
1732 5032 1797 5083 ad
1855 5033 2017 5083 altius

435 5124 606 5178 ducit.
639 5122 740 5189 Qui
782 5124 926 5177 enim
953 5123 1130 5178 dixit:
1168 5121 1329 5176 Dedit
1361 5139 1408 5177 es
1456 5125 1618 5178 vitam
1649 5123 1840 5176 habere
1865 5163 1880 5186 ,
1923 5123 2012 5175 hic

439 5232 628 5271 rursus
661 5217 778 5270 ait:
822 5215 933 5287 Ego
964 5234 1080 5270 sum
1122 5219 1229 5271 vita
1282 5218 1344 5270 “.
1381 5216 1610 5286 Magnus
1658 5218 2016 5281 Athanasius,

437 5311 492 5364 in
523 5310 663 5365 libro
686 5309 761 5365 De
789 5311 1014 5365 adventu
1050 5309 1148 5366 Dei
1179 5313 1234 5367 in
1274 5328 1432 5366 carne
1469 5327 1488 5365 :
1527 5309 1872 5365 Manifestum
1905 5311 2015 5380 igi-

1133 5499 1178 5531 ιο
1203 5500 1336 5556 ibid.
1366 5461 1458 5554 es.

437 5581 477 5628 I,
538 5566 594 5620 5.
701 5566 803 5621 ³³1
847 5569 986 5626 Tim.
1047 5585 1121 5634 vt,
1174 5570 1262 5625 16.

436 5635 484 5670 ⁸³
501 5635 629 5693 ibid.
649 5635 706 5692 2.
1227 5658 1242 5670 -

512 5496 558 5528 “
584 5488 743 5550 Joan.
803 5512 938 5559 xvn,
967 5497 1020 5552 5.

1375 5572 1418 5602 “
1473 5569 1634 5627 Joan.
1711 5588 1824 5636 stv,
1886 5574 1940 5625 6.

1565 5503 1606 5534 "
1640 5502 1782 5556 Psal.
1805 5514 1995 5563 cxvut,
2029 5498 2117 5551 ³15.
2194 5498 2261 5528 ¹¹⁶
2291 5498 2434 5546 Psal.
2476 5507 2486 5544 ι

1565 5586 1633 5620 m-
1712 5588 1824 5620 xlv-
1886 5574 1940 5620 6.
2051 5572 2096 5601 ³⁵
2145 5568 2324 5620 Galat.
2376 5578 2414 5620 ι.
2468 5564 2486 5613 ι

2157 5598 2324 5624 uasa“
2376 5598 2414 5628 ι,
2470 5598 2486 5613 ι
2499 5603 2512 5616 ο

2116 3296 2338 3348 prorsus
2363 3280 2494 3332 nihil
2520 3279 2663 3333 aliud
2694 3288 2887 3348 pra-ter
2915 3279 3088 3347 ipsam
3108 3277 3273 3329 vitam
3296 3285 3375 3328 est
3398 3274 3694 3327 secundum

2117 3383 2318 3427 rectam
2365 3374 2654 3426 rationem.
2688 3373 2750 3424 Et
2787 3370 2962 3424 adhuc
2987 3372 3040 3423 in
3073 3369 3344 3437 capitibus
3373 3367 3448 3419 De
3490 3367 3696 3428 Spiritu

2113 3476 2297 3519 sancto
2337 3480 2354 3517 :
2391 3465 2664 3533 Scriptmn
2693 3473 2774 3518 est
2801 3479 2987 3517 rursus
3018 3479 3033 3514 :
3065 3461 3124 3517 Si
3151 3462 3404 3528 Spiritus,
3428 3459 3702 3528 quisusci-

2116 3557 2242 3610 tavit
2274 3554 2455 3610 Jesum
2488 3554 2755 3610 Christum
2782 3572 2813 3607 a
2837 3556 3086 3619 mortuis,
3148 3551 3357 3604 habitat
3414 3551 3468 3602 in
3524 3549 3696 3607 nobis,

2114 3649 2203 3719 qui
2230 3649 2500 3702 suscitavit
2528 3646 2710 3701 Jesum
2744 3645 3018 3702 Christum
3069 3662 3099 3697 a
3130 3645 3377 3707 mortuis,
3411 3641 3703 3707 viviﬁcabit

2114 3754 2163 3797 et
2196 3742 2441 3796 mortalia
2459 3757 2682 3810 corpora
2712 3750 2894 3793 nostra
2918 3756 3008 3808 per
3034 3737 3415 3791 iuhabitantem
3442 3733 3703 3802 Spiritum

2115 3835 2227 3903 ejus
2258 3837 2311 3887 in
2331 3834 2500 3888 uobis.
2535 3832 2641 3886 Sed
2671 3833 2713 3886 si
2738 3830 2975 3900 Spiritus
3003 3840 3224 3885 sanctus
3243 3838 3496 3882 creatura
3529 3835 3703 3890 esset,

2116 3938 2170 3982 et
2204 3930 2400 3992 lactus,
2455 3935 2514 3979 ut
2562 3927 2752 3979 insane
2811 3925 3028 3976 tradunt
3091 3919 3360 3983 haeretici,
3417 3919 3698 3986 quomodo

2119 4030 2283 4076 totam
2313 4021 2680 4089 operationem
2709 4016 2802 4070 Dei
2829 4013 3223 4069 haberet?Non
3243 4013 3385 4066 enim
3407 4012 3698 4080 quisquam

2121 4125 2351 4176 tantmn,
2375 4121 2434 4165 ut
2465 4113 2678 4180 opinor,
2717 4125 2744 4161 a
2782 4090 2913 4161 sana
2940 4117 3119 4160 mente
3147 4104 3382 4167 excidet,
3417 4112 3476 4155 ut
3508 4101 3705 4154 audeat

2121 4207 2203 4260 vel
2226 4206 2409 4258 dicere
2443 4203 2642 4266 solum,
2667 4201 2864 4254 divina:
2884 4198 3206 4254 substantia!
3225 4213 3320 4265 per
3347 4198 3703 4250 instrumenta

2120 4298 2366 4365 quaedam
2400 4292 2528 4345 loris
2563 4303 2746 4346 creata
2777 4291 3080 4345 ministrari
3121 4289 3185 4342 ad
3233 4292 3607 4358 operationem
3637 4302 3704 4338 cx

2121 4387 2316 4453 seipsa
2384 4385 2708 4437 naturaliter
2773 4390 3147 4435 transeuntem
3191 4381 3257 4433 ad
3310 4381 3522 4447 aliquos
3555 4417 3569 4442 ,
3614 4380 3705 4442 qui

2123 4489 2252 4530 sunt
2282 4477 2350 4530 ad
2378 4457 2751 4543 recipiendum
2781 4473 2927 4528 illam
2950 4473 3127 4526 idonei
3154 4481 3208 4526 et
3244 4473 3381 4538 apti.
3411 4470 3552 4535 Quia
3580 4484 3708 4520 veru

2125 4567 2298 4622 Filius
2339 4567 2448 4620 vita
2489 4575 2572 4620 est
2612 4567 2911 4620 secundum
2949 4574 3225 4628 naturam,
3283 4561 3518 4628 Spiritus
3581 4575 3710 4613 vero

2124 4663 2192 4713 ab
2222 4662 2339 4729 ipso
2369 4661 2532 4713 datus
2561 4657 2828 4720 vivilicat,
2883 4656 3210 4725 relinquitur
3252 4656 3582 4716 necessario,
3653 4661 3711 4705 ut

2123 4752 2496 4808 conﬁtendum
2527 4754 2598 4806 sit
2629 4764 2748 4804 esse
2783 4764 2848 4802 es
2887 4749 3196 4803 substantia
3247 4748 3388 4813 cius,
3431 4763 3553 4800 cum
3592 4762 3710 4796 οιιι-

2124 4861 2248 4898 nem
2289 4842 2410 4896 Filii
2449 4853 2502 4895 et
2536 4842 2630 4895 Dei
2664 4841 2919 4893 virtutem
2956 4849 3010 4893 et
3066 4839 3442 4908 operationem
3489 4839 3708 4899 habeat,

2127 4949 2185 4992 ut
2208 4940 2250 4990 si
2283 4952 2447 5002 vapor
2486 4952 2551 4990 ex
2601 4950 2736 5003 aqua
2763 4934 3042 4994 ascendat,
3071 4943 3125 4985 et
3158 4948 3252 4999 per
3276 4947 3337 4984 ea
3370 4947 3489 4999 qua:
3519 4947 3710 4998 opera-

2134 5042 2243 5093 tur,
2278 5044 2370 5084 eos
2389 5029 2528 5096 apud
2551 5042 2687 5096 quos
2709 5035 2812 5089 est,
2839 5026 3146 5094 refrigeret,
3170 5036 3224 5078 et
3249 5039 3504 5078 naturam
3531 5041 3711 5092 aquae,

2133 5124 2272 5174 unde
2299 5119 2585 5178 emittitur,
2627 5115 2920 5182 signiticet.
2949 5116 3004 5166 ln
3044 5114 3248 5167 eisdem
3283 5130 3296 5166 :
3333 5112 3464 5176 Lex,
3517 5115 3714 5180 inquit,

2131 5215 2360 5282 Spiritus
2393 5215 2509 5264 vita:
2565 5211 2635 5268 ".
2704 5224 2770 5262 ne
2834 5208 3070 5276 Spiritus
3124 5218 3345 5260 sanctus
3413 5207 3717 5275 reperiatur

2133 5319 2357 5363 tantum
2403 5304 2575 5374 legem
2632 5300 2802 5365 ferre,
2855 5303 2950 5356 sed
3006 5300 3312 5369 reperiatur
3369 5299 3482 5368 jam
3544 5300 3713 5352 etiam

2860 5490 2904 5520 "
2937 5489 3093 5543 Joan.
3150 5503 3180 5538 v
3205 5526 3218 5545 ,
3252 5485 3345 5538 9.6.
3445 5485 3513 5515 ³¹⁶
3553 5464 3714 5541 Joau.

3185 5558 3226 5587 ⁸⁷
3259 5557 3415 5610 lieni.
3468 5572 3584 5622 vltt,
3640 5563 3719 5612 ιι.

2194 5497 2261 5528 η’
2290 5490 2434 5546 Psal.
2476 5506 2650 5548 χχιιι.
2697 5489 2750 5543 6.

2623 5561 2669 5598 ³⁸
2721 5559 2876 5616 Joan.
2927 5576 2980 5624 ι,
3018 5562 3073 5615 4.

511 5846 590 5914 (o)
624 5845 781 5913 Quod
828 5843 874 5900 si
909 5841 1050 5900 nihil
1099 5843 1244 5899 aliud
1280 5853 1362 5900 est
1395 5857 1557 5915 quam
1595 5844 1724 5909 vita,
1768 5849 1914 5896 totus
1944 5847 2028 5894 cst
2053 5847 2183 5904 vna,
2222 5850 2277 5892 et
2300 5852 2394 5892 sua
2430 5837 2536 5891 vita
2568 5848 2621 5892 et
2645 5853 2804 5893 suum
2833 5851 2977 5904 esse,
3012 5852 3063 5890 et
3097 5851 3202 5889 nun
3232 5834 3426 5894 lactus.
