4446 6450
798 417 898 477 94⁷

1947 422 2276 481 JOANNIS
2316 421 2888 518 crcgmssrorza

3913 399 4020 496 ius

799 523 1030 585 spiritus
1057 521 1214 583 vitm;
1248 533 1297 576 ει
1324 538 1442 589 quae
1471 523 1624 575 vita?
1659 540 1789 577 sane
1809 525 2080 592 Christus,
2115 532 2205 596 qui
2241 533 2357 586 ait:
2389 539 2433 594 Λ
2464 515 2691 602 lIIagnus
2730 515 2959 592 Basilius
2990 538 3229 594 scribens
3256 541 3320 596 ad
3373 543 3730 598 Caesarienses
3778 560 3793 597 :
3830 542 3886 596 Si
3918 559 4023 595 non

793 612 905 680 Ego
938 629 1054 664 sum
1096 615 1290 665 veritas
1309 624 1353 664 et
1379 614 1483 665 vita
1520 617 1584 665 ”.
1619 616 1838 668 Christo
1869 618 2032 684 igitur
2076 621 2240 686 legem
2285 621 2361 674 fe-

790 712 964 762 rente,
992 701 1229 766 Spiritus
1257 703 1373 769 ejus
1404 715 1586 769 utpote
1615 719 1677 758 cx
1710 707 1848 773 ipso,
1883 719 1936 758 et
1965 709 2016 758 in
2056 710 2169 770 ipso
2197 721 2358 763 natu-

789 793 980 842 raliter
1005 793 1277 846 exsistcns
1297 793 1466 851 legem
1507 796 1628 848 fert.
1673 796 1896 865 Magnus
1923 800 2272 861 Athanasius,
2299 803 2352 856 in

787 897 895 934 uno
934 897 999 933 ex
1033 881 1183 934 libris
1231 893 1416 936 contra
1461 886 1684 938 Arianos
1719 903 1735 940 :
1771 887 1874 940 Sed
1933 890 2105 957 impii,
2158 891 2351 959 inqttit,

795 986 900 1022 non
927 973 1233 1025 cont-edunt
1270 989 1391 1025 esse
1425 973 1617 1028 Filium
1659 975 1913 1034 Verbum.
1967 991 2021 1032 et
2074 982 2355 1034 consilium

789 1061 1002 1122 vivens,
1039 1077 1224 1115 verum
1263 1063 1469 1132 fingunt
1496 1068 1743 1119 accidere
1781 1067 1889 1122 Deo
1917 1069 2152 1123 humano
2207 1087 2356 1124 more.

789 1150 944 1210 velle,
975 1160 1028 1203 et
1061 1153 1382 1217 sapientiam
1439 1165 1692 1220 tauquam
1737 1159 1973 1211 habitum
2029 1163 2269 1227 habere;
2302 1173 2357 1216 et

748 1292 752 1294 _
785 1242 965 1292 omnia
997 1251 1208 1295 movent
1230 1259 1292 1296 ac
1325 1244 1590 1297 Valentini
1619 1248 2020 1313 intelligentiam
2059 1260 2111 1302 ει
2162 1253 2354 1305 volun-

789 1340 956 1382 tatem
984 1333 1267 1400 objiciunt.
1309 1336 1541 1389 Sanctus
1586 1336 1820 1407 Cyrillns
1857 1340 1907 1392 iti
1944 1339 2223 1395 Thesauri:
2255 1359 2273 1396 :
2301 1345 2355 1396 Si

783 1421 1093 1482 consilium,
1127 1423 1395 1490 inquit,et
1428 1427 1681 1479 voluntas
1745 1428 1921 1481 Patris
1948 1439 2031 1482 est
2063 1429 2254 1494 Filius,
2289 1443 2347 1485 ut

782 1513 1001 1577 quidem
1035 1522 1138 1577 est,
1167 1518 1436 1580 quomodo
1470 1517 1722 1570 voluntas
1756 1522 2026 1573 antecedit
2054 1527 2346 1577 essentiam

780 1604 897 1664 ejus
924 1600 947 1653 ?
1005 1601 1065 1654 Et
1098 1619 1283 1657 rursus
1316 1605 1366 1657 in
1393 1607 1596 1659 eisdem
1627 1624 1640 1659 :
1680 1608 1784 1660 Aut
1824 1611 1964 1661 enim
1995 1626 2217 1665 necesse
2266 1623 2351 1666 est

780 1704 875 1743 vos
911 1691 1067 1744 aliain
1106 1693 1307 1762 tingere
1337 1697 1683 1763 sapientiam,
1715 1700 1765 1750 in
1829 1714 1961 1765 qua,
2001 1717 2120 1753 cum
2159 1704 2350 1767 voluit,

780 1780 975 1833 Filium
1000 1785 1232 1851 peperit,
1270 1796 1324 1838 ut
1357 1802 1452 1840 vos
1481 1788 1702 1853 dicitis;
1735 1802 1824 1842 aut
1850 1791 1893 1843 si
1940 1794 2043 1844 alia
2094 1809 2198 1845 non
2245 1802 2349 1855 est,

2463 625 2791 692 est,inqnit,
2845 629 3067 694 simplex
3105 628 3337 694 Spiritus
3389 641 3632 693 sanctus,
3687 631 4021 697 compositus

2463 722 2544 765 est
2567 727 2632 767 ex
2673 717 2995 778 substantia,
3030 726 3083 768 et
3119 732 3185 770 ex
3219 718 3508 771 sanctitate
3537 735 3549 771 :
3585 727 3637 771 at
3686 719 3809 786 quis
3834 720 3904 771 ita
3937 733 4027 770 ve-

2462 818 2586 856 cors
2619 814 2720 865 εει,
2755 817 2810 857 ιιι
2837 808 3194 872 ceiupositum
3218 806 3363 862 c'icat
3387 808 3648 875 Spiritum
3679 818 3948 869 sanctum,
3972 817 4028 858 et

2467 908 2574 946 non
2598 894 2896 962 simplicem
2925 895 2949 947 τ
3001 896 3062 947 Ει
3091 895 3384 961 Gregorius
3414 897 3758 966 Theologus:
3792 897 3849 950 Si
3881 897 4025 949 enim

2463 983 2568 1036 alia
2599 994 2682 1037 est
2707 987 2971 1041 sanctitas
3027 997 3222 1054 przeter
3276 987 3536 1054 Spiritum
3585 999 3853 1044 sanctum.
3908 1002 4028 1052 quae

2467 1074 2579 1128 haec
2615 1076 2967 1144 intelligatur,
3026 1079 3170 1130 dicat
3206 1078 3499 1145 quispiam.
3532 1080 3766 1131 Sanctus
3791 1077 4028 1145 Cyrillus

2462 1162 2738 1216 disserens
2777 1165 2844 1216 de
2869 1166 3073 1232 Spiritu
3097 1175 3332 1219 sancto:
3372 1165 3512 1229 Quid
3544 1180 3681 1230 opus
3727 1175 3808 1218 est
3871 1165 4027 1231 longo

2460 1248 2686 1302 circuitu
2711 1251 2993 1303 verborum
3021 1262 3074 1304 et
3094 1251 3484 1318 multiplicibus
3503 1251 3848 1306 notionibus?
3869 1251 4016 1303 Illam

2459 1338 2602 1388 enim
2632 1338 2799 1402 ipsam
2833 1338 3082 1391 virtutem
3109 1340 3536 1392 sanctilicantem
3558 1352 3623 1391 ex
3674 1339 3832 1389 Patre
3885 1353 4014 1403 pro-
4090 1391 4094 1398 ,

2460 1423 2769 1483 Cedentem,
2797 1440 2916 1492 quze
2980 1424 3369 1492 perfectionem
3418 1423 3766 1491 imperfectis
3807 1423 4019 1483 tribuit,

2458 1511 2691 1568 dicimus
2712 1528 2833 1568 esse
2857 1514 3115 1581 Spiritum
3136 1525 3407 1569 sanctum.
3435 1514 3498 1566 Et
3524 1527 3747 1581 magnus
3779 1512 3994 1564 Athana
4012 1540 4026 1548 -

2459 1604 2594 1666 sius,
2655 1605 2706 1656 in
2737 1604 3103 1673 disputatione
3153 1605 3455 1658 Orthodoxi
3500 1614 3555 1658 et
3607 1603 3853 1657 Anommi
3903 1604 4023 1654 ait:

2458 1692 2548 1746 Sic
2585 1693 2720 1746 dicis
2746 1695 2940 1746 bonum
2965 1693 3223 1763 Spiritum
3265 1695 3410 1749 sicut
3439 1696 3650 1749 Patrem
3691 1702 3743 1746 et
3784 1691 3978 1744 Filium
4008 1692 4032 1744 2

2459 1783 2628 1837 Οιιτιι.
2694 1784 2947 1840 Maxime.
3001 1784 3236 1852 Spiritus
3296 1786 3438 1838 enim
3497 1785 3550 1836 in
3612 1783 4028 1851 participatione

780 1870 874 1920 sed
906 1879 990 1922 est
1017 1872 1129 1939 ipse
1156 1873 1303 1926 solus
1329 1877 1592 1943 sapientia
1623 1877 1832 1943 Patris,
1895 1881 2009 1948 ipse
2055 1890 2137 1934 est
2168 1891 2221 1934 et
2260 1898 2354 1933 vn-
2389 1872 2430 1927 Β
2462 1874 2720 1927 bonitatis
2744 1875 2819 1943 (I)
2854 1877 3052 1929 b0uum
3093 1885 3197 1935 est.
3243 1876 3337 1930 sed
3375 1889 3564 1928 rursus
3597 1874 3820 1934 bonum,
3849 1873 3897 1926 id
3923 1880 4027 1930 est,

779 1959 981 2014 Iunias.
1015 1962 1077 2014 Et
1110 1964 1159 2015 in
1203 1965 1266 2018 iis
1298 1981 1418 2028 qua:
1455 1969 1519 2021 de
1575 1969 1783 2034 Spiritu
1819 1983 2007 2025 sancto
2067 1974 2288 2041 scripsit
2333 1991 2347 2025 :

781 2050 1020 2119 Spiritus
1089 2066 1330 2120 sanctus,
1382 2060 1573 2125 inquit,
1631 2063 1721 2130 qui
1787 2072 1872 2116 cst
1926 2078 2078 2118 meus
2127 2065 2351 2128 Christi,

778 2144 959 2195 o:unia
981 2160 1102 2212 qua:
1131 2146 1183 2200 in
1211 2147 1327 2213 ipso
1358 2159 1505 2210 sunt.
1538 2151 1791 2206 edisserit
1815 2155 2121 2219 discipulis,
2158 2172 2263 2207 non
2295 2158 2346 2209 in

779 2239 995 2304 propria
1031 2239 1262 2303 quadam
1296 2241 1590 2301 voluntate,
1642 2259 1815 2311 neque
1846 2260 2035 2299 rursus
2065 2247 2116 2298 in
2152 2246 2350 2304 aliena.

777 2330 869 2380 sed
906 2326 1162 2396 tanquam
1188 2345 1252 2382 ex
1282 2332 1581 2384 substantia
1609 2334 1722 2401 ejus
1755 2336 2074 2399 procedens,
2099 2344 2154 2390 et
2179 2347 2345 2390 totam

777 2418 892 2483 cjus
918 2419 1267 2483 voluntatem,
1303 2422 1445 2476 sicut
1474 2432 1527 2476 et
1553 2427 1931 2492 Operationcm
1990 2427 2217 2482 habens.
2286 2427 2352 2482 Et

780 2511 1001 2564 divinus
1056 2511 1481 2566 Dainascenus:
1542 2515 1586 2570 Ο
1650 2519 1969 2572 miraCulum
2035 2535 2230 2574 novum
2284 2537 2351 2576 ex

777 2601 1035 2655 omnibus
1057 2603 1187 2656 olitn
1221 2605 1539 2660 miraculis!
1579 2608 1669 2660 Dei
1724 2611 1866 2662 enim
1924 2613 2209 2664 consilium
2247 2621 2350 2678 est,

776 2692 868 2755 qtti
906 2693 956 2743 itt
997 2702 1150 2746 utero
1180 2705 1422 2760 gestatus
1456 2707 1561 2759 est,
1597 2709 1653 2749 ιιι
1703 2699 1904 2752 infans.
1954 2700 2016 2752 Et.
2051 2700 2351 2771 Gregorius

781 2781 1116 2853 Theologus,
1147 2785 1200 2838 in
1227 2787 1475 2841 oratione
1507 2790 1559 2840 iu
1585 2789 1796 2842 laudem
1825 2790 2073 2859 Gregorii
2097 2794 2350 2864 Nysseni,

778 2875 934 2942 cujus
971 2877 1301 2943 principium
1340 2888 1446 2942 est,
1487 2879 1658 2932 Amici
1687 2880 1857 2944 ﬁdelis
1891 2899 1904 2933 :
1956 2882 2117 2946 Deus,
2153 2887 2349 2954 inquit,

774 2966 947 3035 pacis.
986 2968 1074 3034 qui
1107 2969 1472 3021 reconciliavit
1501 2986 1597 3023 nos
1624 2985 1715 3036 per
1739 2985 1976 3034 crucem,
2010 2976 2099 3040 qui
2134 2988 2352 3044 propter

774 3068 1061 3126 peccatum
1131 3073 1350 3113 eramus
1407 3063 1747 3129 oppugnati:
1805 3065 1894 3131 qui
1956 3067 2348 3134 evangelizavit

774 3162 960 3217 pacem
998 3149 1061 3201 iis
1097 3151 1185 3218 qui
1217 3151 1392 3216 longe,
1430 3161 1484 3204 et
1508 3152 1574 3204 iis
1605 3153 1696 3220 qui
1768 3169 1952 3222 pr0pe,
2001 3155 2068 3209 iis
2117 3159 2206 3224 qui
2250 3158 2350 3211 sub

774 3240 913 3309 lege,
952 3241 1095 3294 etiis
1117 3243 1208 3307 qui
1245 3253 1396 3294 extra
1428 3244 1598 3312 legem
1635 3258 1815 3310 erant,
1856 3245 2014 3300 Pater
2039 3247 2345 3311 charitatis,

773 3332 1013 3386 charitas
1044 3349 1058 3396 ;
1107 3333 1188 3385 his
1213 3335 1356 3385 enim
1393 3335 1704 3388 nominibus
1770 3352 1879 3404 ιιι-ιε
1931 3340 2142 3391 ειειειὶε
2168 3341 2350 3393 vocari

774 3425 994 3492 gaudet.
1025 3423 1320 3493 Gregorius
1353 3425 1633 3495 Nyssenus
1667 3429 1718 3480 in
1740 3426 2179 3484 Commentariiis
2207 3432 2352 3485 Can-

776 3517 870 3570 tici
899 3518 1237 3569 canticorum
1273 3535 1286 3569 :
1319 3517 1456 3582 Quia
1487 3518 1650 3586 igitur
1690 3535 1856 3571 unum
1884 3531 1964 3574 est
1998 3523 2350 3585 connubium,

773 3619 828 3663 et
868 3625 972 3664 una
997 3623 1221 3676 sponsa,
1255 3619 1308 3663 ct
1336 3626 1446 3662 uno
1482 3625 1685 3678 sponso
1741 3612 2043 3676 imponitur
2097 3629 2296 3666 corona
2331 3632 2349 3681 ;

775 3701 911 3754 nihil
945 3703 1088 3754 enim
1121 3703 1338 3770 penitus
1371 3702 1618 3766 interest,
1678 3703 1756 3755 vel
1786 3701 1980 3756 Filium
2038 3703 2132 3757 Dei
2163 3721 2353 3760 vocare

774 3795 1116 3858 unigenitum
1154 3792 1415 3857 Verbum,
1479 3794 1563 3847 vel
1606 3793 1802 3847 Filium
1867 3795 2173 3852 dilectionis
2208 3797 2350 3865 ejus,

774 3897 832 3936 ut
869 3886 1020 3940 Pauli
1062 3901 1192 3940 voce
1227 3895 1448 3938 utamur
1477 3888 1547 3938 '°.
1581 3885 1640 3938 Et
1676 3896 1897 3940 sanctus
1943 3887 2196 3956 Cyrillus,
2231 3905 2350 3944 cum

775 3977 843 4027 dc
886 3975 1094 4042 Spiritu
1139 3986 1330 4031 sancto
1358 3977 1550 4030 scribit
1585 3994 1598 4028 :
1633 3977 1902 4041 Quantam
1963 3978 2351 4048 benignitatem

775 4067 828 4117 in
864 4066 1020 4119 nobis
1056 4077 1315 4134 operatus
1368 4078 1453 4120 est
1511 4069 1754 4120 omnium
1809 4069 2089 4132 Dominus,
2153 4073 2353 4127 docens

771 4157 971 4209 Paulus
1000 4158 1074 4209 ait
1111 4177 1123 4210 :
1159 4157 1296 4220 Quia
1335 4158 1567 4211 cliaritas
1593 4158 1683 4210 Dei
1717 4159 1912 4225 diﬁ'usa
1930 4171 2003 4212 est
2031 4160 2086 4211 in
2107 4161 2353 4214 cordibus

772 4248 967 4298 nostris
997 4263 1086 4309 per
1113 4244 1374 4314 Spiritum
1399 4257 1669 4311 sanctum,
1699 4251 1787 4315 qui
1819 4250 1981 4302 datus
2010 4261 2085 4304 est
2117 4254 2263 4306 nobis
2283 4253 2349 4306 ³⁸.

774 4337 832 4389 Si
861 4338 1026 4404 igitur
1063 4337 1205 4391 Deus
1237 4338 1483 4392 charitas
1514 4349 1617 4404 est,
1645 4349 1702 4391 ut
1736 4337 1978 4394 Joannes
2014 4341 2255 4409 loquitur
2285 4345 2355 4408 ",

773 4435 825 4476 et
860 4441 963 4479 non
997 4438 1082 4479 est
1117 4427 1261 4478 aliud
1298 4426 1432 4493 ipse,
1458 4435 1512 4480 et
1552 4427 1700 4480 aliud
1739 4427 1881 4493 quod
1913 4428 1967 4480 in
1994 4428 2111 4496 ipso
2137 4437 2220 4480 est
2251 4429 2355 4495 (est

2459 1967 2672 2019 bonitas
2701 1978 2805 2020 est.
2837 1967 2977 2020 Sane
3021 1966 3303 2021 Matthzeus
3345 1967 3562 2031 quidem
3595 1964 3926 2031 evangelista
3955 1966 4030 2014 ait

2453 2059 2656 2111 dixisse
2678 2058 2956 2110 Dominmn
2991 2073 3004 2109 :
3030 2056 3088 2111 Si
3115 2057 3276 2126 igitur
3305 2073 3394 2109 vos
3423 2071 3540 2108 cum
3573 2054 3700 2106 muli
3735 2053 3874 2111 sitis,
3934 2068 4029 2103 no-

2453 2151 2549 2201 stis
2581 2151 2716 2202 bona
2744 2151 2869 2201 data
2896 2151 3023 2202 dare
3042 2150 3168 2216 ﬁliis
3195 2152 3417 2202 vestris:
3456 2158 3653 2216 quanto
3678 2147 3842 2214 niagia
3867 2143 4031 2196 Pater

2455 2241 2676 2294 calcatis
2695 2243 2843 2293 dabit
2860 2241 2993 2294 bona
3011 2241 3302 2308 petentibus
3325 2255 3442 2292 eum
3471 2240 3516 2270 ⁸³
3539 2239 3561 2291 τ
3581 2239 3770 2297 Audis,
3798 2236 3840 2286 si
3867 2249 4029 2288 aures

2458 2334 2665 2387 habes?
2728 2333 2868 2399 quod
2926 2331 3274 2396 evangelista:
3349 2344 3470 2381 cum
3518 2328 3722 2381 scirent
3768 2324 4028 2392 Spiritum

2452 2423 2592 2474 idem
2627 2436 2748 2476 esse
2779 2421 2920 2488 quod
2952 2420 3186 2477 bonitas.
3233 2429 3287 2472 et
3337 2420 3641 2472 bonitatem
3697 2416 3838 2469 idem
3873 2413 4022 2482 quod

2454 2514 2732 2581 Spiritus;
2783 2514 2872 2566 ille
2914 2511 3128 2575 quidem
3162 2513 3296 2565 bona
3341 2511 3478 2563 dixit
3519 2509 3691 2577 ipsum
3738 2507 4026 2572 Spiritum,

2453 2610 2589 2663 alius
2633 2621 2762 2660 vero
2793 2604 3049 2675 Spiritum
3075 2604 3186 2669 ipsa
3220 2603 3380 2654 bona.
3418 2600 3642 2667 Magnus
3687 2599 3936 2660 Basilius,
3972 2598 4024 2649 in

2453 2697 2721 2763 capitibus
2747 2695 2817 2747 De
2862 2692 3064 2761 Spiritu
3093 2700 3276 2744 sancto
3308 2707 3326 2743 :
3360 2688 3537 2741 Bonus
3579 2687 3833 2754 Spiritus,
3885 2686 4026 2736 sicut

2454 2791 2631 2842 bonus
2661 2787 2845 2850 Pater,
2876 2797 2932 2839 et
2963 2786 3136 2837 bonus
3165 2798 3227 2836 ex
3254 2784 3390 2834 bono
3422 2781 3633 2849 genitus
3665 2777 4023 2831 substantiam

2456 2881 2659 2934 habens
2696 2879 2868 2946 ipsam
2905 2876 3222 2928 bonitatem.
3261 2872 3493 2924 Sanctus
3525 2870 3758 2938 Cyrillus
3777 2865 4025 2919 scribens

2454 2975 2519 3025 de
2557 2970 2756 3038 Spiritu
2778 2977 2965 3022 sancto
2993 2984 3006 3019 :
3042 2967 3285 3024 Accedit.
3313 2965 3503 3029 inquit,
3533 2961 3747 3030 quidam
3772 2960 3820 3010 in
3846 2957 4025 3011 Evan-

2452 3061 2626 3129 geliis,
2653 3069 2704 3113 et
2727 3061 2861 3113 dicit
2887 3058 3114 3113 Domino
3140 3067 3192 3112 et
3225 3059 3333 3109 Deo
3365 3065 3547 3109 nostro
3576 3053 3708 3106 Jesu
3740 3053 3958 3102 Christo
3998 3064 4014 3100 :

2456 3152 2709 3221 Magister
2740 3151 2889 3205 bone.
2924 3151 3002 3202 Ad
3061 3152 3160 3203 hoc
3188 3148 3437 3202 Christus
3491 3145 3767 3211 respondit
3820 3157 3835 3192 :
3875 3138 4019 3203 Quid

2456 3261 2536 3296 me
2563 3243 2695 3294 dicis
2726 3241 2968 3294 bonum?
3008 3238 3174 3292 Nemo
3202 3240 3385 3299 bonus,
3440 3237 3542 3288 nisi
3591 3249 3723 3288 unus
3775 3232 3911 3283 Deus
3956 3228 4025 3280 ³⁸.

2455 3337 2674 3388 Christo
2704 3334 2867 3400 igitur
2898 3331 3116 3385 dicente
3142 3346 3304 3382 unum
3339 3342 3457 3380 esse
3485 3341 3609 3380 vere.
3644 3335 3697 3378 et
3759 3325 4022 3378 substan-

2458 3427 2659 3480 tialiter
2685 3426 2905 3486 bonum,
2944 3421 3107 3474 David
3141 3424 3216 3474 ait
3248 3438 3262 3472 :
3299 3419 3528 3484 Spiritus
3574 3426 3695 3469 tuus
3730 3417 3892 3468 bonus
3939 3414 4029 3465 de-

2455 3524 2608 3573 ducet
2626 3535 2706 3571 me
2731 3521 2782 3569 in
2810 3526 3002 3570 terram
3017 3506 3217 3567 rectam
3245 3512 3373 3565 ".Si
3398 3525 3525 3579 ergo
3550 3509 3690 3573 Filii,
3711 3509 3798 3576 qui
3822 3517 3903 3560 est
3936 3505 4027 3557 bo-

2457 3629 2603 3674 num,
2623 3611 2856 3677 Spiritus
2879 3619 2958 3661 est
2999 3609 3219 3668 bonum,
3239 3605 3402 3672 liquet
3430 3603 3626 3653 divinte
3652 3610 3857 3652 natura!
3880 3610 4025 3658 esse,

2458 3706 2525 3760 de
2553 3704 2749 3772 quibus
2778 3719 2903 3754 vere
2927 3701 3127 3753 dicitur
3153 3699 3349 3750 bonum
3384 3693 3600 3763 proprie
3659 3700 3713 3743 et
3765 3687 4026 3754 singulari

2459 3800 2638 3851 modo.
2668 3797 2890 3864 Magnus
2918 3798 2950 3845 Α
2964 3793 3204 3863 pustolus
3230 3807 3241 3842 :
3269 3789 3371 3854 Qui
3401 3803 3516 3839 cum
3541 3787 3811 3853 informa,
3833 3780 4024 3849 inquit,

2457 3891 2553 3944 Dei
2577 3898 2728 3951 esset,
2751 3905 2850 3940 non
2875 3887 3110 3952 rapinam
3127 3884 3415 3935 arbitratus
3443 3888 3517 3932 est
3552 3893 3661 3928 nae
3686 3891 3740 3928 se
3776 3874 4030 3941 aequalem

2457 3981 2566 4034 Deo
2590 3981 2654 4034 ⁸⁸.
2686 3978 2910 4047 Magnus
2936 3975 3164 4028 Basilius
3193 3991 3204 4026 :
3239 3972 3370 4024 Illud
3397 3971 3448 4022 in
3486 3969 3655 4037 [arma
3692 3964 3798 4024 Dei.
3833 3964 4033 4031 inquit,

2458 4074 2778 4128 substantia
2809 4069 2900 4123 Dei
2927 4077 3048 4132 est;
3078 4081 3180 4120 non
3219 4065 3363 4118 enim
3417 4059 3561 4113 aliud
3610 4066 3693 4112 est
3728 4055 3920 4114 forma.
3980 4061 4033 4105 et

2458 4166 2603 4218 aliud
2642 4161 2942 4215 substantia
2971 4157 3101 4220 Dei,
3159 4171 3226 4209 ne
3285 4151 3643 4220 compositum
3672 4149 3764 4202 sit.
3796 4147 3895 4213 Qui
3932 4146 4033 4210 igi.

2462 4267 2547 4311 tur
2573 4265 2658 4310 est
2687 4252 2981 4309 secundum
3012 4249 3241 4303 formam
3271 4243 3521 4313 (aqualis,
3556 4242 3857 4296 secundum
3900 4242 4033 4292 sub-

2458 4350 2717 4403 stantiam
2768 4355 2985 4410 quaque
3033 4338 3255 4407 mqualis
3288 4346 3395 4390 est.
3458 4334 3693 4389 Sanctus
3744 4329 4036 4399 Gregorius

2460 4439 2738 4511 Nyssenus
2803 4448 2927 4489 cum
2971 4431 3227 4498 explanat
3282 4427 3459 4481 illud:
3505 4423 3764 4478 Adveniet
3818 4435 4036 4486 regnum

769 4517 914 4566 enim
942 4516 1198 4584 simplex,
1245 4525 1300 4568 et
1330 4530 1524 4582 expers
1548 4516 2017 4586 compositionis),
2043 4517 2240 4571 diffusa
2274 4528 2355 4572 est
2391 4536 2440 4595 ι)
2472 4543 2525 4585 ια

2277 4528 2355 4572 εει
2391 4536 2440 4595 ι)
2472 4543 2617 4585 tuum
2645 4545 2664 4583 :
2712 4527 2999 4587 Creatura,
3060 4522 3253 4591 inquit,
3317 4519 3524 4582 servit,
3569 4516 3804 4568 servitus
3855 4519 4033 4566 autem

772 4617 950 4661 autem
980 4623 1076 4675 per
1101 4608 1364 4676 Spiritum
1397 4618 1645 4660 sanctum
1693 4607 2028 4661 habitantem
2056 4609 2108 4662 in
2147 4611 2305 4665 nobis
2338 4626 2355 4662 :

772 4700 1046 4767 estigitur
1070 4702 1314 4752 charitas
1344 4698 1584 4766 Spiritus
1636 4709 1884 4762 sanctus,
1945 4700 2035 4769 qui
2098 4709 2357 4769 tanquam

774 4793 916 4844 Dens
939 4792 990 4843 in
1020 4791 1182 4845 nobis
1216 4791 1466 4856 habitat,
1489 4802 1542 4843 et
1571 4790 1775 4845 idcirco
1808 4791 1966 4859 plane
2024 4792 2181 4847 Deus.
2213 4794 2357 4848 Idem

771 4882 908 4935 libro
935 4883 1110 4950 primo
1142 4881 1206 4933 ad
1241 4880 1515 4934 Ilermiam
1563 4895 1576 4930 :
1611 4879 1730 4946 Ipse
1760 4881 1928 4944 enim,
1957 4882 2050 4949 qui
2116 4894 2200 4936 est
2231 4885 2357 4951 pul-

768 4975 1022 5029 cltritndo
1055 4975 1368 5039 incorrupta
1395 4971 1486 5025 Dei
1524 4971 1720 5039 Patris,
1781 4987 1992 5025 summa
2048 4973 2353 5039 beatitudo,

767 5080 819 5119 et
846 5065 1040 5126 I'urma,
1081 5075 1242 5134 atque
1273 5065 1525 5133 species;
1586 5065 1676 5132 qui
1731 5079 1793 5116 ex
1828 5065 1965 5132 ipso,
2019 5075 2074 5118 et
2141 5065 2191 5116 in
2240 5067 2359 5134 ipso

768 5161 908 5214 Deus
973 5159 1201 5212 Verbum
1252 5157 1450 5225 abjecit
1504 5156 1742 5225 seipsum
1795 5159 1846 5208 in
1901 5157 2354 5214 exinanitionem.

2462 4636 2565 4675 non
2587 4630 2673 4672 est
2706 4630 2970 4685 regnum,
3001 4613 3148 4680 atqui
3193 4625 3416 4679 regnum
3481 4616 3564 4661 est
3618 4605 3855 4672 Spiritus
3903 4615 4039 4654 san-

2459 4719 2616 4773 ctus;
2655 4707 2876 4774 regnum
2919 4719 3049 4758 vero
3081 4703 3237 4771 plane
3259 4709 3472 4768 regnat,
3506 4711 3614 4749 non
3651 4703 3911 4763 regnatur
3940 4707 3958 4756 ;
3991 4705 4036 4742 St

2461 4801 2630 4868 igitur
2701 4811 2924 4863 regnum
2984 4802 3071 4846 est
3156 4790 3395 4857 Spiritus
3466 4794 3711 4848 sanctus,
3768 4781 4040 4851 quomodo

2462 4893 2635 4961 ipsum
2665 4898 2869 4941 uaturm
2900 4885 3157 4938 servienti
3187 4889 3543 4935 annumerant
3594 4878 3768 4930 insani
3805 4873 3891 4926 isti
3919 4872 3943 4924 ?
3968 4870 4039 4924 Et

2471 4984 2766 5054 Gregorius
2815 4981 3122 5046 Theologus
3170 4995 3182 5029 :
3238 4975 3331 5028 llis
3382 4973 3600 5042 quidem
3670 4969 3851 5020 lumen
3897 4964 4040 5033 quod

2467 5074 2710 5143 expromi
2746 5088 2849 5124 non
2887 5077 3087 5139 potest,
3121 5066 3383 5127 succedit,
3419 5071 3472 5115 et
3541 5055 3928 5124 contemplatio
3957 5068 4043 5106 re-

2466 5166 2600 5237 galis
2627 5160 2912 5215 Trinitatis
2945 5155 3276 5226 splendentis
3299 5154 3501 5206 clarius
3528 5162 3580 5206 et
3611 5149 3815 5218 purius,
3841 5153 3896 5199 et
3923 5158 4043 5212 quas

839 5295 1066 5349 "Join.
1099 5311 1208 5355 xiv,
1246 5293 1301 5346 6.
1381 5294 1427 5324 ³⁸
1457 5292 1668 5346 Coloss.
1711 5307 1747 5351 t.
1779 5291 1861 5344 15.
1940 5291 1981 5324 ³¹
2037 5292 2194 5348 Itoni.
2228 5311 2282 5360 v,
2309 5295 2362 5350 5.
2439 5294 2483 5326 "
2513 5293 2534 5351 I
2561 5292 2595 5347 «1η

2281 5295 2362 5350 .5.
2439 5294 2483 5326 "
2513 5293 2534 5351 I
2561 5292 2715 5347 Joan.
2753 5305 2829 5354 tv,
2871 5288 2955 5341 ιδ.
3028 5251 3079 5317 ³³
3113 5283 3302 5339 Matth.
3353 5299 3448 5346 vn,
3478 5284 3556 5336 ιι.
3636 5275 3838 5330 “Luc.
3882 5286 4037 5338 xviii,

769 5368 856 5432 i8,
891 5367 973 5422 l9.
1053 5366 1097 5397 "
1121 5364 1263 5419 Psal.
1292 5378 1463 5428 CXLII,
1495 5362 1582 5416 10.
1661 5362 1705 5392 ⁸⁸
1737 5362 1969 5432 Philipp.
1999 5378 2057 5426 Il,
2081 5365 2134 5417 6.

2286 5473 2570 5535 Scholia.

840 5583 916 5651 (Ii
965 5582 1200 5651 Spiritus
1252 5582 1308 5635 in
1360 5581 1765 5649 participatione
1851 5578 2101 5651 bonitatis
2155 5578 2347 5629 bonum

767 5647 864 5708 eu.
903 5656 958 5708 ιι
992 5647 1097 5713 εει,
1132 5655 1182 5705 in
1216 5647 1630 5718 participatione
1663 5659 1844 5703 nostra
1878 5647 2136 5701 bonitatis
2159 5655 2356 5701 creatae

768 5741 848 5779 ιηκι
886 5727 1060 5778 bonus
1100 5723 1337 5791 Spiritus
1375 5733 1630 5788 tauquam
1660 5731 1848 5773 auctor
1874 5729 1926 5791 e_t
1953 5730 2168 5791 creator
2198 5718 2352 5770 honi-

772 5799 898 5852 t.i:is
925 5811 952 5848 a
983 5788 1151 5848 nobis
1171 5794 1536 5866 participatis;
1578 5793 1692 5866 ipse
1728 5806 1853 5844 vero
1891 5788 2128 5858 Spiritus
2159 5798 2352 5840 natura

2469 5585 2552 5628 est
2589 5574 2702 5640 ipsa
2731 5573 2948 5625 bonitas
2973 5583 3135 5635 supra
3171 5567 3489 5640 bonitatem,
3519 5565 3698 5628 itaque
3729 5576 3790 5640 ea
3825 5579 3944 5640 quae
3972 5565 4036 5640 de

2466 5646 2575 5698 Deo
2612 5634 2665 5697 et
2694 5644 2759 5695 de
2801 5634 3066 5694 creaturis
3099 5635 3668 5714 'equivocedicuntur.
3690 5635 3783 5714 _de
3829 5634 3934 5684 lico
3963 5637 4038 5682 τι.-

2462 5725 2663 5770 cuntur
2693 5710 2990 5766 secundum
3029 5708 3276 5763 naturam
3306 5747 3321 5773 ,
3372 5708 3436 5760 dc
3470 5708 3734 5760 creaturis
3784 5718 3913 5756 vero
3942 5717 4039 5771 per

2462 5783 2949 5849 participationem.
