4446 6450
401 393 506 456 M9

1267 396 1504 456 necas
1538 398 1640 458 ix.
1683 388 2372 458 -έῡΕῚΝιηΝιΊ-ΛΤΕ
2421 401 2492 458 i.\'
2539 402 2703 459 nan.

3519 391 3625 455 050

404 515 511 557 tota
535 519 654 557 eum
684 505 828 566 .totis
885 504 1161 568 miscetur,
1187 522 1347 572 quam
1414 523 1634 574 regnum
1688 509 1948 561 Helorum
1983 507 2028 564 Α
2064 507 2171 574 Ego
2201 526 2314 560 sum
2344 512 2449 562 ritu
2479 511 2556 574 ";
2590 510 2746 590 ΡζιΙΝ·
2774 507 2934 561 habet
2978 507 3137 559 vitam
3183 507 3236 558 in
3269 521 3322 555 se
3366 506 3503 572 ειμι»,
3536 503 3617 554 Fi-

408 599 528 646 esse
559 609 779 649 censeo.
824 596 896 649 Ex
936 596 1020 650 bis
1084 597 1434 650 manifestum
1471 598 1549 658 iit,
1582 600 1722 664 quod
1764 599 1812 649 in
1839 597 1960 649 Τπ-ἰ-

405 683 574 736 nitate
601 700 763 752 supra
795 686 1172 746 substantiam,
1201 687 1328 742 nihil
1360 700 1423 737 ex
1455 687 1519 737 iis
1550 702 1670 754 qua:
1698 703 1724 737 a
1757 687 1960 739 theolo-

406 776 484 840 gis
513 786 831 829 enumerata
875 785 1020 837 sunt,
1069 777 1274 843 eilugit,
1321 777 1448 844 quin
1499 777 1736 828 declaret
1789 777 1960 830 Solum

406 866 662 916 esseba-c
688 864 737 914 in
777 863 884 915 Deo
913 863 1093 927 Patre,
1136 863 1328 915 Filium
1355 864 1474 927 ejus
1533 879 1718 915 verum
1776 865 1960 924 Deum,

407 960 456 1002 et
483 961 725 1004 sanetum
761 952 877 1017 ejus
915 952 1196 1020 Spiritmn,
1227 955 1480 1021 quocirca
1529 955 1621 1020 qui
1652 955 1792 1007 dixit
1823 955 1966 1006 divi-

409 1056 530 1092 l'alti
563 1042 1054 1110 Trinitatem,qu:e
1097 1053 1180 1096 est
1226 1058 1384 1112 supra
1444 1045 1793 1112 principimn,
1856 1046 1970 1097 hinc

408 1129 568 1182 simul
596 1139 650 1183 et
685 1130 787 1184 alia
809 1132 1124 1200 complexus
1154 1139 1263 1184 est.

1009 1242 1233 1299 CAPUT
1276 1241 1402 1297 Vill.

413 1325 564 1391 Quod
607 1329 659 1380 in
694 1329 951 1383 Trinitate
987 1332 1119 1383 nihil
1146 1342 1221 1385 est
1254 1333 1392 1401 quod
1433 1350 1534 1386 non
1559 1335 1621 1386 sit
1653 1336 1976 1400 substantia,

481 1409 529 1448 et
564 1413 821 1468 persona:
855 1415 944 1450 nec
980 1410 1058 1452 est
1088 1405 1140 1451 in
1174 1417 1232 1452 ea
1265 1403 1468 1468 aliquid
1498 1405 1739 1455 naturale
1767 1414 1816 1456 et
1856 1406 2011 1458 sub?

483 1466 729 1535 stantiale
776 1466 948 1530 Patri,
989 1468 1128 1535 quod
1166 1466 1376 1535 quidem
1433 1486 1535 1522 non
1582 1473 1648 1522 sit
1701 1472 1888 1532 Filius.
1923 1479 1974 1526 'et

482 1533 717 1605 Spiritus
749 1533 1009 1600 sanctusf
1041 1533 1199 1604 neque
1249 1539 1542 1605 quidquam
1572 1539 1721 1592 aliud
1770 1553 1892 1594 sunt
1928 1544 1976 1593 in

398 1637 410 1669 ὲ
488 1603 599 1676 Deo
620 1606 849 1676 rationes
877 1620 1056 1676 eorum
1089 1603 1204 1673 qua:
1233 1603 1402 1671 sunt,
1427 1609 1528 1659 nisi
1560 1607 1812 1676 implicita
1862 1613 1982 1663 uni-

410 1694 417 1702 ·
485 1673 713 1737 genitum
747 1671 840 1724 Dei
882 1671 1121 1727 Verbum.

489 1761 720 1814 Sanctus
743 1761 975 1832 Cyrillus
1005 1764 1056 1816 in
1090 1763 1372 1818 Tliemuris
1398 1765 1533 1819 libro
1558 1782 1678 1820 xix:
1716 1765 1831 1820 Non
1860 1769 1981 1830 quia

416 1852 470 1904 in
508 1852 661 1904 nobis
685 1854 947 1919 sapientia
974 1865 1028 1906 et
1067 1855 1296 1908 scientia
1339 1870 1444 1908 non
1479 1867 1561 1908 est
1589 1859 1640 1910 in
1677 1872 1770 1910 sna
1812 1857 1983 1926 hypo-

417 1942 576 2013 stasi,
610 1940 659 1993 id
695 1949 796 2002 est,
833 1955 937 1996 neu
962 1943 1176 1995 exsistit
1206 1959 1300 2011 per
1324 1959 1415 2009 se;
1450 1946 1653 1998 idcirco
1688 1951 1999 2014 sapientia"

418 2045 538 2093 qua-
575 2030 714 2082 inest
763 2031 816 2083 in
874 2031 1004 2092 Deo.
1062 2034 1198 2085 idem
1242 2034 1566 2085 incommodi
1620 2037 1875 2104 patietur,
1931 2050 1988 2089 ut

422 2133 527 2169 non
559 2121 788 2173 essistat
834 2137 928 2188 per
957 2138 1034 2180 se.
1084 2107 1177 2177 sed
1226 2127 1661 2191 quandoquidem
1712 2130 1988 2184 conilteris

424 2224 530 2261 non
555 2224 678 2263 csse
711 2210 872 2264 Deum
905 2227 1055 2265 more
1089 2223 1276 2267 nostro
1300 2214 1455 2284 plane
1487 2217 1780 2282 conﬁteris,
1805 2223 1985 2273 omnia

424 2315 554 2364 qua:-
579 2299 723 2352 iilius
756 2309 900 2362 sunt,
936 2316 1041 2353 non
1071 2318 1191 2356 esse
1223 2312 1278 2355 ut
1325 2314 1508 2357 nostra
1558 2316 1703 2359 sunt.
1758 2307 1901 2361 idem
1937 2310 1986 2361 in

424 2390 599 2456 primo
658 2390 1100 2446 Thesaurorum:
1158 2394 1521 2449 Considerent
1590 2410 1990 2466 oppugnatores

426 2482 626 2534 Christi
658 2476 1084 2550 magnitudinem
1112 2487 1486 2553 imprudentia:
1515 2504 1659 2554 sum;
1689 2505 1808 2543 cum
1846 2494 1990 2545 enim

430 2571 637 2624 nollent
679 2572 860 2626 dicere
890 2589 1054 2626 unum
1098 2573 1291 2628 Filium
1325 2578 1416 2632 Dei
1461 2579 1688 2633 similem
1735 2596 1857 2636 esse
1896 2583 2020 2636 Pa--

431 2659 521 2718 tri.
553 2660 689 2714 duos
716 2663 1010 2728 dederunt;
1054 2666 1096 2716 si
1133 2668 1462 2720 voluntatem
1501 2670 1620 2737 ejus
1658 2671 1842 2725 dicent
1873 2688 1995 2729 esse

430 2752 632 2817 aliquid
670 2767 764 2819 per
799 2767 856 2806 se
885 2758 1170 2817 exsistens,
1220 2758 1264 2810 si
1299 2772 1430 2810 vero
1478 2774 1582 2812 non
1626 2777 1721 2827 per
1750 2781 1807 2814 se
1843 2766 1990 2818 exsi-

432 2844 544 2901 stit,
577 2858 680 2894 non
712 2845 817 2895 erit
846 2849 1146 2906 character,
1181 2849 1230 2899 id
1277 2859 1380 2907 est.
1413 2849 1579 2917 llgura
1626 2867 1717 2918 per
1759 2867 1815 2905 se
1845 2855 1994 2906 exsi~

433 2938 643 2998 stentis,
674 2938 814 3006 quod
847 2953 949 2990 non
983 2953 1080 3006 per
1117 2955 1175 2993 Se
1208 2942 1438 2995 exsistit.
1471 2942 1613 2996 Idem
1649 2944 1699 2995 iu
1739 2945 1942 2998 eisdem
1979 2966 1992 3001 :

434 3027 668 3082 Omn‘no
716 3044 935 3083 necesse
983 3041 1085 3092 est,
1138 3037 1276 3098 quod
1327 3049 1392 3086 es
1452 3035 1630 3104 aliquo
1680 3040 1998 3093 naturaliter

2068 601 2193 652 lium
2226 603 2453 664 scilicet,
2480 612 2531 654 et
2561 595 2698 654 nihil.
2723 600 2862 652 aliud
2889 600 3174 666 quidquam
3203 607 3394 665 pra-ter
3429 598 3618 659 ipsum.

2068 690 2210 742 lium
2247 694 2297 743 in
2331 693 2532 746 eisdem
2565 710 2578 744 :
2610 693 2950 756 Qua-cunmm
2978 691 3224 742 dicuntur
3255 702 3372 738 ess»
3420 686 3470 735 in
3520 684 3624 733 Dt-o

2070 781 2232 835 Patre
2268 783 2606 842 naturaliter,
2641 792 2694 835 et
2730 781 3027 833 secundum
3074 779 3459 837 substantiam,
3516 777 3628 826 iure

2070 873 2249 923 omnia
2282 871 2451 924 Filius
2495 882 2598 926 est.
2658 871 2817 924 Solus
2842 886 3003 922 verus
3046 869 3185 922 Deus
3221 867 3415 920 tliritur
3445 865 3625 921 Pater.

2070 963 2192 1028 quia
2241 962 2386 1014 solus
2425 962 2585 1015 habet
2607 959 2810 1013 'Filinm
2847 960 3158 1012 dicentem:
3208 957 3317 1023 Ego
3350 971 3463 1008 sum
3502 954 3634 1005 vcri-

2075 1055 2264 1106 tas”:
2311 1054 2457 1106 solus
2507 1055 2742 1119 sapiens,
2799 1060 2852 1104 et
2899 1059 3087 1118 potens
3126 1046 3468 1108 similiter”,
3512 1044 3632 1110 quia

2075 1144 2321 1197 Christus
2354 1142 2445 1196 Dei
2481 1144 2675 1203 virtus,
2714 1151 2768 1194 ct
2801 1140 2893 1192 Dei
2932 1138 3190 1205 sapientia
3221 1137 3288 1199 ",
3323 1136 3468 1188 solus
3502 1134 3639 1184 dit-i—

2080 1243 2167 1285 tur
2217 1232 2458 1285 habitare
2505 1232 2676 1285 lucem
2722 1228 3146 1282 iuaccessibilem
3180 1228 3259 1290 “;
3304 1226 3463 1277 habet
3497 1224 3638 1275 enim

2080 1325 2132 1376 iu
2171 1339 2228 1376 se
2279 1325 2396 1392 ipso
2443 1323 2632 1375 Filium
2673 1322 2942 1374 dicentem
2980 1337 2993 1371 :
3033 1319 3141 1387 Ego
3175 1334 3290 1370 sum
3329 1317 3419 1368 tua:
3446 1315 3513 1374 “,
3553 1329 3642 1366 so-

2082 1414 2164 1468 lus
2193 1415 2310 1466 lons
2334 1429 2484 1481 aqua!
2510 1414 2644 1466 vivae
2671 1412 2748 1472 “;
2778 1410 3040 1476 siquidem
3072 1409 3218 1460 solus
3248 1407 3405 1458 habet
3450 1404 3639 1456 Filium

2084 1503 2175 1570 qui
2209 1503 2336 1555 dicit
2373 1521 2384 1555 :
2440 1502 2546 1570 Ego
2595 1518 2710 1553 sum
2751 1502 2879 1552 rita.
2916 1499 2970 1551 Si
3006 1514 3133 1564 ergo
3164 1509 3322 1546 omne
3373 1493 3646 1559 proprium

2091 1591 2263 1644 Patris
2296 1600 2375 1643 est
2425 1590 2611 1654 Filius,
2644 1605 2766 1641 eum
2821 1588 2980 1640 Pater
3011 1587 3208 1637 dicitur
3253 1586 3453 1635 habere
3486 1581 3648 1634 vitam

2090 1682 2142 1734 in
2183 1697 2239 1732 se
2272 1667 2387 1748 ipso
2416 1680 2483 1744 “,
2517 1679 2709 1732 Filium
2767 1678 3055 1746 signiﬁcat,
3084 1684 3137 1727 et
3170 1689 3273 1726 non
3315 1672 3456 1724 aliud
3489 1671 3648 1734 quid-

2092 1785 2248 1834 quam
2279 1780 2472 1838 przeler
2511 1772 2723 1835 ipsum;
2759 1784 2877 1819 eum
2909 1774 3084 1817 autem
3124 1764 3406 1816 exsisteret
3442 1762 3553 1825 ipse
3586 1762 3649 1835 in

2089 1859 2224 1913 Filio
2266 1860 2556 1912 secundmn
2610 1859 2967 1921 substantiam
3010 1856 3127 1907 sine
3163 1853 3268 1906 ulla
3327 1852 3652 1910 variatione,

2087 1962 2140 2004 et
2169 1967 2292 2004 eum
2327 1960 2471 2004 esset
2501 1951 2604 2002 vita
2642 1949 2939 2002 secundum
2983 1955 3231 1999 naturam
3261 1986 3276 2009 ,
3311 1943 3447 1997 dedit
3485 1943 3653 1995 insani

2088 2043 2188 2093 sibi
2225 2041 2348 2108 ipsi.
2387 2040 2737 2100 Athanasius.
2759 2040 2898 2092 libro
2922 2045 3117 2107 quarto
3151 2037 3347 2089 Contra
3382 2033 3613 2086 Arianos
3641 2048 3657 2084 :

2089 2133 2536 2199 Quandoquidem
2578 2141 2687 2184 tota
2724 2130 2960 2184 essentia
3016 2129 3134 2183 Filii
3171 2127 3386 2195 propria
3424 2136 3506 2178 est
3535 2124 3659 2176 sub-

2089 2223 2306 2277 stantiae
2341 2221 2537 2288 Patris,
2571 2231 2626 2273 ut
2674 2220 2932 2289 splendor
2975 2235 3044 2273 ex
3077 2218 3304 2280 lumine,
3333 2226 3385 2268 et
3414 2231 3476 2269 ex
3515 2217 3662 2268 fonte

2093 2314 2318 2378 ﬂuvius;
2369 2322 2427 2366 ut
2462 2313 2679 2366 tandem
2735 2313 2823 2374 qui
2879 2312 3023 2363 videt
3061 2310 3278 2370 Filium,
3310 2309 3486 2360 videat
3522 2310 3659 2374 quod

2091 2405 2365 2470 proprimn
2402 2402 2580 2455 Patris
2627 2410 2712 2455 cst
2759 2419 2772 2454 :
2823 2411 2877 2454 ct
2935 2400 3197 2463 intelligat
3241 2397 3384 2465 quod
3433 2396 3662 2449 essentia

2097 2495 2234 2555 Filii,
2266 2510 2385 2562 quae
2419 2507 2481 2547 es
2525 2492 2687 2545 Patre
2731 2480 2835 2556 est,
2871 2490 2947 2544 sic
2984 2491 3036 2544 in
3070 2488 3228 2541 Patre
3265 2499 3370 2541 est.
3428 2487 3523 2540 list
3573 2504 3666 2537 au-

2095 2598 2200 2641 tem
2236 2597 2290 2639 et
2323 2584 2482 2639 Pater
2512 2586 2564 2638 in
2607 2584 2767 2649 Filio,
2803 2584 2932 2652 quia
2963 2583 3103 2650 quod
3150 2593 3234 2636 est
3264 2596 3326 2633 ex
3359 2579 3517 2632 Patre
3547 2593 3670 2647 pro-

2096 2679 2294 2747 prium,
2327 2677 2429 2739 hoc
2475 2675 2640 2728 Filius
2680 2684 2780 2738 est,
2814 2674 2955 2725 sicut
2996 2672 3048 2725 in
3079 2671 3364 2738 splendore
3398 2667 3500 2729 sol,
3536 2678 3584 2721 ci
3619 2669 3668 2718 in

2098 2771 2306 2823 ratione
2336 2785 2513 2830 mens,
2539 2778 2595 2822 et
2634 2769 2686 2820 in
2731 2766 2893 2818 ﬂuvio
2933 2764 3088 2816 fons:
3123 2763 3198 2814 sic
3230 2762 3372 2815 cnim
3409 2762 3496 2828 qui
3537 2774 3670 2811 eon-

2098 2859 2386 2926 tcmplatur
2421 2858 2616 2911 Filium
2657 2854 3058 2921 coniteinplatnr
3088 2854 3363 2919 proprium
3419 2850 3675 2902 substan-

2099 2952 2185 3002 ti.e
2239 2949 2450 3012 Patris;
2491 2959 2543 3000 et
2582 2947 2835 3012 intelligit
2879 2946 3021 3012 quod
3078 2942 3240 2994 Putt'l‘
3295 2944 3346 2994 in
3402 2939 3535 2993 Filio
3567 2949 3669 2991 est.

2095 3041 2229 3094 Cum
2261 3041 2405 3093 enim
2435 3039 2649 3108 species
2683 3047 2737 3091 et
2773 3036 3032 3089 divinitas
3061 3035 3138 3099 (l)
3184 3032 3358 3085 Patris
3389 3033 3458 3084 sit
3487 3045 3673 3083 essen-

435 3119 649 3185 prodit,
716 3121 892 3173 simil»:
947 3124 994 3174 ei
1054 3138 1172 3176 esse
1233 3129 1529 3179 secundum
1598 3130 2074 3199 substantiam;c
2110 3135 2178 3183 tia
2232 3131 2370 3194 Filii,
2403 3143 2743 3197 consequens
2782 3136 2863 3181 est
2914 3127 3125 3180 Patrem
3164 3141 3289 3179 esse
3335 3127 3385 3176 in
3430 3123 3592 3186 Filio,
3624 3132 3678 3175 et

435 3211 679 3277 quamvis
710 3214 778 3264 ab
811 3213 900 3265 illo
936 3213 1050 3278 ipso
1093 3223 1343 3283 tanquam
1375 3233 1560 3279 causa,
1610 3220 1804 3274 habeat
1831 3231 1887 3276 ut
1917 3226 2006 3293 sit.

440 3305 582 3356 hiem
625 3307 677 3357 in
722 3309 974 3361 eisdem:
1016 3297 1389 3374 Inquirendus,
1431 3313 1626 3379 inquit,
1677 3321 1763 3366 est
1814 3313 2004 3369 moius

437 3395 915 3457 dissimilitudinis.
945 3414 1107 3468 quam
1142 3400 1302 3453 habet
1343 3404 1406 3454 ad
1476 3403 1692 3455 Patrem
1741 3403 2010 3457 voluntas.

439 3485 497 3538 Si
529 3486 674 3541 enim
707 3487 811 3539 ulla
852 3503 914 3540 ex
944 3500 1097 3557 parte
1127 3497 1382 3557 tanquam
1413 3493 1589 3545 minor
1623 3495 1758 3560 ipso.
1785 3510 1890 3548 non
1919 3495 2013 3548 ha-

443 3575 529 3627 bet
574 3566 984 3631 similitudinem
1036 3581 1176 3644 ejus,
1234 3581 1503 3634 videbitur
1563 3596 1748 3648 aperte
1804 3585 2011 3652 aliquid

440 3666 594 3719 exire
631 3681 696 3720 ex
732 3668 1036 3721 substantia
1088 3667 1267 3722 Patris
1297 3668 1540 3724 deterius
1585 3689 1648 3724 eo
1705 3682 1758 3726 et
1808 3676 2010 3736 minus,

443 3773 547 3810 IIOu
579 3759 721 3810 etiim
758 3759 1004 3812 voluntas
1038 3759 1385 3814 extrinsecus
1425 3765 1654 3826 accedit,
1709 3778 1806 3818 nec
1840 3767 2014 3818 intru-

443 3852 602 3902 ducta
635 3859 738 3914 est,
783 3849 875 3903 sed
906 3865 970 3903 ex
1007 3851 1144 3920 ipso,
1179 3863 1233 3905 ct
1263 3853 1315 3904 in
1349 3852 1505 3920 ipso;
1541 3856 1860 3911 deteriorem
1891 3874 2018 3912 vero

445 3942 664 4009 gignere
699 3956 797 3995 nec
832 3942 898 3994 iis
928 3944 1020 4010 qui
1067 3951 1314 3995 naturam
1357 3955 1597 3998 creatam
1630 3946 1845 4011 habent,
1877 3952 2018 4002 acci-
2046 3929 2054 3944 ’

446 4031 577 4083 dere
632 4031 887 4084 arbitror.
941 4031 1164 4100 Magnus
1218 4036 1571 4100 Athanasius,
1632 4036 1772 4090 libro
1827 4039 2020 4107 quinto

449 4121 648 4174 Contra
690 4123 922 4175 Arianos
969 4124 1093 4177 ait:
1143 4125 1316 4188 Sicut,
1365 4126 1559 4196 inquit,
1595 4144 1658 4181 ex
1715 4128 1825 4183 lleo
1878 4131 2021 4183 Deus

449 4224 550 4276 est,
573 4225 628 4266 et
648 4230 714 4267 ex
748 4216 991 4282 sapiente
1022 4216 1258 4283 sapiens,
1295 4227 1348 4270 et
1379 4233 1443 4270 ex
1486 4203 1749 4272 rationem
1791 4220 2022 4273 habente

449 4305 640 4369 Λόγος,
668 4304 720 4357 id
749 4315 831 4359 est
863 4305 1024 4368 ratio,
1071 4307 1184 4360 sive
1211 4304 1485 4371 Verbum,
1525 4319 1577 4361 et
1610 4323 1677 4361 ex
1724 4306 1882 4362 Patre
1932 4309 2023 4362 Fi-

454 4395 596 4455 lius;
657 4396 739 4449 sic
794 4411 861 4450 ex
915 4411 1170 4464 persona,
1209 4412 1494 4466 personam
1553 4399 1790 4463 habens;
1845 4409 1899 4451 et
1956 4416 2018 4452 es

2111 3221 2302 3280 Filium
2338 3223 2389 3274 in
2423 3221 2602 3274 Patre.
2649 3217 2880 3272 Sanctus
2911 3217 3170 3286 Cyrillus,
3206 3218 3256 3268 in
3299 3215 3566 3280 capitibus
3606 3212 3676 3263 Ile

2111 3310 2316 3378 Spiritu
2363 3317 2546 3362 sancto
2589 3321 2606 3358 :
2661 3305 2953 3373 lteperitur
2986 3299 3182 3359 alicubi
3237 3304 3518 3368 scriptum,
3571 3301 3680 3353 imo

2112 3395 2243 3449 dicit
2276 3397 2462 3448 beatus
2493 3393 2729 3448 Joannes
2770 3392 3096 3461 evangelista
3128 3409 3139 3444 :
3182 3390 3244 3444 In
3278 3390 3372 3442 hoc
3410 3391 3680 3456 cognosci-

2113 3504 2229 3541 mus
2268 3488 2404 3555 quod
2432 3489 2486 3539 in
2533 3486 2680 3537 nobis
2716 3494 2791 3538 est
2839 3485 2998 3546 Deus,
3027 3499 3090 3535 ex
3135 3481 3334 3547 Spiritu
3364 3496 3514 3549 quem
3542 3479 3683 3530 dedit

2114 3580 2260 3631 nobis
2288 3580 2368 3640 “;
2407 3589 2460 3630 et
2512 3593 2699 3632 rursus
2747 3595 2758 3629 :
2797 3574 2862 3628 lu
2905 3577 3002 3627 ItOC
3040 3574 3397 3642 Cognoscimus
3448 3570 3586 3637 quod
3632 3570 3682 3619 in

2113 3673 2225 3738 ipso
2263 3685 2556 3730 manemus,
2591 3680 2637 3721 et
2669 3670 2778 3734 ipse
2809 3670 2862 3720 in
2897 3667 3064 3723 nobis.
3097 3665 3234 3734 quod
3262 3681 3325 3717 ea:
3352 3663 3556 3727 Spiritu
3592 3679 3686 3715 suo

2113 3761 2257 3814 dedit
2291 3761 2437 3813 nobis
2466 3759 2535 3814 ⁸⁷.
2572 3759 2630 3814 Si
2683 3760 2848 3828 igitur
2889 3759 3167 3811 habitante
3212 3758 3262 3808 in
3293 3755 3454 3808 nobis
3483 3751 3687 3820 Spiritu

2117 3867 2214 3919 per
2252 3852 2746 3919 participationem,
2794 3849 2934 3904 Deus
2980 3858 3062 3902 est
3103 3849 3192 3906 qni
3242 3847 3469 3908 habitat,
3505 3855 3560 3897 et
3595 3861 3692 3909 nos

2118 3957 2309 3996 sumus
2340 3943 2392 3994 in
2426 3942 2567 4006 ipso,
2595 3951 2649 3993 et
2688 3942 2801 4010 ipse
2830 3955 3020 3992 rursus
3051 3941 3102 3991 in
3136 3938 3313 4000 nobis,
3346 3937 3469 4000 quia
3518 3937 3688 4003 Spiri-

2122 4045 2231 4087 tum
2267 4032 2490 4085 ferimns
2511 4072 2526 4097 ,
2554 4032 2828 4098 quomodo
2853 4030 3086 4098 Spiritus
3115 4045 3220 4082 non
3252 4029 3355 4083 erit
3381 4028 3542 4092 Dens,
3567 4044 3690 4080 cum

2123 4121 2317 4175 habeat
2349 4122 2402 4174 in
2435 4136 2496 4177 se
2519 4121 2821 4175 secundum
2855 4121 3217 4180 substantiam
3252 4127 3418 4173 totam
3449 4116 3693 4185 proprie-

2124 4225 2289 4267 tatem
2342 4215 2433 4266 Dei
2483 4213 2684 4276 Patris,
2717 4214 2874 4281 cujus
2914 4213 3150 4281 Spiritus
3191 4227 3286 4281 per
3311 4211 3508 4265 Filium
3543 4225 3698 4263 crea-

2129 4318 2259 4359 tura:
2283 4307 2574 4360 tribuitur?
2605 4306 2831 4376 Magnus
2864 4303 3174 4375 Dionysius,
3198 4319 3320 4373 cap.
3352 4303 3385 4358 5
3409 4303 3484 4356 De
3509 4304 3697 4355 divinis

2127 4399 2470 4451 nominibus:
2500 4392 2840 4465 Exetnpiaria
2875 4410 3003 4449 vero
3045 4395 3275 4448 dicimus
3308 4409 3430 4448 esse
3462 4394 3702 4459 rationes

388 4503 431 4567 “
454 4485 757 4538 substantia
813 4486 1209 4550 substantialis,
1262 4486 1733 4556 substantiamque
1781 4489 2023 4554 habens;
2053 4471 2105 4530 Ῑ)
2133 4503 2314 4544 rerum
2365 4489 2418 4541 in
2453 4488 2581 4550 Deo,
2629 4487 2936 4540 eﬂectrices
2967 4487 3419 4543 substantiarum,
3467 4495 3521 4537 et
3552 4484 3703 4534 tittiit:

453 4584 507 4628 ct
549 4590 614 4628 ex
648 4575 948 4630 exsisteute
995 4577 1286 4631 exsistens.
1342 4578 1401 4631 S.
1449 4577 1682 4648 Cyrilius
1741 4580 1877 4635 libro
1937 4597 2026 4635 xiv

457 4664 846 4719 Thesaurorum
881 4682 900 4719 :
947 4665 1169 4732 Paulus,
1220 4669 1418 4738 inquit,
1457 4685 1580 4724 cum
1609 4673 1740 4725 dicit
1787 4675 2032 4742 proprie-

457 4767 595 4808 tates
633 4757 907 4811 naturales
941 4767 996 4811 et
1031 4760 1437 4825 Substantiales,
1471 4777 1588 4827 qua:
1644 4763 1693 4813 in
1734 4763 1838 4815 Deo
1869 4766 2029 4819 Patre

455 4858 604 4913 sunt,
635 4850 716 4901 sic
743 4849 818 4900 ait
845 4865 858 4902 :
903 4848 1007 4912 Qui
1038 4851 1183 4902 solus
1213 4850 1363 4902 habet
1402 4852 1854 4906 immortalitatem
1877 4855 1944 4906 ³⁷.
1972 4856 2027 4908 Si

458 4956 588 5007 ergo
625 4939 757 4993 nihil
791 4941 935 4992 aliud
977 4941 1245 5008 quispiam
1298 4941 1516 4994 deliniet
1547 4957 1669 4996 es~e
1705 4945 2027 4999 immortali-

463 5041 645 5089 tatem,
683 5030 784 5083 nisi
823 5028 1027 5095 vitam;
1059 5031 1169 5083 vita
1200 5042 1377 5084 autem
1412 5041 1494 5083 est
1527 5031 1718 5098 Filius,
1743 5034 1830 5100 qui
1862 5034 2026 5090 dicit:

531 5168 572 5199 "
604 5165 618 5217 l
646 5165 787 5220 Tim.
807 5165 995 5225 “.16.
1075 5165 1123 5196 ⁸⁸
1146 5165 1300 5219 Joan.
1346 5179 1457 5225 stv,
1499 5165 1552 5218 6.
1651 5165 1695 5196 "
1753 5165 1884 5221 ibid.

1075 5164 1123 5196 ⁸⁸
1146 5163 1300 5219 Joan.
1346 5179 1457 5230 stv,
1499 5162 1552 5218 6.
1651 5165 1695 5196 "

457 5239 501 5270 ⁸³
524 5237 678 5293 Joan.
703 5236 925 5304 vnt,12.

1002 5237 1048 5268 ⁸⁵
1078 5232 1277 5290 Jerem.
1301 5246 1362 5299 tt,
1403 5235 1487 5292 t3.

1984 5168 2029 5199 ⁸⁸
2063 5167 2221 5222 Rom.
2276 5184 2388 5229 xvi.
2453 5168 2545 5221 27.

1582 5233 1628 5265 “
1653 5233 1812 5289 Joan.
1834 5251 1888 5300 ν,
1918 5236 2009 5290 26.
2084 5237 2169 5292 ⁵⁸1
2194 5237 2471 5314 Joan..tn,
2496 5238 2587 5294 24.

2127 4580 2580 4648 ριέιξθιείειθηιεε,
2611 4594 2746 4647 quas
2793 4577 3228 4630 divinus'sermo
3266 4587 3423 4628 vocat
3455 4577 3703 4643 praetleit-

2126 4674 2384 4732 nitiones,
2405 4681 2458 4726 et
2493 4672 2707 4725 divinas
2730 4681 2893 4739 atque
2925 4672 3093 4723 bonas
3123 4671 3445 4732 voluntates,
3483 4682 3604 4734 qua:
3638 4681 3664 4718 a
3694 4669 3703 4714 i

2126 4765 2563 4833 distinguendum
2597 4773 2653 4816 et
2687 4755 3027 4817 eillciendmn
3054 4777 3117 4814 ea
3145 4775 3266 4828 qua:
3308 4770 3456 4823 sunt,
3493 4759 3706 4818 valent;

2127 4857 2424 4910 secundum
2462 4869 2596 4918 quas
2629 4855 2720 4920 qui
2751 4862 2836 4907 est
2876 4867 3039 4920 supra
3087 4848 3478 4907 substantiam,
3519 4861 3704 4898 omma

2131 4961 2250 5012 qua:
2281 4955 2428 5008 sunt,
2460 4943 2840 5011 pradelinivit,
2890 4954 2946 4997 et
2982 4941 3256 5011 produxit.
3313 4940 3430 5005 Quo
3486 4938 3538 4988 in
3589 4939 3707 4990 loco

2131 5037 2345 5089 divinus
2388 5033 2693 5089 Maximus:
2723 5033 3096 5102 Esemplaria,
3131 5030 3326 5099 inquit,
3367 5044 3489 5098 qua:
3516 5036 3716 5081 vocant

2620 5167 2657 5199 “
2701 5169 2875 5223 ICor.
2927 5185 2968 5229 ι.
3026 5167 3118 5220 24.
3196 5165 3242 5198 ⁸⁸
3276 5165 3292 5216 l
3322 5161 3465 5218 Tim.
3512 5177 3587 5223 Vt,
3625 5162 3712 5217 16·

2669 5239 2712 5270 ⁵⁷
2743 5238 2900 5292 «Ιοίιιι.
2947 5253 3020 5302 tv,
3050 5237 3134 5292 13.

1970 5351 2241 5418 Scholia.

539 5479 615 5547 (l‘)
658 5477 867 5546 Species
916 5489 963 5533 et
1015 5479 1264 5534 diuinitas
1310 5475 1527 5547 Patris.
1558 5473 1693 5547 Non,
1735 5485 1890 5529 vocat
1949 5478 2034 5531 hic

469 5546 727 5614 spectem,
759 5550 1066 5603 universale
1096 5550 1238 5614 quod
1280 5549 1344 5598 de
1375 5546 1620 5614 pluribus
1666 5546 2036 5601 dill'erentibus

470 5633 694 5673 numero
737 5619 1097 5686 pradicatur;
1145 5615 1451 5686 hujusmodi
1481 5617 1624 5686 enim
1661 5617 1870 5683 species
1900 5616 2036 5668 divi-

467 5689 633 5744 ditur.
669 5684 853 5756 Neique
883 5684 1332 5756 tigttratii‘VOCat;
1365 5684 1506 5756 Deus
1544 5685 1687 5738 enim
1720 5694 1868 5738 caret
1898 5686 2032 5750 ligu-

473 5771 569 5825 ra;
599 5757 691 5814 sed
715 5754 951 5828 speciem
975 5769 1131 5814 vocat
1161 5758 1409 5822 formam,
1446 5754 1499 5809 id
1539 5764 1643 5822 cst,
1673 5759 2031 5812 substantiam

2145 5495 2273 5552 vere
2313 5491 2366 5536 et
2405 5483 2644 5552 proprie,
2685 5496 2804 5549 qua:
2844 5496 2872 5533 a
2909 5481 3057 5552 nullo
3089 5479 3543 5552 scilicctpendet,
3577 5479 3724 5552 sit-ut

2144 5551 2345 5605 Paulus
2373 5549 2526 5605 vocat
2573 5553 2803 5606 formam
2844 5552 2978 5605 Dei:
3013 5549 3115 5615 Qui
3142 5567 3259 5602 cum
3301 5551 3354 5602 in
3394 5552 3589 5615 lorum,
3638 5551 3724 5613 it.-

2143 5623 2281 5686 quit,
2315 5621 2409 5674 Dei
2442 5631 2590 5676 esset.
2630 5622 2684 5675 In
2718 5622 2818 5676 hac
2841 5621 3244 5692 signiﬁcatione
3278 5621 3460 5690 posuit
3484 5618 3573 5672 hic
3599 5634 3725 5687 spe-

2143 5692 2280 5745 ciem
2315 5693 2663 5749 Athanasius.
