4446 6450
803 374 902 437 051
968 416 971 418 -

1958 387 2279 446 JO.\.\'NIS
2311 391 2869 453 crtutttssurm
2921 463 2925 468 η

3928 392 4034 455 95!

806 483 1102 550 itleas.jam
1130 485 1345 550 quidem
1375 491 1618 555 superius
1652 493 2066 558 decltravimns,
2093 498 2361 562 quomodo
2400 509 2435 558 κ
2467 513 2560 565 per
2591 514 2651 553 se
2699 499 3039 560 exsisteutia,
3089 508 3140 552 ct
3193 508 3350 564 Supra
3400 498 3792 562 substantiam;
3832 499 3940 554 imo
3979 515 4033 556 ct

803 573 1164 638 deliniantur;
1225 579 1431 631 scilicet
1487 583 1759 635 notionem
1814 601 1908 653 per
1956 601 2014 640 se
2070 587 2364 654 perfectam

801 674 1062 717 aeternam
1085 667 1267 719 :rtcrni
1294 667 1383 720 Dei
1412 679 1606 723 vocant
1636 674 1828 736 idenm,
1856 676 1905 727 id
1937 687 2038 737 est,
2066 677 2360 745 exemplar.

799 754 898 812 llic
951 764 1126 807 tamen
1181 757 1433 822 explanat
1492 760 1774 830 Dionysius
1827 766 2190 833 Scripturam,
2244 784 2362 821 cum

802 847 951 898 ideas
974 857 1120 898 vocat
1144 851 1619 914 prtedtlinitiones,
1644 855 1954 920 significans
1976 859 2204 911 obscure
2223 860 2362 911 Pan-

799 933 1046 995 lum,qui
1083 935 1133 985 in
1181 937 1406 1001 cpistola
1449 940 1513 991 ad
1547 940 1822 996 Romanos
1861 946 1937 997 ait
1968 963 1982 998 :
2017 947 2162 1012 Quos
2189 960 2362 1000 autaut

798 1025 1168 1090 unedo/inicit.
1209 1029 1321 1080 sive
1369 1031 1786 1096 pra-destinauit,
1828 1037 1920 1088 hos
1965 1048 2010 1088 et
2067 1039 2266 1090 vocavit
2295 1039 2360 1090 ".

800 1114 862 1162 Ισῖι
891 1114 1017 1166 al;hi
1050 1131 1064 1162 :
1103 1114 1211 1179 Qui
1235 1119 1626 1181 prwdestinovit
1661 1139 1752 1175 nos
1783 1125 1836 1176 in
1865 1127 2130 1179 voluntate
2175 1145 2272 1180 sua
2295 1129 2359 1179 δ’.

763 1263 770 1268 _
802 1202 1144 1255 Vulttntatem
1177 1206 1346 1266 enim,
1383 1218 1436 1261 et
1470 1212 2020 1279 pra-destinationem,
2055 1217 2170 1269 sive
2220 1233 2361 1284 prai-

792 1291 1159 1345 del‘tnitionem
1217 1296 1368 1350 ideas
1398 1310 1450 1349 et
1481 1302 1808 1364 exemplaria
1862 1304 2011 1357 dicit.
2055 1305 2115 1357 Et
2168 1306 2360 1358 iterum

792 1399 1018 1448 magnus
1065 1384 1365 1454 Dicttysius,
1411 1403 1530 1456 cap.
1555 1390 1607 1450 7,
1640 1391 1710 1442 De
1743 1393 1936 1445 eisdem
1968 1395 2155 1447 divinis
2193 1399 2362 1448 nomi-

790 1474 943 1524 nibus
978 1490 996 1525 .'
1035 1475 1266 1527 Vctiutm
1319 1479 1406 1530 Dei
1447 1479 1696 1532 laudatur
1745 1497 1772 1532 a
1825 1485 1993 1534 sacris
2042 1484 2355 1549 Scripturis,

792 1578 899 1612 nun
933 1563 1108 1614 solum
1139 1565 1262 1632 quia
1299 1567 1522 1620 rationis
1550 1577 1602 1621 et
1633 1571 1828 1622 mentis
1858 1580 1907 1624 et
1935 1573 2216 1639 sapientiae
2257 1575 2360 1626 lar-

788 1650 931 1711 uitur
962 1661 1083 1715 est;
1136 1653 1226 1703 sed
1261 1654 1384 1718 quia
1414 1669 1610 1708 causas
1643 1659 1884 1711 omnium
1925 1659 1977 1711 in
2014 1677 2070 1711 sn.
2105 1661 2221 1728 ipso
2255 1677 2357 1715 una

795 1740 961 1791 forma
1017 1743 1092 1806 (α)
1153 1743 1508 1812 anticipavit;
1563 1757 1615 1799 et
1654 1749 1775 1815 quia
1833 1743 2134 1816 perutnnia
2192 1764 2354 1813 meat,

789 1831 1108 1894 pervadens.
1132 1835 1273 1886 sit-ut
1304 1835 1376 1886 ait
1421 1834 1718 1903 Scriptura.
1751 1854 1925 1906 usque
1961 1842 2026 1893 ad
2058 1841 2215 1894 linem
2242 1859 2354 1896 om-
2386 1831 2432 1889 Β
2463 1853 2692 1906 minibus

788 1918 972 1972 niam:
1008 1929 1061 1972 et
1093 1921 1430 1986 potissimum
1467 1925 1593 1990 quia
1627 1922 1863 1978 Verbum
1912 1926 2001 1979 Dei
2039 1945 2198 1996 supra
2243 1947 2359 1984 om-

786 2023 906 2061 nem
938 2009 1348 2079 simplicitatem
1385 2015 1612 2084 simplex
1643 2027 1746 2082 est,
1793 2028 1842 2071 et
1879 2020 1946 2073 ab
1986 2025 2237 2076 omnibus
2264 2039 2356 2077 su-

787 2114 879 2158 pra
913 2103 1090 2153 omnia
1131 2117 1296 2168 supra
1325 2106 1682 2159 substantiam
1717 2107 2019 2163 absolutum
2057 2122 2160 2166 est.
2185 2113 2353 2179 Quem

786 2187 962 2241 locum
995 2192 1306 2246 edisseri-ns
1335 2197 1389 2248 S.
1429 2195 1731 2249 Maximus:
1766 2196 2108 2266 Nominatur,
2157 2205 2350 2269 inquit,

792 2275 1030 2334 Verbum
1060 2281 1149 2335 Dei
1178 2284 1370 2350 Λόγος,
1401 2286 1450 2338 id
1482 2297 1565 2340 est
1590 2291 1743 2352 ratio,
1773 2291 1895 2358 quia
1925 2293 2083 2346 habet
2113 2294 2351 2345 omnium

782 2385 975 2425 causas
1011 2373 1060 2424 in
1096 2389 1184 2436 se;
1226 2377 1467 2430 rationes
1496 2379 1642 2430 enim
1678 2381 1854 2434 omnis
1896 2391 2102 2435 natura:
2135 2383 2185 2436 in
2235 2384 2352 2452 ipso

780 2472 910 2524 sunt
937 2473 1193 2532 tauquam
1227 2468 1277 2520 in
1304 2483 1464 2522 causa
1491 2471 1669 2525 omnis
1692 2474 2017 2538 creationis;
2052 2489 2148 2544 per
2174 2477 2348 2544 ipsmn

779 2555 924 2606 enim
973 2557 1153 2609 onmia
1191 2576 1204 2622 ;
1233 2558 1367 2611 idea:
1399 2575 1630 2627 namque
1661 2572 1714 2616 et
1747 2565 2074 2633 exemplaria
2107 2567 2158 2619 in
2211 2568 2348 2636 ipso,

779 2658 886 2698 non
917 2645 1018 2700 alia
1054 2648 1105 2701 iu
1137 2649 1277 2714 alio;
1310 2653 1405 2703 sed
1439 2662 1657 2707 aternaz
1699 2655 1949 2710 notiones
1983 2668 2128 2723 sunt,
2172 2668 2226 2713 et
2258 2675 2350 2714 ra-

778 2735 957 2790 tiones
991 2735 1254 2794 facientes
1286 2743 1491 2795 omnia.
1542 2743 1613 2796 Ex
1647 2745 1845 2814 quibus
1879 2747 1936 2801 iit
1977 2748 2346 2813 manifestum,

777 2829 920 2893 quod
975 2829 1026 2883 in
1079 2829 1367 2897 Tt-iuitate,
1420 2848 1539 2900 qua:
1591 2851 1752 2906 supra
1813 2841 2172 2895 substantiam
2228 2853 2343 2908 est,

775 2934 938 2974 omne
986 2924 1128 2988 quod
1190 2939 1286 2991 per
1329 2939 1391 2980 se
1427 2941 1532 2979 non
1565 2937 1650 2980 est
1702 2930 2026 2996 substantia,
2061 2945 2114 2987 et
2162 2949 2257 3002 per
2287 2949 2347 2989 se

776 3027 883 3066 non
915 3014 1149 3080 exsistit,
1173 3016 1406 3084 ejectum
1433 3025 1485 3069 et
1515 3019 1797 3073 exclusum
1827 3030 1946 3087 est;
1975 3023 2018 3076 si
2059 3026 2186 3093 quid
2216 3041 2345 3080 vero

2468 591 2648 641 omnia
2677 589 3004 654 exemplaria
3053 589 3105 641 in
3152 589 3280 648 Deo.
3315 600 3366 638 ct
3406 589 3644 642 rationes
3674 593 3914 642 omnium
3949 608 4034 643 re-

2468 695 2582 732 rmn
2633 679 2890 747 implicite
2921 692 3086 730 unmn
3119 678 3352 733 Verbum
3389 678 3479 732 Dei
3525 687 3670 742 sunt,
3703 682 3847 746 quod
3906 682 4026 734 illas

2467 770 2519 820 in
2552 783 2610 823 se
2654 770 2814 823 habet
2845 778 3103 832 tanquam
3138 783 3244 822 non
3290 769 3394 822 alia
3427 769 3478 821 in
3525 769 3663 831 alio;
3691 785 3854 821 unum
3885 771 4028 822 enim

2465 869 2548 909 cst
2580 859 2916 923 unigenitum
2950 859 3042 912 Dei
3088 858 3352 922 Verbum;
3382 868 3437 912 et
3479 875 3582 910 una
3624 861 3891 923 sapientia
3931 862 4020 913 Dei

2466 949 2657 1013 Patris,
2693 951 2924 1019 Spiritus
2957 951 3072 1020 ejus
3097 967 3256 1017 supra
3287 966 3444 1018 quam
3471 959 3712 1005 sanctus.

3056 1061 3285 1116 CAPUT
3343 1061 3433 1114 IX.

2465 1169 2612 1232 Quod
2643 1171 2693 1223 in
2729 1170 2986 1223 Trinitate
3022 1182 3212 1231 prater
3244 1180 3347 1222 (res
3382 1186 3632 1233 personas
3661 1170 3888 1229 divinas.
3916 1189 4030 1232 qua:

2537 1256 2638 1290 non
2685 1242 3099 1301 reciprocantur,
3147 1242 3267 1305 quia
3325 1239 3482 1290 Pater
3541 1255 3642 1290 non
3707 1250 3783 1290 est
3841 1240 4028 1299 Filius,

2536 1323 2695 1366 neque
2725 1305 2892 1361 Filius
2928 1307 3099 1361 Pater.
3133 1309 3263 1360 uiltil
3293 1319 3367 1360 est
3395 1307 3533 1373 quod
3578 1323 3679 1358 non
3706 1308 3772 1359 sit
3803 1312 4028 1360 alterum

2536 1376 2754 1428 alterius
2795 1379 3041 1430 essentia.
3079 1376 3200 1428 Vita
3235 1379 3370 1427 enim
3435 1375 3559 1427 Filii
3614 1391 3713 1425 non
3761 1388 3837 1427 est
3880 1379 4026 1428 aliud

2533 1455 2726 1508 prteler
2769 1447 3108 1502 Patrent:-et
3155 1461 3358 1497 rursus.
3407 1445 3508 1494 vita
3560 1439 3740 1493 Patris
3797 1463 3897 1496 non
3953 1457 4030 1497 cst

2533 1513 2683 1563 aliud
2723 1523 2914 1579 prtetrr
2957 1513 3173 1571 Filium,
3207 1514 3455 1564 similiter
3488 1514 3540 1560 in
3575 1510 3775 1570 Spiritu
3807 1525 3987 1565 sancto
4017 1532 4028 1543 -

2535 1591 2583 1634 et
2634 1583 2728 1633 hoc
2770 1593 2844 1633 est
2876 1584 3110 1633 incedere
3151 1598 3394 1642 personas
3423 1580 3642 1646 deificas
3680 1597 3769 1644 per
3800 1600 3854 1634 se
3889 1586 4030 1650 ipsas

2531 1660 2579 1702 et
2611 1652 2662 1702 in
2691 1668 2744 1702 se
2766 1651 2890 1715 ipsis
2919 1651 3176 1702 vicissim.

2531 1760 2752 1826 Magnus
2785 1761 3072 1829 Dionysius
3110 1763 3284 1827 capite
3316 1763 3580 1825 secundo,
3613 1764 3688 1817 De
3712 1766 3903 1818 diuinis
3941 1782 4027 1816 no-

2735 1867 2753 1904 :
2801 1851 2856 1905 In
2902 1853 3102 1915 divina,
3139 1853 3331 1920 inquit,
3366 1853 3418 1905 in
3455 1869 3622 1907 unum
3656 1856 4024 1923 copulatione.

2464 1941 2512 1993 id
2545 1951 2651 2004 est,
2685 1941 2738 1994 in
2770 1941 3073 1995 substantia
3113 1957 3276 2008 supra
3316 1944 3676 1997 substantiam
3713 1946 4022 2008 capulatnm

2458 2029 2678 2099 quidem
2718 2040 2771 2084 et
2817 2046 3104 2086 commune
3157 2031 3210 2084 in
3257 2031 3552 2096 Trinitate;
3584 2047 3702 2100 qua
3745 2042 3827 2086 est
3857 2048 4022 2086 unmn

2456 2122 2695 2174 omnium
2729 2122 3083 2190 principium.
3137 2123 3372 2176 essentia
3413 2134 3516 2188 est,
3559 2138 3682 2191 quae
3727 2133 3810 2178 est
3859 2140 4023 2191 supra

2457 2212 2854 2274 substantiam;
2908 2213 3164 2266 divinitas
3195 2229 3356 2282 supra
3388 2215 3725 2268 divinitatem
3764 2214 3842 2280 (ι)
3863 2233 3900 2292 ς,
3929 2216 4024 2268 bo-

2457 2303 2598 2356 nitas
2631 2318 2793 2368 supra
2826 2302 3050 2367 bonum,
3078 2304 3216 2358 idem
3250 2319 3408 2373 supra
3446 2306 3626 2359 omnia
3660 2307 3712 2358 in
3745 2314 3852 2358 tota
3897 2323 4020 2374 pro-

2455 2395 2706 2462 prietate,
2743 2409 2862 2464 qnte
2912 2410 3070 2462 supra
3118 2396 3301 2448 omnia
3355 2405 3440 2449 est
3488 2396 3821 2462 (2);.unitas
3855 2414 4016 2466 supra

2453 2487 2716 2542 unitatem
2785 2486 3134 2554 principalem
3186 2486 3301 2553 (5i.
3364 2487 3671 2551 ineifabilis.
3729 2491 4017 2543 multarum

2451 2590 2665 2639 vocum,
2709 2577 2976 2645 ignoratio
3018 2577 3121 2646 (ι).
3150 2591 3214 2629 ex
3243 2577 3388 2631 omni
3429 2578 3758 2633 intellectilis
3779 2581 3879 2648 (5),
3904 2596 4018 2633 om-

2451 2668 2599 2720 nium
2639 2669 2854 2736 positio,
2883 2669 3122 2721 omnium
3149 2670 3407 2738 demptio,
3446 2685 3606 2738 supra
3637 2685 3850 2724 omnem
3875 2671 4020 2735 posi-

2452 2758 2739 2821 tionem,et
2764 2759 3145 2822 demptionem,
3167 2759 3468 2812 divinarmn
3489 2775 3840 2828 personarum
3872 2761 3925 2812 in
3957 2775 4016 2814 se

2453 2849 2607 2917 ipsis,
2640 2849 2684 2901 si
2739 2849 2812 2902 ita
2867 2849 3011 2916 loqui
3053 2851 3155 2913 ,i'as
3205 2860 3287 2904 est
3337 2850 3434 2919 (6),
3471 2863 3659 2905 mutua
3693 2852 3926 2915 mansio,
3961 2862 4019 2904 et

2449 2942 2759 3004 collocatio,
2790 2942 2840 2995 in
2876 2951 3045 2994 totum
3075 2957 3408 3013 supraquam
3438 2944 3686 3010 copulata
3727 2945 3779 2998 in
3821 2959 4012 3006 unum,

2455 3047 2560 3086 non
2591 3032 2817 3086 confusa
2861 3033 2911 3086 in
2944 3045 3100 3100 parte
3127 3035 3270 3098 ulla;
3303 3036 3442 3088 sicut
3475 3034 3675 3089 lumina
3706 3035 4013 3102 lampadem

772 3116 855 3158 cst
886 3107 938 3158 in
977 3122 1063 3170 ea,
1118 3110 1422 3164 substantia
1470 3119 1576 3176 est,
1619 3121 1674 3165 et
1719 3129 1814 3180 per
1851 3130 1909 3168 se
1943 3106 2233 3182 exsistens,
2268 3122 2347 3174 id-
2369 3159 2415 3220 ο
2449 3125 2528 3192 (ιιι
2566 3125 2828 3192 exemplis
2859 3123 2958 3177 sub
2983 3139 3199 3178 sensum
3231 3125 3549 3179 cadentibus
3570 3135 3623 3180 et
3655 3126 4015 3186 familiaribus

773 3198 922 3249 circo
951 3212 1115 3252 omne
1145 3202 1287 3268 quod
1317 3213 1394 3254 est
1432 3201 1541 3255 Deo
1566 3204 1708 3258 Patri
1739 3207 1988 3262 naturale
2017 3219 2069 3262 et
2091 3215 2344 3266 snbstan-
2370 3198 2415 3222 υ
2449 3217 2594 3284 utar)
2621 3231 2743 3284 quae
2788 3225 2914 3270 sunt
2949 3217 3004 3270 in
3038 3233 3139 3270 una
3173 3221 3374 3285 domo;
3419 3227 3475 3272 et
3524 3229 3634 3273 tota
3687 3229 3814 3275 sunt
3859 3221 3914 3274 in
3954 3235 4016 3277 se

772 3291 921 3355 tiale,
959 3289 1129 3346 Filius
1157 3304 1262 3357 est,
1300 3303 1352 3347 et
1397 3293 1630 3364 Spiritus
1667 3310 1914 3361 sanctus,
1967 3302 2168 3356 lumina
2225 3305 2346 3375 ejus

818 3437 887 3488 ἰο
912 3456 1068 3514 κομι,
1093 3475 1210 3522 \‘lll,
1244 3460 1334 3516 50.
1413 3461 1458 3491 δ’
1497 3461 1697 3530 Ephcs.
1721 3479 1757 3523 ι.
1790 3461 1840 3517 5.

2446 3309 2575 3363 totis
2601 3309 2864 3371 vicissim.
2890 3324 2996 3366 non
3027 3311 3318 3378 permista;
3349 3327 3413 3368 ac
3441 3327 3535 3380 per
3563 3314 3908 3367 seexsistunt
3933 3313 4012 3381 (7)

2288 3554 2559 3617 Scholia.

795 3707 803 3714 -
837 3682 913 3746 (ι)
949 3681 1206 3735 Dii-initas
1241 3682 1526 3752 ὕπὲρθεος,
1561 3684 1611 3735 id
1638 3692 1740 3743 est.
1763 3696 2089 3750 supraquam
2124 3682 2332 3746 divina,

767 3767 928 3814 supra
973 3753 1340 3811 divinitatem.
1379 3755 1583 3805 scilicet
1629 3762 1901 3814 creatam;
1951 3767 2136 3805 eorum
2189 3752 2337 3809 dico.

764 3823 830 3870 de
863 3821 1056 3880 qubus
1085 3821 1341 3888 scriptum
1387 3833 1507 3875 est:
1546 3820 1654 3889 qu
1693 3821 1824 3884 dixi,
1860 3821 1946 3874 Dii
1977 3821 2122 3874 estis.
2163 3820 2336 3876 (Psal.

761 3904 942 3954 Lxxxt.
966 3891 1044 3957 6.)
1074 3891 1215 3945 Deus
1238 3892 1376 3944 enim
1409 3901 1492 3946 est
1517 3895 1602 3958 qui
1633 3893 1749 3944 illos
1779 3890 2103 3949 sanctificat.
2131 3901 2185 3942 et
2211 3889 2340 3944 facit

763 3964 894 4014 deos
927 3975 1024 4025 per
1055 3961 1529 4028 participationem
1558 3977 1572 4013 :
1610 3961 1754 4012 unde
1786 3961 1983 4014 divinae
2023 3974 2266 4025 persoum
2307 3976 2334 4011 a

762 4029 1021 4098 ilinnysio
1046 4040 1101 4084 et
1134 4046 1163 4083 a
1201 4029 1457 4084 Patribus
1492 4039 1753 4084 vocantur
1782 4029 2092 4098 θεαρχικᾳὶ.
2137 4030 2186 4081 id
2226 4039 2331 4092 est,

761 4097 1002 4162 unum;
1033 4110 1086 4154 ct
1107 4099 1341 4163 Spiritus
1365 4111 1587 4154 sanctus
1618 4108 1842 4154 vocatur
1876 4097 2140 4165 ὁπέρθεον
2172 4099 2337 4150 π·υεῦ-

763 4186 860 4231 μσ,
886 4170 986 4223 hoc
1001 4178 1104 4235 est,
1136 4169 1371 4238 Spiritus
1400 4185 1557 4237 supra
1577 4171 1730 4232 deos,
1759 4185 1892 4237 quos
1911 4169 2116 4222 scilicet
2138 4169 2338 4222 sancti-

759 4239 978 4292 i'ieaudo
1013 4239 1140 4293 facit
1170 4243 1321 4302 deos,
1359 4240 1474 4294 sive
1512 4242 1565 4293 in
1596 4240 1758 4301 casio,
1791 4240 1907 4292 sive
1940 4239 1992 4292 in
2024 4246 2189 4290 terra.

833 4308 910 4377 (Ξ)
950 4307 1098 4362 Idm
1119 4326 1279 4375 supra
1305 4311 1479 4362 omnia
1511 4311 1565 4362 in
1599 4318 1708 4362 tota
1736 4309 2054 4377 praprietate
2089 4322 2204 4374 qam
2237 4324 2332 4360 stt-

759 4395 857 4448 ητα
908 4381 1086 4432 omnia
1119 4389 1216 4432 est.
1260 4379 1399 4431 Sunt
1433 4379 1791 4448 proprietates
1822 4377 2202 4448 substantiales
2231 4393 2334 4429 ere-

758 4446 793 4501 ti
817 4465 881 4497 un
920 4465 970 4500 ιιι
998 4449 1262 4502 creaturis
1288 4446 1549 4514 cuiusque
1576 4450 1796 4515 speciei,
1831 4458 1882 4500 ut
1917 4447 2178 4500 rationale
2206 4462 2329 4514 pro-

757 4519 967 4583 prietas
1019 4509 1391 4570 substantialis
1449 4509 1502 4571 in
1557 4509 1813 4582 homine";
1849 4519 1901 4570 in
1952 4515 2156 4583 angelis
2206 4509 2332 4569 sunt

759 4602 794 4653 p
827 4590 1120 4647 oprietates
1167 4602 1356 4638 eorum
1405 4587 1788 4641 substantiales
1835 4585 2079 4648 eadem;
2118 4586 2169 4637 in
2210 4587 2333 4637 aui-

757 4659 1030 4710 tna-ttibus
1063 4658 1186 4710 aliis
1239 4671 1350 4709 sua:
1375 4657 1499 4709 item
1553 4657 1914 4725 proprietates
1951 4655 2333 4725 substantiales

755 4731 1007 4786 malem;
1061 4737 1113 4777 et
1163 4726 1216 4779 in
1273 4726 1394 4777 aliis
1445 4724 1666 4778 naturis
1700 4725 1995 4778 similiter:
2046 4724 2138 4777 sed
2199 4726 2335 4776 ratio

755 4796 1126 4861 proprietatis,
1159 4804 1208 4846 ct
1251 4793 1389 4845 ratio
1421 4795 1661 4863 ejusdem
1702 4793 2048 4863 proprietatis
2084 4794 2135 4844 in
2183 4807 2332 4845 crea.

755 4865 893 4917 turis
924 4880 1032 4917 non
1069 4873 1246 4931 potest
1275 4867 1578 4931 comparari
1614 4881 1733 4916 cum
1767 4863 2185 4930 proprietatibus
2210 4864 2355 4915 sub-'

753 4936 969 4987 attolle
999 4937 1216 4998 divinm,
1249 4941 1302 4986 ct
1332 4951 1452 4984 cum
1483 4935 1764 4987 idcuiitate
1803 4947 1990 4985 earutu
2019 4951 2031 4983 :
2067 4933 2146 4984 itte
2186 4933 2331 4983 enim

751 5019 778 5054 s
803 5018 874 5053 Illi
913 5019 1028 5056 διιιιι
1064 5004 1362 5056 tliﬂ'ercntia
1399 5003 1449 5055 iu
1484 5019 1538 5056 re
1591 5006 1704 5069 ipsa
1759 5003 1942 5055 divina
1993 5001 2332 5054 substantia:

751 5075 894 5125 mule
917 5087 1161 5141 persona:
1185 5076 1379 5127 divin:
1393 5083 1662 5127 vocantur
1688 5088 1717 5126 a
1743 5070 2000 5141 Dionysio
2020 5070 2333 5141 μονοειδεῖς.

751 5143 804 5202 id
846 5154 950 5198 cst.
990 5143 1311 5207 uniformes,

827 5214 902 5280 (fi)
957 5211 1142 5266 Uuitas
1187 5231 1350 5281 supra
1377 5215 1632 5267 unitatem
1673 5210 2060 5279 principialent.
2096 5208 2230 5281 Quia
2281 5209 2332 5263 in

752 5286 1022 5335 t'r-':tittt'i$
1071 5280 1336 5349 reperitur
1387 5299 1552 5336 unum
1585 5322 1601 5346 ,
1652 5283 1794 5349 quod
1838 5281 2001 5333 habet
2067 5280 2331 5333 rationem

754 5354 1025 5426 principii,
1081 5363 1138 5408 ιιι
1187 5355 1237 5406 ιιι
1272 5355 1397 5426 igne
1421 5363 1505 5426 est
1537 5367 1702 5426 unum
1733 5350 2052 5426 principium
2096 5349 2334 5426 caloris;

756 5419 807 5473 in
849 5419 964 5475 sole
1001 5439 1166 5475 unum
1201 5419 1523 5491 principium
1579 5422 1818 5483 luminis,
1855 5423 1968 5491 seti?
1995 5421 2046 5472 in
2100 5419 2184 5472 his
2235 5433 2332 5472 nec

754 5501 958 5556 mutas,
993 5507 1169 5561 neque
1197 5490 1339 5545 ratio
1385 5493 1634 5559 principii
1667 5490 1971 5561 comparari
2005 5500 2179 5554 potest
2207 5503 2328 5543 cum

753 5580 784 5628 ιι
818 5560 1174 5632 attrit-tatibus
1199 5564 1320 5618 istis
1358 5563 1606 5633 principii
1649 5560 1840 5626 divini.

822 5743 892 5816 (of
931 5737 988 5795 id
1018 5744 1122 5814 est,
1156 5737 1272 5793 sine
1307 5735 1410 5791 ulla
1445 5734 1858 5811 compositione.

2507 3685 2584 3748 (ι)
2628 3682 2922 3752 Ignoratio.
2958 3683 3356 3750 lgnoratlonem
3410 3696 3565 3740 vocat
3605 3688 3894 3755 quamdam
3941 3689 4012 3741 ln-

2437 3755 2736 3812 scieutiam,
2786 3768 2906 3820 quae
2939 3763 3020 3804 cst
3065 3756 3309 3819 quaedam
3362 3758 3596 3810 tenebrae
3637 3759 3869 3820 animae;
3920 3761 4013 3811 sed

2436 3824 2618 3875 relicta
2667 3824 2812 3873 omni
2859 3824 3185 3881 cogitatione
3231 3831 3407 3876 rerum
3451 3836 3818 3889 externarum,
3867 3829 4011 3886 omni

2436 3891 2784 3964 intelligentia
2821 3893 3177 3964 a_proposito
3238 3894 3433 3953 aliena,
3489 3895 3634 3948 uniri
3676 3897 3728 3948 in
3777 3899 4009 3964 quodam

2433 3962 2650 4015 silentio
2683 3960 2977 4014 secundum
3011 3962 3283 4015 meliorem
3312 3974 3518 4028 partem
3565 3979 3688 4018 cum
3725 3960 3832 4017 Deo
3861 3965 4016 4030 igno-

2440 4039 2496 4101 to
2527 4031 2670 4101 quid
2695 4031 2784 4101 sit.
2819 4029 2908 4098 qui
2943 4039 3025 4084 est
3070 4045 3232 4096 supra
3287 4047 3502 4086 omnem
3549 4029 3924 4101 cogitationem
3959 4045 4012 4089 et

2444 4100 2575 4152 nihil
2625 4099 2769 4152 aliud
2813 4103 3184 4164 cognoscendo
3233 4112 3286 4153 et
3337 4099 3786 4170 contemplando.
3844 4119 4008 4169 supra

2440 4180 2671 4239 mentem
2719 4184 3042 4239 cognoscere
3077 4180 3129 4220 et
3166 4172 3541 4237 contemplari,
3581 4181 3644 4239 nt
3699 4172 4006 4239 Dionysius.

2436 4237 2491 4291 in
2539 4236 2761 4307 Mystica
2803 4237 3057 4308 theologia
3083 4278 3098 4300 ,
3124 4255 3241 4304 cap.
3277 4239 3327 4298 i.
3361 4236 3542 4294 tradit.
3579 4238 3701 4294 "rec
3745 4236 4008 4308 ignoratio

2437 4316 2624 4378 yocala
2657 4318 2737 4361 est
2770 4309 2820 4361 in
2858 4307 3043 4361 Exodo
3073 4310 3266 4378 caligo.
3303 4309 3352 4360 in
3379 4324 3540 4376 quam
3564 4307 3781 4363 dicitur
3803 4309 4010 4378 Moyses

2436 4377 2730 4444 ingressus.
2767 4389 2824 4428 ut
2863 4387 3080 4431 sanctus
3113 4377 3374 4431 Maximus
3408 4380 3632 4432 notavit.
3678 4378 3824 4430 lianc
3854 4377 4012 4436 uitio..-

2439 4460 2559 4498 nem
2582 4455 2730 4512 optat
2761 4447 3045 4514 Dionysius
3067 4447 3374 4502 Timotheo.
3410 4449 3460 4499 in
3483 4448 3745 4515 principio
3782 4447 4012 4516 Myitirrc

2435 4516 2728 4582 tlteologite,
2766 4516 2908 4568 unde
2947 4517 3137 4568 melius
3180 4531 3298 4568 eam
3341 4515 3463 4570 licet
3510 4515 3846 4583 intelligere.’
3875 4515 4012 4570 Unio

2431 4594 2610 4655 autem
2651 4599 2817 4655 supra
2857 4594 3088 4639 mentem
3124 4595 3224 4647 est,
3261 4599 3385 4639 cum
3426 4601 3576 4640 mens
3604 4601 3664 4640 se
3709 4587 3962 4653 relinquit
3995 4606 4008 4655 ;

2430 4653 2690 4720 relinquit
2721 4653 2901 4706 aut'cm
2936 4669 3020 4713 se.
3052 4669 3174 4708 cum
3218 4665 3372 4707 vacat
3416 4657 3640 4708 omnino
3671 4669 3700 4706 a
3728 4672 3828 4709 suo
3861 4653 4009 4710 motu

2431 4726 2671 4793 proprio,
2700 4732 2754 4776 et
2780 4723 2910 4776 nihil
2945 4725 3216 4790 proprium
3249 4724 3329 4775 sui
3364 4725 3544 4787 habet,
3578 4739 3752 4793 neque
3790 4725 3869 4776 sui
3901 4739 4007 4791 est,

2431 4792 2523 4861 sed
2553 4801 2776 4861 esttota
2811 4794 2862 4845 in
2903 4793 2993 4845 Dei
3028 4794 3504 4861 contemplatione.

2505 4859 2582 4929 (5)
2615 4860 2698 4914 ΕΙ.
2725 4864 2870 4914 omni
2914 4859 3258 4923 iutellectilis,
3287 4863 3337 4913 id
3367 4873 3470 4928 est,
3498 4878 3564 4916 ex
3596 4865 3865 4918 creaturis
3894 4866 4006 4929 Dei,

2433 4941 2484 4984 et
2527 4932 2880 5000 providentiis
2911 4932 3050 4999 ejus,
3083 4934 3277 5000 quibus
3312 4933 3624 4986 universum
3660 4935 3873 4998 plenum
3905 4949 4006 4990 est.

2504 5003 2580 5068 (ii)
2606 4999 2664 5053 Si
2688 5003 2762 5054 ita
2787 5002 2924 5070 loqui
2954 5002 3034 5068 {us
3057 4999 3153 5055 est.
3182 5002 3316 5068 Quia
3352 5003 3463 5056 haec
3492 5003 3745 5056 vocabula
3772 5005 4003 5069 mansio,

2431 5080 2485 5121 et
2517 5071 2799 5122 collocatio
2837 5072 3243 5124 distinctionem
3293 5086 3469 5125 secuit.
3517 5075 3702 5126 interri
3739 5072 4004 5139 videntur,

2432 5150 2486 5192 et
2515 5140 2579 5192 ad
2614 5142 2788 5193 locum
2832 5140 3018 5192 referri
3057 5143 3221 5210 (quod
3253 5142 3410 5211 enim
3437 5141 3488 5193 in
3523 5143 3705 5211 aliquo
3739 5154 3916 5194 manet
3953 5155 4007 5197 ct

2434 5211 2768 5286 collocatur,
2804 5225 2910 5286 non
2947 5211 3161 5264 videtur
3194 5226 3311 5266 esse
3365 5210 3680 5286 id_em_qnod
3722 5212 3964 5286 est_i|lud
3987 5255 4004 5286 ,

2437 5281 2490 5330 in
2518 5293 2624 5344 quo
2657 5280 2859 5343 aliquid
2904 5291 3082 5333 manet
3119 5289 3376 5340 tanquam
3418 5281 3469 5332 iu
3521 5281 3660 5342 loco,
3705 5290 3757 5332 ct
3811 5281 3861 5331 in
3899 5280 4005 5346 quo

2435 5349 2986 5419 collocatur),idcirco
3010 5350 3409 5404 correctionem
3432 5350 3684 5404 adhibuit
3702 5349 4004 5419 Dionysius,

2437 5418 2722 5484 inquiens:
2757 5421 2810 5470 Si
2855 5421 2925 5471 ita
2966 5419 3113 5486 loqui
3149 5420 3229 5472 fas
3269 5430 3372 5475 est.

2509 5488 2585 5553 (7)
2615 5490 2799 5555 Acper
2814 5505 2868 5542 se
2895 5490 3175 5544 exsistunt.
3213 5487 3327 5542 Non
3367 5499 3447 5542 cst
3471 5505 3596 5543 usus
3632 5491 3730 5544 hoc
3764 5490 4006 5559 exemplo

2440 5558 2747 5624 Dionysius,
2788 5570 2844 5614 ut
2882 5561 3097 5628 quidam
3140 5562 3520 5614 existimarunt
3553 5560 3847 5614 secundum
3887 5558 4006 5632 opt-
