4446 6450
409 385 516 452 953

1291 391 1528 449 DECAS
1570 394 1671 452 IX.
1702 396 2386 458 ~DE.lNFlNITATE
2429 399 2507 456 ΙΝ
2557 401 2723 458 DEO.

3513 399 3617 461 9'54

388 493 621 545 Perfecto
655 491 798 573 inter
832 507 891 547 se
921 501 1112 548 mutuo
1136 495 1443 564 singulatim
1483 499 1756 562 distincta,
1804 515 1936 554 con-
1971 511 2008 563 Α
2043 515 2176 564 stra,
2213 523 2302 571 per
2342 505 2596 571 Spiritum
2651 508 2764 573 ejus
2816 506 3193 559 inhabitantem
3246 508 3296 555 in
3355 508 3499 558 nobis
3540 510 3607 564 ⁵’,

380 580 570 648 juncta
622 582 675 634 in
701 595 880 634 unum
917 584 1169 647 discrete,
1206 595 1258 638 et
1305 587 1539 639 discreta
1591 589 1948 655 conjunctitn.

391 669 516 724 "me
572 682 796 724 sanctus
854 672 1121 727 Maximus
1166 689 1286 727 cum
1343 676 1612 730 adnotat:
1650 678 1952 731 Adverten-

392 762 542 819 dum,
595 760 787 827 inquit,
823 774 905 815 est
953 765 1084 816 illud
1123 783 1136 819 :
1172 754 1322 818 ln'se
1368 768 1499 833 ipsis
1529 769 1796 836 vicissim,
1833 785 1953 822 esse

396 853 691 904 secundum
726 852 1059 906 mansionem
1091 865 1142 908 et
1187 857 1594 910 collocationem
1649 860 1952 912 divinarum

398 956 774 1006 personarum,
813 955 868 994 ut
899 959 1020 995 cum
1052 946 1130 997 ait
1159 945 1440 1011 Scriptura
1471 967 1482 1000 :
1527 947 1635 1016 Ego
1670 949 1719 1000 in
1766 949 1953 1013 Patre,

394 1040 441 1083 et
485 1030 645 1082 Pater
682 1033 734 1083 iu
764 1050 843 1084 me
863 1033 930 1095 ”,
961 1035 1038 1086 sic
1070 1043 1124 1087 et
1180 1037 1246 1088 de
1283 1035 1484 1103 Spiritu
1516 1048 1702 1090 sancto
1733 1041 1958 1105 Aposto-

397 1121 479 1170 lus
518 1122 591 1170 ait
614 1121 679 1169 ".
738 1119 970 1172 Sanctus
1014 1121 1252 1176 Joannes
1287 1123 1651 1179 Damascenus
1685 1128 1736 1179 in
1784 1129 1960 1194 cipite

399 1211 473 1264 De
524 1211 821 1267 Trinitate:
855 1215 1061 1267 Etenim
1094 1230 1357 1269 creatura:
1408 1228 1457 1269 et
1495 1220 1614 1270 loco
1651 1222 1873 1283 distant,
1907 1232 1962 1272 et

399 1311 640 1369 tempore
672 1305 950 1368 dillerunt,
978 1317 1030 1357 et
1063 1307 1339 1361 voluntate
1370 1310 1705 1372 dividuntur,
1739 1322 1794 1363 et
1830 1313 1960 1386 viri-

399 1393 519 1456 bus,
548 1403 599 1445 et
638 1394 828 1457 forms,
859 1397 909 1448 id
944 1405 1025 1449 est
1058 1397 1248 1464 ﬁgura,
1283 1409 1332 1450 et
1367 1399 1573 1462 habitu,
1602 1416 1653 1453 et
1684 1393 1958 1464 mistione,

395 1494 448 1534 ει
480 1484 760 1550 dignitate,
815 1495 870 1536 et
898 1487 1098 1549 sttulio,
1140 1498 1194 1538 et
1246 1489 1499 1541 omnibus
1547 1492 1964 1557 proprietatibus

402 1575 778 1639 signantihns;
817 1592 877 1627 ac
928 1577 1267 1642 potissimum
1317 1577 1370 1630 itt
1404 1594 1468 1632 eo
1509 1581 1780 1647 dill'ernut,
1823 1583 1962 1650 quod

399 1677 505 1716 non
541 1674 660 1715 sunt
694 1651 767 1716 in'
782 1681 838 1718 se
875 1665 1004 1731 ipsis
1032 1667 1294 1730 vicissim,
1327 1670 1419 1720 sed
1449 1671 1740 1736 separatim
1777 1687 1789 1722 :
1823 1673 1965 1726 unde

399 1765 452 1808 et
496 1756 620 1820 duo,
661 1765 714 1808 et
768 1767 898 1820 tres,
943 1767 996 1809 et
1027 1758 1179 1809 mttlti
1210 1759 1460 1810 dicuntur
1489 1777 1502 1822 ;
1533 1771 1720 1814 contra
1758 1775 1883 1814 vero
1912 1764 1961 1814 in

2059 595 2221 647 Nuhis
2265 606 2442 647 autem
2478 599 2527 648 iu
2571 598 2770 662 Spiritu
2810 597 3108 657 vivilicatis,
3148 598 3258 663 ipse
3289 598 3537 649 Christus
3563 599 3614 648 in

2058 686 2213 735 nobis
2249 687 2443 736 dicitur
2486 686 2681 737 vivere.
2717 686 2924 736 (Ihristo
2955 687 3120 739 enim.
3155 685 3276 751 inqu
3304 695 3343 742 t,
3373 688 3612 750 conﬁxus

2055 791 2167 825 sum
2198 791 2216 826 :
2257 774 2378 826 Vivo
2420 785 2592 826 autem
2641 791 2740 825 non
2780 775 2892 841 jam
2922 789 3033 841 ego.
3087 778 3204 827 risit
3239 786 3409 826 autem
3447 779 3500 826 in
3541 794 3618 828 me

2058 865 2296 917 Christus
2329 866 2393 917 "'.
2426 866 2487 917 Et
2518 882 2704 917 rursus
2738 884 2750 919 :
2788 866 2944 917 Sicut
2987 881 3146 932 opera
3184 882 3300 931 qum
3342 867 3509 918 Filius
3537 867 3619 916 fa-

2058 959 2252 1016 ciohat,
2279 959 2484 1008 dieehat
2523 957 2730 1008 Patrem
2776 960 2950 1009 facere.
2984 976 2996 1011 :
3039 958 3197 1009 Pater
3227 959 3389 1021 ct-int,
3439 961 3530 1014 ait.
3566 962 3619 1010 in

2065 1060 2144 1092 me
2174 1060 2407 1104 manens,
2440 1045 2542 1105 ipse
2568 1045 2692 1109 fari!
2720 1060 2868 1104 opera
2893 1061 2910 1096 :
2944 1062 3044 1098 non
3074 1047 3282 1097 cret/itis
3315 1048 3459 1101 mihi.
3497 1052 3620 1112 quia

2060 1145 2152 1195 ego
2185 1132 2238 1179 in
2280 1129 2459 1189 Patre,
2491 1141 2538 1182 et
2586 1131 2743 1182 I’ater
2776 1133 2827 1183 in
2882 1149 2961 1183 me
3007 1137 3116 1186 est?
3166 1134 3372 1194 Alioqui
3418 1147 3623 1198 prop’er

2062 1235 2215 1279 Opera
2277 1222 2389 1282 ipsa
2445 1222 2637 1272 credite
2669 1223 2745 1283 ης
2802 1223 2880 1273 sic
2917 1238 3033 1282 qum
3089 1223 3139 1274 in
3199 1225 3396 1275 virtute
3453 1225 3625 1274 l‘atris

2062 1308 2389 1368 Operabatur
2428 1306 2645 1371 Paulus,
2675 1309 2852 1359 aiebat
2881 1308 3079 1362 Christi
3117 1326 3234 1363 esse
3260 1327 3424 1376 opera
3454 1331 3463 1362 :
3505 1312 3625 1363 Non

2012 1440 2017 1445 .
2062 1398 2228 1455 enim,
2260 1398 2449 1464 inquit,
2483 1400 2680 1452 audebo
2716 1401 2916 1464 aliquid
2954 1403 3124 1454 dicere
3155 1420 3332 1454 eorum
3365 1421 3478 1461 ante
3525 1421 3624 1454 non

2064 1498 2304 1550 operatus
2335 1499 2407 1541 est
2439 1489 2676 1543 Christus
2706 1509 2795 1556 per
2829 1509 2906 1544 me
2941 1494 2991 1542 in
3025 1493 3367 1545 obedientiam
3399 1496 3627 1560 gentium

2064 1581 2116 1630 in
2150 1580 2299 1631 verba
2331 1589 2380 1631 et
2415 1584 2732 1647 operatione.
2773 1584 2825 1632 in
2875 1585 3063 1636 virtute
3108 1587 3377 1649 signarum
3418 1596 3462 1634 et
3508 1601 3628 1650 pro-

2066 1668 2348 1732 digiorum,
2388 1671 2440 1721 in
2470 1672 2656 1724 virtute
2700 1672 2930 1736 Spiritus
2975 1675 3228 1726 saneti“.
3263 1674 3409 1725 Talis
3440 1676 3629 1738 conju-

2069 1759 2213 1823 gatio
2243 1766 2296 1809 et
2322 1759 2501 1811 unitas
2531 1775 2651 1812 cum
2685 1762 2752 1814 sit
2793 1765 2842 1814 in
2873 1762 3156 1825 Trinitate,
3188 1765 3431 1830 quisnam
3473 1765 3628 1816 dein-

397 1856 580 1898 sant-ta
632 1844 916 1907 Trinitate,
956 1863 1076 1913 quas
1127 1862 1285 1915 supra
1329 1849 1681 1903 substantiam
1737 1861 1841 1911 est,
1896 1863 1952 1906 et
1996 1824 2036 1878 Β
2066 1860 2195 1912 ceps
2216 1845 2411 1899 Filium
2446 1864 2473 1900 a
2511 1848 2695 1910 Patre,
2729 1865 2817 1903 aut
2850 1851 3105 1917 Spiritum
3143 1824 3385 1906 sanctum
3417 1871 3442 1904 a
3473 1854 3629 1914 Filio,

399 1939 534 1988 ultra
582 1937 785 1996 omnia,
834 1937 1271 2001 incotnpreltensa
1306 1955 1320 2002 ;
1354 1955 1488 1990 unus
1522 1943 1662 1994 enim
1715 1951 1962 2008 conatus,

401 2027 513 2080 sive
558 2027 793 2092 itrpetus
825 2027 1092 2089 motionis,
1127 2035 1175 2077 et
1229 2044 1329 2078 una
1373 2029 1687 2090 substantia,
1727 2048 1829 2083 una
1866 2021 1994 2085 bo-i

402 2118 562 2174 nitas.
595 2134 699 2169 una
733 2120 920 2180 virtus,
967 2135 1065 2171 una
1104 2118 1382 2182 "voluntas,
1423 2137 1527 2176 una
1568 2125 1828 2189 operatio,
1859 2140 1964 2177 una

401 2219 662 2275 potestas,
699 2224 824 2268 una,
877 2210 1116 2275 inquam,
1148 2219 1202 2262 et
1249 2213 1471 2274 eadem;
1507 2223 1560 2265 et
1608 2229 1708 2265 non
1744 2223 1855 2267 tres
1897 2215 1969 2266 si-

404 2300 555 2353 miles
585 2300 724 2351 inter
752 2315 847 2362 se;
899 2302 990 2355 sed
1023 2317 1123 2353 una
1175 2312 1336 2369 atque
1365 2305 1550 2357 eadem
1602 2308 1766 2358 motio
1801 2307 1962 2358 trium

403 2401 779 2455 personarum,
816 2404 974 2441 unum
1009 2391 1148 2444 enim
1195 2391 1356 2446 habet
1408 2408 1738 2463 unaquaeque
1783 2411 1966 2448 earum

401 2493 520 2529 cum
551 2480 739 2541 altera,
776 2496 878 2533 non
924 2483 1100 2534 minus
1131 2498 1289 2551 quam
1320 2499 1500 2536 secum
1548 2500 1832 2538 commune
1867 2503 1880 2539 :
1915 2487 1966 2538 id

402 2581 508 2630 est,
535 2587 696 2624 unum
726 2583 849 2625 sunt
878 2575 1170 2626 scentulum
1213 2577 1390 2626 omnia
1425 2575 1602 2637 Pater,
1638 2587 1690 2630 et
1717 2576 1885 2631 Filius
1916 2588 1970 2630 et
2000 2643 2006 2653 η

403 2660 638 2728 Spiritus
686 2676 925 2718 sanctus.
980 2664 1200 2735 Magnus
1245 2668 1595 2731 Athanasius,
1645 2669 1699 2722 in
1743 2671 1969 2736 epistola

403 2756 466 2806 ad
499 2754 847 2824 Serapionem
883 2773 894 2806 :
935 2755 1153 2816 Deinde.
1183 2772 1304 2811 cum
1351 2756 1510 2813 Pater
1550 2762 1640 2822 sit,
1685 2771 1741 2813 ιιι
1775 2760 1970 2816 Paulus

404 2847 559 2908 dixit,
597 2848 746 2900 solus
791 2849 1028 2913 sapiens,
1060 2850 1148 2917 qui
1202 2859 1285 2903 est
1343 2850 1505 2913 Deus,
1540 2849 1712 2905 Filius
1745 2863 1828 2906 est
1882 2869 1972 2906 sa-

406 2936 604 3000 pientia
641 2937 801 3005 ejus;
857 2937 1106 2993 Christus
1133 2941 1278 2993 enint
1322 2939 1416 2995 Dei
1454 2943 1628 2997 virtus
1669 2953 1721 2996 et
1753 2943 1843 2997 Dei
1880 2959 1972 2999 sa-

403 3028 602 3095 pientia
642 3046 658 3082 :
698 3039 751 3082 et
791 3044 912 3082 cum
955 3029 1123 3085 Filius
1152 3032 1216 3087 sit
1253 3033 1540 3100 sapientia,
1576 3050 1676 3089 nos
1711 3034 1971 3102 Spiritum

2068 1945 2159 1989 aut
2199 1937 2267 1990 ab
2295 1937 2410 2005 ipso
2446 1938 2602 1991 Patre
2632 1942 2945 2004 separabit?
2982 1943 3087 1994 Aut
3118 1945 3239 2010 quis
3272 1944 3376 1996 erit
3421 1944 3490 1995 ita
3537 1959 3632 1993 au-

2068 2029 2192 2089 dax,
2225 2038 2281 2080 ut
2315 2032 2455 2080 dicat
2503 2031 2845 2093 dissimilem,
2889 2043 2942 2086 et
2989 2035 3209 2088 alterius
3263 2045 3466 2086 naturre
3512 2050 3632 2085 esse

2071 2119 2208 2179 apud
2243 2133 2299 2172 se
2349 2118 2665 2174 Trinitatem
2703 2122 2725 2174 ?
2763 2125 2842 2176 vel
2897 2125 3088 2177 Filium
3138 2140 3258 2178 csse
3316 2125 3634 2177 substantiae

2071 2210 2256 2263 alienae
2298 2226 2326 2262 a
2376 2210 2563 2265 Patre?
2603 2214 2683 2265 vel
2733 2213 2989 2282 Spiritum
3025 2226 3269 2270 sanctum
3321 2219 3552 2270 alienum
3604 2232 3633 2268 a

2071 2299 2246 2355 Filio?
2297 2301 2351 2355 Si
2413 2306 2534 2372 quis
2589 2319 2780 2360 rursus
2830 2307 3146 2377 interroget,
3195 2312 3462 2374 quamodo
3521 2310 3634 2362 haec

2072 2395 2236 2448 Sunt?
2274 2405 2587 2462 quaeratque
2631 2399 2937 2465 quomodo,
2974 2414 3094 2453 cum
3145 2399 3378 2465 Spiritus
3419 2411 3637 2452 sanctus

2070 2485 2240 2538 estin
2275 2486 2450 2550 nobis,
2507 2485 2664 2540 Pater
2696 2488 2892 2541 dicitur
2941 2504 3062 2544 esse
3111 2491 3162 2543 in
3207 2491 3380 2552 nobis,
3418 2499 3470 2544 et
3514 2506 3637 2544 cum

2074 2574 2243 2628 Filius
2269 2585 2350 2628 est
2377 2575 2432 2629 in
2469 2577 2644 2640 nobis,
2672 2577 2828 2632 Pater
2867 2581 3063 2632 dicitur
3087 2597 3209 2635 esse
3240 2583 3290 2633 in
3326 2583 3514 2642 nobis;
3548 2592 3642 2635 aut.

2074 2667 2346 2733 quomodo
2374 2682 2494 2721 cum
2522 2666 2762 2724 Trinitas
2794 2677 2899 2734 est,
2930 2671 2982 2723 in
3018 2686 3122 2724 uno
3155 2672 3492 2741 siguilieatur
3518 2671 3640 2723 Tri-

2077 2762 2252 2820 nitas;
2285 2751 2376 2814 aut
2421 2764 2690 2830 quomodo
2729 2778 2851 2817 cum
2884 2779 3045 2816 unum
3098 2773 3181 2818 est
3230 2765 3281 2818 in
3317 2766 3495 2827 nobis,
3527 2765 3642 2818 Tri-

2077 2853 2216 2906 nitas
2247 2853 2450 2906 dicitur
2476 2872 2490 2906 :
2518 2855 2598 2908 vel
2634 2864 2888 2922 separent
2919 2856 3152 2923 primum
3181 2872 3208 2907 a
3234 2854 3436 2908 lumine
3470 2856 3643 2922 splen-

2075 2941 2283 3001 dorem,
2317 2951 2412 2993 aut
2440 2943 2761 3009 sapientiam
2791 2957 2818 2994 a
2853 2943 3113 3006 sapiente,
3143 2945 3226 2998 vel
3268 2946 3473 3006 dicant,
3505 2959 3643 3010 quo-

2076 3031 2235 3082 modo
2276 3030 2388 3082 haec
2419 3041 2612 3094 erunt;
2645 3032 2785 3100 quod
2820 3033 2865 3085 si
2913 3032 3015 3086 hoc
3051 3048 3154 3085 non
3197 3043 3446 3101 possunt,
3481 3033 3646 3085 multo

401 3120 746 3188 accipientes,
783 3121 976 3174 Filium
1010 3123 1312 3189 habemus;
1344 3135 1398 3177 et
1442 3126 1492 3177 in
1529 3127 1646 3194 ipso
1676 3143 1861 3181 sumus
1889 3143 1974 3181 sa-
1998 3140 2044 3205 ο
2079 3126 2248 3194 magis
2293 3138 2533 3190 quaerere
2571 3126 2682 3179 haec
2710 3127 2774 3179 de
2809 3125 2939 3191 Deo,
2992 3127 3370 3181 insanientium
3421 3129 3644 3181 audacia

402 3215 627 3280 pientis,
670 3215 748 3267 sic
789 3215 937 3267 enim
989 3214 1248 3281 scriptum
1284 3225 1367 3269 est
1392 3235 1406 3271 :
1435 3216 1692 3271 Dominus
1725 3221 1877 3272 solvit
1902 3220 1969 3271 li-

403 3313 550 3371 gatos
583 3302 674 3375 [aL
707 3306 1073 3377 compeditos].
1122 3307 1376 3362 Dominus
1407 3311 1579 3362 erudit
1622 3308 1719 3382 [;ιΙ.
1765 3311 1971 3364 illumi-

406 3395 520 3466 nat]
573 3412 736 3448 cwros
768 3398 832 3455 ".
893 3409 946 3450 ει
986 3414 1109 3452 cum
1146 3403 1302 3453 datur
1331 3404 1483 3455 nobis
1513 3403 1747 3468 Spiritus
1777 3420 1792 3458 :
1848 3405 1973 3473 (Ac-

404 3489 556 3552 ripite
607 3491 744 3539 enim
785 3487 1040 3556 Spiritum
1088 3502 1324 3544 sanctum
1353 3493 1419 3558 ³⁸,
1469 3496 1648 3547 aiebat
1705 3493 1971 3560 Salvator)

403 3577 546 3632 Dens
592 3575 674 3633 est
713 3581 766 3633 in
815 3582 968 3636 nobis
999 3600 1012 3647 ;
1041 3584 1116 3637 sic
1148 3586 1290 3637 enim
1325 3584 1561 3639 Joannes
1612 3587 1825 3654 scripsit
1861 3606 1872 3639 :
1913 3585 1972 3639 Si

401 3672 667 3740 diligimus
698 3675 938 3735 invicem,
993 3674 1128 3727 Deus
1169 3676 1222 3727 in
1274 3677 1420 3729 nobis
1474 3686 1548 3730 est
1580 3692 1597 3729 :
1628 3679 1876 3745 quoniam
1917 3679 1972 3730 in

403 3760 513 3827 ipso
540 3779 831 3825 manemus,
855 3773 902 3815 et
935 3764 1043 3829 ipse
1075 3764 1129 3816 in
1154 3765 1339 3828 nobis;
1367 3768 1616 3834 quoniam
1659 3784 1722 3820 ex
1768 3766 1974 3835 Spiritu

396 3869 496 3909 suo
534 3853 679 3906 dedit
715 3855 859 3906 nobis
890 3854 955 3908 “.
989 3856 1124 3910 Cum
1161 3866 1338 3910 autem
1387 3858 1527 3913 Deus
1568 3871 1652 3914 est
1691 3862 1742 3913 in
1793 3862 1971 3925 nobis,

401 3957 483 3999 cst
517 3948 677 3998 etiam
716 3945 887 4001 Filius
939 3948 991 3999 in
1036 3949 1227 4014 nobis;
1259 3949 1390 4003 dicit
1419 3951 1562 4004 enim
1605 3951 1718 4018 ipse
1765 3952 1927 4006 Filius
1959 3971 1972 4006 :

405 4037 541 4105 Ego,
593 4047 639 4088 et
689 4034 850 4088 Pater
887 4038 1170 4101 veniemus,
1204 4050 1252 4092 et
1295 4041 1615 4093 mansionem
1665 4042 1806 4109 apud
1858 4058 1976 4094 eum

404 4129 658 4196 faciemus
681 4128 750 4180 ".
799 4129 1021 4189 Deinde.
1071 4144 1191 4182 cum
1246 4132 1353 4185 vita
1404 4132 1601 4200 alioqui
1651 4135 1721 4185 sit
1763 4132 1972 4189 Filius:

403 4220 539 4290 Ego,
576 4221 769 4287 inquit,
797 4236 913 4273 sum
947 4223 1055 4275 vita
1085 4223 1167 4288 “;
1210 4223 1469 4277 vivilicari
1521 4234 1697 4277 tamen
1746 4225 1980 4279 dicimur

406 4314 460 4366 in
523 4312 728 4381 Spiritu
778 4321 1007 4367 sancto:
1055 4314 1158 4379 Qui
1189 4317 1328 4368 enim
1374 4317 1649 4370 suscitavit
1704 4316 1977 4371 Christum

403 4403 584 4458 Jesum
617 4422 647 4456 a
678 4406 921 4467 mortuis,
967 4407 1238 4458 suscitabit
1283 4418 1328 4462 et
1360 4409 1607 4462 mortalia
1637 4425 1856 4478 corpora
1887 4427 1980 4462 no-

373 4558 384 4573 .
473 4521 521 4551 "
543 4519 861 4591 floanast‘v,
882 4517 983 4591 10.Δ
1044 4519 1088 4552 ⁸¹
1110 4519 1294 4591 lgor.
1323 4535 1405 4582 ιιι,
1435 4520 1456 4568 1
1489 4536 1641 4591 seqq.

405 4589 622 4646 “v.25.
720 4588 765 4618 "
795 4587 927 4641 ibid.
958 4587 1012 4640 6.
1107 4589 1152 4620 "
1189 4588 1342 4642 Rom.
1371 4607 1491 4655 vm,
1519 4587 1598 4646 lt.

406 4661 447 4691 ⁶¹
473 4659 704 4726 Philipp.
733 4675 792 4720 tt,
820 4657 874 4712 6.
952 4657 996 4690 ⁸⁸
1019 4657 1148 4713 ibid.

1719 4523 1764 4552 "
1800 4522 1940 4575 Psal.
1970 4536 2088 4577 cve.
2132 4519 2184 4572 6.

1706 4590 1752 4622 ⁸⁸
1783 4595 1957 4646 Calai.
1984 4608 2042 4655 It,
2075 4591 2161 4654 19,
2197 4587 2287 4642 20.

2073 3224 2176 3269 est.
2227 3215 2487 3268 Divinitas
2527 3217 2669 3269 enim
2718 3232 2823 3269 non
2860 3218 2912 3270 in
2946 3217 3406 3272 demonstratione
3455 3219 3646 3272 verbo-

2075 3321 2191 3357 rum
2227 3305 2421 3356 tradila
2466 3315 2570 3366 est,
2617 3314 2674 3358 ut
2702 3306 2959 3370 diximus,
3004 3309 3104 3360 sed.
3130 3309 3180 3360 in
3219 3309 3341 3371 lidc,
3369 3318 3421 3361 et
3451 3309 3535 3374 pia
3564 3323 3649 3359 ra-

2075 3397 2429 3448 tiocinatione
2459 3411 2580 3448 cum
2625 3397 2946 3450 reverentia.
2999 3397 3062 3450 Et
3095 3399 3289 3450 iterum
3325 3399 3462 3450 idem
3513 3399 3651 3450 libro

2078 3502 2129 3540 tv
2174 3487 2369 3540 Contra
2419 3487 2696 3539 Arianos:
2740 3487 2875 3552 Quia
2922 3488 3086 3554 igitur
3135 3487 3306 3541 Filius
3337 3497 3420 3539 est
3471 3488 3649 3553 imago

2075 3581 2278 3641 Patris,
2329 3593 2554 3633 necesse
2606 3588 2690 3632 est
2736 3580 3055 3647 intelligere,
3105 3583 3245 3648 quod
3295 3581 3548 3633 divinitas
3597 3591 3653 3634 et

2077 3671 2382 3739 proprietas
2407 3668 2585 3723 Patris
2613 3670 2848 3723 essentia
2881 3670 2999 3724 Filii
3027 3681 3130 3735 est,
3157 3681 3208 3724 et
3243 3672 3344 3723 hoc
3366 3679 3448 3723 est
3480 3670 3606 3722 illud
3625 3687 3648 3724 ς

2080 3762 2182 3825 Qui
2230 3778 2344 3814 cum
2382 3762 2434 3812 in
2482 3762 2650 3830 forma
2695 3760 2788 3814 Dei
2825 3770 2959 3814 esset
2987 3761 3068 3827 ⁸¹;
3111 3770 3164 3814 ει
3199 3778 3211 3814 :
3248 3759 3411 3811 Pater
3452 3761 3506 3811 in
3549 3775 3650 3810 me.

2077 3853 2192 3907 Non
2251 3864 2427 3908 autem
2485 3868 2547 3907 ex
2591 3862 2745 3920 parte
2797 3863 2880 3905 est
2939 3851 3109 3904 forma
3168 3850 3509 3907 divinitatis.
3560 3849 3653 3902 sed

2079 3944 2357 4009 plenitudo
2403 3952 2643 4012 paterna:
2679 3942 2978 3994 divinitatis
3019 3941 3256 3994 essentia
3289 3951 3370 3992 est
3414 3937 3557 3999 Filii,
3602 3948 3657 3991 ει

2080 4034 2315 4090 Verbum
2347 4034 2486 4088 Deus
2516 4043 2602 4088 est
2633 4031 2826 4095 Filius,
2873 4033 3074 4085 idcirco
3102 4031 3327 4099 aequalis
3372 4030 3511 4082 Deus
3554 4046 3658 4081 non

2079 4129 2322 4196 rapinam
2368 4127 2660 4179 arbitratus
2711 4134 2787 4178 est
2819 4140 2871 4177 se
2914 4140 3023 4177 esse
3067 4123 3321 4189 aqualem
3360 4122 3463 4173 Deo
3490 4121 3556 4172 “.
3595 4121 3658 4177 Ει

2084 4235 2290 4283 rursus,
2324 4219 2446 4287 quia
2489 4218 2608 4271 Filii
2638 4218 2894 4270 divinitas
2924 4226 2976 4270 et
3014 4218 3226 4283 species
3257 4230 3362 4268 non
3395 4225 3479 4266 est
3522 4214 3655 4265 alte-

2084 4313 2195 4364 rius
2231 4326 2392 4380 qttam
2430 4309 2643 4368 Patris;
2689 4309 2790 4362 hoc
2839 4317 2918 4362 est
2953 4310 3095 4374 quod
3150 4306 3380 4359 diximus
3411 4323 3424 4357 :
3459 4303 3569 4372 Ego
3603 4305 3657 4356 in

2084 4405 2279 4464 Patre;
2316 4401 2394 4455 sic
2437 4400 2578 4454 Deus
2616 4409 2735 4470 erat
2780 4399 2834 4451 in
2878 4397 3096 4451 Christo
3126 4395 3386 4449 mundum
3434 4395 3538 4449 sibi
3575 4412 3662 4447 re-

2260 4519 2308 4549 "
2338 4515 2492 4569 Joan.
2523 4531 2613 4576 xx,
2649 4513 2738 4565 Ἡ.
2801 4514 2843 4543 ’⁸
2873 4505 3065 4564 lloan.
3100 4509 3290 4571 tv,'l2.
3316 4511 3394 4561 t3.
3432 4510 3477 4541 "
3505 4507 3662 4560 .l'oau.

2260 4593 2287 4638 ι.
2365 4589 2409 4619 ⁵³
2441 4586 2729 4638 .Ιο;ιιι.ιιν.
2757 4582 2946 4638 11.12.
3039 4581 3085 4612 ⁸⁸
3137 4580 3292 4633 liom.
3331 4594 3420 4638 xv,
3456 4578 3662 4638 18,19.

2475 4600 2729 4648 oan.x1v,
2757 4600 2838 4645 11,
2862 4600 2946 4634 12.
3039 4600 3084 4612 "
3138 4600 3292 4633 ttont.
3332 4600 3420 4644 xv,
3456 4600 3543 4642 lo,
3577 4600 3662 4629 tu.

1913 4774 2184 4836 Scholia.

407 4877 621 4927 nionem
670 4889 856 4927 eorum
896 4872 986 4940 qui
1029 4873 1312 4926 tradebant
1354 4870 1535 4925 lumen
1568 4887 1690 4927 esse
1719 4874 1966 4928 substan-
2005 4881 2050 4934 ι)
2084 4877 2218 4926 rium
2253 4867 2639 4925 incarnationis
2685 4865 2887 4940 retulit,
2928 4871 2994 4940 [ι
3035 4861 3404 4940 Pac_hymeru_s
3433 4863 3664 4940 notavit,

409 4947 535 4997 tiam
588 4959 926 5005 corpoream,
970 4952 1022 4996 et
1072 4957 1176 4994 non
1231 4942 1583 5009 qualitatem;
1633 4946 1774 5010 quod
1827 4947 1972 4998 enim

408 5015 585 5081 posuit
611 5013 899 5082 Dionysius
927 5013 1127 5066 lumina
1160 5011 1526 5082 lampadaruiu
1553 5027 1646 5075 per
1669 5029 1728 5066 se
1755 5015 1981 5066 exsiste-

410 5100 466 5139 re
490 5101 506 5150 ;
537 5100 639 5136 non
670 5085 736 5136 ad
755 5081 964 5138 lumina
991 5083 1194 5147 retulit,
1222 5081 1314 5135 sed
1347 5084 1408 5132 ad
1436 5083 1708 5148 lampadas
1737 5099 1855 5150 qn:e
1887 5099 1982 5149 per

407 5169 466 5208 se
500 5156 785 5215 exsistunt,
817 5154 958 5207 sicut
998 5152 1143 5204 faces
1165 5161 1216 5204 et
1259 5153 1429 5208 taeda.
1478 5151 1663 5216 Itaque
1707 5152 1850 5205 faces
1891 5169 1980 5205 ar-

409 5229 615 5286 dentes,
647 5225 762 5276 sive
801 5221 1079 5290 lampadas
1104 5237 1357 5273 accensas
1394 5223 1689 5275 luminibus
1728 5226 1779 5274 itt
1819 5239 1980 5275 unum

405 5292 708 5358 c0njnnctis
743 5306 834 5360 per
862 5307 921 5346 se
950 5291 1271 5344 exsistentes
1302 5305 1422 5344 cum
1454 5293 1866 5358 proprietatibus
1893 5295 1986 5360 hy-

410 5363 899 5434 postatir_is_per_se
926 5360 1421 5434 subsistentibusiu
1459 5361 1979 5434 lutninesuprasub-

407 5431 647 5486 stantiali
687 5431 971 5485 Trinitatis
1011 5431 1242 5483 discrete
1278 5431 1461 5492 unitis,
1503 5441 1554 5483 et
1591 5431 1736 5484 unite
1771 5432 1978 5484 discre-

409 5506 476 5554 tis
501 5512 817 5568 cntnparat;
858 5511 909 5553 et
944 5500 1088 5568 quod
1127 5499 1372 5566 sequitur
1407 5502 1460 5552 iu
1496 5499 1789 5570 Dionysio:
1837 5502 1901 5554 Et
1935 5502 1976 5556 si

408 5574 528 5639 quis
565 5588 725 5623 unum
761 5572 1044 5634 lmninare,
1078 5571 1128 5622 id
1157 5578 1259 5632 est,
1291 5585 1450 5622 unam
1483 5570 1656 5623 facem
1695 5585 1978 5624 accensam

408 5644 602 5694 educat
623 5657 651 5693 e
676 5640 858 5702 domo,
886 5641 1042 5694 simul
1073 5640 1240 5694 exibit
1267 5648 1435 5693 totum
1464 5641 1742 5708 proprium
1779 5641 1980 5701 lumen.

409 5713 540 5771 nihil
582 5711 1142 5779 quidquam‘aliorittn
1189 5711 1452 5762 luminum
1491 5711 1542 5763 in
1579 5725 1636 5764 se
1674 5712 1785 5779 ipsa
1822 5712 1979 5764 simul

410 5787 648 5853 trahens,
684 5799 780 5835 nec
804 5779 1005 5848 aliquid
1041 5781 1122 5834 sui
1177 5780 1282 5834 illis
1313 5781 1656 5854 relinquens;
1690 5782 1756 5837 ad
1799 5791 1995 5852 mysle’

2084 4947 2578 5009 interpretatusque
2605 4948 2689 4993 est
2721 4937 2886 4990 illud:
2923 4934 3028 5009 Ego
3058 4952 3088 4986 a
3122 4931 3280 5009 Patre
3309 4933 3463 5009 exivi.
3498 4931 3667 5009 Pilius

2082 5003 2429 5068 enim'factus
2458 5003 2636 5068 homo,
2664 5009 2751 5074 qni
2781 5015 2898 5059 erat
2929 5003 3011 5058 rs:
3037 5007 3277 5074 quaedam
3313 5003 3668 5074 humanitatis

2084 5098 2308 5136 accensa
2336 5082 2537 5133 lumine
2558 5070 2874 5139 divinitatis,
2916 5091 3018 5128 non
3043 5070 3205 5149 traxit
3228 5087 3408 5127 secum
3431 5070 3665 5149 Patrem,

2084 5171 2258 5215 neque.
2285 5151 2547 5218 Spiritum
2572 5157 2838 5218 sanctum,
2871 5144 3358 5218 neqtte‘quidquam
3394 5144 3668 5218 prapriunt

2084 5214 2387 5277 divinitatis
2407 5221 2507 5273 illis
2528 5216 2781 5286 reliquit;
2803 5217 2928 5281 quin
2952 5215 3129 5283 potius
3144 5214 3387 5286 eamdem
3408 5222 3571 5286 totam
3593 5215 3671 5286 dif

2089 5295 2367 5347 vinitatem
2405 5304 2526 5358 qua:
2557 5290 2608 5341 in
2643 5282 2750 5340 illis
2778 5294 2881 5358 est.
2921 5282 3039 5358 tulit
3074 5299 3298 5358 manens
3333 5283 3383 5333 in
3423 5282 3667 5358 illis._Ad

2083 5366 2222 5417 idem
2254 5351 2586 5431 mysterium
2604 5355 2996 5411 incarnationis
3026 5354 3206 5431 retulit
3233 5354 3334 5431 hoc
3361 5351 3667 5431 exemplum

2081 5422 2342 5488 Leontius
2379 5427 2702 5488 monachus,
2742 5437 2932 5479 auctor
2974 5423 3400 5479 eruditissimus.
3436 5422 3486 5472 in
3528 5422 3670 5480 libro

2081 5518 2239 5570 quem
2263 5511 2448 5556 contra
2483 5497 2792 5570 Nestorium
2823 5504 2876 5570 et
2902 5495 3194 5570 Eutychetn
3235 5491 3473 5570 scripsit.
3506 5491 3672 5570 Docet

2080 5562 2223 5627 cnim
2249 5575 2325 5626 sic
2349 5569 2676 5624 substantias
2705 5565 2842 5619 uniri
2875 5562 3030 5633 posse
3056 5563 3172 5617 sine
3197 5564 3470 5620 mistione.
3499 5571 3556 5612 ut
3583 5562 3671 5615 hic

2083 5644 2199 5697 sine
2227 5642 2478 5696 mistione
2501 5639 2758 5693 uuiuntur
2780 5637 3064 5702 qualitates
3087 5635 3372 5693 luminum,
3395 5642 3447 5684 ει
3473 5633 3672 5683 uniun-

2091 5723 2178 5766 tttt'
2225 5713 2538 5781 splendores
2578 5707 2879 5781 stellarum,
2923 5707 3070 5781 salva
3115 5705 3443 5772 proprietate
3483 5702 3670 5770 qttanti

2088 5784 2141 5838 in
2187 5774 2330 5850 quali
2368 5783 2418 5836 iu
2450 5797 2514 5836 co
2552 5778 2692 5850 quod
2733 5790 2915 5831 manet
2950 5774 3117 5828 Filius
3157 5785 3389 5828 tantunu
