4446 6450
800 378 908 438 955

1928 382 2255 441 JO.\NNlS
2288 380 2866 439 CYPARlSSlO’l’.E
2920 447 2925 452 ,

3934 383 4041 446 956

797 492 1099 546 concilians
1130 494 1195 546 “.
1246 492 1528 560 Proprium
1586 496 1798 562 quidem
1835 497 2150 550 substantiae
2187 495 2361 548 l’atrls
2397 505 2437 556 Α
2470 509 2553 543 mu

2287 502 2361 548 rt;
2397 505 2437 556 Α
2470 494 2577 544 ιιιιιΙ
2607 505 3042 546 cernunturesse
3079 507 3195 560 qua!
3229 493 3375 544 illaut
3413 491 3697 547 dctlninnt.
3732 491 3866 546 Cum
3895 496 4037 546 cniin

796 593 874 630 est
907 583 1092 642 Filius,
1133 585 1182 634 ia
1215 601 1319 650 quo
1362 595 1608 636 creatura
1645 585 1751 638 Deo
1785 587 2124 639 reconciliata
2152 597 2257 649 est,
2288 589 2365 640 sic

795 687 917 737 qua:
965 676 1290 738 Operabatnr
1344 672 1532 737 Filius,
1583 690 1744 740 opera
1784 675 1957 728 l’atris
1991 685 2142 738 sunt,
2194 676 2362 727 forma

795 765 937 813 t-nitn
980 765 1278 816 divinitatis
1309 763 1481 815 Patris
1513 776 1591 817 est
1619 766 1822 827 Filius;
1857 778 1909 819 et
1940 777 2159 831 paterna
2193 767 2363 818 forttta

795 852 846 900 l't
882 851 1019 917 ipso,
1054 853 1387 904 demonstrat
1431 855 1480 904 in
1519 855 1634 920 ipso
1668 856 1878 906 Patrem
1917 873 1928 906 :
1979 865 2141 922 atque
2175 858 2246 907 ila
2281 866 2362 908 est

795 939 955 993 Pater
996 943 1048 994 in
1093 941 1246 1002 Filio.
1274 957 1326 996 et
1357 945 1661 1010 proprietas
1697 955 1857 1014 atque
1889 948 2142 998 diviiu'tas
2172 961 2234 999 es
2267 945 2365 997 Pa-

797 1047 876 1083 tre
911 1034 959 1084 itt
993 1033 1151 1093 Filio,
1186 1037 1520 1086 demonstrat
1566 1036 1756 1087 Filium
1812 1038 1861 1088 in
1896 1039 2051 1090 Patre
2084 1039 2358 1104 insepara-

795 1120 953 1170 bilem
997 1121 1061 1170 ab
1095 1137 1178 1171 eo.
1214 1120 1284 1171 Ex
1317 1121 1399 1173 his
1437 1125 1638 1186 pateiit.
1662 1123 1804 1187 quod
1846 1123 1896 1174 in
1925 1121 2213 1186 Triuitate,
2243 1140 2362 1193 qua:

762 1224 948 1272 supra
1010 1211 1370 1260 substantiam
1416 1221 1519 1272 est,
1579 1212 1820 1278 exceptis
1874 1213 2046 1265 tribus
2111 1215 2360 1278 personis

791 1299 1018 1358 tlt'lllt‘ls.
1055 1317 1174 1368 qua-
1207 1317 1312 1352 non
1346 1304 1772 1368 reciprocantur,
1821 1304 1940 1356 aliis
1971 1305 2355 1367 remeantibus,

793 1393 934 1455 quod
982 1401 1065 1442 est
1109 1408 1211 1442 una
1247 1408 1497 1455 persona,
1535 1393 1636 1444 hoc
1686 1393 1858 1458 ipsum
1915 1402 1998 1444 est
2051 1395 2198 1456 alia;
2233 1395 2356 1461 quia

790 1490 917 1529 sunt
961 1495 1063 1530 una
1118 1491 1170 1531 et
1224 1481 1332 1532 sola
1368 1482 1529 1531 triuttt
1585 1495 1938 1548 personarum
1981 1483 2259 1534 essentia:
2305 1493 2358 1535 et

785 1569 928 1632 quod
976 1580 1058 1619 est
1094 1571 1272 1630 unius,
1313 1571 1413 1621 hoc
1460 1569 1598 1621 idem
1631 1580 1712 1622 est
1745 1571 2067 1637 reliquarum
2100 1586 2356 1636 persona-

787 1674 903 1710 rum
939 1659 1054 1711 sine
1091 1660 1194 1711 ulla
1243 1661 1528 1721 Varietate,
1586 1659 1726 1712 sicut
1766 1662 2197 1726 demonstratum
2249 1669 2353 1713 est.

781 1751 961 1814 Qutre
996 1750 1040 1801 si
1072 1752 1308 1803 essentia
1347 1750 1463 1803 Filii
1515 1761 1596 1803 est
1645 1752 1776 1811 vita,
1825 1752 2132 1805 necessario
2176 1752 2349 1805 Patris

779 1852 832 1890 ct
862 1840 1102 1908 Spiritus
1131 1843 1302 1893 sancti
1331 1852 1412 1894 est
1451 1841 1640 1895 eadem
1670 1843 1802 1904 vita.
1828 1857 1948 1910 quas
1977 1854 2092 1896 erat
2116 1845 2351 1897 essentia

783 1931 922 1983 Filii.
958 1929 1059 1994 Qui
1110 1935 1342 1996 amplius
1374 1933 1592 1998 quaerit,
1644 1933 1688 1985 si
1737 1931 1904 1984 Filius
1949 1931 2108 1985 habet
2137 1934 2353 1999 sapien-

781 2023 908 2071 tiam
939 2020 1178 2082 Patrem,
1208 2024 1295 2074 ubi
1330 2034 1412 2074 est
1447 2024 1604 2090 hujus
1666 2023 1782 2077 Filii
1817 2025 2123 2091 sapientia?
2167 2025 2352 2080 fatuus

779 2113 938 2180 plane
967 2123 1020 2166 et
1049 2115 1308 2181 insipiens
1336 2125 1438 2176 est,
1473 2131 1596 2167 cum
1633 2115 1838 2176 audiat,
1865 2116 2028 2168 vitam
2059 2132 2219 2180 quant
2258 2118 2350 2170 lia-

775 2204 864 2256 bet
895 2203 1074 2264 Pater,
1110 2221 1215 2256 non
1254 2219 1372 2256 esse
1409 2205 1566 2256 aliain
1602 2205 1760 2257 ullam
1795 2217 1990 2272 praeter
2033 2206 2250 2266 Filium.
2297 2218 2350 2262 et

774 2298 938 2349 vitam
984 2298 1035 2348 iit
1074 2291 1208 2351 Filio
1251 2313 1355 2350 non
1417 2313 1538 2351 esse
1580 2299 1744 2350 ullant
1811 2299 1969 2352 aliam
2013 2312 2209 2368 praeter
2246 2301 2344 2354 Pa-

773 2398 932 2449 trem,
967 2399 1019 2440 ct
1061 2405 1246 2443 verum
1281 2390 1460 2443 dicere
1494 2393 1582 2458 qui
1618 2391 1749 2443 dicit
1779 2410 1791 2444 :
1832 2393 1941 2459 Ego
1972 2394 2023 2445 in
2080 2392 2260 2454 Putre.
2296 2403 2345 2448 et

773 2481 934 2533 Pater
968 2481 1021 2533 in
1057 2499 1135 2534 me
1162 2481 1227 2535 ⁸⁵.
1266 2481 1377 2536 Una
1419 2484 1584 2546 enim,
1616 2493 1673 2535 ut
1706 2483 1964 2547 diximus,
1996 2494 2077 2539 est
2108 2487 2345 2556 essentia

771 2573 1081 2634 Trinitatis.
1109 2584 1163 2625 et
1196 2591 1298 2626 una
1332 2575 1502 2626 solum
1536 2590 1769 2642 semper.
1819 2573 1941 2629 llaec.
1966 2576 2130 2644 igitur
2157 2593 2345 2632 essen-

773 2666 845 2717 tia
876 2667 1309 2731 singularissitna
1345 2678 1524 2726 trium,
1557 2682 1839 2720 assumens
1866 2668 2215 2721 iueﬂ‘abiliter
2245 2685 2342 2720 no-

773 2774 893 2809 men
953 2759 1148 2819 l‘atris,
1204 2759 1343 2825 quod
1396 2769 1476 2810 est
1524 2775 1684 2824 supra
1730 2761 2118 2825 substantiam,
2165 2762 2339 2814 solum

770 2849 986 2902 l’atrettt
1023 2865 1370 2918 generatttcin
1419 2851 1607 2903 Filium
1642 2853 1975 2916 IllalllrtESlal,
2030 2870 2220 2908 rursus
2255 2871 2344 2908 as-

771 2956 995 2993 sumens
1043 2958 1372 3009 supraqttatu
1431 2943 1653 3012 intelligi
1703 2953 1897 3010 polcst,
1952 2961 2143 2999 nomen
2196 2947 2338 3012 Filii,

767 3035 910 3098 quod
942 3043 1023 3085 est
1062 3049 1221 3100 supra
1266 3035 1649 3090 substantiam.
1683 3035 1857 3087 solum
1886 3036 2078 3088 Filium
2114 3040 2338 3091 demou-

761 3133 898 3174 strat
934 3133 1245 3187 generatum
1287 3139 1314 3176 :t
1349 3125 1544 3188 Patre;
1587 3141 1774 3178 rursus
1804 3129 1916 3181 luec
1957 3128 2070 3196 ipsa
2099 3133 2336 3185 essentia

762 3228 1048 3268 assumens
1091 3232 1283 3268 nomen
1324 3217 1579 3284 Spiritus,
1605 3218 1748 3285 quod
1789 3229 1869 3272 est
1897 3235 2056 3288 supra
2089 3222 2340 3274 substan-

761 3304 913 3365 tiam,
946 3304 1207 3371 Spiritum
1242 3317 1448 3356 tautunt
1496 3306 1736 3359 declarat
1773 3323 1800 3358 a
1832 3307 1990 3360 Patre
2039 3312 2339 3373 proceden-

758 3399 867 3443 tem
910 3407 1004 3458 per
1031 3391 1244 3451 Filium,
1277 3405 1326 3442 Ill
1358 3400 1401 3444 sl
1438 3395 1666 3460 exempli
1695 3398 1864 3462 gratia
1909 3413 1961 3449 et
1992 3399 2210 3464 quidem
2255 3411 2332 3452 te-

759 3484 881 3535 nuis
911 3485 1174 3548 tllCJlllllS,
1226 3498 1416 3536 natura
1463 3488 1765 3549 hominum,
1815 3505 1931 3553 qua:
1979 3505 2081 3542 una
2123 3503 2227 3552 est,
2281 3493 2333 3545 in

752 3577 951 3642 quibus
1002 3576 1176 3628 solum
1227 3580 1456 3628 assumit
1508 3578 1758 3631 virtutem
1812 3580 2041 3647 gignenti
2087 3621 2102 3644 ,
2153 3595 2334 3648 patres

755 3678 965 3720 tantum
996 3668 1225 3722 declarat
1259 3687 1273 3733 ;
1309 3671 1584 3738 inquibus
1612 3684 1788 3724 autem
1817 3675 2046 3726 assumit
2066 3676 2326 3743 genitum,

755 3762 893 3815 lilios
927 3762 1233 3827 solum,est
1282 3764 1659 3825 nihilominus,
1711 3781 1812 3816 una
1854 3775 2046 3830 natura
2096 3769 2330 3820 humana

759 3866 971 3918 patrum
1004 3865 1052 3906 et
1091 3857 1347 3908 lilioruni.
1371 3857 1502 3908 Cum
1531 3858 1690 3926 igitur
1714 3857 1940 3910 dicimus
1964 3873 2084 3912 esse
2114 3857 2326 3925 Filium,

752 3948 804 3997 in
845 3964 908 4000 eo
940 3950 1083 4014 quod
1120 3959 1300 3999 manet
1352 3947 1518 4000 Filius
1564 3960 1796 4008 tantum.
1843 3949 2003 4002 simul
2053 3951 2332 4005 inducitur

749 4054 869 4088 esse
905 4037 1118 4090 l’atrrtn
1153 4037 1251 4105 (Ι),
1280 4047 1334 4090 et
1371 4035 1630 4103 Spiritum
1665 4048 1945 4102 sanctum;
1983 4038 2109 4106 quia
2142 4055 2329 4092 essen-

748 4131 818 4181 tia
844 4145 1030 4180 comm
1073 4140 1156 4181 est
1187 4145 1286 4180 una
1316 4145 1330 4191 ;
1363 4130 1615 4181 similiter
1642 4129 1845 4182 iuratis
1879 4129 2106 4182 aliarum
2141 4148 2329 4197 perso-

749 4239 940 4273 narum
985 4232 1235 4289 ponatur,
1277 4221 1585 4274 necessario
1620 4222 1870 4298 sequitur
1921 4223 2157 4290 reliquas
2188 4224 2325 4279 duas

2479 584 2714 634 essentia
2741 583 2966 650 alicujus
2995 584 3418 646 demonstratur,
3447 585 3803 650 proprietates
3833 600 3952 652 quae
3973 590 4039 636 avt

2468 672 2613 724 lHattt
2659 673 2949 738 pertinent,
3007 672 3165 724 sintnl
3215 673 3476 740 patefiunt
3515 690 3530 726 :
3575 683 3631 725 ιιι
3681 675 3822 740 quod
3879 675 4040 727 habet

2469 772 2577 814 tres
2631 763 2858 828 angulos
2917 764 3151 830 a'qualcs
3208 745 3416 817 duobus
3473 767 3656 826 rectis,
3727 767 4039 818 ncccssario

2466 854 2643 906 omnis
2689 854 2944 922 trianguli
3011 863 3259 906 naturam
3313 857 3570 908 ostendit.
3609 854 3722 908 Nisi
3760 856 3883 922 quis
3938 855 4038 907 ltoe

2467 954 2613 995 recte
2642 943 2808 1005 dicat,
2839 944 3060 996 omnino
3107 945 3208 996 hoc
3237 944 3529 997 dissentire
3583 945 3650 996 ab
3700 944 3939 1012 imagine
3988 957 4042 994 et

2465 1033 2820 1085 similitudine
2871 1035 3030 1086 unius
3080 1045 3135 1087 ct
3185 1033 3426 1100 ejusdem
3480 1043 3683 1086 natura:
3731 1034 4038 1096 Trinitatis,

2462 1135 2584 1188 qua:
2607 1135 2770 1188 supra
2797 1130 3071 1186 naturam,
3098 1131 3150 1174 ct
3182 1137 3343 1190 supra
3374 1122 3556 1174 omnia
3587 1123 3774 1173 eadem
3803 1132 3903 1173 est.
3942 1123 4041 1172 Ι¹Η⁹

2463 1227 2522 1264 se
2554 1213 2698 1276 ipsas
2736 1214 2898 1279 igitur
2929 1225 2984 1267 et
3025 1214 3078 1266 itt
3111 1227 3169 1266 se
3201 1213 3330 1280 ipsis
3361 1212 3598 1265 vicissim
3632 1213 3826 1266 divina:
3859 1228 4042 1277 perso-

2463 1318 2545 1355 na:
2587 1314 2790 1366 meant,
2828 1313 2880 1356 et
2913 1318 3016 1356 una
3067 1305 3263 1372 posita,
3317 1306 3626 1357 necessario
3655 1312 3765 1357 tota
3799 1302 4040 1358 Trinitas

2462 1395 2792 1454 declaratur.
2827 1395 2968 1448 sicut
3000 1405 3224 1448 ostenso
3255 1395 3428 1448 solum
3461 1393 3636 1460 radio,
3677 1396 3838 1448 tacite
3877 1395 3956 1448 sol
3987 1409 4040 1447 et

2461 1481 2548 1534 lux
2593 1483 2751 1535 simul
2777 1484 3138 1536 ostenduntur
3172 1500 3187 1540 :
3231 1485 3312 1537 vel
3343 1486 3483 1536 sicut
3512 1483 3878 1537 demonstrata
3906 1485 4037 1536 cha-

2463 1572 2641 1633 ritate,
2689 1575 2779 1639 qui
2826 1574 3006 1638 diligit
3035 1585 3088 1628 et
3132 1576 3274 1642 quod
3308 1575 3572 1640 diligitur,
3608 1575 3767 1627 simul
3813 1574 4040 1628 demon-

2461 1671 2745 1717 strantnr:
2796 1666 2875 1717 vel
2915 1666 3058 1718 sicut
3107 1667 3285 1735 posito
3321 1665 3490 1729 fume,
3542 1665 3734 1718 ﬂuvius
3768 1673 3822 1717 et
3871 1680 4033 1732 aqua,

2458 1763 2510 1806 et
2551 1769 2886 1824 quaecunque
2915 1757 3034 1809 alia:
3063 1757 3325 1826 imagines
3363 1773 3535 1812 sacra:
3567 1767 3622 1811 ct
3654 1756 4038 1809 similitudines

2463 1846 2626 1911 bujus
2681 1849 2758 1901 tci
2809 1864 2874 1903 es
2923 1849 3094 1903 sacris
3147 1850 3445 1916 Scripturis
3499 1848 3795 1917 symbolice
3843 1849 4027 1915 expri-

2469 1949 2712 1991 lllllllllll'.

3097 2026 3326 2081 CAPUT
3369 2026 3437 2080 X.

2455 2117 2608 2182 Quod
2650 2136 2809 2188 supra
2854 2136 3055 2172 omnem
3098 2121 3353 2173 rationem
3402 2129 3452 2171 et
3498 2131 3712 2172 mentem
3757 2129 3836 2172 est
3881 2136 4034 2172 omne

2523 2192 2661 2256 quod
2712 2195 2764 2241 in
2816 2190 3096 2245 Trinitate.
3146 2205 3265 2257 qua:
3313 2205 3474 2246 supra
3525 2189 3877 2240 substantiam
3923 2201 4038 2250 ett,

2524 2260 2939 2325 conlentplatnur
2967 2301 2978 2316 ,
3021 2270 3070 2311 et
3115 2260 3317 2317 penitus
3366 2259 3706 2322 incognitum,
3753 2270 3800 2309 et
3846 2260 4072 2309 itttrlli»

2517 2329 2688 2396 gentia
2709 2328 3462 2396 incompre/tensunt,quuntodo
3481 2345 3583 2380 una
3605 2337 3650 2379 at
3672 2330 3848 2380 eadem
3866 2344 4042 2380 essen-

2525 2399 2598 2450 tia
2634 2409 2682 2450 et
2709 2401 2761 2450 in
2793 2414 3103 2466 unaquaque
3133 2413 3352 2459 persona
3387 2413 3450 2449 ea:
3485 2399 3650 2452 tribus
3692 2409 3796 2448 tota
3830 2408 3875 2448 et
3923 2399 4037 2448 tota

2517 2478 2688 2532 est;et
2718 2470 2770 2518 in
2793 2469 2954 2519 tri'vus
2985 2468 3142 2527 simul
3162 2469 3341 2519 eadem
3373 2476 3484 2518 tuta
3502 2477 3548 2519 ct
3567 2469 3712 2529 sola;
3739 2479 3783 2518 et
3812 2468 3866 2516 in
3893 2467 4038 2517 nulla

2513 2554 2734 2605 persona
2778 2540 2888 2588 ulla
2921 2540 2971 2587 in
3003 2553 3054 2589 re
3088 2555 3118 2588 a
3158 2538 3271 2590 sola
3308 2547 3356 2589 et
3387 2547 3498 2590 tota
3535 2539 3860 2596 dimovetur,
3900 2539 4036 2587 tritte

2516 2607 2675 2660 simul
2721 2616 2769 2660 et
2807 2606 3151 2676 singulariter
3195 2608 3363 2660 culta.

3110 2735 3216 2773 Αυτ
3248 2735 3366 2773 8102

2448 2809 2601 2874 Quod
2631 2813 2682 2862 in
2717 2809 2993 2871 Trinitate.
3032 2828 3149 2874 qua:
3189 2828 3352 2878 supra
3394 2812 3744 2864 substantiam
3784 2820 3880 2872 est,
3933 2827 4038 2864 non

2516 2882 2799 2932 secundum
2834 2881 3052 2949 dei/ica:
3077 2897 3322 2946 personas
3354 2883 3428 2948 (3)
3461 2883 3680 2933 essentia
3712 2881 3824 2948 ejus
3851 2883 4033 2932 termi-

2519 2963 2710 3013 natur;
2743 2956 2829 3001 red
2859 2965 2933 3003 est
2960 2967 3284 3019 supraquam
3311 2953 3516 3004 ratione
3546 2952 3914 3019 comprehendi
3943 2966 4035 3015 po-

2517 3031 2640 3086 test,
2692 3037 2796 3073 una
2849 3024 3006 3072 trium
3044 3021 3288 3072 essentia.

2517 3138 2748 3193 Sanctus
2805 3135 3070 3189 Maximus
3134 3138 3184 3186 in
3231 3134 3471 3189 centuria
3520 3135 3610 3197 IV,
3657 3150 3776 3203 cap.
3825 3137 3876 3199 l,
3915 3139 4035 3191 ait:

2444 3229 2621 3282 Unum
2639 3239 2724 3282 cst
2749 3229 2948 3282 bonum
2985 3243 3314 3296 supraqttam
3355 3226 3470 3278 sine
3488 3228 3772 3294 principio.
3794 3240 3847 3282 et
3870 3245 4035 3294 supra

2441 3320 2820 3381 substantiam,
2841 3327 3025 3372 sancta
3047 3318 3251 3372 scilicet
3277 3318 3439 3370 trium
3464 3332 3811 3379 personarum
3834 3321 4036 3382 unitas,

2440 3410 2825 3476 PatenFilius,
2853 3422 2906 3466 et
2929 3411 3164 3479 Spiritus
3194 3419 3437 3474 sanctus,
3471 3415 3630 3462 trittttt
3663 3410 3753 3481 qui
3789 3411 4038 3464 immensi

2438 3514 2584 3564 ειιιιι,
2637 3503 2894 3554 immensa
2945 3512 3151 3554 natura:
3197 3501 3552 3562 consociatio,
3592 3517 3713 3566 qua:
3766 3501 4030 3552 rationem

2437 3595 2690 3647 essentia:
2742 3608 2872 3656 suae,
2908 3605 2961 3646 et
3010 3595 3301 3660 quomodo,
3348 3608 3412 3647 ac
3451 3593 3601 3660 quid,
3650 3601 3703 3646 et
3739 3595 3916 3657 qualis
3963 3603 4036 3644 sit

2437 3687 2597 3738 nullis
2637 3686 2847 3754 penitus
2891 3687 3126 3753 perviam
3171 3685 3316 3746 facit,
3361 3685 3627 3752 siquidem
3687 3701 3812 3738 omn
3837 3701 3902 3737 -ιιι
3937 3700 4040 3737 no-

2437 3778 2636 3828 tionem
2689 3776 3101 3845 intelligetttium
3149 3773 3302 3843 fugit,
3359 3791 3697 3842 nequaquam
3733 3790 3798 3828 ex
3851 3777 4035 3830 abdth

2434 3879 2486 3920 et
2517 3869 2775 3934 penetrali
2806 3879 3009 3920 natura:
3043 3883 3153 3924 sua:
3176 3868 3489 3935 egrediens,
3519 3876 3572 3920 et
3597 3884 3813 3923 omnem
3842 3872 4031 3933 cogni-

2438 3958 2639 4010 tionem
2685 3973 2953 4010 summam
3000 3969 3052 4011 et
3090 3959 3608 4012 excellentissimam
3659 3959 3714 4011 in
3761 3960 4027 4012 inllnitum

2433 4058 2676 4114 superat.
2721 4049 2864 4103 Idem
2911 4051 2962 4100 itt
3024 4049 3213 4102 eadem
3272 4051 3517 4102 centuria
3579 4066 3703 4117 cap.
3751 4050 3822 4102 ὃς
3883 4051 4033 4104 Untrs

2436 4138 2582 4193 Deus
2635 4141 2798 4195 unius
2839 4141 2961 4194 Filii
3009 4143 3224 4211 genitor
3268 4141 3450 4202 Pater,
3492 4149 3546 4192 et
3588 4143 3747 4194 unius
3792 4143 4031 4208 Spiritus

2436 4232 2607 4284 sancti
2645 4231 2787 4294 fons,
2821 4232 3013 4286 unitas
3033 4234 3150 4286 sine
3177 4232 3519 4295 coiil'usione,
3554 4241 3606 4284 et
3636 4231 3876 4284 Trinitas
3907 4232 4029 4284 sine

743 4331 906 4379 ιτιευς
939 4315 1083 4382 quod
1116 4315 1260 4368 enim
1307 4324 1392 4368 est
1425 4314 1654 4381 alicujus
1701 4316 1935 4368 essentia
1973 4314 2074 4386 (2),
2113 4320 2212 4371 hoc
2252 4320 2326 4372 si-
2361 4331 2400 4383 ι)
2431 4323 2722 4388 divisione,
2757 4340 2914 4379 mens
2950 4327 3066 4380 sine
3116 4326 3406 4394 principio,
3451 4327 3600 4378 solus
3649 4324 3817 4378 solius
3868 4322 4028 4376 Verbi

810 4502 856 4534 "
907 4503 947 4557 ll
987 4503 1112 4556 Cor.
1141 4510 1198 4568 v,‘
1236 4504 1320 4558 l9.
1403 4504 1449 4536 “
1475 4502 1635 4558 Joatt.
1684 4521 1795 4567 ιη’,
1828 4504 1912 4559 ll.

2256 4626 2534 4687 Schoﬁa.

807 4749 882 4810 (ll
910 4746 1083 4798 Simul
1108 4747 1380 4798 inducitur
1400 4763 1511 4799 esse
1542 4745 1775 4808 Patrem,
1803 4757 1857 4801 et
1883 4748 2149 4814 Spiritum
2205 4764 2328 4800 sau-

731 4817 1030 4873 ctum.Non
1064 4817 1166 4871 ltoc
1197 4818 1572 4880 accipiendum
1605 4827 1686 4871 est
1716 4819 1824 4872 dici
1859 4819 2158 4871 secundum
2191 4817 2329 4870 rela-

733 4892 977 4952 tionem;
1009 4893 1086 4940 sic
1127 4889 1274 4940 enim
1325 4887 1494 4939 Filius
1533 4905 1636 4940 non
1679 4889 1917 4942 refertur
1947 4891 2009 4941 ad
2063 4889 2324 4955 Spiritum

730 4969 1006 5017 sanctum,
1040 4960 1131 5011 sed
1179 4959 1243 5008 :td
1279 4955 1492 5008 Patrem
1531 4970 1762 5022 tantum,
1809 4960 1902 5012 Sed
1948 4959 2324 5026 acriptettdttut

728 5043 812 5082 est
857 5029 963 5081 dici
1018 5029 1319 5081 secundum
1373 5028 1972 5090 circttuiinceSsioncm,
2002 5045 2123 5095 quae
2162 5044 2324 5091 περι-

729 5100 972 5169 χώρηςις
1019 5114 1047 5150 a
1097 5097 1304 5169 Graecis
1361 5097 1610 5151 Patribus
1647 5099 1870 5169 dicitur.
1918 5101 2042 5166 quia
2088 5100 2139 5151 in
2191 5096 2326 5150 Filio

729 5168 855 5222 sunt
894 5169 1074 5227 Pater.
1103 5179 1157 5223 et
1197 5168 1410 5239 Spritus
1442 5180 1704 5230 sanctus;
1737 5179 1790 5223 et
1835 5168 2006 5222 Filius
2051 5171 2103 5221 ιιι
2134 5170 2315 5239 P_atre,

725 5254 778 5292 et
819 5240 1024 5300 Spiritu
1063 5237 1296 5303 sancto;
1329 5250 1382 5294 et
1419 5239 1653 5307 Spiritus
1691 5242 1742 5294 itt
1780 5240 1957 5295 Patre.
1990 5249 2043 5292 et
2074 5240 2123 5291 itt
2159 5237 2316 5301 Filio,

724 5320 780 5364 et
831 5313 1068 5378 denique
1118 5325 1456 5378 unaquaeque
1507 5324 1735 5378 persona
1783 5311 1834 5362 itt
1879 5311 2000 5363 aliis
2053 5309 2320 5362 vicissim.

783 5381 876 5451 ιβ)
914 5382 1068 5446 Quod
1098 5381 1236 5433 enim
1261 5392 1341 5434 est
1372 5381 1601 5448 alicujus
1632 5383 1882 5434 essentia.
1917 5381 2073 5433 Sicut
2101 5380 2190 5446 qui
2231 5380 2326 5431 lto-

725 5453 927 5506 ntiuent
976 5454 1338 5514 demonsuat,
1397 5453 1597 5504 animal
1649 5452 1909 5504 rationale
1955 5454 2323 5505 demoiistrst.

725 5528 850 5590 quia
886 5523 1122 5578 essentia
1166 5523 1402 5576 hominis
1433 5532 1515 5574 est
1551 5523 1753 5575 animal
1793 5521 2096 5584 rationale;
2129 5522 2208 5572 sic
2237 5521 2324 5585 qui

726 5611 888 5647 unam
924 5609 1208 5660 personant
1249 5591 1485 5646 divinam
1527 5592 1889 5652 demonstrat,
1930 5591 2166 5656 reliquas
2197 5593 2329 5643 duas

724 5666 962 5716 usu-tulit
986 5681 1000 5719 :
1025 5663 1148 5731 quia
1177 5663 1367 5732 Ilg-Ira,
1399 5679 1518 5730 qua:
1551 5665 1704 5716 habet
1738 5674 1849 5717 tres
1871 5664 2118 5731 angulus,
2145 5677 2329 5727 :t'qua-

726 5735 802 5786 les
842 5735 1052 5789 duultus
1087 5737 1272 5795 rectis,
1315 5736 1493 5787 omnis
1536 5735 1786 5802 trianguli
1817 5745 2066 5786 naturam
2109 5735 2335 5782 demon-

721 5819 887 5871 strat,
915 5807 1039 5876 quia
1070 5821 1172 5860 una
1201 5816 1254 5860 ct
1284 5808 1470 5860 eadem
1506 5815 1699 5859 natura
1724 5804 1975 5875 trianguli
2006 5815 2086 5859 cst
2119 5802 2175 5860 itt
2210 5818 2333 5856 out-

2430 4749 2589 4802 nibus
2621 4749 2944 4816 triangulis:
2982 4748 3061 4802 sic
3103 4764 3209 4801 una
3254 4761 3482 4815 persona
3520 4746 3758 4813 reliquas
3802 4748 4027 4800 deruun-

2427 4831 2588 4880 strat,
2627 4821 2751 4886 quia
2790 4834 2895 4871 uua
2930 4830 2981 4870 et
3012 4822 3202 4871 eadem
3246 4830 3437 4870 natura
3476 4831 3556 4870 est
3600 4819 3650 4868 itt
3689 4817 3898 4880 tribus;
3945 4831 4027 4868 la-

2428 4892 2582 4942 tnetsi
2616 4891 2826 4942 inliuito
2862 4888 3146 4942 intervallo
3177 4889 3373 4942 absunt
3409 4889 3524 4940 hate
3554 4888 3797 4955 exempla
3828 4904 3857 4939 a
3889 4889 4028 4940 divi-

2428 4961 2510 5011 nis
2555 4961 2826 5025 personis,
2869 4975 2988 5027 qua:
3030 4975 3138 5012 non
3180 4969 3410 5027 possunt
3446 4957 3682 5018 deliniri,
3728 4957 3853 5026 quia
3901 4969 4026 5010 sunt

2428 5031 2683 5084 inlinitur:
2721 5039 2776 5083 et
2813 5042 3003 5082 natura
3039 5031 3090 5080 iu
3124 5030 3204 5082 eis
3238 5044 3343 5082 nou
3375 5028 3639 5082 dividitur
3678 5027 4023 5094 proprietati.

2429 5101 2527 5151 lius
2563 5099 2938 5171 ltypostaticis,
2970 5099 3115 5171 sicut
3157 5099 3216 5171 in
3246 5100 3538 5171 creaturis.
3595 5095 3688 5150 sed
3721 5107 3807 5150 est
3843 5098 4021 5150 ἀπάνο

2425 5187 2533 5220 των
2565 5169 2821 5224 ἐπέκεινα
2852 5170 3138 5239 ταυτότης,
3167 5169 3218 5224 id
3245 5178 3350 5232 est,
3373 5179 3458 5225 est
3484 5169 3621 5222 idem
3647 5181 3812 5237 supra
3840 5172 4020 5222 omnia

2427 5243 2644 5294 eadem.

2505 5312 2578 5378 (5)
2608 5309 2726 5364 Non
2761 5311 3056 5366 secundum
3088 5326 3347 5379 personas
3380 5311 3599 5364 deilicas
3628 5305 3894 5361 delinitur
3925 5323 4018 5360 es-

2435 5383 2611 5435 sentia
2660 5382 2989 5450 Trinitatis;
3027 5383 3351 5436 drlitiiretttr
3394 5393 3598 5441 autem,
3653 5379 3694 5430 si
3745 5379 3869 5444 quia
3928 5389 4014 5432 est

2438 5469 2544 5504 una
2573 5463 2625 5504 et
2654 5453 2868 5510 eadem.
2902 5463 2955 5506 et
2996 5463 3104 5506 tota
3133 5454 3185 5506 in
3227 5465 3556 5521 unaquaque
3577 5488 3592 5511 ,
3617 5461 3722 5521 non
3759 5459 3903 5502 esset
3929 5464 4022 5502 ca-

2436 5522 2558 5576 dem
2611 5529 2721 5574 tota
2771 5524 2820 5574 in
2863 5525 3035 5576 tribus
3081 5523 3286 5586 simul;
3336 5517 3429 5576 aut
3470 5517 3548 5584 si,
3598 5517 3724 5588 quia
3765 5528 3843 5570 est
3888 5533 4017 5579 una.

2439 5593 2626 5645 eadem
2664 5603 2715 5645 et
2751 5604 2855 5645 tota
2895 5594 2946 5645 itt
2971 5595 3166 5651 triltus.
3209 5609 3314 5646 non
3347 5604 3492 5646 esset
3529 5593 3718 5644 eadem
3746 5597 3856 5639 tota
3897 5592 4018 5642 sine

2444 5664 2550 5716 ulla
2597 5663 2898 5716 variatione
2928 5676 2981 5717 et
3012 5663 3315 5717 dill‘ercntia
3360 5663 3411 5715 itt
3450 5660 3700 5730 singulis.
3741 5657 4017 5713 Personas

2444 5736 2666 5786 detticas
2706 5743 2885 5799 vocat,
2921 5735 2970 5785 Ed
3018 5745 3122 5798 est,
3167 5735 3400 5797 divinas,
3446 5734 3572 5801 quia
3611 5743 3843 5796 persona
3899 5747 4019 5799 qth

2446 5806 2574 5860 deos
2607 5804 2761 5869 iacit,
2791 5819 2895 5859 non
2929 5818 3106 5874 potest
3130 5819 3255 5860 esse
3283 5806 3388 5861 nisi
3426 5804 3587 5858 Deus.
