4446 6450
373 450 482 511 957

1257 458 1492 516 DECAS
1539 459 1637 516 IX.
1680 478 1746 495 α·-
1790 457 1894 518 ΟΕ
1933 460 2386 520 lNFlNlTATE
2433 465 2506 522 ΙΝ
2559 464 2725 523 DEt).

3504 457 3616 519 958

379 566 495 618 sine
515 565 1081 632 princhtinsccnndum
1096 565 1445 617 substantiam
1466 567 1762 634 g«-nit0r,et
1781 569 1942 619 solius
1978 571 2013 621 Δ
2044 568 2266 632 Caiplta,
2299 583 2349 623 et
2380 571 2596 632 Jutlzeis,
2626 582 2795 647 .atque
2828 568 3061 621 S'titciitl‘
3091 569 3345 626 sentiunt,
3383 569 3577 621 incitla'.
3603 575 3616 612 ‘-

384 665 597 706 teternae
631 656 753 706 vita!
790 666 1043 722 tanquam
1082 656 1313 721 Spiritus
1352 659 1521 708 sancti
1560 657 1696 708 fons.
1738 655 1864 708 Item
1899 659 1949 707 in

386 749 618 799 secunda
653 749 893 799 eettturia
924 764 1044 815 cap.
1085 750 1146 801 ις
1183 749 1333 802 Unus
1367 750 1527 809 Deus,
1562 751 1813 812 quoniam
1849 766 1949 802 una

384 837 677 901 divinitas;
705 840 881 892 unitas
908 842 1023 892 sine
1049 841 1336 908 principio,
1369 853 1415 892 et
1447 843 1692 908 simplex,
1718 853 1768 894 et
1792 857 1950 906 supra

385 927 762 989 subslantiam,
795 941 846 981 et
879 946 1069 996 expers
1117 933 1301 995 partis,
1333 941 1382 983 et
1425 931 1719 993 individua,
1764 933 1952 984 eadem

390 1019 584 1078 unitas,
612 1031 660 1069 et
686 1019 944 1082 Trinitas,
971 1029 1079 1072 tota
1105 1024 1287 1074 eadem
1319 1023 1516 1080 unitas.
1548 1033 1599 1074 et
1635 1031 1742 1075 tota
1769 1024 1953 1075 eadem

388 1108 670 1172 Trinitas;
729 1113 906 1163 unitas
973 1122 1080 1164 tota
1109 1113 1294 1164 eadem
1352 1115 1646 1166 secundum
1698 1114 1954 1168 substan-

386 1199 543 1257 tiam.
595 1211 645 1253 ct
679 1210 786 1254 tota
821 1204 1008 1254 eadem
1035 1202 1274 1256 Trinitas
1303 1203 1598 1255 secundum
1656 1220 1954 1267 personas;

389 1287 548 1343 Pater
581 1291 720 1341 enim
762 1299 815 1340 et
855 1290 1044 1351 Filius.
1090 1303 1140 1345 et
1183 1293 1419 1360 Spiritus
1465 1294 1754 1348 divinitas:
1807 1305 1858 1346 et
1904 1295 1954 1345 in

388 1377 564 1442 Patre,
606 1390 657 1432 et
703 1379 858 1442 Filio,
904 1391 958 1432 et
1011 1380 1210 1448 Spiritui
1260 1393 1449 1435 saneto
1499 1383 1793 1442 divinitas;
1850 1389 1958 1436 ton

385 1468 571 1519 eadem
610 1468 662 1521 in
697 1479 804 1521 toto
845 1468 1022 1528 Patre,
1054 1479 1105 1519 et
1141 1470 1192 1519 in
1229 1471 1415 1522 eadem
1450 1481 1557 1522 tota
1591 1481 1734 1522 lotus
1765 1472 1959 1534 Pater;
1991 1456 1997 1462 ”

351 1567 438 1608 ·ει
478 1567 582 1609 tota
615 1559 799 1610 eadem
834 1560 882 1610 in
918 1571 1029 1611 toto
1072 1559 1229 1618 Filio,
1265 1573 1318 1611 et
1350 1561 1402 1611 in
1435 1563 1617 1614 eadem
1669 1571 1773 1612 tota
1817 1571 1963 1614 loltts

349 1665 358 1711 ξ
391 1646 579 1709 Filius;
624 1659 678 1700 et
721 1659 827 1702 tota
859 1650 1044 1702 eadem
1080 1651 1130 1702 itt
1166 1660 1276 1703 toto
1327 1651 1527 1716 Spiritu
1576 1663 1785 1710 saneto,
1811 1663 1861 1704 et
1910 1652 1962 1705 in

391 1745 498 1789 tota
546 1739 733 1789 euletn
785 1748 929 1793 totus
980 1738 1212 1806 Spiritus
1252 1753 1508 1801 sanctus,
1543 1751 1652 1794 tota
1689 1742 1867 1803 Pater,
1911 1749 1965 1794 et

389 1828 442 1879 in
475 1836 587 1880 toto
632 1828 826 1892 Patre;
867 1840 916 1884 et
952 1842 1094 1883 totus
1123 1831 1175 1883 in
1204 1843 1310 1884 tota
1360 1831 1536 1894 Pater,
1571 1842 1622 1884 et
1664 1841 1769 1883 tota
1819 1842 1963 1884 totus

389 1915 583 1981 Pater;
616 1929 664 1971 et
702 1929 810 1972 tota
845 1923 1030 1974 eadem
1073 1930 1216 1975 totus
1263 1923 1421 1981 Illius.
1457 1933 1510 1974 et
1542 1933 1653 1974 tota
1690 1923 1874 1976 eadem
1909 1923 1961 1975 in

395 2013 506 2058 toto
543 2003 699 2067 Filio,
738 2017 789 2058 et
817 2015 959 2060 tutus
1006 2015 1138 2069 tota,
1184 2021 1236 2061 et
1267 2011 1317 2062 in
1361 2019 1468 2063 tota
1516 2009 1700 2062 eadem
1754 2008 1918 2064 Filius
1946 2036 1978 2071 ..-

391 2107 444 2148 et
472 2105 580 2147 tota
615 2097 800 2147 eadem
847 2096 1079 2162 Spiritus
1127 2108 1367 2163 sanctus,
1419 2108 1470 2151 et
1501 2099 1550 2150 in
1601 2108 1710 2151 toto
1759 2098 1963 2168 Spiritu

391 2197 602 2248 sancto,
631 2195 684 2238 et
709 2196 849 2238 totus
876 2176 1107 2253 Spiritus
1136 2197 1353 2242 sant-tus
1379 2199 1508 2254 tota,
1537 2202 1588 2244 et
1613 2200 1753 2244 totus
1778 2195 1828 2242 in
1855 2203 1962 2243 tnta

389 2277 576 2326 eadem
613 2277 838 2344 Spiritus
868 2287 1106 2329 sanctus.
1134 2278 1251 2330 Non
1276 2279 1417 2330 enim
1446 2295 1506 2331 ex
1538 2291 1688 2346 parte
1717 2280 1966 2332 divinitas

391 2366 444 2418 itt
481 2356 656 2426 Patre,
685 2378 772 2417 aut
804 2382 866 2419 ex
911 2381 1064 2435 parte
1115 2369 1252 2422 Deus
1284 2370 1442 2423 Pater
1472 2386 1569 2424 nec
1623 2387 1685 2424 ex
1739 2383 1888 2437 parte
1914 2372 1964 2422 in

399 2456 604 2524 Spiritu
632 2470 819 2510 sineto
849 2459 1119 2516 divinitas.
1149 2473 1236 2514 aut
1269 2477 1332 2514 ex
1377 2473 1526 2529 parte
1571 2463 1707 2516 Deus
1739 2462 1968 2528 Spiritus

392 2557 650 2598 sanctus:
692 2563 786 2599 nec
814 2543 956 2599 enim
1000 2551 1266 2616 partibilis
1295 2563 1372 2601 est
1406 2551 1679 2611 divinitas,
1724 2569 1819 2605 nec
1861 2555 1964 2605 im-

393 2640 665 2705 perfectus
689 2639 829 2691 Da-us
849 2639 1022 2700 Pater,
1052 2642 1132 2693 vel
1155 2641 1430 2694 Filiusvel
1457 2642 1685 2710 Spiritus
1710 2656 1928 2698 sanctus
1952 2658 1992 2706 :‘

395 2731 486 2781 seul
520 2729 699 2794 potius
735 2741 840 2782 Iota
878 2741 954 2781 est
985 2734 1193 2790 eadem,
1229 2732 1464 2799 perfecta
1501 2733 1733 2800 perfecte
1765 2737 1814 2786 in
1849 2753 1969 2803 per-

398 2821 536 2871 fer-to
557 2819 746 2883 Patre;
781 2831 831 2873 et
863 2831 966 2872 tota
1009 2822 1244 2888 perfecta
1278 2823 1510 2887 perfecte
1550 2826 1733 2876 eadem
1768 2827 1818 2877 in
1846 2843 1966 2894 per-

399 2913 537 2964 ἰριοιο
561 2913 726 2974 Filio;
761 2924 810 2962 et
845 2920 951 2962 tota
1003 2916 1234 2979 perfecti
1275 2915 1458 2966 eadem
1495 2917 1543 2965 in
1575 2917 1812 2982 perlerto
1847 2917 1970 2977 Spi-

397 3008 504 3060 ritu
550 3016 754 3067 santn,
812 3014 953 3057 totus
995 3007 1135 3056 enim
1187 3007 1234 3056 in
1282 3013 1391 3058 toto
1438 3005 1615 3067 Patre,
1667 3018 1718 3059 et
1767 3009 1968 3075 Spiritu

396 3107 581 3150 Sancto
617 3097 849 3161 perferte
883 3107 964 3147 est
999 3094 1204 3159 Filius;
1255 3108 1304 3148 et
1347 3106 1490 3149 totus
1524 3098 1574 3149 in
1629 3107 1739 3148 toto
1787 3099 1967 3164 Patre,

1997 1875 2036 1931 Β

2056 677 2224 724 neque
2246 665 2359 725 plus
2385 663 2466 714 bis
2483 663 2768 727 excogitat.
2797 677 2860 712 ne
2887 662 2948 711 atl
2974 660 3365 712 multitudinem
3392 661 3615 710 deorum

2055 765 2176 801 eum
2222 751 2509 818 gentilibus
2537 751 2800 803 volvatur.
2833 750 2893 802 Et
2943 751 3079 814 quod
3115 751 3224 800 lucc
3260 751 3326 799 sit
3369 748 3620 800 Ecclesia:

2060 841 2210 900 titles,
2253 840 2552 902 intelligant
2587 841 2859 907 quomodo
2902 840 3178 902 Dominus,
3223 856 3344 890 rttm
3385 841 3617 890 mitteret

2065 937 2356 1000 apostolos,
2409 939 2658 1002 pra-cepit
2712 937 2788 988 eis
2824 935 3002 1001 jacere
3060 940 3158 989 hoc
3215 937 3620 988 fundamentum

2059 1026 2345 1077 Ecclesiae:
2387 1023 2603 1085 Eunus,
2632 1026 2823 1091 inquit.
2853 1028 3028 1078 docete
3062 1043 3236 1079 onum
3272 1039 3463 1094 gentes,
3503 1027 3624 1086 lmp-

2061 1118 2282 1166 tiznntrs
2312 1131 2396 1165 eos
2446 1116 2500 1165 in
2533 1116 2740 1167 nomine
2789 1114 2966 1166 Patris
3015 1126 3063 1164 et
3115 1107 3263 1174 Filii,
3297 1126 3343 1165 ρι
3395 1115 3626 1174 Spiritus

2060 1209 2227 1260 sancti
2268 1207 2334 1256 ⁸⁸.
2392 1206 2629 1270 Apostoli
2681 1217 2856 1258 autent
2901 1206 3120 1272 profecti
3167 1208 3244 1258 sic
3291 1207 3585 1256 ιΙιιιιιιοιτιιιιι

2063 1298 2125 1346 Et
2168 1299 2278 1348 huic
2303 1306 2384 1347 est
2421 1297 2469 1345 in
2503 1298 2750 1348 universa
2787 1294 3026 1347 Ecclesia
3057 1311 3173 1362 qnte
3211 1296 3313 1347 sub
3344 1296 3482 1346 cmln
3524 1306 3624 1352 ρςι,

2063 1386 2404 1452 przudicatioz
2434 1393 2487 1436 et
2521 1386 2620 1434 boc
2643 1395 2725 1438 est
2755 1386 3156 1437 fundamentum
3192 1386 3309 1436 ﬁdei
3356 1386 3627 1437 Emit-size.

2065 1476 2139 1526 Ex
2175 1475 2257 1527 his
2289 1475 2501 1540 planum
2545 1474 2619 1532 tit,
2665 1477 2802 1540 quod
2843 1477 3018 1526 omnis
3050 1476 3320 1540 plenitudo
3360 1475 3618 1525 divinita—

2069 1567 2135 1619 tis
2165 1575 2245 1620 est
2278 1564 2458 1626 Pater,
2492 1563 2680 1625 Filius,
2714 1577 2762 1617 el
2793 1565 3027 1631 Spiritus
3069 1575 3308 1627 sanctus;
3347 1574 3452 1616 tota
3486 1565 3626 1616 enim

2066 1668 2121 1710 et
2141 1659 2255 1710 sola
2303 1657 2552 1710 divinitas
2593 1659 2656 1707 tle
2705 1671 3028 1723 unaquaque
3077 1658 3234 1707 triunt
3283 1670 3630 1721 personarum

2075 1748 2192 1799 sine
2228 1745 2532 1799 diﬂ‘erentia
2569 1745 2695 1803 ulla,
2720 1757 2770 1796 et
2804 1760 2864 1795 ex
2908 1744 3050 1796 omni
3103 1755 3253 1810 parte
3289 1743 3631 1810 praedicatur,

2069 1841 2122 1886 et
2148 1834 2517 1900 reciprocatur
2560 1832 2870 1896 praedicatio
2915 1831 2982 1882 de
3013 1832 3234 1892 eodem;
3271 1845 3369 1883 nec
3400 1829 3635 1881 variatur

2067 1923 2118 1974 in
2147 1922 2248 1972 ulla
2285 1936 2363 1984 re,
2405 1921 2509 1973 nisi
2546 1922 2594 1970 in
2647 1919 3031 1988 ltypostaticis:
3071 1931 3230 1985 atque
3266 1917 3365 1970 ltoe
3395 1929 3472 1969 est
3507 1909 3633 1969 illud

2065 2012 2260 2064 mirum
2284 2013 2334 2062 in
2361 2011 2574 2062 modum
2600 2011 2782 2076 ingens
2811 2018 2863 2059 t-t
2887 2024 3163 2067 arcanum,
3184 2017 3341 2075 atque
3367 2007 3628 2060 abditum.

2065 2111 2116 2155 et
2146 2102 2288 2169 quod
2322 2101 2449 2152 nulli
2496 2113 2701 2154 natura:
2744 2101 2793 2150 in
2827 2098 2930 2151 ulla
2971 2113 3026 2150 re
3054 2098 3338 2164 contingit,
3369 2096 3639 2163 quomodo

2066 2193 2224 2244 trium
2259 2201 2701 2258 persOnarnm,el
2739 2191 2804 2256 (si
2841 2191 2919 2242 fas
2957 2199 3038 2239 est
3069 2189 3268 2254 dicere)
3308 2189 3464 2239 trium
3503 2188 3630 2237 sub-

2059 2281 2330 2345 iectorum
2363 2295 2468 2332 una
2491 2291 2571 2332 est
2600 2278 2830 2331 essentia
2863 2287 3009 2335 actu,
3047 2277 3159 2326 sola
3196 2283 3250 2325 ct
3279 2283 3390 2325 tuta
3425 2273 3474 2322 in
3506 2287 3636 2324 nna-

2067 2386 2277 2440 quaque
2295 2369 2666 2438 persona,utsi
2689 2384 2791 2420 una
2812 2381 3038 2434 persona
3061 2364 3306 2415 absolute
3323 2362 3637 2414 exsisteret-

2069 2478 2231 2515 unam
2281 2463 2570 2516 essentiam
2605 2471 2726 2513 actu
2763 2459 2880 2510 dico
2912 2459 3080 2525 magis
3110 2472 3297 2517 unam,
3332 2469 3489 2521 quam
3527 2467 3643 2517 qua:

2067 2563 2150 2607 est
2174 2554 2404 2606 maxime
2443 2553 2681 2605 Omnium
2713 2540 3022 2618 singularis.
3055 2546 3321 2600 Utautem
3356 2550 3645 2610 repetendo

2073 2647 2386 2701 summatim
2419 2645 2705 2698 manifesta
2741 2645 2831 2696 liat
2863 2642 3128 2709 expositio
3168 2640 3499 2699 materiaria,
3525 2655 3645 2704 qum

2072 2741 2172 2793 Inc
2199 2737 2400 2791 tlecade
2422 2737 2748 2794 continetur,
2771 2736 3196 2790 demonstraturi:
3224 2743 3298 2781 est
3334 2748 3424 2798 per
3449 2747 3645 2793 prupn-

2072 2800 2301 2882 sitiones.
2321 2825 2671 2881 aﬂirmantes.
2696 2824 2832 2889 quod
2856 2839 2959 2874 non
2986 2835 3064 2874 ρει
3093 2821 3215 2883 alia,
3240 2833 3285 2872 et
3317 2821 3426 2872 sola
3459 2829 3648 2871 natura

2072 2936 2177 2973 nun
2209 2927 2412 2976 creata.
2445 2917 2544 2970 nisi
2595 2917 2739 2968 solus
2788 2913 2969 2973 Pater,
3007 2923 3058 2963 et
3099 2911 3292 2970 Filius,
3320 2920 3370 2962 et
3416 2909 3647 2976 Spiritus

2076 3021 2332 3071 sanctus;
2367 3021 2466 3060 nec
2513 3006 2616 3058 alia
2662 3005 2936 3063 divinitas,
2973 3011 3025 3054 et
3056 3002 3250 3062 virtus,
3284 3011 3328 3051 et
3378 3001 3648 3066 operatio,

2079 3106 2178 3158 nisi
2208 3104 2354 3157 solus
2383 3103 2520 3154 idem
2557 3102 2802 3159 Patet‘,et
2833 3096 3016 3155 Filius,
3045 3107 3098 3147 et
3128 3095 3360 3161 Spiritus
3389 3103 3612 3144 sanctus
3633 3134 3646 3153 ,

397 3197 442 3236 et
477 3186 614 3238 Filio
645 3187 882 3253 perfer-te
905 3196 988 3240 est
1034 3187 1266 3254 Spiritus
1317 3199 1576 3252 sanctus;
1625 3193 1972 3256 quamobrem
2005 3204 2046 3259 ο
2084 3210 2178 3246 nec
2211 3202 2293 3246 est
2341 3193 2445 3245 alia
2495 3193 2677 3245 unitas
2725 3205 3047 3258 supraquam
3082 3189 3280 3243 divina.
3319 3189 3415 3238 nisi
3470 3186 3649 3243 Pater.

398 3286 448 3327 et
483 3292 620 3330 unus
655 3275 790 3327 Dens
837 3275 1016 3337 Pater,
1047 3287 1099 3330 et
1140 3275 1326 3340 Filius,
1371 3287 1419 3330 et
1451 3277 1684 3347 Spiritus
1723 3293 1964 3345 sanctus,

399 3384 501 3419 una
534 3369 674 3419 enim
704 3379 749 3416 et
789 3368 975 3420 eadem
1013 3369 1334 3428 substantia.
1362 3379 1412 3423 et
1443 3372 1630 3434 virtus,
1660 3383 1704 3423 et
1733 3376 1971 3441 operatio

399 3460 598 3525 Patris,
627 3475 674 3510 et
707 3461 847 3522 Filii,
881 3470 933 3511 et
976 3455 1215 3529 Spiritus
1247 3463 1436 3525 sancti,
1468 3479 1586 3515 curn
1621 3466 1799 3516 nullus
1852 3469 1969 3518 sine

399 3552 570 3602 altern
602 3552 698 3612 sit,
731 3560 821 3600 aut
863 3549 1215 3617 intelligatur.
1251 3549 1472 3618 Magnus
1522 3553 1872 3616 Athanasius,
1921 3556 1972 3607 in

399 3641 622 3707 epistola
653 3641 716 3691 ad
752 3639 1138 3706 Serapionem:
1195 3638 1479 3695 Videamus
1527 3659 1658 3695 vero
1715 3657 1971 3711 praeterea

401 3730 573 3800 ipsam
599 3733 756 3784 etiam
786 3747 814 3784 a
842 3732 1107 3800 principio
1129 3733 1365 3786 relictam
1395 3734 1757 3798 traditionem,
1801 3749 1848 3790 et
1886 3740 1978 3789 do-

401 3828 627 3882 ctrinam
653 3837 811 3893 atque
845 3827 1000 3879 ﬁdem
1031 3825 1288 3881 Ecclesire
1321 3829 1601 3882 catholica!
1631 3847 1644 3890 ;
1674 3846 1832 3894 quam
1877 3831 1978 3884 Do-

404 3920 585 3970 minus
629 3919 841 3985 quidem
888 3917 1058 3979 dedit,
1097 3917 1329 3985 apostoli
1363 3933 1491 3971 vero
1528 3921 1976 3987 prmrtieaverunt,

401 4018 447 4061 et
484 4008 666 4062 Patres
689 4017 994 4060 servarunt.
1021 4007 1077 4059 In
1099 4007 1198 4060 liae
1222 4009 1364 4060 enim
1393 4008 1496 4060 title
1525 4008 1760 4063 Ecclesia
1792 4011 1980 4064 funda-

404 4109 454 4151 ta
485 4109 586 4161 est,
619 4099 683 4149 ab
713 4100 811 4151 bac
853 4099 944 4165 qui
978 4099 1264 4158 exciderit,
1299 4115 1396 4153 nec
1434 4101 1531 4150 erit
1569 4117 1739 4167 neque
1775 4103 1982 4156 dicetur

402 4191 752 4242 Christianus.
785 4188 1022 4242 Trinitas
1045 4191 1206 4258 igitur
1235 4205 1418 4244 saneta
1449 4203 1498 4245 et
1535 4192 1775 4259 perfecta
1807 4209 1889 4246 ρει
1924 4195 1976 4247 in

403 4278 582 4338 Patre,
614 4288 668 4331 et
688 4277 844 4353 Filio,
873 4288 927 4332 et
958 4280 1162 4348 Spit-itu
1196 4293 1405 4347 sancto,
1442 4283 1574 4334 niltil
1602 4284 1857 4341 alienum,
1886 4299 1982 4334 nec

402 4371 742 4424 extrinsecus
771 4371 1054 4424 collectum
1093 4373 1318 4431 habens,
1353 4388 1449 4425 nec
1480 4389 1544 4425 ex
1582 4385 1824 4427 creatore.
1852 4390 1981 4427 con-

404 4472 578 4519 stans.
612 4462 703 4513 sed
741 4471 856 4512 tota
887 4462 1146 4523 creatrix,
1179 4473 1232 4515 et
1264 4462 1546 4526 eflectrix;
1576 4466 1656 4516 sui
1690 4464 1900 4526 similis,
1930 4473 1983 4517 et

2074 3286 2262 3344 Filius.
2297 3295 2348 3337 et
2379 3285 2612 3351 Spiritus
2649 3293 2904 3334 sanctus:
2939 3297 3034 3333 nec
3063 3290 3145 3332 est
3175 3281 3270 3330 alia
3304 3281 3353 3332 itt
3384 3278 3651 3330 Trinitate

2074 3377 2346 3436 discretio,
2369 3375 2468 3427 nisi
2497 3376 2546 3425 in
2580 3391 2642 3422 eo
2670 3377 2809 3438 quod
2839 3384 2915 3421 est
2943 3387 3059 3424 esse
3087 3372 3322 3427 Patrem.
3351 3380 3401 3423 et
3431 3369 3650 3435 Filium,

2076 3478 2130 3520 et
2160 3467 2422 3532 Spiritum
2454 3474 2739 3524 sanetum;
2773 3478 2868 3513 nec
2888 3473 2964 3512 est
2994 3461 3045 3512 in
3069 3459 3337 3512 Trittitate
3367 3461 3506 3512 alius
3531 3459 3650 3510 fons

2076 3569 2129 3612 ct
2175 3557 2491 3624 principium
2541 3555 2704 3605 totius
2757 3553 3071 3609 divinitatis,
3109 3554 3208 3604 nisi
3261 3553 3404 3603 solus
3453 3552 3651 3614 Pater;

2077 3661 2131 3702 et
2166 3649 2304 3717 quod
2359 3648 2634 3699 naturales
2683 3655 2734 3695 et
2769 3645 3149 3696 substantiales
3199 3644 3542 3707 operationes
3588 3658 3651 3693 ex

2081 3743 2196 3809 ipso
2221 3740 2547 3808 prodeuntes
2574 3749 2694 3789 sunt
2723 3735 2908 3793 Filius,
2932 3746 2980 3786 et
3010 3736 3123 3799 ejus
3149 3735 3383 3797 Spiritus
3409 3745 3658 3796 sant-tus;

2081 3847 2179 3886 nec
2217 3832 2316 3884 alia
2348 3839 2429 3883 est
2457 3830 2724 3897 operatio.
2754 3840 2803 3880 et
2836 3842 3047 3887 manus,
3083 3837 3134 3877 et
3170 3827 3366 3889 digitus
3399 3826 3536 3892 ejus,
3566 3828 3656 3891 qui

2080 3933 2162 3977 est
2188 3937 2345 3988 supra
2374 3925 2572 3972 bonum
2595 3936 2690 3987 per
2707 3933 2860 3985 quem
2890 3919 3067 3969 omnia
3099 3916 3237 3968 Deus
3260 3926 3537 3982 operatur.
3555 3917 3657 3978 nisi

2081 4014 2196 4080 ejus
2243 4011 2430 4071 Filius.
2467 4010 2786 4080 principium
2831 4007 3111 4059 tleiticandi
3157 4021 3274 4069 nos,
3323 4015 3376 4059 et
3426 4005 3660 4073 Sp'ritus

2082 4113 2338 4156 Iunctus:
2375 4115 2546 4168 neque
2585 4114 2917 4166 quaecunque
2954 4099 3265 4162 singulatim
3301 4099 3577 4151 naturales
3607 4109 3662 4149 ct

2083 4193 2464 4247 substantiales
2488 4192 2739 4259 energim,
2766 4193 2874 4242 Sin'
2902 4191 3244 4257 operationes
3265 4189 3356 4242 Dei
3389 4192 3660 4252 dicuntur,

2083 4285 2202 4337 alia!
2233 4294 2358 4336 sunt
2388 4294 2574 4350 praeter
2609 4282 2822 4339 Filium.
2865 4291 2916 4333 et
2943 4290 3183 4332 sanctum
3217 4284 3334 4343 ejus
3365 4281 3661 4345 Spiritutn;

2087 4390 2258 4442 neque
2279 4388 2616 4441 qumcnnqne
2646 4387 2754 4423 uno
2781 4372 2944 4420 verbo
2973 4369 3234 4421 naturalia
3262 4380 3312 4422 et
3342 4371 3667 4423 substantia-

2090 4465 2156 4517 lia
2198 4465 2286 4518 Dei
2318 4464 2589 4526 dicuntur,
2621 4463 2723 4514 alia
2757 4471 2880 4515 sunt
2923 4471 3116 4529 praeter
3155 4461 3374 4524 Filium,
3403 4470 3458 4516 et
3493 4461 3667 4528 Spiri-

367 4552 696 4605 ~secuntlum
726 4559 970 4606 naturam
998 4553 1296 4620 individua,
1327 4565 1376 4606 et
1411 4570 1513 4606 una
1545 4557 1704 4622 tmjns
1731 4555 1991 4626 operatio_
2027 4536 2068 4590 Ῑ)
2101 4565 2210 4606 tum
2244 4563 2533 4616 sanctum,-
2565 4567 2738 4618 neque
2769 4567 3106 4618 quacunque
3143 4553 3194 4604 in
3228 4553 3493 4606 'l‘rinitate
3529 4556 3667 4606 reci-

403 4643 564 4695 Pater
592 4644 734 4696 enim
756 4658 849 4711 per
871 4645 1100 4697 Verbum
1126 4647 1177 4697 in
1205 4646 1407 4714 Spiritu
1434 4657 1624 4699 sancto
1644 4649 1820 4698 omnia
1845 4647 1991 4706 facit.

402 4742 456 4785 et
485 4736 562 4807 sic
585 4746 827 4786 servatur
859 4734 1036 4786 unitas
1062 4733 1380 4799 Trinitatis;
1417 4749 1466 4786 et
1495 4738 1572 4788 sic
1604 4754 1744 4789 unus
1773 4738 1912 4790 Deus
1940 4739 1988 4789 in

408 4824 646 4877 Ecclesia
692 4825 1041 4892 praedicatur,
1094 4825 1185 4892 qui
1228 4837 1308 4878 est
1365 4843 1526 4895 super
1567 4829 1770 4888 omnia.
1808 4838 1862 4880 et
1897 4845 1991 4897 per

405 4915 606 4971 omnia.
630 4923 683 4965 et
709 4915 759 4966 in
783 4916 1064 4978 omnibus;
1092 4932 1254 4984 Super
1274 4918 1454 4968 omnia
1477 4917 1716 4986 quidem,
1737 4930 1785 4968 ttt
1813 4918 1986 4980 Pater.

409 5013 466 5056 ιιι
495 5005 841 5072 principium,
864 5013 922 5056 ιιι
949 5005 1090 5068 lotus;
1114 5021 1209 5074 per
1233 5008 1411 5059 omnia
1441 5023 1569 5061 vero
1599 5023 1692 5075 per
1720 5007 1987 5073 Verbum;

408 5096 460 5147 iu
495 5096 748 5150 omnibus
791 5109 968 5149 autem
1009 5098 1060 5150 in
1102 5096 1305 5165 Spiritu
1341 5108 1550 5152 saneto.
1587 5100 1829 5153 Trinitas
1862 5118 1990 5154 vero

407 5195 485 5236 est
530 5199 633 5236 non
667 5185 780 5238 solo
812 5188 1104 5246 nontiue,et
1141 5189 1355 5241 lictione
1386 5188 1660 5252 Verbi,sed
1697 5192 1919 5244 veritate
1936 5203 1990 5246 et

409 5277 725 5331 exsistentia
749 5275 808 5330 Τ.
828 5278 1007 5332 initas.
1033 5279 1179 5332 Sicut
1209 5283 1352 5333 enim
1378 5283 1466 5349 qui
1497 5281 1856 5340 est.estPater
1878 5301 1891 5347 ;
1916 5287 1996 5337 sic

407 5370 623 5437 quiest.
647 5381 726 5421 est
751 5384 912 5438 super
931 5372 1110 5423 omnia
1139 5369 1294 5424 Deus.
1323 5375 1410 5438 qui
1441 5383 1520 5424 est
1557 5373 1713 5438 hujus
1733 5373 1995 5437 Verbum;

410 5471 466 5513 et
493 5457 730 5527 Spiritus
759 5471 980 5513 sanctus
1007 5475 1112 5512 non
1141 5472 1224 5513 est
1253 5478 1356 5513 non
1386 5464 1679 5520 exsislens,
1699 5463 1793 5514 sed
1821 5467 1999 5529 potius

411 5553 622 5604 exsistit
666 5562 718 5604 ct
762 5552 1013 5605 subsistit
1049 5568 1193 5606 vere.
1246 5551 1428 5620 Neque
1481 5554 1658 5605 minus
1704 5554 1787 5604 bis
1834 5557 1998 5609 sentit

413 5642 655 5697 Beelesia
688 5644 978 5703 catholica.
1015 5657 1081 5696 no
1122 5645 1175 5697 in
1209 5660 1448 5698 errorem
1484 5641 1695 5711 eorum,
1730 5646 1817 5716 qui
1868 5662 1988 5699 cum

489 5819 533 5848 “
565 5818 751 5872 Matth.
796 5835 986 5882 xxi/tit,
1032 5817 1120 5875 18.

2096 4657 2404 4713 proeatttur,
2434 4647 2579 4714 pium
2616 4654 2698 4699 est
2732 4647 2910 4698 dicere
2939 4647 3230 4714 quidquam
3263 4647 3312 4698 itt
3350 4650 3429 4697 eis
3465 4662 3582 4699 esse
3613 4658 3667 4699 et

2092 4740 2198 4791 dici
2233 4739 2392 4791 unius
2423 4752 2684 4804 personze,
2712 4737 2854 4804 quod
2883 4753 2984 4788 non
3015 4737 3080 4788 sit
3109 4743 3161 4788 et
3188 4738 3398 4789 dit-atur
3428 4738 3664 4788 essentia

2091 4829 2345 4880 aitet-ius:
2380 4842 2552 4893 neque
2575 4832 2707 4894 qntr'
2727 4835 2852 4878 sunt
2884 4840 3127 4892 personae
3154 4826 3380 4887 (iciliczt',
3404 4836 3455 4875 et
3486 4841 3667 4878 essen-

2090 4921 2162 4971 tia
2211 4919 2518 4980 Trinitatis,
2560 4919 2704 4985 pium
2759 4928 2842 4970 est
2885 4917 3065 4968 dieere
3119 4918 3349 4968 altetttm
3395 4930 3499 4968 n0n
3543 4931 3668 4968 esse

2089 5010 2383 5063 essentiam
2415 5009 2682 5071 alterius;
2716 5022 2878 5075 supra
2921 5022 3136 5059 omnem
3181 5022 3311 5056 veru
3348 5015 3578 5056 mentem
3614 5014 3667 5056 ιιι

2092 5102 2355 5152 rationem
2401 5101 2452 5152 itt
2495 5100 2668 5152 tribus
2711 5098 2978 5165 personis,
3007 5100 3121 5151 sive
3151 5097 3414 5163 sulrjeczis
3447 5111 3550 5147 ttna
3584 5105 3668 5146 est

2091 5203 2144 5245 et
2193 5202 2324 5253 tuta,
2370 5199 2423 5244 et
2451 5194 2565 5244 sola
2623 5191 2773 5243 trinae
2821 5203 2981 5257 supra
3034 5198 3305 5250 naturam,
3340 5199 3392 5238 et
3447 5188 3670 5239 inlinit:e

2099 5283 2321 5334 unitatis
2345 5281 2577 5334 essentia
2605 5295 2934 5346 supraquatn
2968 5279 3170 5332 divina.
3202 5279 3447 5332 Perfecta
3485 5279 3667 5341 itaque

2099 5387 2220 5427 sunt
2247 5391 2365 5434 utne
2395 5374 2447 5425 in
2479 5374 2579 5425 bac
2626 5373 2825 5424 tlecatle
2869 5380 3119 5424 contexta
3163 5382 3286 5424 Sttltt
3318 5383 3370 5420 ιιι
3399 5371 3665 5436 exposita,

2099 5466 2168 5516 ita
2202 5478 2256 5516 ιιι
2290 5466 2421 5517 nihil
2452 5465 2611 5516 desit.
2644 5463 2732 5518 Est
2767 5475 2943 5517 autem
2976 5465 3236 5532 inscripta
3273 5465 3454 5524 decus,
3488 5461 3559 5512 De
3581 5457 3668 5511 tit-

2095 5558 2296 5621 ﬁnrtrtte
2325 5561 2374 5606 in
2402 5553 2528 5611 Deo,
2559 5556 2680 5620 quia
2715 5555 2892 5613 omnis
2925 5555 3162 5605 inlinilas
3195 5555 3246 5604 in
3282 5554 3385 5604 Deo
3417 5562 3498 5603 est
3537 5548 3662 5600 Tri-

2093 5649 2256 5710 nitas,
2283 5662 2401 5714 qua:
2436 5661 2595 5714 sUpra
2629 5655 2902 5708 naturam,
2934 5655 2988 5698 ut
3027 5660 3352 5712 supr-aquati:
3393 5643 3668 5708 incognita
