4446 6450
777 423 884 482 959
1906 424 2234 483 Joths
2271 423 2834 482 CYPAntssmm
2871 479 2877 484 ,
3895 391 4004 475 9'60

771 546 891 599 est;
919 546 972 591 et
1001 537 1114 603 ipsa
1142 536 1252 588 sola
1277 543 1359 590 est
1388 535 1431 587 is
1455 535 1541 603 qui
1567 549 1729 602 super
1748 536 2122 604 omnia,etpcr
2139 536 2342 596 omnia,
2377 540 2421 594 Α
2449 536 2740 602 quidquam
2767 547 2872 587 non
2925 533 3248 608 subsistens:
3289 546 3391 586 nec
3435 541 3520 586 est
3561 532 3611 584 in
3653 545 3721 586 eo
3758 529 3878 598 plus
3919 539 4011 582 ant

769 632 825 676 et
849 626 900 675 in
924 624 1172 675 onmilms
1194 623 1349 677 laude
1366 632 1417 674 et
1436 623 1599 690 gloria
1617 623 1922 676 Celebratur
1939 637 2077 675 unus
2097 631 2150 676 et
2172 624 2342 675 trinns
2449 625 2626 677 minus
2665 623 2764 677 nisi
2800 637 2920 692 quae
2958 622 3027 676 ab
3067 623 3182 690 ipso
3231 632 3383 676 extra
3423 638 3481 675 se
3517 623 3686 687 ipsum
3737 619 4012 671 Voluntate

772 715 953 767 [lt-ns:
996 723 1049 765 et
1099 728 1220 767 esse
1271 716 1391 781 ejus
1438 725 1519 767 est
1567 715 1893 775 substantia,
1933 725 1987 767 et
2036 713 2338 767 substantia
2452 719 2673 778 propter
2742 709 3146 780 exuperantiam
3223 709 3481 764 bonitatis
3563 720 3675 761 sua
3750 704 4010 774 producta

771 803 1046 870 omnium;
1085 812 1140 858 et
1181 818 1285 858 non
1335 814 1414 858 est
1453 805 1504 857 in
1561 805 1679 872 ipso
1729 805 1832 858 ulla
1882 806 2134 872 privatio,
2171 817 2346 871 neque
2452 811 2600 855 sunt.

1442 1046 1692 1106 DECAS
1742 1047 2052 1108 DECIMA.
2093 1081 2168 1093 —
2200 1048 2314 1108 DE
2359 1044 2655 1108 DIVINA
2700 1039 3336 1104 SIMPLICITATE.

1407 1170 1636 1226 CAPUT
1679 1172 1717 1224 l.
2447 1170 2538 1222 sed
2569 1169 2749 1236 potius
2775 1165 2978 1233 aliquid
3011 1166 3157 1218 circa
3195 1165 3393 1232 ipsum,
3440 1162 4013 1233 accnsentsynodum.

2447 1275 2566 1325 quae
2613 1258 2856 1325 St‘ripsil,
2912 1270 2974 1308 ex
3031 1254 3334 1307 substantia
3392 1253 3572 1306 Patris
3623 1268 3741 1306 esse
3794 1250 4013 1306 Filium.

2445 1347 2821 1407 Considerent,
2847 1345 2987 1411 quod
3016 1345 3120 1395 duo
3153 1343 3490 1408 blaspheme,
3518 1353 3571 1396 et
3600 1343 3651 1396 in
3691 1342 3854 1395 Deum
3888 1357 4018 1394 con-

2450 1437 2729 1491 tumeliose
2757 1434 3057 1499 proferunt,
3083 1449 3204 1487 cmn
3234 1435 3310 1485 sic
3333 1435 3568 1501 cogitant
3593 1451 3607 1485 :
3635 1432 3800 1486 Deum
3827 1447 4017 1500 quem-

746 1308 748 1310 ’
779 1316 932 1380 Quod
960 1329 1064 1364 non
1111 1319 1306 1374 oportet
1339 1325 1571 1380 qumrere
1603 1325 1655 1361 tn
1708 1307 1999 1380 Trinitate,
2027 1323 2143 1374 qua:
2182 1324 2346 1374 supra

847 1384 1193 1436 substantiam
1241 1390 1339 1438 est,
1368 1379 1574 1429 habitus
1625 1389 1672 1430 et
1726 1377 2134 1444 dispositiones,
2188 1392 2349 1442 neque

850 1462 971 1504 situt
1019 1453 1200 1516 aliqua
1254 1450 1396 1501 circa
1441 1449 1614 1516 ipsam
1682 1463 1798 1515 qua:
1838 1446 2186 1498 substantiam
2231 1447 2346 1515 ejus

847 1521 1156 1586 compleant.

851 1635 1086 1689 Sanctus
1118 1633 1404 1694 Maximus,
1437 1631 1488 1684 in
1513 1631 1758 1685 centuria
1792 1639 2010 1698 quarta,
2044 1630 2226 1695 capite
2256 1643 2351 1683 oc-

779 1735 946 1775 tavo:
985 1723 1079 1782 Ne,
1111 1723 1306 1788 inquit,
1341 1735 1552 1788 qu:eras
1599 1719 1815 1774 habitus
1844 1729 1897 1782 et
1941 1718 2250 1771 babilitates
2296 1718 2348 1769 in

777 1812 1008 1880 simplici
1037 1822 1092 1864 ct
1129 1812 1336 1863 inﬁnita
1371 1808 1672 1864 substantia
1705 1819 1906 1862 sancta:
1936 1806 2240 1866 Trinitatis,
2277 1819 2346 1858 ne

781 1918 900 1954 eam
936 1901 1104 1956 facias
1131 1902 1511 1968 compositam,
1541 1902 1680 1953 sicut
1711 1908 1989 1952 creaturas
2020 1914 2035 1962 ;
2066 1898 2209 1966 quod
2239 1898 2357 1964 qui-

2454 1530 2574 1583 dam
2610 1542 2932 1596 corporeum
2968 1527 3339 1587 introducunt,
3373 1534 3426 1578 et
3466 1525 3750 1577 Dominum
3806 1539 3910 1574 non
3951 1539 4016 1576 ex

2453 1621 2572 1687 ipso
2604 1617 2787 1676 Patre.
2834 1617 2924 1670 sed
2959 1631 3022 1670 ex
3057 1617 3124 1668 iis
3154 1629 3273 1680 qua:
3302 1624 3426 1667 sunt
3459 1615 3604 1667 circa
3633 1614 3830 1679 ipsmn,
3865 1627 4019 1664 men-

2453 1711 2662 1764 tiuntnr
2717 1722 2858 1761 esse.
2891 1706 2984 1761 Sin
3033 1715 3213 1759 autem
3267 1703 3495 1772 simplex
3557 1704 3830 1772 quidpiam
3879 1701 4021 1754 Deus

2457 1810 2561 1859 est,
2595 1805 2657 1851 ut
2687 1797 2900 1865 quidem
2934 1804 3038 1858 est,
3072 1793 3417 1848 manifestum
3471 1793 3527 1846 ﬁt
3557 1792 3698 1859 quod
3730 1807 3849 1843 cum
3883 1791 4021 1844 dici-

2457 1906 2578 1942 mus
2621 1887 2806 1950 Dcum,
2853 1894 2905 1940 et
2939 1887 3284 1954 nominamus
3319 1883 3554 1946 Patrem,
3589 1883 3720 1934 nihil
3764 1891 4016 1946 tauquam

780 1994 901 2046 dem
935 1995 987 2046 in
1020 1993 1127 2046 Deo
1167 1994 1406 2062 cogitare
1456 1962 1750 2044 absurdum
1811 1999 1866 2044 et
1933 1962 2195 2042 nefarium
2250 1962 2354 2044 est.
2387 1962 2430 2015 Β
2458 1981 2602 2034 circa
2647 1982 2843 2045 ipsum,
2876 1977 2969 2029 sed
3030 1976 3196 2036 ipsam
3255 1976 3371 2041 ejus
3425 1972 3786 2028 substantiam
3821 1971 4027 2037 signiﬁ-

781 2083 1007 2136 llivinus
1064 2083 1470 2135 Damasreuus:
1524 2078 1807 2141 Voluntas,
1856 2089 1911 2130 et
1964 2078 2254 2146 sapientia.
2305 2071 2365 2130 et

782 2175 957 2228 virtus
983 2175 1160 2228 Patris
1184 2182 1265 2226 est
1296 2173 1458 2225 Filius
1487 2186 1504 2231 :
1543 2187 1648 2224 non
1679 2171 1822 2224 enim
1848 2179 2060 2238 oportet
2087 2170 2265 2222 dicere
2305 2169 2357 2222 itt

783 2265 898 2319 Deo
927 2265 1269 2334 qualitatem,
1312 2280 1380 2316 ne
1425 2264 1669 2316 dicamus
1701 2277 1826 2314 eum
1869 2275 1932 2314 ex
1971 2259 2270 2313 substantia
2305 2269 2360 2312 ct

781 2357 1045 2426 qualitate
1069 2356 1428 2422 compositum
1469 2369 1613 2406 esse.
1645 2352 1869 2419 Magnus
1914 2353 2250 2405 Athanasius
2301 2352 2353 2403 in

783 2447 1121 2515 apologetico
1199 2461 1294 2513 pro
1368 2444 1574 2514 synodo
1621 2442 1881 2507 Nicena,
1946 2441 2097 2508 cujus
2162 2443 2364 2511 princi-

781 2541 929 2607 pium
965 2549 1067 2601 est,
1091 2539 1228 2592 Bene
1279 2538 1472 2606 fecisti,
1505 2546 1562 2589 ut
1615 2537 1920 2590 declarares
1960 2537 2110 2589 mihi.
2143 2538 2198 2590 Si
2250 2537 2368 2602 quis

787 2631 968 2697 igitur,
1027 2630 1220 2694 inquit,
1278 2630 1554 2681 existimat
1596 2625 1764 2678 Deum
1816 2641 1936 2680 esse
1982 2627 2364 2694 compositum,

788 2731 840 2768 ttl
874 2719 1012 2785 quod
1039 2735 1102 2771 ex
1137 2719 1439 2771 substantia
1463 2725 1520 2769 et
1548 2716 1828 2769 accidente
1857 2717 2216 2782 compositum
2245 2728 2326 2769 est
2351 2732 2365 2779 ;

787 2820 883 2862 aut
925 2811 1123 2864 habere
1169 2809 1509 2862 extrinsecus
1561 2807 1778 2874 aliquod
1831 2808 2254 2877 operimentum,
2309 2817 2363 2860 et

792 2907 939 2970 tegl;
979 2907 1071 2952 aut
1111 2914 1231 2953 esse
1261 2898 1504 2966 quaedam
1543 2897 1685 2952 circa
1723 2897 1922 2966 ipsum,
1958 2913 2077 2964 qua:
2110 2900 2364 2952 substan-

787 2994 917 3045 tiam
949 2990 1065 3058 ejns
1087 2989 1433 3057 compleant,
1459 2987 1528 3040 ita
1557 2996 1754 3040 utcum
1784 3001 1881 3040 nos
1908 2987 2138 3041 dicimus
2162 2985 2356 3050 Deum,

786 3084 870 3137 vel
905 3082 1253 3138 nominamus
1289 3084 1530 3147 Patrem,
1563 3097 1667 3136 non
1696 3081 1867 3149 ipsam
1896 3077 2361 3148 inaspectabilem,

788 3184 843 3229 et
878 3175 1380 3243 incomprehensam
1414 3174 1772 3228 substantiam
1818 3172 1935 3240 ejus
1969 3169 2361 3240 signiﬁcemus,

2463 2087 2647 2124 camus
2714 2069 2814 2138 (1).
2867 2067 2934 2120 Ει
2987 2082 3172 2120 rursus
3218 2067 3358 2119 idem
3434 2066 3484 2118 itt
3531 2065 3776 2118 oratione
3809 2102 3822 2124 ,
3870 2060 4026 2129 cujus

2457 2160 2779 2229 principium
2817 2168 2920 2218 est,
2959 2157 3213 2210 Omnibus
3243 2158 3386 2210 vobis
3423 2159 3512 2226 qui
3542 2158 3598 2208 in
3645 2173 3805 2208 unum
3835 2171 4026 2206 conve-

2461 2251 2638 2311 nistis,
2695 2251 2760 2302 de
2789 2263 2853 2300 eo
2885 2246 3028 2314 quod
3066 2245 3254 2307 Patres
3283 2248 3473 2316 synodi
3503 2245 3730 2299 Nicena:
3765 2255 3908 2298 recte
3949 2244 4027 2294 n~i

2458 2350 2582 2393 sunt
2615 2341 2777 2392 verbo
2807 2338 3100 2392 Itomousii:
3131 2339 3266 2404 Quia
3295 2339 3480 2406 igitur,
3519 2337 3713 2406 inquit,
3752 2335 4030 2389 excusatio

2466 2434 2533 2487 de
2557 2432 2621 2484 iis
2649 2431 2736 2496 qui
2770 2431 3235 2492 scandalizantur,
3263 2429 3634 2497 improbabilia
3661 2428 4031 2481 demonstrata

2468 2535 2573 2588 cst,
2606 2526 2768 2578 dicite
2801 2524 3053 2592 deinceps
3099 2538 3216 2586 vos,
3244 2524 3515 2590 quomodo
3541 2539 3646 2575 nutt
3679 2521 3852 2589 placet
3884 2519 4036 2572 vobis

2468 2631 2667 2669 nomen
2694 2615 3057 2670 substantias?
3101 2615 3201 2668 hoc
3235 2617 3378 2668 enim
3419 2628 3637 2667 necesse
3680 2622 3764 2666 est
3806 2611 4035 2678 primum

2472 2721 2727 2764 excutere
2756 2727 2768 2762 :
2806 2708 2954 2774 atqui
2987 2715 3040 2761 et
3075 2721 3170 2760 vos
3190 2706 3485 2773 scripsistis
3518 2719 3580 2758 ex
3605 2703 3766 2755 Patre
3794 2704 4036 2770 genitum

2469 2815 2588 2853 esse
2620 2797 2836 2852 Filium.
2879 2797 2934 2850 Si
2969 2797 3135 2865 igitur
3159 2811 3281 2850 cum
3312 2795 3523 2849 Patrem
3550 2793 3898 2861 :nominatis,
3958 2791 4038 2844 vel

2472 2891 2565 2947 Dei
2623 2906 2818 2945 nomen
2870 2890 3068 2951 dicitis,
3132 2902 3236 2942 non
3286 2886 3642 2941 substantiam
3701 2885 4041 2954 signillcatis,

2471 3000 2569 3038 nec
2596 2999 2717 3036 eum
2752 2980 3070 3049 intelligitis,
3105 2980 3197 3048 qui
3242 2987 3326 3033 est
3348 2979 3399 3031 id
3422 2977 3562 3047 quod
3590 2977 3888 3032 secundum
3918 2976 4045 3030 sub—

2471 3075 2730 3132 stantiam
2763 3083 2892 3137 est;
2946 3072 3040 3126 sed
3081 3071 3226 3126 aliud
3266 3070 3396 3142 quid
3437 3070 3584 3124 circa
3618 3070 3791 3138 ipsum
3827 3066 3929 3137 (2),
3963 3066 4044 3120 vel

2470 3167 2672 3237 aliquid
2710 3167 2949 3220 deterius
2981 3165 3058 3233 (5)
3094 3163 3113 3233 (
3140 3179 3204 3216 ne
3233 3177 3265 3216 a
3295 3177 3380 3216 me
3405 3160 3796 3231 expromatur)
3829 3159 3915 3213 his
3946 3173 4046 3212 no-

2291 3287 2564 3351 Scholia.

865 3436 941 3492 (l)
977 3431 1112 3486 Cum
1161 3429 1382 3481 dicimus
1434 3427 1594 3480 Deum
1626 3435 1674 3480 et
1731 3425 2065 3477 nominamus
2127 3421 2364 3483 Patrem,
2403 3426 2444 3483 C
2482 3424 2568 3492 tiae
2602 3428 2803 3472 nostra!
2839 3432 2901 3492 ex
2943 3413 3214 3492 creaturis
3259 3419 3520 3492 sumptae;
3555 3407 3679 3492 quia
3712 3413 4051 3492 μορ-ρατηοη

798 3491 948 3560 Nihil
1007 3513 1257 3568 tanquam
1319 3499 1458 3550 circa
1492 3501 1685 3568 ipsum,
1733 3496 1822 3548 sed
1877 3496 2047 3568 ipsam
2092 3494 2205 3568 ejus
2251 3491 2373 3546 sub-

796 3575 1052 3630 stantiam
1107 3562 1520 3638 signiﬁcamus.:
1562 3566 1674 3620 Νοιι
1746 3565 2072 3638 contgtlicit
2125 3562 2369 3638 _Joaunes

799 3633 1183 3703 Damascenus',
1215 3633 1339 3691 cum
1388 3639 1459 3688 ait
1492 3636 1628 3688 libro
1681 3635 1854 3702 primo
1888 3633 2205 3700 Theologiar,
2248 3645 2368 3698 cap.

795 3719 872 3772 ος
921 3714 1147 3769 Bonum,
1192 3719 1247 3759 et
1287 3710 1512 3774 iustum.
1546 3714 1598 3758 et
1646 3713 1917 3766 sanctum,
1957 3713 2011 3756 et
2044 3704 2145 3774 alia
2184 3703 2370 3774 hujus-

800 3771 941 3839 modi
973 3771 1384 3833 consequuntur
1412 3785 1684 3835 naturam,
1712 3789 1815 3825 non
1843 3783 2020 3826 autem
2051 3773 2218 3839 ipsam
2245 3771 2373 3824 sul)-

797 3854 1051 3908 stantiam
1087 3849 1380 3902 declarant.
1413 3846 1473 3898 Et
1519 3845 1696 3910 capite
1728 3844 1831 3896 ll):
1882 3841 2062 3902 Pater,
2113 3840 2280 3893 Filius
2322 3849 2375 3892 et

801 3923 1043 3987 Spiritus
1097 3928 1322 3972 sanctus
1358 3931 1464 3987 non
1519 3913 1801 3987 det-larapt
1855 3911 2242 3987 s_u_hstar_ttia_rn,
2280 3910 2374 3961 sed

803 3980 1147 4046 relationem.
1199 3989 1260 4042 Et
1311 3986 1468 4055 paulo
1522 3997 1685 4051 post:
1740 3983 1812 4055 Ex
1878 3983 1960 4036 his
2009 3983 2089 4055 ad
2134 3980 2371 4055 divinam

800 4062 1164 4119 stibstantiam
1221 4050 1569 4117 nmhuducti,
1627 4068 1732 4107 non
1789 4052 1961 4119 ipsam
2011 4050 2369 4104 substantiam

801 4128 1336 4198 corriprebeudintus,
1375 4126 1467 4178 sed
1505 4140 1624 4193 quae
1651 4127 1797 4198 circa
1827 4120 2241 4198 substantiam;
2272 4119 2373 4170 hoc

801 4188 944 4255 enim
1001 4198 1137 4250 dixit
1190 4188 1594 4256 lbnnascenu's,
1656 4193 1864 4246 scilicet
1913 4206 2016 4243 non
2063 4188 2378 4258 signiﬁcare

803 4273 1020 4325 nomina
1065 4268 1152 4320 Dei
1196 4266 1555 4320 substantiam
1591 4264 1728 4324 eius,
1774 4261 1898 4328 quia
1943 4260 2144 4311 nullum
2176 4271 2370 4328 nomen

803 4341 1062 4404 exprimit
1093 4337 1222 4404 quid
1257 4347 1343 4390 est
1376 4335 1517 4388 Deus
1547 4327 1832 4404 perfecte;
1868 4329 1962 4383 sed
1995 4345 2115 4404 euut
2166 4327 2377 4394 signiti-

804 4398 930 4465 cant
964 4398 1299 4473 imperfecte.
1352 4406 1492 4458 sicut
1521 4398 1789 4473 creaturae
1822 4398 2140 4473 imperfecte
2175 4409 2377 4464 reprae-

806 4470 1067 4539 Sentnnt;
1105 4479 1183 4529 sic
1229 4477 1369 4527 enim
1423 4471 1815 4526 Dama‘scenum
1873 4470 2264 4539 interpretatus
2294 4472 2379 4516 est

806 4561 1032 4614 sanctus
1061 4537 1267 4600 Thom.
1313 4560 1366 4613 p.
1403 4559 1442 4607 t,
1475 4559 1528 4610 q.
1558 4543 1787 4614 13,7art.
1818 4539 1873 4614 2,
1911 4540 1962 4590 in
2007 4537 2274 4614 resp._ad.
2307 4549 2321 4586 ι
2357 4551 2371 4587 ;

808 4611 1072 4674 l‘rmterea
1107 4607 1504 4669 consueiudine
1529 4610 1903 4672 intelligentia
1935 4618 2131 4661 nostra:
2163 4607 2377 4659 locutus

809 4701 891 4744 est
927 4691 1012 4742 hic
1043 4689 1448 4740 Damascenus:
1484 4685 1612 4749 quia
1643 4682 1788 4733 enim
1833 4677 2086 4749 imposita
2119 4685 2247 4728 sunt
2280 4689 2380 4749 no-

810 4761 953 4811 tnina
988 4761 1052 4808 ad
1085 4756 1476 4824 signiﬁcandas
1504 4745 1619 4808 res.
1647 4745 1923 4815 quatenus
1944 4747 1996 4824 in
2032 4745 2385 4824 nostratui"-

809 4814 1166 4892 telligentiarn
1201 4827 1439 4887 cadunt;
1490 4814 1715 4890 superat
1746 4829 1925 4892 autem
1955 4814 2383 4892 intelligentiam

811 4885 1075 4958 nostram,
1117 4905 1176 4948 ut
1210 4910 1331 4961 utne
1374 4885 1588 4961 propria
1641 4897 1769 4944 sunt
1806 4885 2036 4952 alicujus
2069 4895 2295 4961 naturae,
2324 4898 2385 4933 ea

811 4954 1184 5036 intelligamus
1212 4954 1342 5036 esse
1374 4954 1555 5033 ipsam
1587 4954 2390 5036 naturanrper'se'subsisten-

813 5052 961 5103 tem;
996 5023 1156 5103 "quod
1208 5035 1261 5087 in
1316 5023 1422 5088 Deo
1461 5026 1667 5103 tantum
1703 5023 1926 5103 evenit;
1971 5026 2172 5079 idcirco
2223 5024 2288 5075 de
2325 5023 2388 5103 iis

810 5091 1178 5176 quzc'propria
1215 5113 1341 5157 sunt
1391 5101 1710 5157 substantias
1764 5100 2271 5176 divinm.‘tauqnam
2303 5091 2388 5176 de

813 5160 1292 5246 propriis'uaturm
1333 5182 1552 5235 creatas,
1592 5182 1859 5246 qum__n0n
1911 5163 2239 5222 substantia,
2294 5160 2388 5214 sed

810 5241 959 5304 circa
1012 5247 1376 5301 subsmntiam
1420 5253 1572 5306 sunt,
1624 5252 1678 5292 et
1715 5241 1859 5291 illam
1900 5241 2306 5306 consequuntur
2341 5241 2396 5281 et

809 5318 1085 5384 cmnplent
1117 5317 1407 5383 loquimut',
1429 5314 1530 5377 sic,
1559 5304 1803 5380 inquam,
1837 5307 2075 5384 loquitur
2108 5304 2393 5384 υειηιξιεωτ

813 5371 915 5443 nus
940 5371 1012 5440 'de
1055 5371 1479 5455 perfectionibus
1516 5371 2214 5455 'tliviitathsubstantiae,‘ut
2246 5371 2389 5455 loqui

813 5445 1068 5513 solemus'
1098 5457 1164 5510 de
1212 5455 1449 5522 propriis
1495 5450 1884 5507 accidentibus.
1920 5459 2040 5515 qua:
2088 5445 2232 5497 circa
2267 5446 2394 5494 sub-

812 5530 1075 5584 Stantiam
1100 5527 1557 5593 cnutemplamur.
1598 5536 1719 5589 quae
1750 5531 2020 5593 naturam
2051 5527 2392 5590 consequun—

812 5581 900 5652 tur
931 5617 946 5660 ε
973 5598 1223 5651 similiter
1265 5581 1460 5649 ndmen
1514 5581 1711 5654 Patris,
1742 5588 1913 5660 quod
1943 5587 2092 5654 prius
2137 5581 2393 5660 convenit

813 5651 947 5734 lien;
975 5687 1132 5734 illiillll
1159 5677 1448 5728 creatnrze,
1482 5675 1536 5718 et
1568 5651 1774 5716 nomen
1795 5651 2021 5734 Filii_,‘et
2045 5669 2239 5734 nomen
2269 5651 2394 5734 Spin-

813 5721 950 5794 in";
985 5721 1179 5797 sancti,
1223 5721 1564 5794 relationem,
1603 5744 1656 5786 et
1692 5747 1796 5783 non
1846 5721 2398 5797 Sttbstatttiattt___tlicit

810 5793 1275 5880 signiﬁcatu-hoc
1307 5807 1469 5861 ctiam
1503 5793 1636 5860 dicit
1662 5798 2060 5859 consuetudine
2089 5793 2397 5862 intelligen-

2479 3491 2657 3545 Patris
2687 3486 2987 3542 secundum
3017 3486 3234 3538 modum
3265 3479 3602 3550 signiﬁcandi
3629 3489 3682 3550 et
3715 3476 4050 3550 intelligendi

2481 3561 2634 3613 nobis
2668 3559 2921 3612 usitatum
2965 3569 3069 3608 non
3120 3547 3429 3621 personam,
3465 3550 3557 3601 sed
3614 3549 3931 3621 relationem
3981 3547 4055 3621 si-

2479 3629 2721 3696 gniﬁcat,
2754 3640 2873 3692 qua:
2905 3640 3007 3696 per
3031 3638 3088 3677 se
3117 3617 3242 3696 ξι)οη
3281 3619 3549 3680 subsistit,
3582 3618 3895 3696 "squidem
3925 3617 4051 3667 sub-

2483 3687 2625 3752 sistit
2662 3687 2715 3750 in
2749 3687 2983 3754 divinis;
3019 3702 3072 3747 et
3116 3693 3235 3743 ideo
3263 3706 3368 3741 non
3407 3698 3580 3752 potest
3620 3687 3928 3751 signiﬁcare
3962 3697 4053 3736 re-

2479 3769 2757 3826 lationem,
2789 3764 2916 3832 qnin
2945 3758 3897 3832 signiﬁcetsubstantiampersonae,
3925 3754 4052 3822 quia

2484 3840 2600 3900 ipsa
2634 3826 2826 3890 relatio
2861 3849 2956 3901 per
2997 3826 3056 3885 se
3086 3829 3372 3901 subsistit:
3411 3826 3502 3880 sed
3538 3826 3806 3901 quia-hoc
3833 3833 4058 3890 superat

2483 3894 2894 3971 intelligentiam
2950 3913 3219 3962 nostram,
3249 3900 3453 3971 idcirco
3487 3894 3784 3948 secundum
3819 3908 4054 3971 consue-

2484 3962 2726 4031 tudine'm
2760 3972 3118 4033 intelligendi,
3153 3981 3201 4022 el
3232 3967 3529 4020 secundum
3559 3973 3805 4018 nostrum
3841 3962 4057 4016 modum

2484 4042 2829 4116 signiﬁcandi
2878 4042 3014 4116 dixit
3051 4041 3418 4116 Damascenus
3469 4033 3911 4116 nonsigitiﬁcare
3958 4047 4058 4116 tto-

2487 4101 2607 4170 mén
2648 4113 2827 4166 Patris
2869 4111 3228 4164 substantiam
3273 4120 3516 4174 personze
3549 4104 3744 4161 Patris,
3796 4102 3889 4155 sed
3908 4101 4062 4174 rela-

2485 4189 2704 4244 tionem,
2757 4182 3082 4243 Gregorium
3121 4171 3792 4244 Nazianzenunrsecutns,
3830 4171 4062 4244 quihoc

2483 4257 2646 4307 ctiam
2675 4241 2805 4305 dixit
2836 4241 2888 4304 in
2915 4250 3162 4301 oratione
3201 4247 3372 4309 prima
3402 4245 3466 4296 de
3501 4242 3639 4295 Filio
3660 4280 3672 4301 ,
3704 4241 3826 4293 licet
3860 4241 4059 4293 ibidem

2483 4324 2747 4379 concedat
2779 4323 2848 4379 ei.
2876 4331 3063 4373 contra
3090 4331 3250 4384 quem
3277 4315 3533 4384 disputat,
3567 4311 3873 4384 signiﬁcare
3897 4309 4063 4362 etiam

2487 4393 2867 4448 substantiam.
2924 4389 2978 4441 Si
3056 4381 3198 4440 enim
3251 4383 3622 4436 existimasset
3671 4381 4063 4448 Damnsceuus,

2486 4447 2610 4517 ideo
2634 4479 2747 4515 ,llOll
2801 4461 3110 4523 signiﬁcare
3142 4453 3500 4507 substantiam
3536 4451 3587 4502 iu
3627 4447 4054 4523 dittiuis,_q_uasi

2486 4516 2677 4586 relatio
2704 4546 2808 4582 non
2855 4516 2955 4589 per
2999 4542 3058 4580 se
3100 4527 3414 4581 exsisteret,
3462 4536 3617 4573 error
3662 4521 3816 4586 plane
3851 4516 4063 4589 fuisset,

2489 4615 2547 4654 ut
2585 4613 2807 4656 sanctus
2832 4588 3090 4659 Thomas,
3124 4611 3136 4647 I
3171 4609 3227 4662 p.
3254 4609 3310 4660 q.
3341 4594 3430 4653 33,
3462 4600 3566 4643 art.
3595 4589 3650 4651 2,
3685 4590 3737 4662 in
3767 4602 3913 4654 resp.
3939 4588 4016 4662 ad
4048 4604 4060 4638 ι

2489 4672 2736 4725 notavit:
2798 4656 3338 4721 llatnasceutts'enim
3388 4672 3604 4711 notasse
3649 4659 3883 4717 videtur,
3939 4656 4067 4708 licet

2414 4754 2464 4812 D
2495 4757 2598 4812 neu
2639 4737 2978 4812 nominatim,
3012 4748 3109 4812 pro
3136 4748 3199 4811 ea
3229 4747 3334 4799 qua
3362 4729 3462 4812 fuit
3488 4727 3774 4812 modestia,
3805 4741 3926 4807 cum
3950 4725 4063 4812 ait:

2494 4810 2562 4864 Ut
2586 4809 2803 4878 quidam
2835 4807 2967 4864 [also
2998 4798 3200 4878 opinati
3242 4798 3384 4878 sunt.
3421 4800 3555 4878 item
3599 4798 4069 4878 Anastasius-itu-

2493 4867 2775 4933 tiochenus
2835 4878 2884 4927 iu
2921 4867 3168 4926 oratione
3199 4873 3369 4938 prlma
3402 4869 3468 4922 de
3532 4867 3695 4938 rectis
3725 4868 4069 4938 dogmatibus

2496 4932 2741 5002 ueritatis
2772 4965 2783 4999 :
2809 4945 3058 5004 Nomina,
3087 4932 3282 5008 inquit,
3317 4937 3626 4994 Trinitatis.
3661 4934 3838 4996 Pater,
3878 4932 4068 5008 Filius,

2492 5033 2545 5073 et
2577 5018 2811 5084 Spiritus
2854 5023 3077 5084 sanctus
3112 5005 3219 5063 non
3246 5008 3575 5084 signiﬁcant
3629 5019 3787 5084 esse._
3812 5005 3904 5056 sed
3936 5018 4071 5083 quo-

2498 5074 2656 5141 modo
2686 5101 2830 5146 esse;
2866 5100 2964 5137 nec
2994 5081 3136 5134 enim
3166 5081 3256 5148 qui
3289 5074 3682 5148 Patretuidixit,
3708 5074 4070 5129 substantiam

2495 5158 2849 5226 signiﬁcavit,
2887 5155 2983 5226 sed
3024 5146 3249 5226 nurnine
3282 5146 3682 5226 ὶιξιιὶμιάἰῐξεειιιι.Ἴ

2567 5212 2644 5297 (2)
2681 5225 2781 5279 Sed
2815 5212 2964 5278 aliud
2988 5221 3113 5297 quid
3151 5224 3296 5292 circa
3330 5220 3522 5297 ipsum.
3560 5213 3783 5297 Scilicet
3815 5212 4068 5297 accidens

2503 5285 2868 5357 ἰιιίιὴίνίιιυιιιιι,
2919 5285 3062 5361 quod
3097 5286 3452 5357 consequitur
3483 5286 3766 5361 materiam
3799 5285 4070 5344 ultimam,

2500 5370 2652 5434 Quod
2679 5370 2822 5420 enim
2858 5355 3002 5434 circa
3038 5355 3397 5434 subatantiam
3449 5366 3554 5418 est,
3583 5355 3836 5434 accidens
3881 5368 3975 5420 per
4012 5368 4074 5432 se

2501 5423 2605 5502 Est,
2643 5447 2696 5489 et
2725 5433 3113 5495 substantiale,
3147 5431 3290 5497 quod
3315 5437 3484 5502 tutam
3517 5423 3751 5502 speciem
3784 5425 4074 5502 consequi-

2504 5494 2610 5572 tur,
2643 5507 2786 5572 quod
2826 5520 2889 5556 ex
2928 5494 3207 5571 principiis
3240 5495 3778 5572 subjectieﬁlciturn;
3819 5494 3964 5560 quod
4019 5496 4070 5544 in

2504 5566 2616 5632 Deo
2643 5566 2762 5630 esse
2809 5566 2942 5627 non'
2966 5566 3162 5637 potest,
3216 5573 3267 5622 in
3303 5585 3410 5636 quo
3446 5566 3577 5619 nibtl
3621 5575 3705 5619 est
3741 5567 3940 5618 factum
3971 5582 3985 5628 ;
4021 5574 4077 5615 et

2502 5651 2673 5703 tnulto
2698 5648 2875 5698 minus
2902 5644 3153 5697 accidens
3188 5638 3488 5698 materiale.

2589 5717 2667 5784 (ὃ)
2703 5719 2809 5769 Aut
2858 5713 3062 5780 aliquid
3112 5723 3297 5784 etiam,
3326 5707 3582 5784 deterius,
3637 5704 3825 5784 idest,
3873 5703 4076 5784 aliquid

2506 5777 2609 5847 non
2647 5777 2698 5843 in
2732 5789 2850 5857 ip:o
2901 5777 3156 5852 tanquam
3189 5779 3465 5842 accidens,
3489 5777 3682 5849 neque
3727 5777 3872 5831 circa
3906 5777 4084 5840 ipsum
