4446 6450
380 385 478 450 961

1270 386 1505 446 DECAS
1545 386 1619 445 Χ..
1656 383 1829 445 -ὉΕ
1870 378 2139 445 DIVINA
2177 376 2735 443 SIMPLIC'lTATE.

3515 377 3622 438 962

385 501 630 556 minibus
672 501 1017 572 signiﬁcatis,
1069 503 1354 570 oportebat
1387 513 1574 557 utnon
1626 503 1942 557 scriberetis
1975 501 2024 559 Α
2053 499 2267 561 tiones;
2307 502 2405 551 nec
2451 515 2517 551 an
2559 500 2665 551 sint
2702 498 2845 550 circa
2886 495 3055 562 ipsam
3097 493 3274 562 aliqua
3319 496 3615 555 naturalia,

381 607 502 656 vos,
528 606 597 646 ex
629 578 793 647 Patre
817 592 1014 647 Filium
1053 595 1295 662 genitum
1328 608 1468 655 esse,
1504 595 1596 648 sed
1622 608 1686 647 ex
1722 593 1804 645 his
1829 607 1948 658 quae

379 684 528 738 circa
555 684 752 751 ipsum,
779 683 860 736 vel
894 684 948 736 in
982 683 1101 752 ipso
1145 693 1303 745 sunt;
1351 694 1408 736 ut
1439 699 1562 737 cum
1618 683 1864 752 refugitis
1916 696 1946 734 a

382 773 610 826 dicendo
646 787 772 826 vere
825 771 1041 825 Patrem
1080 771 1273 836 Deum,
1317 781 1372 827 et
1419 788 1543 827 eum
1583 774 1675 842 qui
1723 773 1951 840 simplex

382 875 486 925 est,
523 863 879 933 compositum
926 871 982 915 et
1018 877 1337 931 corporeum
1385 864 1656 931 cogitatis.
1689 876 1948 914 novarmn

387 955 839 1023 blasphemiarum
873 955 1185 1008 inventores
1212 955 1577 1022 reperiamini.
1610 954 1746 1006 Cum
1771 963 1950 1006 autem

388 1046 466 1098 sic
496 1046 769 1113 cogitatis,
795 1044 1098 1099 necessario
1120 1046 1280 1097 etiam
1309 1046 1532 1096 verbum
1565 1057 1669 1095 non
1701 1044 1955 1096 substan-

389 1139 539 1198 tiam,
571 1137 667 1190 sed
703 1151 898 1190 nomen
931 1136 1104 1189 solum
1131 1135 1479 1195 existimatis,
1508 1136 1747 1201 denique
1783 1146 1954 1201 usque

387 1229 451 1280 ad
495 1228 710 1279 nomina
758 1227 1066 1294 opinionem
1102 1233 1338 1279 vestram
1367 1224 1571 1278 alfertis
1597 1244 1608 1287 ;
1638 1237 1693 1279 ει
1722 1239 1841 1292 qua:
1870 1224 1954 1276 di-

386 1319 531 1377 citis,
553 1332 660 1369 non
690 1317 915 1370 creditis
945 1330 1086 1380 esse,
1119 1317 1210 1370 sed
1239 1319 1417 1381 potius
1442 1331 1549 1370 non
1573 1331 1693 1369 esse
1718 1315 1952 1380 sentith.

389 1405 512 1459 llam
538 1416 719 1458 autem
739 1406 962 1458 audacia
990 1405 1412 1458 Sadducaaorttm
1441 1405 1618 1471 potius
1648 1405 1745 1472 (l),
1783 1411 1834 1455 et
1868 1419 1958 1456 eo-
1989 1412 1994 1418 ’

390 1511 507 1549 rum
535 1495 626 1563 qui
654 1496 793 1564 apud
829 1495 1061 1560 gentiles
1086 1496 1203 1548 sine
1228 1495 1336 1548 Deo
1358 1505 1504 1558 sunt,
1539 1495 1774 1549 exsistit.
1806 1485 1956 1560 Quo-

389 1590 529 1639 circa
565 1601 738 1654 neque
783 1588 953 1652 ipsam
994 1594 1303 1638 creaturam
1337 1586 1505 1652 ipsius
1536 1586 1626 1652 qui
1680 1585 1819 1638 Deus
1852 1595 1956 1650 est,

393 1677 653 1730 fabricam
689 1690 810 1730 esse
845 1675 1060 1738 dicetis,
1091 1675 1135 1729 si
1169 1676 1272 1729 hoc
1314 1689 1509 1728 nomen
1547 1676 1704 1728 Pater
1735 1686 1786 1728 et
1819 1674 1958 1730 Dens

392 1781 497 1821 non
541 1766 712 1833 ipsam
743 1778 967 1819 causam
1016 1778 1202 1818 eorum
1251 1754 1378 1830 qua-
1426 1773 1576 1827 sunt,
1627 1764 1954 1832 significant,

2053 604 2107 646 et
2139 594 2455 646 substantia:
2495 589 2713 660 prop'ria
2751 591 2816 643 ad
2842 588 3221 653 compleudam
3253 587 3616 638 substantiam

2055 684 2223 750 ipsam
2251 699 2265 734 :
2300 683 2401 734 nisi
2435 681 2573 733 forte
2598 695 2626 732 a
2654 681 2812 733 nobis
2837 681 2915 732 sic
2946 678 3201 731 dicuntur
3227 675 3625 728 consuetudine

2053 771 2424 838 intelligentia:
2451 779 2690 832 nostrae;
2725 778 2779 821 et
2820 768 2948 836 quia
2988 779 3092 819 non
3125 777 3410 832 possumus
3462 762 3625 815 aliter

2054 861 2377 929 intelligere,
2405 862 2494 926 qui
2517 875 2658 914 nunc
2674 860 2840 914 vitam
2866 872 2963 927 per
2984 857 3286 925 speculum,
3307 864 3362 908 et
3381 853 3434 909 in
3459 853 3628 924 aenig-

2057 961 2200 1005 mate
2234 951 2611 1020 transigimus.

2673 1037 2901 1094 CAPUT
2941 1036 3006 1091 11.

2058 1151 2211 1217 Quod
2261 1169 2362 1203 non
2393 1161 2591 1216 oportet
2647 1166 2880 1218 quaerere
2926 1150 2980 1200 in
3031 1148 3289 1201 Trinitate
3337 1150 3628 1202 accidentia

2129 1224 2406 1288 qua'pt'ain,
2445 1238 2562 1288 qua:
2609 1222 2662 1271 in
2710 1219 3010 1270 substantia
3053 1219 3164 1285 ejus
3206 1221 3458 1272 exsistant
3486 1235 3503 1270 :
3542 1235 3632 1271 nec

2130 1287 2862 1355 differentiassubstantiales
2903 1289 2957 1338 in
2990 1289 3436 1353 ipsaintelliqcre,
3473 1287 3633 1347 siqni-

2129 1361 2245 1410 dem
2272 1371 2318 1410 ct
2356 1361 2408 1410 in
2441 1361 2780 1422 ineat-porcis,
2810 1373 2924 1423 qua:
2959 1358 3022 1408 ab
3060 1357 3172 1424 ipsa
3203 1357 3459 1420 producta
3486 1367 3630 1418 sunt,

2132 1444 2232 1478 non
2275 1440 2471 1494 oportet
2515 1444 2750 1495 qua-rere
2800 1427 3156 1493 diﬁ'rrcntiam
3207 1427 3537 1484 substantiae,
3569 1436 3632 1495 Aet

2130 1493 2371 1564 mergite,
2406 1493 2565 1560 neque
2588 1505 2838 1565 tanquam
2870 1495 3020 1548 aliud
3054 1496 3106 1546 in
3127 1495 3230 1547 alio
3257 1497 3361 1546 ista
3388 1505 3444 1546 ut
3468 1493 3634 1547 exsis-

2134 1575 2269 1628 tant,
2302 1567 2559 1618 accidere.

2133 1678 2364 1730 Sanctus
2416 1677 2650 1746 Cyrillns
2682 1675 2773 1728 lib.
2812 1691 2936 1728 xxxi
2971 1673 3360 1726 Thesaurorum
3389 1689 3405 1726 :
3441 1672 3496 1727 Si
3529 1674 3635 1740 igi-

2061 1774 2148 1821 tur
2180 1782 2282 1820 non
2320 1782 2674 1832 quacumque
2733 1766 2989 1819 dicuntur
3022 1765 3195 1818 inesse
3227 1766 3277 1816 itt
3309 1765 3414 1817 Deo
3436 1779 3633 1818 secun-

392 1859 484 1912 sed
515 1857 662 1911 aliud
707 1855 985 1925 quidpiam
1033 1855 1176 1924 quod
1209 1869 1305 1909 vos
1349 1855 1592 1924 ﬁngitis:
1637 1870 1821 1909 verum
1862 1857 1960 1910 hoc
1995 1839 2038 1896 Β
2065 1861 2193 1912 dum
2234 1871 2505 1922 naturam,
2551 1859 2666 1912 haec
2695 1859 2916 1911 omnino
2945 1869 3102 1909 erunt
3135 1857 3442 1910 substantia
3493 1857 3635 1923 ejus,

395 1950 733 2012 indecorum,
766 1960 821 2003 et
844 1949 999 2003 valde
1019 1949 1239 2017 impium
1265 1957 1348 2001 est
1372 1949 1452 2002 vel
1492 1947 1665 2001 solum
1702 1949 1977 2018 cogitares

397 2040 490 2092 Sin
524 2048 705 2092 autem
736 2055 858 2092 cum
891 2039 1141 2099 audimus
1171 2056 1186 2090 :
1224 2035 1338 2106 Ego
1367 2053 1483 2091 sum
1515 2037 1605 2104 qui
1626 2053 1742 2090 sum
1768 2039 1849 2070 °"
1874 2054 1887 2100 ;
1911 2045 1967 2091 et

393 2132 545 2190 illud,
587 2130 652 2183 In
675 2131 935 2198 principio
959 2130 1080 2197 fecit
1113 2129 1246 2182 Deus
1276 2128 1527 2182 cwlum'et
1561 2139 1754 2182 terram
1777 2130 1842 2192 “,
1867 2141 1920 2184 et
1949 2147 1964 2187 :

399 2221 852 2287 Audi,Israel,Do
864 2223 1037 2274 minus
1057 2221 1197 2274 Deus
1219 2232 1360 2284 tuus,
1380 2221 1637 2275 Dominus
1661 2237 1796 2274 unus
1817 2222 1965 2286 est",

397 2325 450 2369 ει
479 2313 632 2375 illud,
669 2312 798 2367 Ηίιιο
823 2313 953 2366 dicit
991 2311 1246 2366 Dominus
1286 2301 1650 2382 omnipotens,
1687 2329 1792 2367 non
1821 2313 1969 2368 aliud

400 2413 765 2474 prmterquam
807 2404 1140 2473 simplicem,
1174 2413 1229 2458 et
1265 2407 1502 2468 beatam,
1552 2414 1606 2460 et
1665 2404 1972 2472 incompre-

402 2498 625 2550 hensam
664 2496 784 2562 ejus
822 2496 914 2564 qui
946 2498 1166 2564 proprie
1200 2505 1306 2561 est,
1356 2497 1716 2551 substantiam
1765 2496 1969 2549 intelli—

396 2586 569 2652 gimus
621 2585 764 2654 (etsi
813 2586 956 2639 enim
1007 2602 1114 2642 non
1164 2602 1451 2654 possumus
1516 2587 1994 2655 comprehendere

401 2679 528 2746 quid
560 2681 773 2732 tandem
795 2689 900 2742 est,
939 2688 1116 2733 tamen
1143 2695 1267 2733 cum
1299 2680 1606 2734 audivimus
1630 2679 1732 2733 dici
1755 2678 1972 2732 Patrem

402 2779 458 2824 et
488 2768 706 2830 Filium,
744 2779 798 2824 et
829 2771 1280 2838 omnipotentem,
1314 2771 1446 2825 nihil
1477 2771 1620 2824 aliud
1649 2786 1815 2841 quam
1846 2771 1977 2825 sub-

404 2863 660 2916 stantiam
711 2865 886 2932 ipsam
925 2864 1046 2933 ejus
1095 2866 1326 2933 quiest,
1375 2865 1669 2932 significari
1723 2864 1977 2935 intelligi-

406 2970 561 3019 mus;
589 2965 644 3008 et
672 2972 764 3009 vos
789 2957 1007 3012 dixistis
1032 2973 1099 3011 ex
1128 2958 1236 3013 Deo
1268 2957 1484 3021 Filium,
1515 2958 1727 3012 scilicet
1752 2973 1816 3011 ex
1850 2961 1979 3012 sub:

405 3049 606 3101 stantia
631 3049 810 3102 Patris
844 3062 967 3103 eum
995 3050 1228 3114 dixistis,
1255 3049 1383 3119 quia
1410 3059 1465 3103 et
1494 3059 1625 3102 ante
1656 3063 1756 3104 nos
1789 3050 1978 3103 dicunt

2074 1952 2396 2022 relinquitur
2427 1962 2484 2003 ut
2515 1951 2762 2004 dicamus
2789 1963 2906 2002 esse
2950 1963 3013 2000 ea
3059 1948 3360 2000 accidentia
3394 1951 3643 2000 substan-

2069 2047 2157 2098 tite
2197 2047 2276 2098 sic
2314 2058 2447 2097 voce.
2482 2055 2636 2096 tenus
2686 2040 2954 2093 intellecta
2984 2037 3084 2106 (ιι).
3119 2036 3234 2090 Νοιι
3264 2041 3408 2090 enim
3465 2046 3644 2106 potest

2069 2145 2261 2188 natura
2313 2136 2546 2187 humana
2601 2132 2802 2199 aliquid
2852 2131 3027 2198 majus
3062 2131 3138 2198 (b)
3189 2129 3241 2181 in
3279 2131 3387 2182 Deo
3438 2132 3642 2193 dicere,

2072 2242 2235 2294 quam
2268 2226 2564 2281 secundum
2597 2238 2655 2276 se
2687 2221 2765 2292 (ἓ)
2793 2239 2810 2285 ;
2850 2222 3054 2275 ideirco
3091 2221 3487 2274 consuetudine
3519 2237 3643 2288 pro-

2076 2319 2191 2388 pria
2233 2318 2456 2382 utintur,
2507 2331 2629 2370 cum
2671 2329 2736 2368 ea
2769 2329 2889 2382 quae
2938 2324 3148 2366 natura:
3202 2325 3399 2367 nostrae
3445 2328 3651 2367 conve-

2074 2412 2254 2471 niunt,
2288 2410 2554 2477 majorum
2587 2423 2769 2462 rerum
2798 2407 3047 2474 exempla
3082 2406 3337 2470 iacimus,
3381 2417 3440 2460 ut
3470 2407 3559 2475 qui
3593 2408 3650 2462 in

2074 2517 2238 2572 parva
2283 2502 2461 2556 tabula
2491 2502 2684 2555 orbem
2723 2492 2846 2554 caili
2897 2499 3233 2554 describunt.
3277 2500 3419 2553 Idem
3474 2501 3525 2553 in
3560 2516 3652 2554 eo-

2072 2596 2194 2650 dem
2222 2593 2395 2648 libro:
2426 2592 2704 2661 Sapientis
2733 2601 2817 2645 est
2851 2592 3056 2652 dicere,
3082 2591 3216 2644 nihil
3247 2592 3494 2645 accidere
3525 2594 3652 2646 sub-

2075 2688 2291 2741 stantias
2342 2685 2459 2745 Dei,
2511 2684 2633 2753 quia
2685 2683 2849 2737 habet
2882 2698 2950 2739 ex
2986 2699 3044 2738 se
3073 2685 3188 2750 ipsa
3226 2683 3643 2752 perfectionem,

2077 2780 2170 2833 sed
2220 2777 2472 2831 videmus
2505 2775 2647 2845 quod
2688 2775 2854 2827 multa
2896 2775 3033 2828 ratio
3065 2785 3224 2844 coget
3257 2789 3354 2827 nos
3393 2777 3457 2827 ad
3497 2777 3654 2828 intel-

2078 2868 2352 2936 ligendum
2391 2867 2443 2920 in
2472 2864 2579 2920 Deo
2602 2874 2857 2934 tanquam
2887 2865 3189 2919 accidentia
3218 2882 3280 2920 ea
3318 2882 3435 2935 qua
3465 2867 3653 2933 hujus-

2079 2959 2222 3014 modi
2257 2968 2404 3022 sunt,
2458 2958 2560 3012 etsi
2608 2960 2826 3027 penitus
2874 2972 2980 3010 non
3029 2957 3368 3014 acciderunt.
3399 2961 3466 3014 Et
3511 2961 3651 3014 idem

2081 3051 2294 3103 adhuc:
2354 3047 2408 3100 Si
2460 3061 2592 3117 ergo
2613 3049 2858 3116 quaedam
2911 3061 3001 3100 res
3050 3055 3306 3115 tauquam
3354 3052 3656 3104 accidentia

407 3138 706 3205 Scriptura:
738 3140 1022 3192 Dominum
1071 3139 1272 3194 Filium
1324 3140 1528 3203 Patris,
1566 3151 1620 3195 et
1657 3150 1782 3194 ante
1832 3141 1977 3209 ipsas
2007 3179 2047 3235 ε
2086 3142 2216 3203 Deo,
2275 3139 2671 3206 intelliguntur,
2725 3139 2852 3206 quid
2909 3137 3112 3190 frustra
3163 3138 3498 3194 contenditis
3548 3158 3654 3195 non

404 3230 543 3284 idem
571 3231 732 3284 Pater
747 3231 920 3284 dixit:
948 3230 1045 3286 Hic
1074 3243 1151 3285 cst
1179 3229 1352 3284 Filius
1378 3249 1522 3286 meus
1548 3233 1768 3287 dilectus
1787 3233 1829 3265 “
1856 3250 1873 3298 ;
1916 3233 1976 3286 ft-

404 3322 514 3376 lius
539 3334 717 3376 autem
749 3324 885 3377 nihil
914 3323 1056 3377 aliud
1081 3336 1182 3387 est,
1220 3325 1318 3378 nisi
1345 3325 1486 3378 fetus
1517 3339 1582 3378 ex
1621 3328 1818 3393 patre),
1843 3340 1981 3393 quo-

411 3415 575 3468 modo
600 3429 709 3467 non
730 3416 983 3468 videntur
1005 3413 1193 3468 Patres
1212 3417 1345 3469 bene
1371 3416 1574 3469 dixisse
1591 3430 1652 3468 ex
1679 3418 1980 3470 substantia

406 3505 585 3559 Patris
607 3521 727 3566 esse
758 3505 972 3570 Filitttn,
1006 3517 1156 3561 recte
1193 3507 1440 3560 arbitrati
1479 3507 1620 3560 idem
1653 3522 1773 3561 esse
1801 3508 1982 3560 dicere

403 3613 468 3651 ex
496 3596 628 3660 Deo,
659 3608 712 3650 et
747 3599 928 3651 dicere
958 3614 1022 3652 ex
1063 3598 1370 3652 substantia
1410 3598 1549 3651 Dei?
1586 3597 1660 3650 Ex
1695 3599 1890 3666 quibus
1921 3599 1978 3649 lit

408 3689 758 3742 manifestum
811 3690 953 3757 quod
1005 3690 1057 3742 in
1092 3690 1323 3753 unitate,
1361 3703 1479 3757 quae
1513 3703 1676 3758 supra
1725 3688 1980 3742 substan-

408 3779 537 3832 tiatn
577 3788 681 3844 est,
716 3792 820 3831 non
856 3788 1075 3848 oportet
1114 3792 1359 3847 quaerere
1393 3777 1610 3831 habitus
1654 3786 1707 3831 et
1744 3777 1980 3845 disposi-

480 3933 564 3964 ⁶⁵’
597 3928 767 3984 Exod.
825 3941 906 3994 ιιι,
958 3927 1045 3980 14.
1124 3926 1169 3958 ⁸⁸
1220 3925 1358 3981 Gen.
1398 3942 1437 3989 t,
1497 3924 1545 3977 l.

1621 3925 1664 3956 ⁸⁷
1707 3922 1863 3980 Deut.
1898 3943 1977 3988 vi,
2013 3925 2066 3979 4.

2083 3247 2202 3286 esse
2225 3231 2518 3284 dicendum
2557 3227 2825 3281 accidisse
2860 3227 2966 3280 Deo
3002 3227 3302 3294 ingenitum
3357 3244 3498 3290 esse,
3533 3247 3656 3316 cum

2081 3324 2326 3392 qumdam
2355 3321 2662 3389 hujusmodi
2697 3330 3012 3389 appareant,
3049 3334 3167 3387 quae
3199 3329 3325 3373 sunt
3359 3325 3657 3376 set-nudum

2085 3415 2444 3466 sohstantiam
2476 3412 2636 3481 ejus?
2667 3410 2732 3463 Et
2763 3426 2955 3464 rursus
3003 3412 3142 3464 idem
3177 3427 3190 3464 :
3229 3411 3341 3464 Non
3389 3413 3532 3465 enim
3574 3424 3657 3466 est

2083 3505 2387 3558 substantia
2437 3502 2526 3556 Dei
2565 3503 2886 3571 ingenitum,
2939 3513 3033 3554 aut
3082 3501 3518 3570 incorruptilnle,
3570 3515 3664 3559 aut

2087 3595 2416 3656 immortale,
2451 3595 2534 3646 vel
2583 3593 2996 3663 inaspectabile,
3034 3609 3158 3646 nam
3204 3595 3248 3647 si
3306 3601 3658 3662 unumquod-

2088 3703 2193 3757 que
2224 3687 2414 3740 horum
2461 3685 2825 3739 substantiam
2855 3684 2932 3754 ('5)
2980 3686 3270 3754 signiﬁcat,
3305 3704 3370 3740 ex
3411 3697 3496 3755 tot
3529 3689 3662 3743 sub-

2088 3779 2309 3833 stantiis
2340 3776 2678 3846 compositus
2725 3775 2832 3830 erit
2867 3776 3030 3843 Deus,
3062 3788 3196 3845 quot
3236 3788 3368 3832 sunt
3412 3780 3512 3833 ista
3545 3796 3666 3849 qua!

2148 3925 2194 3956 “
2237 3923 2427 3977 Matth.
2462 3938 2594 3984 xvn,
2628 3922 2682 3976 5.

1913 4060 2194 4124 Scholia.

410 4206 662 4263 tanquam
706 4192 985 4262 complens
1024 4188 1391 4263 substantiam
1438 4185 1594 4257 ejus,
1629 4187 1724 4240 sed
1771 4187 1974 4263 aliquid

408 4260 551 4320 circa
583 4267 758 4330 ipsum
804 4260 1169 4323 extrinsecus,
1219 4270 1277 4314 ut
1306 4261 1703 4324 indumentum,
1730 4268 1788 4310 ut
1816 4260 1977 4326 paulo

408 4350 570 4403 supra
605 4336 816 4403 dixerat
847 4333 988 4386 idem
1017 4332 1371 4403 Athanasius.

483 4397 557 4475 (1)
594 4402 1010 4458 διιάάιιεωοηηιι
1041 4403 1235 4475 potius.
1273 4397 1497 4468 Antiqui
1532 4398 1841 4475 ignorantes
1869 4397 1976 4475 vim

410 4467 766 4545 intelligendi,
809 4484 863 4526 et
901 4487 1007 4526 non
1035 4467 1693 4545 distinguentes-sensunt
1724 4468 1795 4545 ab
1825 4467 1982 4545 intelf

378 4537 999 4607 ‘lectnfexistimaruut
1028 4543 1161 4594 nihil
1193 4537 1310 4594 esse
1344 4542 1396 4591 in
1429 4541 1650 4600 mundo,
1685 4538 1792 4591 nisi
1839 4537 1980 4606 quod

2076 4194 2198 4254 quot
2241 4195 2361 4237 sunt
2408 4183 2512 4236 ista
2564 4200 2677 4252 qua:
2736 4184 3066 4252 reperiuntur
3117 4185 3388 4239 convenire
3434 4187 3515 4239 illi
3575 4206 3671 4242 na-

2078 4256 2339 4309 turaliter.
2370 4256 2568 4308 Contra
2635 4254 2955 4306 Eunotniutn
3025 4256 3303 4320 disputans
3347 4259 3447 4310 hoc
3499 4262 3670 4324 dicit;

2079 4327 2170 4378 ille
2194 4327 2361 4388 enim,
2393 4326 2513 4393 quia
2550 4325 2843 4393 ingenitum
2886 4325 3082 4378 dicitur
3143 4325 3209 4378 de
3245 4325 3353 4378 Deo
3405 4329 3566 4383 Patre
3617 4347 3671 4383 et

2077 4398 2371 4465 ingenitum
2404 4396 2548 4447 aliud
2583 4410 2775 4447 nomen
2803 4403 2885 4448 est
2944 4410 2970 4445 a
3000 4396 3217 4462 genito,
3252 4402 3671 4464 argutnentalia-

2093 4477 2184 4518 tur
2224 4465 2382 4518 aliam
2423 4467 2779 4517 substantiam
2826 4465 3139 4532 signiﬁcare
3187 4466 3504 4532 ingenitum,
3536 4473 3587 4523 et
3612 4490 3672 4523 a-

2095 4537 2221 4589 liain
2264 4537 2506 4604 genitum
2533 4576 2549 4599 ,
2581 4535 2733 4604 quasi
2768 4551 2868 4586 una
2906 4536 3208 4586 substantia
3239 4551 3344 4587 non
3383 4552 3560 4604 posset
3590 4545 3674 4592 tli-

611 4586 664 4667 ει
695 4613 984 4681 phantasia
1013 4610 1397 4686 comprehendi
1431 4619 1610 4686 posset
1677 4586 1897 4686 ⁵ει-ιιιιῖει
1932 4611 1981 4659 in
2011 4586 2063 4645 Ῑ)
2099 4586 2611 4686 γεηὶευιιιιιιιιιιὶιῖιιὲ
2653 4603 2813 4684 allici.
2839 4604 2939 4684 _Sic
2972 4604 3113 4686 enim
3152 4586 3678 4686 sati-ctus'blaiiimiis

413 4678 757 4755 phantasiam
801 4699 905 4736 non
949 4684 1094 4735 cadit
1139 4678 1242 4755 nisi
1295 4695 1490 4755 corpus
1526 4678 1566 4740 ,’
1603 4678 1990 4755 existimarunt

414 4748 614 4808 imllam
653 4748 765 4807 rem
807 4769 927 4808 csse
955 4756 1006 4804 ιιι
1052 4754 1252 4804 mundo
1284 4751 1384 4802 nisi
1417 4763 1639 4817 corpus,
1711 4757 1771 4800 ut
1821 4748 1986 4800 Arist.

417 4841 466 4878 tv
510 4825 721 4893 Physic.
756 4825 920 4877 tradit
949 4839 964 4884 ;
997 4823 1062 4875 ab
1092 4821 1209 4875 istis
1245 4819 1522 4889 profectus
1551 4829 1636 4893 est
1667 4832 1824 4893 error
1854 4817 1992 4893 Sad-

419 4888 758 4957 duca-oruni,
809 4893 900 4962 qui
955 4893 1199 4962 aiebant,
1238 4888 1342 4943 non
1397 4903 1518 4943 esse
1549 4888 1992 4962 Spiritum,ltzec

419 4966 695 5018 S.'l‘hom.
728 4980 741 5016 t
770 4960 1013 5032 p.'q.50,
1050 4975 1152 5016 art.
1183 4961 1207 5013 1
1237 4978 1252 5014 :
1284 4962 1427 5014 Idem
1461 4966 1642 5010 ercntt
1674 4960 1990 5032 gentilibus,

415 5039 507 5104 qui
534 5037 649 5088 sine
674 5029 783 5088 Deo
802 5029 960 5086 erant
990 5035 1233 5086 colentes
1255 5046 1417 5104 onera
1439 5029 1992 5104 ωειιιιιιιιιδιιιῃιιιιιιιιιι

494 5108 570 5178 (2)
613 5105 727 5158 Hoc
765 5115 846 5158 est
879 5105 1020 5178 quod
1054 5105 1183 5178 dicit
1219 5104 1280 5178 δέ
1319 5101 1508 5178 ΊΊιοιιι.
1554 5101 1564 5150 i
1598 5113 1647 5166 p.
1688 5115 1740 5162 ιι.
1777 5099 1868 5164 59,
1901 5109 2004 5178 art.

416 5183 474 5247 2,
497 5170 654 5247 "quod
680 5190 822 5244 stepe
852 5170 982 5227 alias
1019 5175 1228 5247 repetit,
1255 5173 1560 5247 intellectus
1594 5179 1777 5222 noster
1810 5185 1895 5222 res
1927 5170 2008 5219 di-

418 5245 569 5307 vinas
596 5246 854 5309 naminat,
886 5260 990 5297 non
1026 5245 1322 5298 secundum
1370 5245 1583 5293 inodum
1616 5254 1801 5291 earum
1833 5278 1845 5300 ,
1879 5254 2005 5307 quia

423 5326 504 5378 sic
542 5335 635 5374 cas
676 5331 1010 5384 cognoscere
1051 5330 1156 5367 non
1196 5323 1394 5384 potest,
1428 5312 1522 5382 sed
1555 5314 1851 5384 secundum
1893 5325 2006 5362 nio—

420 5396 547 5448 dunt
585 5406 636 5442 tn
682 5394 844 5440 rebus
875 5386 1074 5439 creatis
1123 5387 1422 5438 inventum.

493 5462 568 5531 (5)
617 5457 674 5514 Si
731 5456 1374 5531 unumquodqueAliorum
1443 5454 1795 5531 substantiam
1839 5451 2007 5531 signi-

419 5522 589 5603 ficat',
643 5544 706 5584 ex
754 5540 827 5583 tot
894 5522 1210 5581 substantiis
1271 5528 1596 5592 compositus
1656 5529 1756 5578 erit
1828 5522 2005 5583 Deus,

498 5737 650 5806 (α)1ι1
682 5743 761 5787 est
815 5708 1110 5787 secundum
1153 5727 1383 5806 modum
1433 5727 1772 5798 significandi
1801 5737 1853 5782 et
1911 5728 1996 5783 iti-

424 5803 690 5878 tclbgendi
737 5807 891 5860 nobis
921 5810 1236 5857 consuetum
1269 5803 1431 5869 capit.

2103 4677 2154 4728 in
2197 4690 2260 4725 eo
2301 4677 2415 4727 loco
2457 4675 2719 4744 orationis
2747 4675 2958 4741 prima!
3015 4674 3264 4744 Gregorii
3319 4674 3674 4744 Naziunzeni,

2091 4746 2158 4798 de
2178 4744 2334 4808 Filio,
2360 4745 2446 4797 tibi
2471 4746 2666 4812 quaerit
2695 4740 2992 4797 Euumnius
3016 4786 3029 4807 ,
3049 4740 3189 4813 quid
3213 4743 3371 4800 Pater
3387 4740 3674 4813 signiticet,

2092 4817 2371 4883 explicans
2402 4832 2547 4867 eum:
2584 4813 3015 4881 lnlerrogabanl,
3045 4812 3240 4881 inquit,
3280 4819 3543 4881 llwl‘clit'i,
3585 4812 3679 4872 last

2096 4902 2161 4939 ne
2198 4887 2353 4938 Pater
2386 4901 2579 4938 nomen
2599 4884 2935 4948 substantiae,
2964 4899 3030 4937 an
3061 4887 3322 4953 energies?
3353 4899 3408 4937 ιιι
3441 4888 3483 4941 si
3523 4890 3677 4941 dixe—

2099 4957 2266 5008 rimus
2297 4971 2417 5008 esse
2472 4970 2666 5006 nomen
2722 4955 3058 5018 substantiae,
3095 4954 3220 5007 hinc
3272 4958 3547 5023 colligant,
3588 4957 3679 5010 Fi-

2096 5026 2220 5077 liuni
2252 5040 2371 5078 esse
2403 5026 2669 5077 dIVersatu
2701 5025 3058 5077 substantiam
3088 5040 3114 5072 a
3146 5027 3448 5078 substantia
3486 5030 3679 5082 l’atris:

2105 5097 2178 5157 ὡς
2205 5097 2300 5164 τῆς
2334 5096 2501 5161 αὐτῆς
2534 5095 2717 5157 οὐσίας
2750 5095 2842 5145 δύο
2881 5097 2953 5162 μὴ
2985 5093 3374 5165 ἐπιδεχομένης
3419 5101 3511 5150 καὶ
3563 5101 3684 5151 διά-

2106 5184 2244 5235 φορα
2267 5171 2465 5235 κυρίως
2484 5165 2806 5231 ὀνόματα,ἰι1
2831 5179 2912 5217 est
2942 5165 3098 5232 quasi
3131 5181 3237 5218 una
3260 5175 3555 5221 substantia
3579 5188 3684 5223 non

2107 5241 2371 5304 t‘ttt'ipct'ct
2422 5239 2530 5289 duo
2571 5245 2622 5287 et
2670 5237 2883 5288 dnersa
2928 5236 3142 5304 proprie
3180 5240 3419 5303 nomina,
3463 5241 3506 5292 si
3541 5249 3685 5292 enim

2108 5319 2256 5374 pater
2281 5320 2362 5359 est
2389 5323 2581 5359 nomen
2605 5307 2945 5376 substantite,
2976 5322 3246 5372 nunquam
3274 5311 3519 5376 ejusdem
3555 5315 3685 5366 sub-

2106 5390 2318 5428 suintta:
2356 5392 2551 5428 nomen
2590 5388 2694 5428 erit
2733 5374 2924 5428 Filius.
2959 5377 3233 5429 Hactenus
3261 5374 3482 5433 sant-tus
3513 5380 3686 5440 Μω-

2108 5464 2244 5511 mus,
2288 5461 2340 5498 et
2376 5449 2564 5500 beatus
2599 5446 2829 5500 llasdius
2860 5447 2995 5499 libro
3028 5461 3061 5498 ll
3085 5442 3282 5499 Contra
3311 5452 3626 5503 Eunomiuin
3666 5469 3683 5506 :

2107 5520 2384 5583 Quomodo
2423 5519 2609 5585 igitur,
2655 5518 2849 5585 inquit,
2892 5534 2924 5569 υ
2959 5519 3384 5586 sapientissime,
3423 5525 3472 5578 si
3502 5523 3686 5578 diter-

2185 5724 2260 5792 (Ιι)
2296 5725 2348 5777 Id
2368 5733 2476 5789 est,
2519 5723 2721 5792 aliquid
2751 5724 2948 5794 majus,
2977 5740 3138 5794 quam
3174 5735 3230 5779 ut
3254 5741 3318 5780 ex
3348 5727 3509 5781 rebus
3537 5740 3687 5778 t-rczr

2113 5799 2182 5853 tis
2210 5800 2414 5861 d‘tlit'it,
2440 5814 2504 5850 ex
2559 5798 2753 5865 qutbus
2784 5809 3067 5852 SCICllllitlll
3103 5799 3268 5859 capit.
