4446 6450
833 368 937 434 967

1993 377 2324 461 IOANNIS
2365 357 2936 442 omnisstom

3966 379 4072 442 εδδ

833 497 1014 540 motus
1054 496 1108 541 et
1126 496 1310 543 'status
1363 489 1473 543 illic
1534 490 1727 544 saltem
1777 505 1875 560 per
1925 507 1983 547 se
2040 492 2402 546 subsistentes
2435 499 2474 551 Α
2509 503 2686 545 autem
2724 495 2789 547 de
2828 495 3014 548 divino
3035 504 3200 558 statu,
3232 495 3313 550 vel
3346 495 3477 550 sede
3504 493 3774 550 dicimus?
3798 494 3924 562 quid
3954 507 4078 546 veto

769 613 774 616 -
831 587 982 640 sunt,
1034 589 1087 630 et
1117 579 1344 633 virtutes
1377 581 1645 645 viventes,
1678 597 1740 636 ac
1773 573 2104 650 superiores,
2145 598 2306 651 quam
2343 590 2401 634 ut

832 665 885 718 in
917 680 1011 721 eas
1039 667 1233 720 cadant
1263 669 1596 724 variationes
1627 685 1814 726 eorum
1862 685 1981 740 qua:
2008 671 2150 725 ﬂuxa
2181 685 2234 726 et
2272 688 2399 725 cor-

832 751 996 822 porca
1049 765 1198 809 sunt.
1251 758 1415 814 Potes
1464 769 1646 814 autem
1687 762 1846 816 aliter
1889 763 2052 816 etiam
2100 763 2404 831 intelligere

832 847 1088 910 virtutes,
1114 858 1168 902 et
1189 852 1534 918 operationes
1555 892 1570 916 ,
1598 852 1829 908 virtutes
1852 854 2094 922 quidem,
2114 855 2239 922 quia
2271 870 2404 908 non-

833 938 962 990 dum
998 940 1181 990 omnia
1212 940 1396 994 creata
1436 951 1643 1007 essent,
1681 944 1884 997 virtute
1915 955 2094 998 tamen
2127 947 2311 997 omnia
2348 947 2400 997 in

834 1025 943 1080 Deo
971 1029 1120 1094 prius
1170 1031 1541 1095 exstiterunt,
1573 1047 1696 1098 quae
1743 1017 2087 1100 producenda
2135 1043 2292 1088 erant
2335 1036 2404 1088 ab

835 1118 952 1185 ipso
978 1138 992 1183 ;
1025 1121 1368 1187 operationes
1398 1135 1546 1184 vero,
1575 1124 1792 1189 quando
1813 1124 1920 1190 jam
1954 1134 2198 1176 creatura
2224 1126 2289 1175 ad
2317 1124 2399 1177 ef-

803 1275 806 1278 .
836 1207 1040 1262 l'ectnm
1071 1211 1307 1262 adducta
1337 1221 1446 1264 est.
1478 1211 1556 1265 Ex
1586 1213 1673 1266 his
1709 1213 2059 1268 manifestum
2095 1215 2170 1275 llt.
2203 1216 2254 1267 in
2288 1215 2407 1266 uni-

838 1309 969 1361 tate,
1013 1315 1117 1366 que
1151 1315 1311 1367 supra
1351 1304 1712 1356 substantiam
1751 1317 1855 1368 est,
1900 1320 2006 1358 non
2056 1321 2226 1375 posse
2263 1306 2408 1360 acci-

2502 584 2669 646 aliud,
2713 594 3069 652 przeterquaiu
3115 600 3337 640 munere
3390 584 3556 638 Deum
3616 585 3668 638 in
3703 585 3906 651 seipso,
3942 583 4074 634 etin

2503 678 2691 727 eodem
2747 683 2892 727 statu
2924 674 3186 728 imumbili
3247 675 3402 728 ilrme
3439 674 3606 728 ﬁxum
3638 687 3764 728 esse
3786 682 3843 728 et
3874 686 4068 740 suprs-

2504 778 2665 830 quam
2685 761 2966 816 fundatum
2985 779 3106 818 esse
3131 765 3420 829 stabiliter,
3438 774 3495 818 et
3527 754 3830 820 secundum
3854 762 4073 824 eadem,

2523 866 2577 908 et
2610 856 2752 908 circa
2803 854 2942 908 idem
2979 855 3172 922 ipsum,
3215 866 3269 908 et
3297 854 3550 908 similiter
3575 853 3824 922 operari;
3881 860 3935 906 et
3959 865 4075 904 om.

2506 950 2635 1000 nino
2661 961 2782 1001 esse
2800 961 2828 999 a
2849 962 2907 1000 se
2932 952 3047 1014 ipso
3066 948 3472 1005 immutabilem.
3499 953 3554 1000 et
3576 960 3680 999 non
3719 959 3876 1013 posse
3898 952 4075 996 trans~

2509 1041 2739 1102 moi'eri,
2773 1050 2974 1094 etesse
3004 1055 3070 1093 ex
3109 1051 3219 1094 toto
3248 1040 3599 1104 immobilem,
3633 1049 3797 1106 atque
3821 1042 3933 1090 haec
3954 1036 4071 1102 qui-

2486 1132 2629 1208 Idem
2669 1147 2832 1200 supra
2861 1132 3241 1186 substantiam.
3280 1134 3419 1188 Idem
3455 1133 3506 1184 in
3555 1131 3770 1202 hymnis
3794 1131 4076 1183 amatoriis

2507 1239 2569 1276 ex
2603 1223 2664 1276 S.
2694 1220 3019 1277 Hierotheo:
3046 1221 3384 1286 Producens,
3405 1223 3719 1290 inquit,una
3738 1228 3822 1275 est
3846 1218 4070 1287 simplex

2506 1316 2698 1377 virtus,
2767 1330 2860 1384 per
2906 1329 2967 1369 se
3000 1329 3227 1368 movens
3287 1315 3355 1368 ad
3409 1313 3730 1366 amatorium
3785 1313 4071 1378 quamdam

835 1391 968 1441 de"!
993 1391 1217 1453 νοτεπί,
1247 1405 1422 1459 neque
1445 1393 1740 1446 secundum
1782 1395 2054 1460 habitum.
2112 1411 2285 1463 neque
2321 1412 2411 1452 se-
2510 1407 2816 1462 mixtionem
2871 1423 2935 1462 ex
2973 1407 3119 1468 bono
3145 1422 3315 1476 usque
3335 1407 3400 1460 ad
3424 1415 3725 1461 extremum
3747 1419 3932 1458 eorum
3956 1418 4074 1469 qua:

834 1481 1068 1534 eundum
1097 1480 1619 1551 (a)dispositionem,
1665 1501 1840 1553 neque
1888 1488 2182 1541 secumlum
2228 1489 2409 1556 operi-

837 1580 1078 1623 mentum
1107 1572 1208 1637 (l),
1238 1587 1411 1640 neque
1461 1576 1757 1628 secundum
1797 1578 2272 1632 subexsistentiam
2312 1581 2409 1648 ib),

836 1679 1009 1732 neque
1028 1667 1319 1718 secundum
1343 1669 1808 1733 consequentiam.
1836 1666 1891 1720 Si
1938 1676 2118 1722 autem
2152 1679 2405 1734 tanquam

835 1756 1092 1809 accidens
1120 1755 1359 1817 dicatur,
1391 1769 1522 1809 voce
1554 1767 1712 1810 tenus
1744 1765 1950 1810 tantum
1984 1760 2278 1813 secundum
2310 1774 2402 1812 co-

835 1847 1151 1912 gitationem
1191 1843 1508 1909 humanam,
1549 1847 1676 1914 quia
1708 1847 1908 1901 dicitur
1949 1855 2185 1914 tantum,
2212 1859 2400 1903 osten-

833 1936 978 1989 ditur
1007 1953 1021 1987 :
1052 1950 1224 2003 neque
1265 1936 1601 1991 diﬂerentias
1633 1938 2020 1993 substantiales
2053 1940 2197 2008 pium
2232 1949 2316 1995 est
2349 1941 2400 1994 in

837 2031 939 2083 hac
967 2026 1235 2081 Trinitate
1262 2027 1697 2098 intelligere;est
1720 2039 1899 2083 autem
1927 2038 2184 2086 extremm
2214 2030 2404 2099 impie-

834 2122 962 2174 tatis
991 2121 1303 2189 excogitare
1332 2121 1474 2175 aliud
1505 2121 1560 2175 in
1579 2122 1710 2186 hac;
1731 2120 1876 2175 aliud
1900 2122 2047 2176 enim
2086 2123 2140 2177 in
2173 2122 2302 2184 alio.
2336 2134 2396 2178 et

832 2224 1089 2279 tanquam
1123 2211 1175 2263 in
1199 2210 1462 2280 subjecto,
1492 2211 1724 2280 denique
1749 2213 2000 2266 accidens
2030 2213 2100 2282 (c)
2137 2227 2314 2284 neque
2349 2215 2400 2266 in

833 2299 1170 2367 incorporeis
1201 2301 1471 2355 caelitibus
1494 2299 1572 2370 (2)
1596 2305 1662 2355 ab
1678 2301 1796 2372 ipsa
1828 2301 2046 2372 creatis,
2064 2303 2156 2374 qui
2176 2306 2402 2360 materia

831 2399 1051 2453 vacant,
1089 2390 1267 2444 locum
1309 2389 1495 2445 habet.
1858 2410 1863 2416 ·

1430 2509 1656 2568 CAPUT
1696 2512 1761 2567 lil
1787 2552 1801 2567 .

834 2597 989 2665 Quod
1013 2598 1068 2654 in
1096 2602 1320 2667 unitate,
1356 2615 1472 2666 qua
1506 2617 1667 2667 supra
1699 2600 2047 2654 substantiam
2071 2613 2169 2666 est,
2197 2619 2301 2656 non
2322 2612 2400 2657 est

903 2669 1726 2748 quareudaabiquediﬁerentia
1749 2687 1948 2748 causa.
1980 2680 2028 2722 et
2060 2687 2273 2748 causam
2305 2678 2406 2724 Ita-

905 2739 1094 2801 bentis,
1118 2739 1204 2792 ubi
1235 2738 1371 2792 ex'ie
1392 2738 1505 2805 ipsa
1535 2740 1727 2792 dicitur
1747 2742 1994 2805 exsistere
2021 2756 2038 2802 ;
2073 2753 2120 2794 et
2157 2744 2244 2795 ubi
2271 2756 2334 2793 ea:
2353 2759 2407 2794 se

905 2809 1024 2873 ipsa
1075 2809 1252 2877 prodit
1288 2823 1388 2860 sua
1423 2811 1659 2878 energia,
1696 2809 1798 2861 sive
1825 2813 2059 2878 operatio
2085 2851 2096 2867 .
2141 2821 2190 2863 et
2225 2812 2312 2864 ubi
2343 2827 2407 2864 ea;

902 2894 957 2930 se
982 2880 1117 2946 ipsa,
1148 2887 1197 2930 et
1218 2893 1310 2946 per
1333 2894 1386 2930 se
1410 2880 1579 2945 ipsam
1613 2879 1682 2930 ad
1707 2881 1932 2944 seipsam
1963 2889 2184 2934 remeat.

901 2969 1134 3038 Magnus
1161 2968 1450 3037 Dionysius
1478 2983 1599 3038 cap.
1627 2967 1752 3023 90s
1784 2971 1976 3023 diuinis
2007 2971 2232 3026 uomitu
2264 2971 2403 3038 Quid

2509 1501 2796 1564 exsistunt,
2825 1512 2879 1553 ot
2909 1501 2978 1553 ab
3011 1500 3101 1554 illo
3125 1513 3318 1553 rursus
3345 1506 3744 1566 consequenter
3768 1511 3861 1562 per
3886 1497 4067 1546 omnia

2511 1592 2576 1646 ad
2606 1594 2825 1654 bonum,
2880 1606 2946 1644 ex
2980 1605 3039 1644 se
3069 1591 3208 1657 ipsa,
3241 1603 3336 1656 per
3389 1603 3448 1643 se
3481 1589 3674 1657 ipsam,
3713 1594 3766 1640 et
3792 1586 3844 1640 in
3866 1599 3927 1638 se
3959 1585 4070 1651 ipsa

2513 1699 2572 1740 se
2612 1685 2784 1748 ipsam
2830 1685 3137 1748 revolvens,
3165 1693 3220 1738 ct
3253 1685 3318 1738 ad
3346 1698 3403 1738 se
3429 1685 3600 1753 ipsam
3648 1696 3863 1749 semper
3880 1682 4069 1736 eodem

2506 1777 2668 1830 modo
2707 1786 3011 1830 revertens.
3061 1774 3232 1835 Idem.
3274 1777 3329 1829 ln
3359 1775 3588 1842 epistola
3625 1774 3691 1826 ad
3719 1773 3934 1826 Titum:
3981 1773 4072 1826 Sic

2503 1869 2646 1920 enim
2694 1867 3122 1933 contemplantes
3154 1866 3371 1920 scilicet
3423 1865 3681 1936 mysteria
3733 1865 3873 1918 nmla
3912 1866 4070 1924 velis,

2501 1955 2749 2010 venerari
2771 1955 3068 2023 poterimus
3092 1954 3295 2009 fontem
3319 1956 3442 2009 vita:
3462 1955 3708 2008 videntes
3728 1953 3779 2007 in
3809 1967 3867 2008 se
3897 1954 4068 2022 ipsum

2501 2030 2749 2111 eﬂ’usum,
2770 2046 2896 2100 etin
2927 2060 2988 2099 se
3013 2046 3131 2116 ipso
3158 2053 3486 2108 manentem,
3509 2055 3562 2098 et
3586 2059 3749 2098 unam
3777 2045 4067 2108 quamdam

2502 2143 2754 2204 virtutem
2801 2139 3122 2207 simplicem,
3169 2155 3263 2208 per
3285 2153 3343 2193 se
3381 2139 3656 2200 mobilem,
3715 2153 3810 2205 per
3838 2154 3895 2192 se
3932 2154 4070 2202 (ιρι--

2502 2239 2732 2295 rantem,
2762 2245 3108 2300 nnnquamae
3131 2233 3302 2297 ipsam
3334 2230 3820 2297 derelinquentem,
3846 2231 3939 2282 sed
3970 2243 4068 2280 eu-

2503 2323 2796 2394 gnitionem
2808 2323 3044 2377 omnium
3058 2323 3421 2391 cognitionum
3441 2319 3766 2384 vincentem,
3782 2328 3834 2372 et
3847 2332 4065 2386 serupo-r

2502 2429 2562 2469 se
2580 2415 2748 2485 ipsam
2765 2415 3109 2483 perseipsam
3132 2413 3424 2477 videntem,
3445 2412 3632 2464 Adhuc
3653 2411 3790 2464 idem
3812 2425 3930 2478 cap.
3947 2410 3980 2462 4
3999 2409 4073 2462 De

2503 2507 2696 2562 divinis
2723 2508 3003 2563 uominib.:
3026 2505 3279 2560 Amorem
3305 2520 3452 2569 vero,
3473 2501 4070 2573 inquit,etcharitatem

2507 2599 2676 2654 Deum
2700 2608 2913 2672 vocant,
2930 2609 3114 2665 utpote
3133 2593 3241 2651 vim
3265 2596 3332 2651 ad
3355 2612 3414 2651 se
3442 2597 3740 2650 adducendi
3766 2595 4072 2653 habentem.

2509 2693 2602 2762 qui
2629 2695 2780 2747 solus
2809 2701 2892 2746 est
2924 2692 3098 2759 ipsum
3126 2700 3342 2758 propter
3367 2703 3427 2742 se
3447 2686 3736 2757 pulchrum
3766 2697 3820 2740 et
3851 2687 4072 2746 bonum,

2508 2792 2564 2837 et
2592 2783 2682 2851 qui
2713 2791 2798 2837 est
2851 2782 2932 2834 sui
2979 2795 3072 2848 per
3096 2795 3153 2833 se
3185 2780 3362 2848 ipsum
3423 2777 3736 2847 patetactio,
3779 2787 3834 2830 et
3862 2775 4075 2830 eximiae

2511 2876 2878 2946 copulationis
2921 2889 2972 2926 ιιι
3026 2886 3190 2926 unum
3230 2873 3368 2926 bona
3406 2868 3705 2930 etuanatio,
3730 2877 3784 2922 et
3812 2865 4074 2920 amatmia

2513 2968 2703 3032 motio,
2721 2965 2974 3035 simplex,
3017 2977 3115 3034 per
3141 2976 3202 3018 se
3228 2958 3464 3027 mobilis,
3506 2973 3603 3030 per
3634 2973 3695 3015 se
3728 2972 3919 3029 agens,
3951 2972 4076 3026 pro-

2349 3109 2628 3174 Scholia.

835 3212 1101 3282 potentias
1129 3210 1245 3276 elus
1277 3209 1634 3282 operatriees,
1664 3223 1794 3282 quae
1828 3209 2062 3278 energia:
2110 3208 2392 3274 dicuntur,
2420 3218 2464 3274 ο

830 3279 885 3334 et
919 3291 1122 3334 motum
1164 3280 1435 3346 proprium
1479 3281 1545 3330 ad
1592 3279 1934 3345 operationes
1975 3291 2177 3333 natura:
2228 3295 2393 3347 ange-

834 3351 971 3410 licae.
1002 3361 1054 3401 et
1088 3349 1324 3416 quietem
1365 3348 1564 3415 quibus
1610 3348 1918 3414 angelorum
1959 3359 2146 3400 natura
2209 3349 2399 3401 delini-

833 3430 943 3482 tur,
982 3434 1078 3486 per
1114 3433 1173 3471 se
1217 3417 1346 3482 dicit
1373 3417 1711 3474 subsistere;
1751 3428 1925 3470 motus
1968 3420 2076 3470 dixi
2109 3419 2175 3470 ad
2207 3432 2400 3485 opera-

829 3491 1032 3550 tiones,
1045 3487 1233 3555 quales
1260 3497 1383 3539 sunt
1406 3487 1828 3556 ministrationes
1845 3496 2060 3556 propter
2075 3503 2167 3542 eos
2186 3503 2276 3556 qui
2292 3489 2399 3540 hat-

833 3554 1123 3626 reditatem
1148 3558 1365 3622 capiunt
1397 3555 1609 3626 salutis,
1631 3557 1768 3626 sicut
1791 3554 2082 3623 Apostolus
2109 3556 2182 3626 ait
2206 3554 2395 3624 (Hebr.

833 3641 872 3690 ι,
907 3627 1016 3690 is);
1047 3623 1188 3692 item
1219 3624 1607 3691 contemplatio
1637 3623 1747 3686 Dei,
1770 3634 1821 3676 et
1855 3635 2106 3693 perpetua
2139 3625 2398 3690 laudatio,

832 3708 886 3749 et
924 3697 974 3746 in
996 3697 1074 3747 eis
1100 3703 1265 3756 stare,
1301 3708 1361 3746 ac
1380 3694 1689 3760 quiescere;
1718 3695 1852 3753 hinc,
1887 3697 2126 3761 inquam,
2150 3696 2399 3748 substan-

835 3765 982 3817 tialis
1011 3775 1155 3828 sunt,
1187 3764 1234 3815 id
1263 3772 1388 3825 est,
1421 3763 1634 3829 propria
1665 3763 1976 3816 substantia:
2005 3779 2225 3817 eorum:
2258 3765 2400 3818 unde

840 3835 944 3886 illis
977 3833 1164 3884 trihnit
1209 3842 1428 3884 sanctus
1464 3830 1749 3893 Maximus,
1787 3835 1927 3900 quod
1967 3834 2301 3896 substantiae,
2333 3836 2397 3886 ad

833 3919 993 3969 quam
1024 3901 1316 3966 pertinent,
1346 3902 1621 3963 convenit,
1657 3900 1709 3953 id
1743 3912 1848 3962 est.
1880 3917 1972 3968 per
2005 3916 2063 3956 se
2095 3903 2400 3958 subsiSIere

831 3984 886 4024 et
910 3973 1120 4034 .vivere,
1163 3981 1218 4023 et
1254 3986 1357 4022 non
1395 3985 1489 4039 per
1533 3970 1821 4037 accidens;
1853 3974 1981 4038 quia
2018 3974 2130 4025 haec
2161 3975 2212 4024 in
2271 3979 2401 4024 sub-

832 4043 1028 4093 stantia
1071 4040 1385 4107 angelorum
1408 4040 1655 4107 copulata
1694 4051 1818 4094 sunt
1859 4041 2169 4108 μονοειδῶς,
2197 4043 2246 4094 id
2293 4050 2398 4107 est,

833 4112 886 4160 in
921 4125 1082 4180 unam
1128 4111 1380 4180 uni0netn
1429 4111 1924 4180 ciim_‘ipsa,salvis
1951 4111 2173 4180 alioqui,
2204 4120 2258 4164 et
2291 4128 2396 4164 non

831 4178 1075 4232 confusis
1105 4179 1338 4244 propriis
1371 4177 1670 4231 ratiOuibus
1698 4179 2058 4246 singulorum,
2078 4177 2150 4233 ἰιι
2203 4183 2399 4236 ibidem

832 4247 909 4300 ait
944 4248 1267 4316 Dionysius:
1306 4246 1412 4299 alia
1471 4257 1553 4300 est
1593 4249 1738 4300 enim
1791 4250 1932 4302 ratio
1964 4252 2312 4316 proprietatis
2347 4262 2402 4304 et

834 4320 934 4368 alia
965 4318 1308 4379 substantia,
1333 4317 1490 4384 cujus
1520 4328 1601 4370 cst
1634 4318 1954 4386 proprietas,
1991 4333 2110 4386 qua:
2135 4330 2218 4374 est
2247 4321 2394 4374 acci-

831 4389 965 4439 dens
985 4400 1078 4454 per
1099 4399 1177 4448 se,
1197 4387 1310 4440 sive
1332 4387 1632 4454 prOprium;
1650 4387 1727 4440 sie
1747 4388 1910 4440 etiam
1934 4387 2143 4441 locutus
2159 4401 2240 4443 est
2261 4390 2402 4444 Sitti-

834 4453 1044 4527 plicius,
1068 4469 1225 4527 quoin
1247 4455 1305 4508 S.
1333 4453 1528 4509 Theni.
1557 4457 1609 4527 in
1640 4457 1731 4509 illo
1749 4465 1850 4509 art.
1880 4458 2215 4527 quaestionis,
2236 4473 2398 4527 quam

2565 3211 2642 3280 (i)
2666 3207 2928 3280 Accidens
2959 3207 3011 3260 id
3039 3215 3141 3269 est,
3169 3206 3308 3280 κατὰ
3331 3202 3647 3280 τιεριϐρλὴν,
3682 3201 3734 3256 id
3755 3209 4080 3280 esu-secun-

2502 3271 2636 3334 dum
2665 3279 3080 3347 operimentum,
3129 3278 3211 3347 est
3241 3275 3344 3342 tegi
3375 3271 3734 3347 extrinsecus,
3776 3271 4076 3347 ut_habere,

2503 3340 2900 3411 indumentum,
2947 3347 3088 3412 quod
3132 3340 3199 3398 ad
3237 3340 3566 3410 caicgoriaut
3646 3341 3874 3403 habendi
3913 3354 4079 3407 pert:-

2504 3428 2634 3483 net;
2671 3420 2738 3472 de
2783 3417 2884 3469 hoc
2917 3417 3245 3469 Athanasius
3301 3413 3461 3482 paulo
3507 3421 3655 3483 ante,
3691 3425 3813 3483 cap.
3846 3425 3861 3463 ι
3920 3412 4079 3477 hujus

2505 3481 2726 3543 decadis
2767 3504 2780 3540 :
2809 3486 3073 3540 Accidens
3109 3483 3250 3538 κατά
3304 3481 3731 3552 παρυφίστασιν,
3767 3482 3817 3531 id
3845 3490 3947 3539 est,
3991 3497 4078 3534 se-

2505 3559 2740 3612 cundum
2809 3555 3308 3616 subexsistentiam,
3363 3551 3444 3608 est
3476 3551 3731 3604 accidens
3778 3553 4076 3604 secundum

2507 3627 2910 3695 privationem,
2948 3636 3005 3678 ut
3029 3623 3318 3695 invisibile,
3352 3624 3607 3695 tenebrae,
3635 3629 3688 3695 et
3710 3618 4081 3695 similiazApri.

2507 3690 2651 3748 'vatio
2678 3697 2821 3748 enim
2847 3701 2931 3746 est
2957 3694 3182 3748 omnino
3221 3707 3327 3746 nOn
3365 3706 3481 3755 ens,
3518 3692 3642 3757 quia
3677 3690 3831 3741 habet
3879 3691 4047 3741 subex

2505 3767 2804 3837 sisteutiaiu
2834 3765 2886 3817 in
2908 3763 3116 3825 habitu,
3142 3760 3299 3837 cujus
3327 3771 3410 3837 est
3434 3760 3685 3837 privatio,
3716 3769 3771 3837 et
3798 3772 3894 3826 per
3914 3773 4075 3837 quem

2505 3834 2886 3902 cognoscitur;
2926 3845 2985 3887 ut
3012 3833 3232 3902 tenebra
3267 3833 3318 3884 in
3358 3829 3497 3892 luce,
3521 3829 3679 3894 cujus
3714 3829 3968 3902 absentia
3995 3839 4078 3880 cst

2509 3897 2752 3964 ten'ebra,
2785 3914 2903 3971 quae
2928 3901 3274 3970 cognoscitur
3310 3905 3688 3966 cognoscendo
3717 3899 3892 3971 lucent
3921 3897 4083 3971 abes:-

2507 3987 2588 4026 se.
2626 3967 2896 4027 Accidens
2936 3967 3078 4025 καὶᾶ
3119 3971 3481 4038 συνέκφανσιν
3525 3977 3611 4022 est
3635 3967 3889 4038 accidens
3933 3967 4076 4034 quod

2506 4043 2864 4110 consequitur
2894 4052 3170 4113 naturam,
3205 4037 3347 4113 quod
3379 4047 3610 4113 vocatur
3652 4037 3918 4113 accidens
3949 4050 4076 4113 pro-

2507 4105 2708 4181 prium,
2731 4114 2874 4181 quod
2908 4126 2974 4165 ex
2998 4105 3286 4181 principiis
3307 4108 3558 4181 essentia
3590 4107 3666 4160 rei
3698 4106 3977 4181 nascitur;
4004 4105 4077 4156 ita

2507 4176 2564 4234 ut
2583 4176 2852 4234 declarata
2884 4176 3101 4242 natura,
3131 4180 3294 4234 simul
3317 4179 3624 4231 declaretur
3643 4176 3784 4244 quod
3810 4187 3933 4244 eam
3952 4189 4080 4227 con-

2507 4253 2779 4318 sequitur,
2809 4261 2867 4305 ut
2899 4251 3102 4305 risibile
3133 4250 3482 4312 consequitur
3527 4243 4076 4318 naturamuhominis;

2509 4313 2870 4392 Damascenus
2894 4320 3443 4392 vocatgtapsrzdpsvov
3471 4317 3537 4385 τῇ
3569 4314 3749 4383 φύσει.
3767 4313 3920 4392 Quod
3951 4313 4079 4392 atie-

2507 4405 2638 4442 num
2689 4391 2851 4444 etiam
2885 4402 2970 4444 est
2997 4403 3024 4442 a
3054 4384 3186 4453 Deo,
3214 4384 3308 4456 qui
3349 4384 3794 4456 estsupraquam
3825 4384 4073 4456 _sim_plex

2509 4469 2721 4512 natura.
2753 4459 2896 4516 Cum
2919 4469 3048 4528 ergo
3077 4452 3309 4528 dicim'us
3358 4458 3410 4528 in
3445 4452 3554 4528 Det)
3578 4452 3697 4528 esse
3723 4452 4072 4528 sapientiam,

835 4525 1150 4599 pauloante
1172 4525 1305 4599 dixi,
1329 4527 1481 4599 citat,
1500 4525 1597 4579 etsi
1622 4540 1725 4579 non
1754 4522 2283 4599 pro_bat:'_Sapientia
2302 4545 2399 4582 au-
2437 4545 2479 4599 ο
2507 4528 2792 4597 juStitiam,
2820 4538 2875 4582 et
2909 4522 3011 4581 alia
3039 4527 3307 4599 sitniliaei
3332 4525 3645 4599 tribuimus,
3669 4527 3746 4599 ita
3784 4522 4075 4590 loquimur,

835 4604 964 4658 tem,
996 4593 1169 4659 inquit
1194 4595 1525 4661 Simplicius,
1555 4610 1672 4661 qua:
1732 4593 1816 4648 est
1846 4595 1900 4646 in
1942 4597 2120 4648 anima
2145 4638 2161 4657 ,
2186 4599 2399 4651 habitus

835 4675 919 4714 est
952 4679 966 4726 ;
1009 4677 1128 4728 qua:
1160 4675 1339 4717 autem
1376 4664 1427 4716 in
1460 4663 1735 4718 intellectu
1773 4663 1847 4729 (id
1881 4674 1986 4729 est,
2019 4666 2070 4717 in
2097 4665 2400 4720 substantia

835 4733 1206 4804 intellectuali)
1231 4734 1532 4804 substantia
1582 4745 1662 4786 est
1693 4749 1708 4797 ;
1741 4735 2101 4804 substantiam
2143 4737 2403 4804 dixitpro

833 4819 898 4854 eo
913 4803 1156 4872 quodest
1175 4803 1581 4872 substantialis;
1605 4804 1684 4856 sic
1700 4805 1841 4856 enim
1882 4803 2280 4872 intelligendum
2299 4803 2405 4871 est,

833 4881 892 4922 ιιι
932 4873 988 4923 ὃ.
1025 4869 1292 4926 Maximus
1354 4871 1653 4936 intellexit,
1691 4872 1957 4940 siquidem
2023 4869 2400 4940 substantialis

834 4941 1178 5008 philosophi,
1230 4951 1288 4994 ut
1321 4954 1474 4993 antea
1509 4941 1642 5005 dixi,
1677 4953 1730 4993 et
1762 4939 1828 4993 ut
1856 4940 1996 4994 idem
2027 4939 2086 4994 S.
2138 4941 2401 4996 Maximus

836 5014 1060 5070 notavit,
1106 5017 1169 5062 ad
1225 5011 1579 5064 substantiam
1623 5011 1886 5075 referunt,
1932 5020 1985 5063 et
2021 5015 2123 5064 hoc
2181 5014 2401 5066 nomine

834 5081 1147 5132 substantia:
1173 5081 1258 5132 illa
1285 5081 1785 5147 comprehendunt,
1815 5083 2011 5148 altoqui
2036 5083 2174 5135 idetlt
2206 5083 2266 5136 S.
2292 5081 2403 5134 Ma-

835 5163 1010 5202 ximus
1026 5163 1144 5217 cap.
1179 5166 1214 5214 t,
1248 5148 1321 5201 De
1350 5150 1537 5202 diuinis
1558 5151 1835 5210 nominib.,
1864 5148 2152 5202 Setettdunt
2185 5162 2291 5214 est,
2321 5154 2404 5205 itt-

836 5230 972 5285 qnit.
1012 5223 1149 5286 quod
1171 5219 1312 5272 aliud
1345 5231 1426 5272 est
1459 5221 1780 5284 substantia,
1810 5220 1953 5272 aliud
1984 5223 2220 5288 potentia
2241 5237 2255 5285 ;
2280 5223 2404 5275 sub-

834 5291 1031 5359 stantia
1063 5291 1204 5342 enim
1229 5299 1314 5343 est
1342 5304 1404 5341 ex
1433 5289 1499 5341 iis
1523 5303 1640 5357 qua:
1661 5304 1755 5358 per
1785 5303 1844 5343 se
1879 5299 2174 5356 exsistunt,
2209 5302 2398 5359 poten-

833 5357 905 5411 tia
942 5372 1067 5411 vero
1113 5374 1178 5411 ex
1211 5359 1278 5413 iis
1307 5377 1426 5428 qua:
1455 5359 1510 5411 itt
1555 5357 1829 5414 alio’sunt.
2088 5361 2091 5365 ’

901 5568 978 5647 (ai
1024 5566 1092 5621 Ut
1117 5583 1240 5622 cum
1275 5561 1636 5647 Deus-dicitur
1665 5571 1902 5647 indutus,
1931 5587 2036 5625 non
2068 5569 2407 5642 signiﬁcatur

833 5641 1078 5692 act-ulcus
1101 5655 1164 5692 ex
1203 5641 1470 5708 catcgoria
1506 5641 1726 5694 habere.

910 5709 983 5772 ibi
1015 5708 1085 5763 Ut
1115 5710 1450 5777 privationes
1479 5713 1849 5765 snbexsistunt
1881 5712 1937 5769 in
1974 5711 2267 5766 babitibus.

913 5779 1254 5845 tciAccidens
1282 5782 1516 5848 scilicet,
1547 5781 1690 5849 quod
1715 5786 1996 5840 materiam
2027 5783 2400 5852 consequitur,

2510 4592 2567 4650 ut
2603 4601 2804 4651 assueti
2866 4614 3053 4651 sumus
3103 4594 3370 4666 cogitare;
3401 4595 3529 4663 quia
3556 4592 3855 4666 intellectus
3893 4601 4078 4666 noster

2512 4682 2732 4720 nonres
2785 4668 3081 4720 secundum
3129 4659 3345 4718 modum
3399 4659 3610 4727 earum,
3643 4659 3739 4714 sed
3779 4663 4073 4713 secundum

2515 4737 2730 4790 modum
2753 4751 2909 4789 suum
2938 4737 3220 4804 intelligit;
3248 4735 3429 4799 itaque
3449 4746 3579 4785 voce
3607 4739 3662 4785 et
3686 4729 3956 4784 locutione
3991 4742 4076 4806 se-

2513 4808 2748 4858 cundum
2786 4810 3076 4859 humanam
3101 4806 3507 4874 cogitationem,
3538 4817 3700 4869 quam
3729 4806 3793 4853 de
3812 4809 4074 4852 creaturis

2517 4875 2700 4937 habet,
2747 4879 3049 4930 accidentia
3083 4870 3377 4928 tribuimus
3410 4870 3544 4937 Deo,
3578 4885 3688 4925 non
3722 4881 3902 4922 autem
3928 4883 3986 4922 re
4017 4877 4076 4921 et

2500 4947 2748 4998 veritate.
2853 4962 2872 4985 -'

2574 5014 2653 5082 (2)
2696 5015 2954 5069 Accidens
3005 5029 3170 5085 neque
3203 5013 3260 5068 in
3292 5011 3634 5080 iucorporeis.
3669 5008 3744 5064 De
3799 5007 4078 5085 accidente

2504 5081 2778 5138 cotnmuni
2806 5087 2948 5152 quod
2977 5081 3259 5138 materiam
3278 5091 3655 5152 consequitur,
3681 5081 3824 5147 quod
3857 5082 4076 5152 proprie
4112 5088 4114 5090 '

2508 5154 2711 5208 dicitur
2743 5149 2937 5210 essein
2965 5157 3232 5222 subjecto,
3252 5149 3661 5222 intelligendum
3676 5159 3759 5222 est
3781 5149 4076 5222 {accidens

2508 5225 2653 5278 enim
2719 5229 3000 5293 proprium
3039 5221 3214 5293 ipsius
3259 5233 3467 5276 natura
3503 5221 3919 5293 potiusdieitnr
3956 5231 4076 5271 esse

2512 5290 2890 5357 substantiaie,
2913 5290 3076 5363 quani
3099 5309 3221 5347 esse
3249 5295 3300 5346 in
3330 5293 3592 5362 subjecto,
3620 5290 3745 5358 quia
3777 5303 3882 5342 non
3904 5295 4082 5357 potest

2514 5368 2704 5418 adesse
2723 5374 2777 5418 et
2795 5365 2986 5419 abesse
3015 5383 3042 5416 ω
3076 5364 3338 5432 subjecto.

2520 5573 2572 5627 id
2606 5585 2708 5638 est,
2735 5575 2986 5630 accidens
3037 5589 3398 5647 corporeum;
3428 5588 3576 5647 quia
3610 5572 3835 5647 angelus
3864 5585 3972 5647 non
4001 5583 4084 5627 est

2519 5660 2834 5725 corporeus,
2870 5655 2923 5701 ct
2952 5640 3336 5704 multo'miuus
3363 5640 3527 5711 Deus,
3566 5640 3756 5701 iuio'iu
3804 5640 4077 5699 lnlnittsm

2519 5733 2715 5770 ιιιιιιιιιε.
