4446 6450
439 411 548 478 969

1292 411 1532 473 DECAS
1576 411 1648 472 Χ.
1693 431 1757 448 -·-
1819 409 1920 469 DE
1957 410 2230 470 DIVINA
2275 413 2830 478 SIMPLICITATE.

3574 415 3685 481 970

431 531 588 583 diens
625 528 682 601 in
712 527 874 590 bono,
915 532 1053 582 etes
1085 525 1226 579 bono
1255 527 1309 578 in
1334 534 1617 581 creaturas
1664 541 1913 587 manans,
1947 533 2001 577 et
2027 525 2075 583 Δ
2104 537 2185 579 est
2215 527 2428 593 prodire
2453 545 2517 582 es
2548 543 2609 583 se
2636 544 2751 597 ipsa
2779 531 2893 582 sine
2927 528 3206 594 distantia,
3228 535 3285 582 et
3331 530 3449 585 sine
3495 547 3681 600 causa,

435 635 623 672 rursus
648 620 701 672 itt
732 619 932 673 bonum
974 632 1242 681 remeans,
1277 618 1330 670 in
1365 632 1473 686 quo
1499 628 1554 671 et
1579 618 1686 673 line
1716 630 1770 671 et
1799 616 2001 684 princi-

433 712 521 778 pio
548 724 734 763 carere
765 709 984 762 divinus
1018 723 1170 762 amor
1203 707 1422 780 egregie
1459 709 1820 772 demonstrat,
1861 709 2001 762 sicut

432 801 650 865 quidam
678 809 969 865 perpetuus
994 807 1048 851 et
1073 780 1444 865 sempiternus
1472 799 1624 852 orbis
1641 807 1861 866 propter
1902 799 1966 850 bo
1984 824 2000 836 -

433 905 559 942 num
589 887 948 954 conversione
980 888 1254 962 inerrante
1290 902 1351 943 se
1385 887 1846 959 circumvoivens,
1867 895 1920 941 et
1951 887 2001 939 in

431 981 620 1034 eodem
645 967 942 1034 secundum
963 978 1104 1039 idem
1132 989 1186 1055 et
1210 977 1515 1058 procedens
1548 994 1780 1048 semper,
1810 989 1864 1032 ct
1887 995 2004 1032 ma-

434 1085 589 1136 nens,
619 1080 676 1125 et
691 1081 992 1126 revertens.
1037 1061 1272 1124 Sanctus
1296 1069 1568 1125 Maximus
1617 1071 1674 1124 in
1697 1069 1923 1124 scholiis
1954 1069 2004 1121 in

435 1161 750 1232 Dionysium
787 1162 909 1225 c.i,
949 1158 1021 1215 De
1050 1163 1239 1214 divinis
1272 1161 1524 1215 nominib.
1548 1179 1562 1214 :
1588 1161 1644 1215 lu
1693 1162 2006 1216 universum

436 1255 596 1323 igitur
624 1269 732 1307 non
780 1263 866 1307 est
895 1256 1204 1308 audendum
1243 1253 1392 1322 loqui
1441 1267 1615 1321 neque
1669 1252 1912 1321 cogitare
1943 1251 2008 1304 de

432 1344 716 1398 divinitate
761 1359 928 1412 supra
957 1345 1344 1410 substantiam,
1384 1356 1438 1400 et
1493 1346 1699 1398 abdita.
1743 1343 2008 1421 Divinitas

434 1439 577 1492 enim
611 1437 779 1492 solius
809 1435 901 1490 Dei
941 1437 1199 1492 omnibus
1230 1436 1445 1490 occulta
1493 1436 1667 1490 virtus
1702 1445 1787 1490 est
1841 1435 2008 1504 θεαρδ

437 1528 568 1600 xuii)
620 1542 811 1596 eorum
852 1527 944 1596 qui
1011 1528 1084 1581 dii
1131 1526 1418 1592 dicuntur,
1481 1535 1594 1580 tum
1634 1525 1840 1595 angeli,
1894 1525 2006 1578 tum

437 1618 708 1683 homines,
793 1623 1063 1684 quatenus
1133 1614 1384 1668 eﬂectrix
1475 1621 1560 1666 est
1665 1625 1850 1666 eorum
1919 1610 2006 1677 qui

436 1706 854 1777 participatione
934 1703 1242 1758 etiiciuntur
1311 1704 1440 1768 dii‘;
1510 1704 1650 1772 ipsa,
1708 1717 1829 1770 quae
1883 1717 2009 1755 vere

433 1815 500 1854 ex
528 1813 590 1854 se
615 1808 670 1853 et
696 1799 815 1853 sine
842 1803 1012 1852 eau’sa
1042 1807 1126 1851 est
1150 1812 1248 1867 per
1269 1810 1333 1851 se
1361 1794 1647 1849 divinitas.
1680 1851 1685 1860 ,
1712 1793 2006 1863 Gregorius

436 1891 744 1962 Theologus
772 1908 786 1945 :
817 1879 886 1944 Et
912 1889 978 1952 ad
1000 1903 1194 1953 unum,
1225 1902 1418 1942 eorum
1449 1887 1541 1955 qui
1572 1903 1638 1941 ex
1679 1887 1817 1956 ipso,
1877 1901 2008 1939 eon-

432 1998 648 2039 sensus.
677 1983 850 2049 Quem
883 1983 1063 2036 locum
1096 1995 1219 2036 cum
1276 1979 1542 2044 edisserit.
1571 1991 1793 2034 sanctus
1842 1976 2010 2040 Maxio

435 2092 556 2133 tuus
585 2095 601 2132 :
632 2055 956 2140 Nisiiailor,
981 2073 1180 2141 inquit,
1221 2087 1384 2127 unam
1443 2056 1578 2127 dicit
1631 2053 2007 2134 divinitatem;

431 2183 496 2221 ea
533 2167 651 2236 ipso
675 2173 856 2219 autem
876 2178 984 2219 uno
1009 2171 1120 2219 tres
1160 2176 1446 2234 personas.
1507 2160 1734 2216 Divinus
1818 2159 2012 2213 Dama-

436 2272 684 2314 scenus:
739 2255 1085 2310 Divinitatrm
1113 2255 1167 2310 in
1223 2256 1398 2310 tribus
1452 2253 1848 2326 splendentem,
1905 2269 2012 2306 uno

433 2348 729 2418 splendore
749 2362 816 2402 ex
857 2362 962 2400 una
991 2347 1286 2422 Divinitate
1328 2347 1490 2399 trium
1527 2339 1884 2413 personarum
1911 2345 2012 2398 iul-

430 2453 628 2510 gente.
650 2437 867 2493 Patrem
892 2439 1011 2492 sine
1032 2437 1324 2508 principio,
1346 2437 1591 2507 ejusdem
1625 2422 1834 2490 natura:
1879 2434 2013 2489 Ver-

436 2536 560 2588 bum
589 2531 791 2596 Patris,
823 2541 878 2585 et
908 2520 1336 2600 conregna'ntem
1394 2530 1641 2598 ejusdem
1693 2529 2014 2584 substantia:

436 2625 720 2695 Spiritum.
750 2623 991 2680 Sanctus
1009 2620 1372 2691 Theophanes
1405 2639 1418 2677 :
1445 2619 1624 2675 Unum
1653 2622 1810 2674 trium
1841 2620 2013 2688 fulgo.

2109 627 2162 671 et
2191 619 2309 674 sine
2342 619 2639 685 divisione:
2676 622 2797 674 utsi
2820 629 2963 675 esset
2989 621 3162 674 virtus
3197 621 3439 688 quaedam
3471 621 3688 677 absoln-

2113 721 2184 775 ta,
2207 718 2262 765 et
2278 721 2453 767 motus
2481 712 2729 780 simplex:
2755 726 2852 782 per
2865 710 2942 765 sei
2961 726 3110 779 psam
3132 713 3360 775 mobilis,
3377 728 3471 782 per
3485 729 3544 770 se
3561 731 3643 783 ορι
3659 745 3688 758 -

2114 818 2259 867 rans,
2291 818 2358 858 es
2380 819 2438 858 se
2461 805 2596 873 ipsa,
2622 821 2718 873 per
2739 820 2796 858 se
2829 804 3018 874 ipsam,
3039 804 3103 858 ad
3127 819 3186 858 se
3214 805 3384 873 ipsam
3405 818 3685 862 revertens

2111 895 2252 949 etad
2282 896 2454 965 ipsam
2479 909 2692 965 semper
2729 897 2920 951 eodem
2956 889 3115 950 modo
3163 911 3221 950 se
3251 896 3529 954 revolvens
3557 939 3572 963 ,
3628 911 3685 954 et

2113 989 2474 1042 conversione
2513 988 2788 1042 inerrante
2848 979 3198 1043 circumiens.
3265 987 3441 1051 Simul
3501 1001 3683 1046 tamen

2115 1084 2549 1135 demonstratum
2583 1091 2792 1134 estnon
2815 1064 3066 1148 oportere
3119 1080 3432 1153 ubicunque
3481 1084 3684 1153 aliquid

2115 1186 2181 1224 ex
2210 1173 2393 1238 aliquo
2426 1171 2912 1240 dicitur,qn:erere
2959 1169 3318 1225 differentiam
3373 1188 3574 1236 causae,
3633 1183 3690 1226 et

2117 1274 2182 1311 ex
2213 1273 2372 1311 causa
2399 1259 2826 1326 proliciscentis;
2855 1259 3314 1325 demonstratum,
3340 1261 3581 1328 inquam,
3606 1269 3691 1314 est

2118 1363 2223 1402 non
2250 1348 2422 1402 solum
2457 1355 2523 1402 es
2561 1349 2628 1402 iis
2651 1363 2769 1417 quae
2793 1348 2944 1417 prius
2975 1349 3234 1415 diximus,
3259 1349 3354 1404 sed
3386 1352 3550 1412 etiam
3616 1366 3683 1405 ex

2120 1441 2186 1495 Iis
2214 1443 2520 1507 quze'nmdo
2553 1427 2798 1507 subjecta
2840 1448 2990 1504 sunt,
3014 1440 3212 1508 quibus
3236 1441 3540 1494 ostenditur
3556 1456 3689 1496 cou-

2116 1525 2378 1585 iitendum
2411 1545 2530 1585 esse
2565 1513 2678 1584 tres
2737 1545 3000 1599 personas
3059 1546 3124 1584 cx
3221 1546 3326 1584 una
3400 1531 3690 1586 divinitate

2117 1623 2358 1690 prodire.
2395 1621 2452 1674 Si
2477 1636 2611 1691 ergo,
2636 1621 2742 1675 dici
2775 1637 2840 1676 ea
2862 1622 3065 1690 aliquo,
3099 1623 3301 1691 ubique
3324 1621 3687 1676 differentiam

2117 1727 2315 1775 causae,
2341 1721 2395 1766 et
2447 1727 2668 1766 causam
2708 1711 2994 1777 habentis,
3056 1698 3448 1778 introduceret,
3497 1729 3692 1769 neces-

2096 1805 2262 1858 ‘sario
2293 1813 2401 1856 tota
2429 1792 2669 1857 Trinitas
2694 1817 2914 1857 causam
2949 1804 3174 1856 haberet
3204 1821 3217 1867 ;
3245 1818 3308 1858 ex
3348 1820 3463 1874 .qno
3510 1804 3688 1870 iteret,

2117 1905 2173 1948 ut
2202 1895 2435 1948 Pateriu
2472 1895 2739 1949 Trinitate
2764 1909 2828 1949 es
2859 1910 3021 1950 causa
3080 1894 3362 1964 proiectus
3400 1907 3584 1962 esset;
3637 1909 3688 1951 at

2116 1987 2220 2042 hoc
2248 1988 2544 2041 absurdum
2585 1995 2688 2040 est.
2732 1985 2848 2040 Non
2905 1987 3068 2056 igitur
3109 1987 3218 2054 jam
3275 1988 3589 2059 ubicunque
3621 2005 3688 2042 ex

2116 2077 2319 2146 aliquo,
2347 2076 2400 2130 in
2437 2076 2635 2130 divinis
2661 2076 2881 2140 dicitur,
2922 2077 2996 2131 ibi
3040 2075 3350 2133 diil'ercntia
3413 2093 3611 2144 causae,
3639 2088 3693 2134 et

2115 2184 2178 2222 ea
2244 2183 2409 2222 causa
2473 2167 2880 2235 proﬁciscentis
2941 2170 3282 2236 ostenditur;
3324 2186 3389 2225 ac
3428 2181 3689 2240 praeterea

2116 2252 2335 2330 prodire
2359 2260 2411 2313 in
2463 2261 2660 2313 divinis
2707 2262 2823 2313 sine
2876 2260 3145 2315 divisione
3201 2264 3538 2316 tantumdem
3586 2275 3692 2330 cst,

2112 2361 2376 2427 quantum
2426 2353 2546 2406 sine
2596 2352 2878 2418 distantia,
2922 2355 3040 2408 sive
3096 2352 3422 2421 diﬂ‘erentia,
3472 2367 3527 2410 et
3579 2355 3697 2410 sine

2116 2460 2279 2498 causa
2302 2459 2446 2508 esse,
2480 2442 2746 2512 siquidem
2770 2443 2948 2512 quoad
2974 2441 3325 2510 Trinitatem,
3370 2460 3490 2513 qua:
3526 2462 3691 2516 supra

2115 2535 2474 2591 substantiam
2524 2545 2627 2601 est,
2681 2531 2950 2602 quatenus
3017 2533 3260 2592 Trinitas
3308 2537 3530 2605 colitur,
3586 2557 3692 2596 non

2117 2627 2278 2683 habet
2303 2629 2353 2682 in
2371 2642 2433 2682 ca
2457 2627 2636 2680 locum
2689 2627 2750 2678 τὸ
2803 2626 3134 2696 ἀδιαίρετον,
3161 2628 3216 2682 id
3251 2641 3358 2696 est,
3409 2629 3539 2685 illud
3580 2631 3696 2686 sine

436 2731 548 2774 rem
571 2715 954 2772 subsistentem
969 2727 1035 2768 es
1048 2727 1152 2766 una
1175 2714 1531 2782 prodeuntem
1547 2712 1849 2774 divinitate,
1870 2712 2010 2766 idem
2115 2718 2192 2774 dir

1941 2727 2010 2764 3m
2115 2718 2402 2783 divisiOne,
2439 2719 2582 2785 quin.
2633 2717 2814 2785 potius
2861 2718 3121 2773 dividitur
3158 2719 3359 2774 divinis
3378 2728 3432 2776 et
3488 2721 3697 2776 deiiicis

435 2811 612 2868 tribus
649 2809 949 2882 fulgoribus
981 2806 1278 2874 splendens
1300 2821 1366 2860 ex
1396 2821 1502 2860 una
1543 2805 1830 2861 divinitate
1882 2821 2011 2874 pro-
2047 2843 2056 2856 .
2111 2826 2184 2882 pe

1939 2821 2011 2858 'o-
2047 2843 2056 2856 ι
2111 2811 2406 2882 personis:
2441 2811 2676 2877 etitque,
2699 2795 2979 2877 quatianus
3019 2807 3261 2866 Trinitas
3287 2822 3392 2877 est,
3423 2826 3550 2868 vere
3585 2815 3695 2869 dis-

434 2904 743 2958 deuntibus.
769 2900 835 2956 Et
867 2902 1107 2957 lterum:
1145 2897 1430 2968 Tanquam
1470 2899 1620 2952 enim
1661 2913 1726 2953 ex
1747 2913 1854 2952 uno
1898 2899 2014 2954 sole
2114 2893 2260 2960 creta
2294 2901 2556 2964 Trinitas,
2615 2900 2790 2956 sicubi
2843 2914 2968 2954 vero
3031 2901 3244 2956 dicatur
3293 2902 3535 2960 Trinitas
3585 2921 3697 2959 non

436 2995 678 3051 Trinitas
712 2993 1026 3064 splendens.
1093 2991 1150 3046 lu
1182 2992 1324 3046 actis
1371 2997 1544 3046 sextae
1599 2993 1790 3062 synodi
1857 3004 2045 3059 mt-u-_
2103 2997 2317 3060 .divisa,
2372 3010 2476 3048 non
2515 3003 2787 3063 quatenus
2805 2991 3047 3048 Trinitas
3073 2994 3292 3060 dicitur,
3313 2995 3407 3050 sed
3432 3006 3698 3066 quatenus

437 3091 686 3152 ascuicai,
717 3085 1016 3157 Utriusque
1044 3085 1276 3152 naturai,
1337 3084 1534 3154 inquit,
1571 3094 1859 3154 utramque
1884 3099 2010 3153 opc-
2119 3089 2231 3158 ipsa
2261 3086 2501 3140 Trinitas
2527 3087 2708 3142 unitas
2734 3097 2818 3140 est
2849 3102 2863 3150 ;
2896 3085 3064 3155 igitur
3089 3101 3195 3140 non
3223 3100 3346 3142 esse
3376 3089 3698 3145 divisionem

436 3182 704 3236 rationein
726 3180 952 3244 scimus,
985 3176 1288 3232 naturalem
1321 3177 1466 3240 dico,
1487 3185 1540 3232 et
1561 3176 2003 3236 substantialem.
2037 3209 2077 3263 ε
2118 3182 2192 3236 ἱηι

1945 3192 2003 3236 υ.
2037 3209 2077 3263 c
2118 3182 2169 3236 iri
2186 3180 2368 3234 divina
2400 3184 2628 3238 unitate,
2647 3189 2728 3230 est
2754 3191 2858 3230 non
2877 3190 2996 3230 esse
3017 3174 3380 3232 diﬂ'ereutiam
3406 3180 3459 3234 its
3482 3193 3570 3246 ea,
3595 3195 3699 3235 nec

433 3285 488 3329 et
520 3287 816 3344 congruam
851 3271 975 3326 sine
1001 3269 1268 3326 divisione
1290 3269 1368 3341 (l)
1389 3284 1456 3324 ex
1485 3275 1717 3339 utraque
1749 3269 2006 3332 substan-
2111 3286 2232 3328 esse
2261 3285 2476 3324 causam
2503 3271 2637 3336 vjns.

434 3369 580 3420 tiaet
607 3372 802 3418 natura
854 3361 1215 3431 prodeuntem
1269 3359 1568 3416 secundum
1635 3361 2010 3429 operationem

434 3466 489 3510 et
517 3455 838 3526 qualitatem
864 3452 1190 3526 naturaliter
1223 3452 1440 3526 insitam
1479 3435 1556 3522 (ai
1589 3469 1604 3518 ;
1639 3461 1695 3506 et
1725 3451 1886 3506 simul
1915 3468 2012 3504 ne-

433 3521 902 3619 que-partibllem,
941 3560 1116 3617 neque
1163 3521 1449 3601 confusam
1514 3521 1827 3601 alterutrius
1884 3546 2015 3620 Silii-

439 3640 656 3696 stantia:
689 3639 1068 3708 Operationem
1106 3637 1405 3707 coniuncte
1433 3636 1514 3708 (Ξ)
1551 3638 1853 3702 inductam,
1916 3637 2020 3691 hoc

441 3730 571 3784 iacit
604 3728 971 3784 diil‘erentiam
993 3729 1374 3797 operatiouuiu
1419 3729 1471 3781 in
1506 3726 1748 3794 Christo,
1813 3727 2024 3782 sicutet

442 3821 805 3877 diﬁcreutiam
845 3827 1188 3876 naturarum.
1212 3819 1288 3873 Es
1320 3820 1519 3888 quibus
1562 3817 1794 3874 edicitur
1855 3821 2026 3873 maui-

403 3914 665 3979 'iestum,
712 3915 768 3968 in
828 3911 1057 3976 unitate,
1117 3907 1237 3980 qum
1281 3927 1444 3981 supra
1504 3914 1868 3978 substantiam
1921 3921 2026 3977 est,

441 4025 545 4063 non
597 4017 852 4076 oportere
909 4005 1257 4060 considerare
1317 4005 1463 4073 quod
1524 4020 1590 4060 es
1619 4020 1708 4078 .se
1770 4007 1883 4072 ipsa
1936 4021 2030 4060 ea-

440 4105 632 4158 sistere
677 4103 921 4167 dicitur,
977 4100 1062 4154 vel
1120 4115 1184 4153 es
1237 4113 1298 4154 se
1349 4100 1467 4169 ipsa
1526 4101 1708 4168 prodit
1752 4106 2028 4170 operatio;

444 4196 524 4249 vel
579 4210 646 4249 es
714 4207 774 4247 se
827 4194 966 4262 ipsa,
1021 4206 1116 4261 per
1161 4205 1221 4247 se
1269 4191 1466 4261 ipsam,
1501 4192 1553 4246 in
1597 4207 1656 4247 se
1705 4193 1876 4263 ipsam
1946 4211 2026 4245 rr-

445 4287 682 4343 voivitur
713 4325 729 4349 ,
769 4295 823 4340 et
881 4285 1087 4340 idcirco
1147 4283 1508 4340 diiiereutiam
1571 4300 1748 4340 causa!
1792 4299 1846 4343 ει
1896 4307 2026 4342 cau—

444 4396 559 4434 sam
639 4377 885 4434 habentis
949 4377 1164 4446 sequi:
1224 4378 1353 4446 quin
1429 4378 1609 4447 potius
1677 4373 2026 4434 maniiestum

2713 3380 2946 3436 CAPUT
2983 3381 3072 3436 IV.

2125 3523 2274 3586 Quod
2298 3521 2352 3571 in
2381 3520 2581 3572 unitate
2617 3517 2895 3570 Trinitatis
2931 3534 3032 3570 non
3057 3526 3258 3575 oportet
3287 3535 3522 3586 συρτει-ε
3543 3519 3696 3574 aliud

2188 3590 2562 3652 substantiam,
2602 3600 2648 3640 et
2679 3589 2824 3640 aliud
2854 3588 3121 3650 enerqiam
3145 3591 3250 3640 sive
3299 3592 3651 3656 operationem
3679 3607 3700 3646 :

2193 3677 2353 3727 neque
2380 3661 2482 3727 tegi
2525 3660 2861 3727 nomonymia
2895 3657 3035 3711 uerbi
3065 3661 3296 3723 ene-igitr.
3317 3699 3331 3718 ,
3366 3675 3458 3711 nec
3516 3663 3702 3714 existi-

2196 3745 2469 3784 marenon
2531 3730 2667 3782 idem
2718 3744 2828 3781 esse
2851 3730 2904 3780 in
2935 3744 2995 3781 ra
3059 3728 3423 3792 substantiam
3456 3738 3504 3781 et
3553 3746 3703 3784 entr-

2195 3816 2336 3869 gtant
2353 3838 2368 3853 .

2202 3921 2435 3975 Sanctus
2511 3917 2803 3986 Gregorius
2859 3916 3160 3986 Nyssenus,
3226 3917 3448 3971 Iibrotx
3500 3915 3702 3972 Contra

2133 4011 2485 4065 Eunomiuni:
2519 4009 2652 4074 Quis
2685 4018 2786 4072 est,
2816 4007 3011 4076 inquit,
3036 4009 3118 4062 dic
3151 4008 3304 4071 mihi,
3343 4007 3521 4064 Deus!
3579 4011 3703 4079 qui-

2129 4105 2228 4158 bus
2259 4103 2593 4165 dominatur,
2627 4101 2715 4168 qui
2781 4109 2866 4153 est
2919 4099 3064 4152 aliud
3094 4099 3220 4168 quid
3275 4111 3468 4169 praeter
3518 4113 3708 4170 poten-

2128 4201 2254 4249 tiam
2282 4195 2307 4245 τ
2341 4193 2398 4247 Si
2424 4193 2757 4253 dominatur,
2806 4201 2862 4244 et
2917 4189 3058 4242 aliud
3083 4199 3168 4243 est
3219 4191 3482 4258 potentia,
3541 4193 3708 4260 igitur

2129 4291 2364 4342 \incitur
2391 4286 2629 4357 petentia
2669 4298 2697 4335 a
2726 4293 2831 4335 non
2901 4283 3140 4349 potentia
3175 4299 3189 4345 ;
3222 4282 3368 4350 quod
3417 4283 3564 4338 enim
3621 4295 3705 4338 cst

2128 4383 2274 4436 aliud
2306 4395 2464 4448 quam
2490 4376 2728 4446 potentia
2763 4375 2864 4442 (3),
2890 4374 3125 4443 potentia
3159 4389 3390 4443 ptorsus
3437 4391 3546 4430 non
3570 4387 3654 4430 est
3688 4395 3703 4430 ε

1908 4495 2221 4558 ‘Scboha.

521 4596 751 4670 tl)Sine
772 4595 1061 4670 git-itione.
1125 4593 1678 4670 Scilicetpersonte;
1727 4609 1830 4647 non
1887 4611 2031 4670 enim

450 4664 678 4740 propter
693 4666 1072 4740 gdiﬂ‘erentiam
1098 4667 1534 4740 substantiarum
1560 4664 1764 4740 divina}
1784 4737 1792 4740 _
1813 4676 1881 4715 et-
1925 4667 2028 4726 hu:

447 4734 618 4794 inaua:
650 4738 860 4791 divisus
888 4745 971 4789 est
1014 4736 1286 4802 Christus,
1315 4734 1446 4802 quin
1503 4735 1679 4800 potius
1744 4734 1882 4786 idem
1945 4745 2027 4785 est

447 4807 725 4884 perfectus
777 4804 943 4884 Deus,
970 4813 1028 4858 et
1079 4801 1355 4884 pgrfeetus
1405 4804 1603 4884 homo;
1653 4816 1842 4884 rursus
1908 4805 2027 4884 sine

389 4877 396 4884 ’
448 4873 736 4953 divisione,
763 4877 892 4946 quia
921 4873 1166 4942 operatio
1206 4873 1636 4953 divinenaturc
1655 4882 1739 4953 est
1775 4876 2021 4940 operatio

449 4951 614 5004 triuio
645 4944 1022 5012 personarum,
1056 4958 1286 5012 quarum
1329 4944 1512 4998 unitas
1534 4944 1803 5012 essentia,
1833 4953 1892 4996 ut
1940 4953 2025 4996 est

453 5022 506 5072 in
541 5009 752 5087 synodo
784 5027 962 5079 sexta,
1015 5009 1231 5087 actione
1299 5014 1389 5087 si,
1421 5026 1527 5087 non
1576 5022 1753 5087 potest
1769 5009 1795 5087 _‘
1812 5014 2024 5087 partiri,

451 5106 554 5145 nec
573 5083 728 5142 alteri
755 5087 948 5141 unitati
980 5084 1241 5153 copulari,
1271 5086 1370 5148 sed
1399 5083 1587 5154 petius'
1605 5084 1898 5154 singularis
1921 5094 2024 5148 est,

450 5171 604 5234 ειιςᾳ
627 5172 850 5234 omnem
879 5169 1213 5234 numerum.
1256 5224 1267 5234 .
1455 5223 1467 5234 ‘
1522 5233 1529 5234 7
1642 5226 1652 5234 .
1832 5198 1849 5234 ι

511 5230 599 5298 t2)
621 5227 1003 5296 Operatiouem
1017 5223 1336 5298 pitsrutrius
1371 5223 1703 5298 substantia
1729 5223 2027 5292 conjuncta:

451 5293 720 5355 indactnirt
755 5299 908 5357 dicit,
941 5293 1069 5362 quia
1097 5297 1178 5348 sic
1201 5294 1528 5363 operabatur
1552 5307 1785 5365 utraque
1828 5306 2026 5348 natura

449 5375 594 5443 quod
627 5372 1081 5443 proprium‘erat,
1147 5374 1206 5419 ut
1263 5366 1433 5443 altera
1484 5365 1649 5443 simul
1707 5373 2028 5443 operaretur

448 5436 835 5499 éonuirienter
860 5436 988 5497 sibi,
1019 5447 1076 5488 et
1107 5446 1163 5488 ut
1188 5451 1248 5490 se
1287 5436 1541 5500 decebat;
1570 5437 1686 5490 sive
1717 5437 1861 5497 enim
1897 5448 2025 5504 ope-

454 5514 696 5567 rationes
729 5519 914 5562 essem
955 5507 1065 5560 Deo
1113 5506 1522 5569 convenientes,
1573 5517 1630 5560 ut
1679 5506 2020 5569 miraculum,

451 5599 582 5637 caro
599 5579 970 5648 operabatur,
1004 5587 1066 5630 ut
1118 5593 1242 5648 cum
1299 5587 1566 5648 potestate
1594 5577 1776 5631 divina
1835 5577 2021 5648 remit-

458 5656 602 5709 tebat
636 5645 878 5720 peccata,
909 5660 962 5702 et
986 5662 1083 5702 ore
1099 5645 1340 5710 dicebat,
1389 5647 1743 5704 itemittttatar
1781 5645 1879 5701 tibi
1903 5660 2022 5713 psc-

2147 4605 2267 4647 rata
2304 4603 2417 4656 tua,
2451 4601 2502 4644 et
2540 4597 2807 4658 potestate
2833 4586 3014 4639 divina
3053 4586 3381 4641 restituebat
3422 4586 3625 4658 visum,
3654 4601 3708 4640 ct

2144 4680 2306 4718 manu
2336 4675 2388 4715 et
2417 4657 2575 4728 spur.
2609 4659 2803 4710 liuihat
2837 4659 3064 4721 oculos;
3094 4660 3205 4709 sive
3227 4657 3568 4728 operationes
3604 4657 3706 4728 hn-

2143 4749 2312 4786 tnaua:
2353 4725 2557 4783 natura:
2589 4731 2964 4789 couve‘uirent,
3001 4738 3056 4779 ut
3117 4727 3288 4789 sitire,
3349 4725 3574 4785 esurire,
3628 4727 3706 4786 fa.

2135 4803 2312 4874 ligari,
2345 4801 2576 4874 Veritum
2608 4797 2937 4874 Operabatut'
2977 4796 3358 4874 peritiittentio,
3386 4805 3449 4874 et.
3476 4792 3707 4874 VOIei-Ititi

2089 4893 2095 4912 ι
2134 4865 2246 4928 stite
2269 4865 2610 4938 operatioues
2645 4877 2831 4929 essent
2864 4867 3277 4938 mistae,’id*.est,
3312 4866 3511 4938 partim
3573 4865 3709 4918 divi-

2136 4960 2238 5005 nae,
2276 4937 2486 5011 partim'
2507 4941 2777 5011 humanm,
2799 4939 2899 4989 hoc
2946 4949 3030 4989 est
3063 4937 3171 4989 lico
3199 4937 3606 5011 convenientes,
3635 4947 3710 5011 _et

2139 5007 2390 5077 homini;
2434 5022 2488 5062 ut
2522 5010 2796 5062 ambulare
2829 5021 2995 5074 super
3027 5021 3217 5069 mare;
3253 5007 3530 5061 ambulare
3559 5007 3706 5060 enim

2144 5083 2350 5138 homini
2373 5076 2752 5141 coniveniebat,
2814 5091 2919 5130 non
2974 5076 3205 5143 deprimi
3239 5077 3568 5130 ambulando
3619 5092 3708 5129 su-

2139 5170 2235 5221 per
2275 5151 2444 5214 mare,
2494 5150 2656 5203 Deum
2701 5148 2961 5221 decebat,
2993 5163 3115 5221 qua:
3143 5146 3493 5221 operationes
3522 5145 3710 5221 ﬂuv-

2088 5231 2090 5233 ’
2133 5215 2320 5295 δρικαι
2345 5239 2373 5275 a
2397 5221 2650 5290 Dionysio
2675 5218 2960 5281 'dtCttttlur,
2990 5219 3041 5272 id
3095 5231 3200 5281 est,
3231 5216 3392 5272 simul
3425 5215 3624 5271 divina
3655 5225 3710 5268 ct

2135 5297 2466 5436 υυίἓῖιῖἶέὐε
2496 5373 2579 5416 est
2606 5335 2982 5436 suum'posse,
3008 5366 3062 5436 et
3099 5375 3256 5412 suum
3287 5372 3434 5436 esse,
3467 5367 3524 5436 e_t
3552 5371 3711 5410 suum

2099 5427 2367 5502 ‘operari,
2395 5441 2450 5486 et
2488 5447 2592 5486 n0n
2626 5441 2707 5484 est
2739 5431 2878 5502 ineo
2909 5433 3055 5488 aliud
3096 5432 3296 5502 posse,
3356 5427 3503 5480 aliud
3566 5442 3712 5490 esse,

2133 5499 2284 5560 aliud
2317 5503 2554 5574 operari,
2578 5504 2683 5574 sed,
2701 5501 2878 5569 potius
2905 5515 3046 5553 unus
3065 5499 3512 5574 simplicissimus
3534 5507 3715 5574 actus,

2129 5585 2183 5654 et
2217 5592 2323 5628 una
2354 5568 2779 5642 simplicissima
2811 5570 3117 5626 substantia
3144 5583 3208 5624 ac
3270 5570 3535 5638 potentia,
3595 5568 3714 5623 sive

2127 5657 2321 5700 Virtus.
3609 5666 3614 5671 '

525 5820 604 5884 ta)
641 5814 966 5882 Qualitatt'ro
1025 5813 1325 5867 naturalem
1377 5818 1532 5862 vocat
1567 5813 1952 5881 proprietatem
1987 5808 2268 5877 utriusque
2295 5820 2513 5862 natura».

775 5912 1045 5971 Parant.
1093 5910 1210 5968 tiu.
1257 5903 1438 5966 CLII.

3208 5897 3283 5955 31
