4446 6450
783 405 882 468 971

1943 413 2263 474 JOANNIS
2321 415 2906 479 CYPABISSIOTB.

3924 408 4034 481 9‘12

783 531 948 587 atque
971 519 1044 573 ita
1115 521 1410 591 reperitur,
1469 529 1740 591 quatenus
1782 525 2022 592 potentia
2087 541 2193 580 non
2247 539 2352 591 cst,
2383 534 2539 593 Αῐαῃ

2279 539 2352 591 ειν
2383 534 2431 593 Δ
2458 534 2704 598 fundere.
2733 546 2789 592 et
2813 535 3042 590 obscura
3093 531 3402 600 relinquere
3430 545 3516 596 ea,
3546 531 3611 585 de
3637 531 3864 599 quibus'
3891 546 4032 600 quai-

784 611 1052 665 tlominari
1076 613 1347 680 potentiae.
1388 610 1636 668 Justinus
1669 625 1872 683 martyr
1895 615 1947 669 in
1984 615 2051 670 iis
2079 630 2199 686 quae
2218 615 2360 671 Plio-

788 708 896 759 tins
915 705 1220 771 patriarcha
1252 721 1316 759 ex
1360 719 1425 759 eo
1453 707 1668 769 recitat,
1695 705 1815 762 Alia
1866 707 2107 774 quidem,
2163 711 2358 776 inquit,

790 795 1028 862 potentia
1053 803 1178 847 sunt
1213 795 1525 862 aliquando,
1546 805 1601 849 et
1635 804 1760 850 actu
1792 814 1805 859 ;
1839 795 1979 851 Deus
2037 807 2240 861 autem,
2305 807 2363 852 ut

792 899 942 938 mens
968 885 1249 952 perspicax
1273 886 1572 956 intelligere
1605 895 1803 956 potest,
1824 901 2040 956 semper
2061 897 2144 943 est
2200 902 2361 943 ener-

789 976 897 1044 gia,
925 975 975 1028 id
1012 984 1127 1039 est,
1160 985 1306 1040 actu,
1344 993 1448 1031 non
1475 978 1619 1030 enim
1647 993 1713 1032 ex
1742 978 2061 1046 imperfecto
2114 980 2182 1034 ad
2233 995 2362 1049 per-

787 1066 986 1120 fectum
1025 1068 1305 1135 procedit;
1338 1083 1436 1122 nec
1467 1069 1614 1123 aliud
1645 1069 1936 1138 quidquam
1965 1077 2162 1140 prater
2190 1071 2362 1140 ipsum

788 1173 881 1226 per
910 1174 968 1213 se
1000 1169 1203 1223 actum,
1234 1168 1318 1212 est
1351 1159 1466 1227 ipsa
1502 1173 1597 1226 per
1628 1174 1689 1214 se
1728 1159 2056 1215 substantia.
2109 1158 2364 1215 Theodo-

791 1265 880 1302 rus
911 1259 1270 1317 cognomento
1290 1248 1400 1301 τῶν
1435 1249 1701 1319 Γραπτῶν
1723 1291 1738 1316 ,
1776 1250 1828 1303 in
1863 1265 1958 1304 sua
1983 1249 2183 1306 Contra
2204 1268 2366 1321 oppu-

777 1352 1030 1409 gnatores
1079 1342 1367 1410 imaginum
1413 1343 1791 1394 tractatione:
1848 1340 1988 1407 Non,
2045 1341 2243 1410 inquit,
2305 1353 2365 1397 ut

787 1431 1007 1498 quidam
1047 1433 1175 1485 olim
1206 1431 1388 1498 nugati
1417 1441 1566 1496 sunt,
1595 1431 1763 1487 caelos
1798 1445 1828 1484 a
1859 1447 2088 1501 persona
2119 1447 2218 1487 sua
2267 1448 2361 1489 va-

793 1538 927 1577 cuos
954 1539 1077 1576 cum
1107 1539 1326 1576 carnem
1355 1525 1674 1591 assumpsit,
1710 1523 1892 1579 facere
1918 1524 2107 1588 voluit,
2133 1538 2364 1594 esseque

788 1614 1067 1667 nobiscum
1105 1613 1401 1667 secundum
1433 1613 1819 1680 substantiam,
1853 1614 2073 1683 energia
2116 1629 2246 1668 vero
2311 1626 2364 1667 et

785 1705 1048 1772 dignitate
1084 1705 1225 1772 apud
1255 1703 1423 1757 Deum
1454 1702 1693 1768 Patrem,
1730 1706 1854 1770 quia
1895 1703 2059 1769 .aliud
2107 1704 2364 1758 substan-

790 1799 939 1855 tiam,
970 1797 1114 1848 aliud
1138 1797 1436 1863 energiam,
1471 1804 1532 1848 ut
1565 1794 1616 1848 in
1646 1796 1712 1849 iis
1781 1810 1904 1864 quae
1929 1809 2188 1864 corporea
2245 1810 2365 1850 esse

2461 627 2569 682 stio
2593 638 2720 683 est:
2752 626 2898 693 quod
2946 623 3163 693 quidem
3198 622 3430 677 alienum
3465 632 3550 677 est
3584 622 3654 675 ab
3676 621 3896 676 homine
3943 637 4030 674 ra-

2463 716 2629 771 tionis
2649 715 2934 784 participe.
2960 713 3107 768 Idem
3161 712 3216 766 in
3266 713 3503 767 eodem:
3565 709 3825 780 Superius
3873 713 4031 764 etiam

2463 807 2669 862 dictum
2722 815 2829 872 est,
2868 815 3121 875 oportere
3145 818 3267 860 eum
3297 803 3390 872 qui
3422 805 3489 857 de
3522 803 3752 858 veritate
3791 803 4033 858 disserit.

2462 897 2796 966 distinguere
2819 911 3006 952 eorum
3040 909 3160 963 quae
3189 894 3462 958 dicuntur,
3512 893 3838 963 signiﬁcata,
3911 907 4032 961 pro-

2464 995 2586 1056 pter
2623 1001 2862 1042 errorem
2903 1000 2971 1040 ex
3001 984 3340 1056 bomonymia
3395 983 3849 1053 proﬁciscentem.
3904 981 4037 1036 San-

2463 1086 2582 1132 ctus
2608 1077 2931 1132 Anastasius
2988 1077 3363 1132 Antiochenus
3415 1077 3469 1128 in
3529 1076 3670 1131 libro
3708 1077 3798 1144 qni
3846 1077 4036 1128 inscri-

2464 1165 2632 1228 bitur,
2664 1163 2822 1229 Quod
2863 1163 3006 1218 Dens
3036 1174 3114 1218 est
3149 1164 3639 1231 incircumscriptus
3659 1179 3678 1216 :
3711 1163 4035 1232 Triplicitcr,

2466 1255 2660 1324 inquit.
2694 1256 2895 1310 dicitur
2926 1256 3174 1323 energia,
3215 1264 3482 1322 potestas,
3533 1255 3652 1309 sive
3677 1254 3784 1318 vis,
3839 1269 4035 1308 secun-

2466 1345 2595 1401 dum
2628 1361 2788 1416 quam
2821 1347 3069 1401 naturale
3093 1357 3174 1400 est
3201 1345 3315 1401 Deo
3357 1346 3613 1414 operari;
3666 1354 3720 1399 et
3779 1343 4039 1398 liabitutln

2464 1437 2741 1504 operantis
2761 1435 2826 1488 ad
2852 1449 2988 1502 opus
3015 1434 3218 1489 factum
3243 1473 3259 1498 ,
3289 1445 3344 1489 et
3374 1434 3549 1502 ipsum
3606 1433 3734 1488 illud
3788 1448 3924 1502 opus
3957 1431 4036 1484 fa-

2467 1536 2636 1583 ctum.
2664 1524 2931 1580 Praeterea
2964 1524 3434 1580 sanctusJoannes
3462 1525 3826 1578 Damasceuus
3857 1523 3910 1574 in
3929 1537 4039 1575 ser-

2469 1630 2626 1670 mone
2661 1617 2940 1684 inscripto,
2973 1615 3046 1668 De
3077 1615 3487 1682 proprietatibus
3517 1613 3718 1667 Christi
3746 1629 3764 1666 :
3787 1613 4036 1682 Euergia,

2469 1705 2664 1774 inquit,
2708 1705 3000 1774 aliquando
3023 1705 3292 1775 signiﬁcat
3340 1706 3595 1777 virtutem
3617 1704 3901 1773 operantli,
3938 1705 4039 1756 ali-

2470 1797 2692 1865 quando
2713 1797 2953 1866 operari,
2982 1797 3274 1866 aliquando
3303 1810 3442 1865 opus
3491 1796 3764 1852 effectum.
3820 1793 4042 1864 Magnus

784 1890 1120 1959 cogitantur,
1147 1888 1226 1940 sic
1256 1890 1307 1940 in
1336 1884 1513 1941 Verbo
1548 1886 1641 1941 Dei
1674 1891 1984 1954 ponebant;
2044 1888 2188 1956 quod
2246 1889 2368 1956 qui-
2399 1869 2440 1923 Β
2477 1887 2708 1943 Basilius
2735 1889 2788 1942 in
2809 1903 2865 1942 v.
2900 1887 3322 1959 ’Δντιρῤητικῶν
3348 1903 3364 1941 :
3394 1888 3526 1942 lllud
3545 1902 3608 1943 ex
3640 1887 3821 1956 aliquo
3841 1885 4041 1951 accipi-

786 1981 910 2035 dem
937 1981 1007 2049 pii
1038 1987 1254 2046 negant.
1291 1978 1725 2032 Sciuntenimin
1786 1978 2125 2048 simplicibus
2183 1989 2234 2033 et
2284 1981 2366 2032 iu-

785 2073 1066 2142 corporcis
1095 2072 1171 2140 (l)
1198 2071 1335 2124 nihil
1364 2071 1466 2125 ista
1498 2069 1715 2125 dill'erre
1749 2086 1763 2123 :
1797 2071 1926 2138 quia
1955 2085 2063 2125 non
2091 2081 2219 2126 sunt
2255 2072 2367 2125 haec

786 2167 929 2220 inter
953 2180 1011 2219 se
1044 2162 1431 2226 discernenda,
1459 2177 1527 2215 ne
1586 2162 1728 2231 quod
1789 2171 1873 2216 est
1925 2177 2093 2230 supra
2149 2178 2364 2217 omnem

786 2258 1215 2326 simplicitatem.
1247 2254 1608 2323 compositum
1672 2270 1792 2308 esse
1837 2256 2185 2325 intelligatur.
2233 2254 2369 2310 San-

785 2363 904 2404 ctus
938 2338 1200 2402 Maximus
1231 2347 1284 2400 in
1331 2345 1680 2400 adnotatione
1724 2347 2068 2400 extrinsecus
2122 2347 2364 2414 apposita

786 2442 852 2495 ad
887 2456 1007 2509 cap.
1036 2440 1336 2493 secundum
1374 2437 1634 2490 centuria:
1661 2435 1870 2504 prima:
1898 2436 2127 2505 Bonum,
2165 2437 2364 2505 inquit,

788 2535 1004 2603 proprie
1026 2530 1320 2586 secundum
1354 2528 1712 2584 substantiam
1739 2543 1806 2582 ex
1840 2529 1906 2584 iis
1929 2545 2049 2601 quae
2067 2539 2212 2595 sunt,
2273 2544 2365 2584 co.

787 2626 1098 2694 gnosciinns
1134 2631 1508 2675 creaturarum
1545 2619 1877 2685 ell'ectorem,
1917 2622 2060 2688 quod
2091 2633 2196 2685 cst,
2260 2636 2364 2675 non

787 2717 912 2785 quid
939 2716 1235 2768 secundum
1260 2723 1507 2767 naturam
1544 2720 1653 2778 est,
1682 2712 1980 2781 plurimum
2004 2714 2149 2767 enim
2187 2713 2366 2768 dilicrt

784 2807 1009 2861 credere
1063 2805 1263 2873 aliquid
1290 2820 1432 2869 esse,
1477 2805 1546 2859 ab
1583 2821 1648 2859 eo
1685 2805 1830 2873 quod
1869 2813 1973 2869 est,
2048 2806 2188 2860 scire
2238 2807 2364 2874 quid

788 2899 1001 2952 demunt
1030 2897 1250 2950 esthoc.
1292 2896 1365 2949 Ex
1401 2895 1646 2951 bonitate
1696 2896 1864 2964 igitur
1917 2905 1974 2950 et
2024 2897 2263 2966 energia,
2313 2907 2362 2948 et

784 3007 850 3046 ex
882 2992 1136 3061 cperibus
1165 2989 1523 3058 providentiae
1546 2989 1780 3058 prepriis
1810 2987 2164 3056 cognoscitur
2193 2987 2362 3050 Deus,

783 3085 878 3139 sed
910 3101 1015 3139 non
1051 3097 1114 3137 ex
1146 3083 1476 3138 substantia.
1524 3081 1813 3149 Energiam
1847 3093 2107 3135 vocamus
2169 3079 2255 3133 ltic
2301 3095 2363 3132 o-

784 3192 934 3247 pera,
968 3191 1072 3230 non
1100 3183 1279 3228 autem
1312 3172 1632 3242 potentiam.
1673 3172 1790 3226 sive
1848 3170 2106 3223 virtutem
2165 3184 2362 3237 opera-
2392 3213 2436 3270 c

787 3268 986 3332 tionis;
1017 3267 1130 3319 haec
1160 3263 1305 3319 enim
1331 3262 1462 3316 nihil
1493 3261 1636 3315 aliud
1663 3270 1768 3323 est,
1817 3269 2174 3330 praeterquam
2233 3261 2365 3315 sub—

786 3359 985 3412 stantia
1010 3356 1124 3419 Dei,
1150 3370 1214 3408 ne
1245 3352 1572 3422 compositio
1605 3353 1658 3406 in
1699 3352 1810 3405 Deo
1842 3365 1964 3406 esse
1998 3351 2364 3407 existimetur.

785 3447 1012 3515 Magnus
1036 3444 1362 3498 Athanasius
1410 3441 1548 3496 libro
1618 3441 1795 3509 primo
1847 3451 2036 3496 contra
2089 3442 2360 3495 Arianos:

786 3541 1146 3606 lnterrogent,
1191 3535 1386 3603 inquit,
1428 3533 1670 3598 Graecos,
1704 3544 1761 3585 ut
1785 3548 1906 3586 cum
1932 3533 2205 3586 audierint
2235 3543 2362 3599 quot

785 3630 1215 3698 signiﬁcationes
1242 3627 1404 3680 habet
1435 3626 1687 3688 verbum,
1719 3625 1934 3679 discant
1975 3639 2034 3679 se
2072 3639 2179 3679 non
2234 3626 2369 3678 bene

787 3724 930 3777 scire
963 3723 1029 3774 de
1061 3719 1259 3788 quibus
1315 3717 1633 3786 loquuntur.
1666 3715 1732 3770 Et
1765 3715 1822 3770 in
1853 3717 2078 3785 epistola
2114 3717 2178 3770 ad
2211 3716 2370 3770 Scra-

784 3810 1003 3876 pinnem
1039 3825 1052 3859 :
1079 3806 1213 3860 Cum
1247 3807 1361 3860 haec
1385 3805 1465 3859 sic
1489 3806 1618 3870 sint,
1657 3815 1711 3860 et
1746 3814 1897 3860 tanta
1918 3805 2221 3860 diﬂ'crentia
2249 3807 2366 3875 spi-

785 3903 983 3955 rituum
1009 3899 1353 3964 ostendatur,
1381 3898 1634 3954 meliores
1691 3899 1912 3964 essetis,
1974 3899 2019 3952 si
2055 3882 2128 3953 de
2181 3907 2369 3953 creato

785 3994 978 4061 spiritu
1004 3991 1310 4055 audientes,
1351 3991 1418 4046 de
1454 4006 1561 4046 uno
1611 3993 1867 4062 quopiam
1929 4007 1993 4046 ex
2051 3991 2212 4046 dictis
2249 4006 2372 4046 sen-

785 4085 982 4137 tirclis.
1018 4081 1084 4136 Et
1109 4093 1332 4137 sanctus
1364 4081 1656 4148 Maximus,
1691 4084 1744 4136 in
1774 4083 2145 4152 disputatione
2171 4092 2361 4138 contra

787 4176 1092 4246 Pyrrhum:
1133 4175 1351 4241 Dicere,
1385 4175 1586 4245 inquit,
1619 4185 1673 4228 et
1714 4192 1819 4229 non
1857 4177 2010 4244 prius
2041 4177 2373 4254 distinguere

781 4269 1089 4338 signiﬁcata
1124 4266 1300 4330 verbi,
1336 4266 1473 4319 nihil
1505 4265 1653 4320 aliud
1680 4277 1944 4336 estquam
1977 4266 2197 4321 omnino
2243 4280 2377 4320 con-

857 4449 900 4479 "
929 4449 1076 4504 Psal.
1115 4464 1225 4514 Ctx,
1259 4451 1312 4502 3.
1391 4447 1437 4478 "
1464 4446 1624 4504 Joatt.
1658 4462 1769 4510 xvt,
1802 4444 1894 4497 ‘27.

2471 1991 2578 2044 tttr,
2606 1981 2802 2050 inquit,
2833 1981 2914 2036 vel
2944 1989 3214 2050 quatenus
3249 1982 3478 2048 pertinet
3506 1979 3574 2033 ad
3599 1979 3952 2042 creationem,
3987 1988 4043 2029 ut

2471 2087 2591 2127 cntn
2623 2072 2855 2125 dicimus
2893 2073 3074 2125 omnia
3105 2087 3167 2127 ex
3206 2074 3314 2126 Deo
3347 2070 3471 2135 ;vel
3508 2072 3575 2124 ad
3639 2071 4042 2138 generationem

2471 2173 2528 2215 ttt
2557 2163 2683 2216 illntl
2718 2180 2732 2217 :
2770 2161 2853 2216 Ea:
2887 2174 3032 2217 utero
3068 2173 3187 2216 ante
3229 2163 3504 2231 luciferum
3531 2162 3685 2232 geniti
3709 2171 3757 2213 te
3791 2159 3870 2212 "z
3908 2169 3962 2212 et
3985 2159 4045 2211 il-

2470 2253 2562 2306 lud
2598 2251 2746 2323 :Ego
2772 2255 2909 2306 enim
2938 2251 3138 2316 ωλι)εο
3168 2255 3303 2306 exivi
3337 2253 3381 2285 '°
3411 2269 3427 2318 ;
3460 2253 3544 2306 vel
3572 2251 3914 2312 naturaliter,
3985 2262 4044 2301 ut

2472 2361 2593 2398 cum
2617 2346 2875 2409 dicimus,
2898 2344 3131 2412 Energia
3163 2355 3348 2398 nostra
3375 2359 3439 2398 ex
3461 2343 3616 2398 nobis
3641 2351 3722 2396 est
3743 2341 3844 2412 (α),
3868 2341 4046 2409 splen-

2468 2439 2568 2490 dor
2599 2436 2729 2491 solis
2753 2451 2818 2491 ex
2853 2435 2990 2506 ipso.
3031 2435 3086 2490 Si
3114 2437 3282 2508 igitur
3313 2451 3512 2504 corpus
3561 2435 3764 2490 Christi
3799 2436 4044 2488 divinum

2467 2544 2533 2584 ex
2562 2527 2768 2597 Spiritu
2798 2537 2989 2585 sancto
3021 2539 3125 2595 est,
3159 2543 3264 2582 non
3288 2539 3466 2599 potest
3520 2543 3649 2584 esse
3673 2542 3738 2582 ex
3773 2541 3839 2580 eo
3894 2527 4049 2596 geni-

2471 2630 2607 2683 tum,
2634 2621 2761 2690 quia
2806 2621 2947 2689 quod
2984 2629 3166 2674 natum
3215 2630 3299 2674 est
3327 2636 3392 2674 ex
3445 2635 3634 2683 carne,
3690 2633 3891 2688 corpus
3926 2627 4047 2678 est;

2467 2712 2615 2781 quod
2654 2723 2834 2764 autem
2859 2727 2924 2765 ex
2959 2712 3184 2780 Spiritu,
3210 2710 3457 2778 spiritus,
3487 2723 3662 2776 neque
3730 2721 3916 2761 rursus
3957 2721 4051 2758 na-

2472 2804 2716 2857 turaliter
2741 2818 2804 2856 ex
2832 2804 2949 2871 ipso
2978 2817 3122 2868 esse,
3161 2803 3302 2856 sicut
3339 2801 3555 2871 encrgia
3601 2800 3744 2868 ejus,
3795 2798 4050 2867 quoniam

2471 2895 2520 2947 in
2545 2893 2770 2960 simplici
2796 2895 2869 2960 (2)
2889 2903 2942 2945 et
2966 2894 3278 2963 incorporea
3301 2902 3491 2946 natura
3517 2892 3762 2946 eamdem
3793 2892 4050 2945 rationem

2469 2987 2613 3039 subit
2639 2985 2940 3039 substantia
2973 2996 3028 3038 et
3075 2986 3292 3054 euergia
3336 2985 3454 3053 ejus
3482 3001 3498 3050 ;
3529 2983 3855 3053 relinquitur
3891 2984 4053 3053 igitur

2470 3094 2532 3131 cx
2557 3080 2673 3146 ipso
2701 3092 2823 3132 esse
2852 3087 3107 3145 tanquam
3157 3088 3462 3133 creaturam
3510 3077 3653 3146 ejus.
3713 3077 3854 3132 Idem
3919 3075 4054 3130 libro

2470 3168 2710 3223 secundo
2743 3190 2755 3223 :
2788 3166 2845 3222 Si
2898 3171 3112 3236 quidem
3165 3167 3296 3222 nihil
3351 3181 3640 3223 commune
3691 3168 3854 3224 habet
3883 3166 4053 3221 virtus

2476 3278 2598 3317 cum
2631 3264 2956 3329 substantia,
2981 3264 3252 3332 quomodo
3280 3279 3343 3318 ex
3399 3263 3689 3327 creaturis,
3745 3277 3868 3332 qua:
3926 3271 4054 3317 sunt

2473 3352 2697 3407 eil‘ectus
2724 3353 2960 3412 virtutis.
2985 3354 3050 3407 ad
3077 3354 3440 3422 cognitionem
3473 3353 3591 3421 ejus
3644 3352 3780 3406 facta
3815 3361 3898 3406 est
3927 3351 4055 3406 via?

2473 3443 2565 3497 Sin
2607 3457 2785 3498 autem
2828 3446 2967 3499 idem
3015 3455 3112 3500 est-
3148 3446 3453 3499 substantia
3490 3456 3652 3514 atque
3683 3446 3879 3509 virtus,
3914 3446 4054 3513 quod

2480 3539 2740 3592 virtutem
2773 3542 2969 3608 signal,
2997 3539 3228 3604 signabit
3270 3541 3431 3608 plane
3466 3539 3629 3594 etiam
3669 3540 4052 3595 substantiam.

2479 3625 2702 3680 Divinus
2722 3625 3038 3680 Theodorus
3087 3636 3447 3696 cognomento
3492 3627 3760 3697 Γραπτὸς,
3818 3636 4055 3682 tractans

2476 3718 2678 3771 dictum
2713 3717 2896 3771 Basilii
2933 3735 2947 3771 :
2988 3715 3100 3781 Sic,
3139 3717 3332 3786 inquit,
3360 3718 3447 3786 pie
3473 3715 3814 3786 intelligatur
3873 3718 4054 3772 divina

2478 3810 2700 3879 energia
2741 3811 2856 3864 sive
2886 3811 3130 3879 Operatio
3159 3819 3362 3863 aeterna
3397 3810 3565 3878 :quin
3619 3807 3798 3878 potius
3823 3810 3936 3878 ipsa
3963 3824 4056 3878 per

2479 3915 2538 3956 se
2571 3902 2812 3968 energia,
2847 3911 2904 3952 ut
2948 3916 3051 3955 non
3102 3900 3518 3969 distinguatura
3562 3901 3866 3955 substantia
3895 3941 3912 3965 ,
3960 3898 4055 3955 sed

2481 3995 2658 4062 potius
2689 3993 2936 4046 eamdem
2970 3992 3236 4045 rationem
3275 3993 3476 4045 habeat
3503 3999 3722 4060 propter
3755 3991 4056 4058 proprieta-

2481 4095 2587 4138 tem
2616 4083 3002 4152 simplicitatis,
3056 4091 3112 4136 et
3157 4082 3494 4150 incorporeas
3551 4089 3779 4136 naturae.
3833 4079 4056 4150 Magnus

2481 4176 2835 4240 Athanasius,
2867 4176 2918 4227 in
2953 4175 3323 4242 disputatione
3345 4172 3594 4227 Anommi
3631 4173 3730 4243 (5),
3751 4174 3801 4227 in
3826 4188 4053 4242 persona

2482 4265 2785 4322 adversarii
2814 4283 2828 4320 ε
2857 4265 3276 4335 Dic,inquittnt,
3326 4264 3564 4333 cnergiat
3614 4266 3900 4334 imaginem
3951 4265 4052 4334 (4).

2286 4529 2564 4592 Scholia.

854 4670 930 4732 (1)
965 4665 1026 4720 In
1061 4664 1390 4732 simplicibus
1411 4676 1457 4718 et
1481 4664 1802 4729 incorporeis
1834 4659 1965 4732 nihil
2000 4657 2103 4732 ista
2133 4656 2374 4732 diferre.
2408 4659 2456 4716 D
2485 4671 2585 4732 rp.
2616 4672 2674 4726 q.
2703 4657 2790 4711 54.
2827 4661 2884 4732 in
2954 4659 3142 4732 angelo
3165 4658 3307 4732 enim
3367 4675 3486 4732 non
3537 4668 3619 4716 est
3648 4661 3796 4716 idem’
3823 4667 4054 4716 essentia

781 4727 1000 4790 Scilicet
1027 4727 1392 4787 substantiam
1421 4745 1476 4788 ct
1505 4727 1817 4801 energiztttt.
1849 4730 2114 4796 Loquitur
2146 4727 2210 4780 de
2240 4727 2370 4781 sim-

781 4810 1010 4876 plicibus
1044 4807 1482 4871 et.ittcorporeis,
1542 4819 1664 4876 qua;
1685 4813 1812 4858 sunt
1849 4816 2010 4855 suum
2059 4811 2205 4863 esse,
2272 4810 2366 4876 eu-

775 4878 1016 4944 jusmoili
1098 4887 1224 4927 sunt
1283 4891 1530 4941 persona:
1561 4875 2161 4944 divinae,ttnaqua?que
2225 4875 2370 4921 enim

780 4939 968 5000 i'arttttt
1003 4956 1084 5000 t-st
1109 4939 1450 5017 suum—esse.
1484 4957 1536 5000 et
1565 4959 1720 4998 artus
1749 4956 1959 5017 purus,
1999 4947 2052 4991 et
2113 4939 2231 5017 ideo
2265 4951 2370 4990 non

783 5027 1104 5087 potestcsse
1139 5015 1280 5069 Deus
1311 5018 1618 5084 subjectum
1661 5008 2010 5087 accidentis;
2061 5008 2370 5087 subjectum

780 5078 924 5140 enim
1024 5100 1378 5155 comparatur
1413 5078 1428 5084 ⁷
1450 5088 1518 5140 ad
1556 5085 1831 5148 accidens,
1864 5082 2008 5137 sicut
2046 5079 2282 5149 potentia
2306 5078 2372 5131 ad

780 5171 985 5214 actum.

854 5231 932 5297 (ε)
961 5227 1025 5280 1η
1060 5228 1286 5294 simplici
1313 5237 1362 5280 et
1393 5229 1705 5292 incorporea
1729 5234 1926 5297 natura
1953 5221 2233 5297 _e_amdem_
2264 5232 2370 5297 _ra-

780 5291 978 5355 tionem
1014 5291 1172 5351 subit
1200 5298 1506 5351 substantia
1540 5291 1593 5350 et
1643 5295 1882 5364 energia.
1952 5293 2014 5364 ltl
2060 5301 2192 5364 est,
2223 5291 2365 5342 idem

779 5381 907 5424 sunt
937 5371 1174 5424 essentia
1216 5379 1270 5421 et
1306 5368 1478 5421 virtus
1501 5368 1620 5433 ejus
1648 5362 1952 5432 operatttli;
1987 5363 2055 5416 de
2113 5362 2370 5433 substan-

781 5453 850 5493 tia
885 5443 1142 5509 sitnplict,
1171 5455 1294 5508 qua:
1326 5451 1406 5494 est
1457 5432 1624 5506 pnrns
1674 5438 1952 5509 actusqui
1989 5433 2158 5509 solus
2228 5432 2370 5509 Deus

776 5525 881 5574 est,
909 5500 1317 5579 intelligendum
1346 5519 1430 5565 est
1457 5500 1612 5563 'sicut
1680 5500 2100 5577 intelligendum
2119 5511 2201 5556 est
2223 5500 2368 5570 quod

777 5583 913 5636 dixit
1000 5581 1242 5646 Boetius,
1320 5580 1552 5636 formam
1641 5579 1942 5645 simplicem
2035 5590 2139 5628 non
2173 5587 2369 5646 _posse

778 5668 900 5708 esse
971 5644 1314 5721 subjectum;
1348 5654 1426 5706 sic
1489 5644 1880 5722 interpretatus
1938 5657 2022 5702 est
2079 5644 2366 5700 S.’l'bout.

2481 4728 2622 4795 ejus,
2677 4736 2732 4780 et
2812 4728 3004 4781 virtus
3053 4730 3174 4797 ejus
3251 4730 3619 4796 intellectiva;
3716 4732 3811 4786 sed
3881 4734 4058 4798 potius

2475 4798 2590 4853 haec
2636 4805 2716 4851 est
2775 4797 3025 4851 accidens
3071 4813 3100 4851 a
3160 4803 3388 4854 materia
3424 4801 3653 4855 liberum
3706 4802 3759 4855 in
3813 4797 4050 4857 essentia

2475 4865 2930 4939 angelitanqnam
2973 4869 3022 4939 in
3053 4869 3297 4936 subjecto
3322 4881 3559 4939 rect-pta.

2548 4937 2626 5006 (5)
2653 4937 2712 5012 In
2746 4937 3108 5012 disputatione
3130 4941 3367 5012 Ariamazi
3389 4937 3458 4993 et‘
3482 4939 3802 5005 Orthodoxi,
3835 4957 3954 5012 qua:
3980 4951 4058 4995 lo-

2481 5019 2529 5080 ta
2560 5016 2646 5061 est
2671 5008 2739 5080 de
2769 5009 3032 5080 ingenito,
3064 5018 3116 5060 et
3148 5011 3351 5080 genitg,
3401 5013 3730 5066 Anommnm
3763 5008 3922 5066 vocat
3983 5016 4058 5066 Δ·

2483 5078 2770 5152 thanasius
2810 5077 3496 5152 Bunoniium,'etEtinm,
3527 5083 3621 5152 qui
3656 5082 3850 5136 Filium
3899 5083 4061 5136 iacie-

2481 5152 2610 5202 bant
2645 5148 2961 5223 diSsiniiletii
2992 5148 3161 5215 Patri,
3217 5151 3317 5206 hoc
3365 5153 3511 5206 enim
3545 5148 3843 5223 'signilicat
3917 5155 4061 5207 Ἀνό-

2475 5235 2651 5287 μοιος,
2684 5223 2798 5272 sive
2829 5220 3153 5274 Anomaaus.

2546 5289 2623 5359 (4)
2650 5289 2780 5362 γυῖα.
2816 5291 3094 5362 inquiunt.
3134 5293 3361 5360 energice
3412 5293 3714 5362 imaginem.
3778 5294 4060 5360 Quatenus

2474 5361 2695 5430 energia
2728 5371 2820 5432 est,
2853 5363 3023 5413 virtus
3064 5361 3153 5432 Qei
3211 5363 3483 5426 eﬂectrlx,
3526 5361 3686 5419 idem
3746 5379 3828 5418 est
3899 5376 4060 5432 atque

2473 5429 2773 5505 substantia
2803 5431 2892 5484 Dei
2923 5447 2936 5495 ;
2969 5429 3235 5505 ethFilius
3267 5444 3348 5487 est
3414 5434 3593 5502 imago
3652 5435 3886 5505 energise
3945 5429 4059 5487 Det.

2474 5503 2614 5555 sicut
2638 5513 2720 5556 est
2757 5502 3093 5556 invariabilis
3122 5504 3298 5572 imago
3329 5506 3673 5570 substantias,
3706 5502 3940 5566 consilii,
3972 5521 4064 5553 vu-

2481 5572 2729 5644 lnutatis,
2759 5574 2994 5636 virtutis,
3019 5574 3134 5626 sive
3167 5575 3502 5640 potentize,et
3530 5577 3733 5644 gloriae,
3789 5579 3932 5630 sicut
3988 5577 4062 5627 ait

2483 5643 2622 5697 idetn
2652 5645 2985 5698 Athanasius
3021 5645 3073 5698 itt
3117 5648 3306 5699 eadem
3357 5643 3726 5714 disputatione
3785 5646 4063 5712 Anomet,

843 5829 922 5905 (ιι)
953 5831 1184 5903 Encrgia
1216 5845 1395 5887 nostra
1427 5844 1491 5887 ex
1524 5831 1700 5896 nobis,
1735 5841 1788 5884 ul
1822 5826 2133 5898 respiratio,
2162 5823 2268 5880 cibi
2297 5821 2580 5880 concoctio
2601 5829 2655 5878 et
2695 5823 2904 5880 similes
2941 5824 3309 5894 opcrationes.
