  <div class='ocr_page' id='page_1' title='image "/cluster/home/n/w/nwhite01/storage/ocr_20150623/152/nnc1.0046980377/496.png"; bbox 0 0 4446 6450; ppageno 0'>
   <div class='ocr_carea' id='block_1_1' title="bbox 438 436 541 501">
    <p class='ocr_par' dir='ltr' id='par_1_1' title="bbox 438 436 541 501">
     <span class='ocr_line' id='line_1_1' title="bbox 438 436 541 501; baseline 0.049 -6"><span class='ocrx_word' id='word_1_1' title='bbox 438 436 541 501; x_wconf 82' lang='lat'><strong>973</strong></span> 
     </span>
    </p>
   </div>
   <div class='ocr_carea' id='block_1_2' title="bbox 1286 415 2782 482">
    <p class='ocr_par' dir='ltr' id='par_1_2' title="bbox 1286 415 2782 482">
     <span class='ocr_line' id='line_1_2' title="bbox 1286 415 2782 482; baseline -0.002 0"><span class='ocrx_word' id='word_1_2' title='bbox 1286 423 1520 482; x_wconf 81' lang='lat' dir='ltr'><strong>DECAS</strong></span> <span class='ocrx_word' id='word_1_3' title='bbox 1568 423 1630 480; x_wconf 90' lang='lat' dir='ltr'><strong>X.</strong></span> <span class='ocrx_word' id='word_1_4' title='bbox 1677 419 1865 480; x_wconf 73' lang='grc' dir='ltr'><strong>-ΒΕ</strong></span> <span class='ocrx_word' id='word_1_5' title='bbox 1897 419 2169 479; x_wconf 82' lang='lat' dir='ltr'><strong>DlVlNA</strong></span> <span class='ocrx_word' id='word_1_6' title='bbox 2213 415 2782 479; x_wconf 79' lang='lat' dir='ltr'><strong>SlMPLlClTATE.</strong></span> 
     </span>
    </p>
   </div>
   <div class='ocr_carea' id='block_1_3' title="bbox 3579 415 3684 478">
    <p class='ocr_par' dir='ltr' id='par_1_3' title="bbox 3579 415 3684 478">
     <span class='ocr_line' id='line_1_3' title="bbox 3579 415 3684 478; baseline -0.019 0"><span class='ocrx_word' id='word_1_7' title='bbox 3579 415 3684 478; x_wconf 72' lang='lat' dir='ltr'><strong>97L</strong></span> 
     </span>
    </p>
   </div>
   <div class='ocr_carea' id='block_1_4' title="bbox 438 531 3684 603">
    <p class='ocr_par' dir='ltr' id='par_1_4' title="bbox 438 531 3684 603">
     <span class='ocr_line' id='line_1_4' title="bbox 438 531 3684 603; baseline -0.004 -5"><span class='ocrx_word' id='word_1_8' title='bbox 438 549 494 603; x_wconf 70' lang='lat' dir='ltr'><strong>Si</strong></span> <span class='ocrx_word' id='word_1_9' title='bbox 531 562 661 597; x_wconf 78' lang='lat' dir='ltr'><strong>vero</strong></span> <span class='ocrx_word' id='word_1_10' title='bbox 683 545 822 596; x_wconf 87' lang='lat' dir='ltr'><strong>idem</strong></span> <span class='ocrx_word' id='word_1_11' title='bbox 857 549 940 593; x_wconf 83' lang='lat' dir='ltr'><strong>est</strong></span> <span class='ocrx_word' id='word_1_12' title='bbox 969 536 1186 603; x_wconf 76' lang='lat' dir='ltr'><strong>energia</strong></span> <span class='ocrx_word' id='word_1_13' title='bbox 1215 550 1376 600; x_wconf 86' lang='lat' dir='ltr'><strong>atque</strong></span> <span class='ocrx_word' id='word_1_14' title='bbox 1408 535 1730 594; x_wconf 71' lang='lat' dir='ltr'><strong>Stlllslnttlln,</strong></span> <span class='ocrx_word' id='word_1_15' title='bbox 1757 535 2013 587; x_wconf 77' lang='lat' dir='ltr'><strong>StlltSlall-</strong></span> <span class='ocrx_word' id='word_1_16' title='bbox 2049 537 2087 589; x_wconf 85' lang='grc' dir='ltr'><strong>Α</strong></span> <span class='ocrx_word' id='word_1_17' title='bbox 2121 533 2260 597; x_wconf 85' lang='lat' dir='ltr'><strong>quod</strong></span> <span class='ocrx_word' id='word_1_18' title='bbox 2297 533 2348 582; x_wconf 91' lang='lat' dir='ltr'><strong>in</strong></span> <span class='ocrx_word' id='word_1_19' title='bbox 2390 533 2594 585; x_wconf 80' lang='lat' dir='ltr'><strong>unitate</strong></span> <span class='ocrx_word' id='word_1_20' title='bbox 2634 546 2754 600; x_wconf 70' lang='lat' dir='ltr'><strong>qua:</strong></span> <span class='ocrx_word' id='word_1_21' title='bbox 2805 546 2970 600; x_wconf 89' lang='lat' dir='ltr'><strong>supra</strong></span> <span class='ocrx_word' id='word_1_22' title='bbox 3023 531 3382 585; x_wconf 74' lang='lat' dir='ltr'><strong>substantiam</strong></span> <span class='ocrx_word' id='word_1_23' title='bbox 3429 539 3531 592; x_wconf 90' lang='lat' dir='ltr'><strong>est,</strong></span> <span class='ocrx_word' id='word_1_24' title='bbox 3579 536 3684 584; x_wconf 84' lang='lat' dir='ltr'><strong>non</strong></span> 
     </span>
    </p>
   </div>
   <div class='ocr_carea' id='block_1_5' title="bbox 441 621 2010 704">
    <p class='ocr_par' dir='ltr' id='par_1_5' title="bbox 441 621 2010 704">
     <span class='ocr_line' id='line_1_5' title="bbox 441 621 2010 704; baseline -0.013 -12"><span class='ocrx_word' id='word_1_25' title='bbox 441 642 524 692; x_wconf 71' lang='lat' dir='ltr'><strong>tiae</strong></span> <span class='ocrx_word' id='word_1_26' title='bbox 547 650 679 704; x_wconf 85' lang='lat' dir='ltr'><strong>ergo</strong></span> <span class='ocrx_word' id='word_1_27' title='bbox 701 635 884 700; x_wconf 97' lang='lat' dir='ltr'><strong>imago</strong></span> <span class='ocrx_word' id='word_1_28' title='bbox 907 630 1021 683; x_wconf 86' lang='lat' dir='ltr'><strong>erit</strong></span> <span class='ocrx_word' id='word_1_29' title='bbox 1052 627 1244 680; x_wconf 84' lang='lat' dir='ltr'><strong>Filius.</strong></span> <span class='ocrx_word' id='word_1_30' title='bbox 1274 625 1572 694; x_wconf 75' lang='lat' dir='ltr'><strong>Gregorius</strong></span> <span class='ocrx_word' id='word_1_31' title='bbox 1623 624 1919 694; x_wconf 80' lang='lat' dir='ltr'><strong>Nyssenus,</strong></span> <span class='ocrx_word' id='word_1_32' title='bbox 1943 621 2010 673; x_wconf 83' lang='lat' dir='ltr'><strong>li-</strong></span> 
     </span>
    </p>
   </div>
   <div class='ocr_carea' id='block_1_6' title="bbox 440 711 2008 783">
    <p class='ocr_par' dir='ltr' id='par_1_6' title="bbox 440 711 2008 783">
     <span class='ocr_line' id='line_1_6' title="bbox 440 711 2008 783; baseline -0.009 -7"><span class='ocrx_word' id='word_1_33' title='bbox 440 725 536 776; x_wconf 83' lang='lat' dir='ltr'><strong>bro</strong></span> <span class='ocrx_word' id='word_1_34' title='bbox 558 735 676 783; x_wconf 77' lang='lat' dir='ltr'><strong>aut,</strong></span> <span class='ocrx_word' id='word_1_35' title='bbox 712 719 914 773; x_wconf 73' lang='lat' dir='ltr'><strong>contra</strong></span> <span class='ocrx_word' id='word_1_36' title='bbox 938 715 1278 779; x_wconf 78' lang='lat' dir='ltr'><strong>Eunomiunt,</strong></span> <span class='ocrx_word' id='word_1_37' title='bbox 1321 711 1523 766; x_wconf 83' lang='lat' dir='ltr'><strong>clarius</strong></span> <span class='ocrx_word' id='word_1_38' title='bbox 1551 713 1690 765; x_wconf 88' lang='lat' dir='ltr'><strong>banc</strong></span> <span class='ocrx_word' id='word_1_39' title='bbox 1741 711 2008 765; x_wconf 88' lang='lat' dir='ltr'><strong>rationem</strong></span> 
     </span>
    </p>
   </div>
   <div class='ocr_carea' id='block_1_7' title="bbox 437 803 2012 878">
    <p class='ocr_par' dir='ltr' id='par_1_7' title="bbox 437 803 2012 878">
     <span class='ocr_line' id='line_1_7' title="bbox 437 803 2012 878; baseline -0.006 -13"><span class='ocrx_word' id='word_1_40' title='bbox 437 811 717 878; x_wconf 79' lang='lat' dir='ltr'><strong>explicans</strong></span> <span class='ocrx_word' id='word_1_41' title='bbox 754 819 809 864; x_wconf 90' lang='lat' dir='ltr'><strong>et</strong></span> <span class='ocrx_word' id='word_1_42' title='bbox 855 808 1234 874; x_wconf 81' lang='lat' dir='ltr'><strong>distinguens:</strong></span> <span class='ocrx_word' id='word_1_43' title='bbox 1268 803 1624 872; x_wconf 82' lang='lat' dir='ltr'><strong>Progrediens</strong></span> <span class='ocrx_word' id='word_1_44' title='bbox 1690 804 1832 857; x_wconf 91' lang='lat' dir='ltr'><strong>enim</strong></span> <span class='ocrx_word' id='word_1_45' title='bbox 1865 841 1881 863; x_wconf 94' lang='lat'><strong>,</strong></span> <span class='ocrx_word' id='word_1_46' title='bbox 1929 803 2012 855; x_wconf 91' lang='lat' dir='ltr'><strong>in-</strong></span> 
     </span>
    </p>
   </div>
   <div class='ocr_carea' id='block_1_8' title="bbox 437 891 2011 971">
    <p class='ocr_par' dir='ltr' id='par_1_8' title="bbox 437 891 2011 971">
     <span class='ocr_line' id='line_1_8' title="bbox 437 891 2011 971; baseline -0.01 -12"><span class='ocrx_word' id='word_1_47' title='bbox 437 891 1212 971; x_wconf 80' lang='lat' dir='ltr'><strong>quit,Eunomius,_tanquam</strong></span> <span class='ocrx_word' id='word_1_48' title='bbox 1273 895 1481 949; x_wconf 91' lang='lat' dir='ltr'><strong>ratione</strong></span> <span class='ocrx_word' id='word_1_49' title='bbox 1534 903 1678 947; x_wconf 88' lang='lat' dir='ltr'><strong>recte</strong></span> <span class='ocrx_word' id='word_1_50' title='bbox 1735 892 2011 955; x_wconf 86' lang='lat' dir='ltr'><strong>conclusa,</strong></span> 
     </span>
    </p>
   </div>
   <div class='ocr_carea' id='block_1_9' title="bbox 439 969 2012 1057">
    <p class='ocr_par' dir='ltr' id='par_1_9' title="bbox 439 969 2012 1057">
     <span class='ocr_line' id='line_1_9' title="bbox 439 969 2012 1057; baseline -0.01 -9"><span class='ocrx_word' id='word_1_51' title='bbox 439 969 542 1048; x_wconf 81' lang='lat' dir='ltr'><strong>alia</strong></span> <span class='ocrx_word' id='word_1_52' title='bbox 579 993 750 1057; x_wconf 80' lang='lat' dir='ltr'><strong>magis</strong></span> <span class='ocrx_word' id='word_1_53' title='bbox 778 969 1015 1046; x_wconf 71' lang='lat' dir='ltr'><strong>diﬁcilia</strong></span> <span class='ocrx_word' id='word_1_54' title='bbox 1047 1002 1211 1057; x_wconf 83' lang='lat' dir='ltr'><strong>quam</strong></span> <span class='ocrx_word' id='word_1_55' title='bbox 1268 986 1576 1052; x_wconf 79' lang='lat' dir='ltr'><strong>superiora,</strong></span> <span class='ocrx_word' id='word_1_56' title='bbox 1652 993 1709 1036; x_wconf 91' lang='lat' dir='ltr'><strong>ut</strong></span> <span class='ocrx_word' id='word_1_57' title='bbox 1756 981 2012 1050; x_wconf 83' lang='lat' dir='ltr'><strong>appellat,</strong></span> 
     </span>
    </p>
   </div>
   <div class='ocr_carea' id='block_1_10' title="bbox 439 1075 2014 1145">
    <p class='ocr_par' dir='ltr' id='par_1_10' title="bbox 439 1075 2014 1145">
     <span class='ocr_line' id='line_1_10' title="bbox 439 1075 2014 1145; baseline -0.009 -6"><span class='ocrx_word' id='word_1_58' title='bbox 439 1085 666 1139; x_wconf 84' lang='lat' dir='ltr'><strong>crimina</strong></span> <span class='ocrx_word' id='word_1_59' title='bbox 698 1083 754 1136; x_wconf 88' lang='lat' dir='ltr'><strong>in</strong></span> <span class='ocrx_word' id='word_1_60' title='bbox 785 1097 882 1135; x_wconf 89' lang='lat' dir='ltr'><strong>nos</strong></span> <span class='ocrx_word' id='word_1_61' title='bbox 905 1080 1157 1143; x_wconf 84' lang='lat' dir='ltr'><strong>intendit,</strong></span> <span class='ocrx_word' id='word_1_62' title='bbox 1193 1078 1355 1133; x_wconf 89' lang='lat' dir='ltr'><strong>multa</strong></span> <span class='ocrx_word' id='word_1_63' title='bbox 1383 1076 1786 1145; x_wconf 79' lang='lat' dir='ltr'><strong>indignatus,et</strong></span> <span class='ocrx_word' id='word_1_64' title='bbox 1807 1075 2014 1127; x_wconf 82' lang='lat' dir='ltr'><strong>calum-</strong></span> 
     </span>
    </p>
   </div>
   <div class='ocr_carea' id='block_1_11' title="bbox 441 1164 2012 1239">
    <p class='ocr_par' dir='ltr' id='par_1_11' title="bbox 441 1164 2012 1239">
     <span class='ocr_line' id='line_1_11' title="bbox 441 1164 2012 1239; baseline -0.007 -11"><span class='ocrx_word' id='word_1_65' title='bbox 441 1178 620 1229; x_wconf 87' lang='lat' dir='ltr'><strong>niatus</strong></span> <span class='ocrx_word' id='word_1_66' title='bbox 656 1175 945 1236; x_wconf 91' lang='lat' dir='ltr'><strong>rationem,</strong></span> <span class='ocrx_word' id='word_1_67' title='bbox 973 1171 1330 1239; x_wconf 87' lang='lat' dir='ltr'><strong>auditoreque</strong></span> <span class='ocrx_word' id='word_1_68' title='bbox 1381 1164 1449 1221; x_wconf 84' lang='lat' dir='ltr'><strong>ad</strong></span> <span class='ocrx_word' id='word_1_69' title='bbox 1500 1183 1561 1220; x_wconf 85' lang='lat' dir='ltr'><strong>ea</strong></span> <span class='ocrx_word' id='word_1_70' title='bbox 1615 1182 1735 1235; x_wconf 70' lang='lat' dir='ltr'><strong>quae</strong></span> <span class='ocrx_word' id='word_1_71' title='bbox 1787 1167 2012 1220; x_wconf 87' lang='lat' dir='ltr'><strong>dicenda</strong></span> 
     </span>
    </p>
   </div>
   <div class='ocr_carea' id='block_1_12' title="bbox 441 1260 2013 1327">
    <p class='ocr_par' dir='ltr' id='par_1_12' title="bbox 441 1260 2013 1327">
     <span class='ocr_line' id='line_1_12' title="bbox 441 1260 2013 1327; baseline -0.008 -6"><span class='ocrx_word' id='word_1_72' title='bbox 441 1279 585 1325; x_wconf 88' lang='lat' dir='ltr'><strong>sunt,</strong></span> <span class='ocrx_word' id='word_1_73' title='bbox 613 1266 965 1319; x_wconf 74' lang='lat' dir='ltr'><strong>vehementer</strong></span> <span class='ocrx_word' id='word_1_74' title='bbox 985 1263 1219 1327; x_wconf 80' lang='lat' dir='ltr'><strong>irritata,</strong></span> <span class='ocrx_word' id='word_1_75' title='bbox 1249 1263 1300 1311; x_wconf 92' lang='lat' dir='ltr'><strong>in</strong></span> <span class='ocrx_word' id='word_1_76' title='bbox 1324 1262 1523 1327; x_wconf 86' lang='lat' dir='ltr'><strong>quibus</strong></span> <span class='ocrx_word' id='word_1_77' title='bbox 1574 1260 1818 1325; x_wconf 64' lang='lat' dir='ltr'><strong>quaedam</strong></span> <span class='ocrx_word' id='word_1_78' title='bbox 1852 1272 2013 1311; x_wconf 79' lang='lat' dir='ltr'><strong>accu-</strong></span> 
     </span>
    </p>
   </div>
   <div class='ocr_carea' id='block_1_13' title="bbox 441 1347 2013 1425">
    <p class='ocr_par' dir='ltr' id='par_1_13' title="bbox 441 1347 2013 1425">
     <span class='ocr_line' id='line_1_13' title="bbox 441 1347 2013 1425; baseline -0.007 -15"><span class='ocrx_word' id='word_1_79' title='bbox 441 1367 524 1410; x_wconf 85' lang='lat' dir='ltr'><strong>sat</strong></span> <span class='ocrx_word' id='word_1_80' title='bbox 549 1358 711 1425; x_wconf 87' lang='lat' dir='ltr'><strong>impie</strong></span> <span class='ocrx_word' id='word_1_81' title='bbox 742 1371 770 1408; x_wconf 89' lang='lat' dir='ltr'><strong>a</strong></span> <span class='ocrx_word' id='word_1_82' title='bbox 809 1354 966 1409; x_wconf 92' lang='lat' dir='ltr'><strong>nobis</strong></span> <span class='ocrx_word' id='word_1_83' title='bbox 985 1353 1204 1414; x_wconf 80' lang='lat' dir='ltr'><strong>conﬁci,</strong></span> <span class='ocrx_word' id='word_1_84' title='bbox 1239 1351 1394 1419; x_wconf 86' lang='lat' dir='ltr'><strong>quasi</strong></span> <span class='ocrx_word' id='word_1_85' title='bbox 1437 1364 1536 1402; x_wconf 83' lang='lat' dir='ltr'><strong>nos</strong></span> <span class='ocrx_word' id='word_1_86' title='bbox 1562 1351 1667 1399; x_wconf 83' lang='lat' dir='ltr'><strong>non</strong></span> <span class='ocrx_word' id='word_1_87' title='bbox 1705 1347 1884 1399; x_wconf 87' lang='lat' dir='ltr'><strong>solum</strong></span> <span class='ocrx_word' id='word_1_88' title='bbox 1913 1362 2013 1413; x_wconf 75' lang='grc' dir='ltr'><strong>ρυ-</strong></span> 
     </span>
    </p>
   </div>
   <div class='ocr_carea' id='block_1_14' title="bbox 444 1438 2021 1504">
    <p class='ocr_par' dir='ltr' id='par_1_14' title="bbox 444 1438 2021 1504">
     <span class='ocr_line' id='line_1_14' title="bbox 444 1438 2021 1504; baseline -0.005 -5"><span class='ocrx_word' id='word_1_89' title='bbox 444 1448 766 1500; x_wconf 84' lang='lat' dir='ltr'><strong>minationes</strong></span> <span class='ocrx_word' id='word_1_90' title='bbox 802 1446 909 1499; x_wconf 87' lang='lat' dir='ltr'><strong>Deo</strong></span> <span class='ocrx_word' id='word_1_91' title='bbox 937 1445 1228 1497; x_wconf 85' lang='lat' dir='ltr'><strong>attributas</strong></span> <span class='ocrx_word' id='word_1_92' title='bbox 1279 1441 1344 1494; x_wconf 88' lang='lat' dir='ltr'><strong>ad</strong></span> <span class='ocrx_word' id='word_1_93' title='bbox 1388 1449 1599 1493; x_wconf 80' lang='lat' dir='ltr'><strong>nostras</strong></span> <span class='ocrx_word' id='word_1_94' title='bbox 1653 1438 2021 1504; x_wconf 81' lang='lat' dir='ltr'><strong>cogitationes</strong></span> 
     </span>
    </p>
   </div>
   <div class='ocr_carea' id='block_1_15' title="bbox 441 1518 2014 1602">
    <p class='ocr_par' dir='ltr' id='par_1_15' title="bbox 441 1518 2014 1602">
     <span class='ocr_line' id='line_1_15' title="bbox 441 1518 2014 1602; baseline -0.005 -15"><span class='ocrx_word' id='word_1_95' title='bbox 441 1539 933 1602; x_wconf 73' lang='lat' dir='ltr'><strong>at-co:t=modcnttts,</strong></span> <span class='ocrx_word' id='word_1_96' title='bbox 959 1534 1385 1587; x_wconf 81' lang='lat' dir='ltr'><strong>tacens-interim</strong></span> <span class='ocrx_word' id='word_1_97' title='bbox 1421 1547 1540 1599; x_wconf 78' lang='lat' dir='ltr'><strong>qua:</strong></span> <span class='ocrx_word' id='word_1_98' title='bbox 1584 1533 1676 1580; x_wconf 72' lang='lat' dir='ltr'><strong>‘sta</strong></span> <span class='ocrx_word' id='word_1_99' title='bbox 1737 1518 2014 1580; x_wconf 71' lang='grc' dir='ltr'>τιιιτιιιιιιίο</span> 
     </span>
    </p>
   </div>
   <div class='ocr_carea' id='block_1_16' title="bbox 443 1605 2013 1694">
    <p class='ocr_par' dir='ltr' id='par_1_16' title="bbox 443 1605 2013 1694">
     <span class='ocr_line' id='line_1_16' title="bbox 443 1605 2013 1694; baseline -0.006 -15"><span class='ocrx_word' id='word_1_100' title='bbox 443 1631 895 1685; x_wconf 70' lang='grc' dir='ltr'>ιιοιιιίιιιιιίυιιιιιιι,</span> <span class='ocrx_word' id='word_1_101' title='bbox 925 1635 978 1678; x_wconf 88' lang='lat' dir='ltr'><strong>et</strong></span> <span class='ocrx_word' id='word_1_102' title='bbox 1007 1626 1247 1694; x_wconf 78' lang='lat' dir='ltr'><strong>quando,</strong></span> <span class='ocrx_word' id='word_1_103' title='bbox 1283 1640 1345 1676; x_wconf 78' lang='lat' dir='ltr'><strong>at:</strong></span> <span class='ocrx_word' id='word_1_104' title='bbox 1392 1605 1682 1690; x_wconf 59' lang='lat' dir='ltr'><strong>quomodo</strong></span> <span class='ocrx_word' id='word_1_105' title='bbox 1715 1621 1878 1683; x_wconf 74' lang='lat' dir='ltr'><strong>facta,</strong></span> <span class='ocrx_word' id='word_1_106' title='bbox 1922 1621 2013 1672; x_wconf 78' lang='lat' dir='ltr'><strong>sed</strong></span> 
     </span>
    </p>
   </div>
   <div class='ocr_carea' id='block_1_17' title="bbox 441 1713 2011 1789">
    <p class='ocr_par' dir='ltr' id='par_1_17' title="bbox 441 1713 2011 1789">
     <span class='ocr_line' id='line_1_17' title="bbox 441 1713 2011 1789; baseline -0.006 -17"><span class='ocrx_word' id='word_1_107' title='bbox 441 1723 800 1787; x_wconf 75' lang='lat' dir='ltr'><strong>quasiomnes</strong></span> <span class='ocrx_word' id='word_1_108' title='bbox 824 1733 908 1770; x_wconf 89' lang='lat' dir='ltr'><strong>res</strong></span> <span class='ocrx_word' id='word_1_109' title='bbox 932 1720 1284 1789; x_wconf 81' lang='lat' dir='ltr'><strong>misceamus,</strong></span> <span class='ocrx_word' id='word_1_110' title='bbox 1311 1724 1366 1767; x_wconf 88' lang='lat' dir='ltr'><strong>et</strong></span> <span class='ocrx_word' id='word_1_111' title='bbox 1392 1715 1443 1766; x_wconf 92' lang='lat' dir='ltr'><strong>in</strong></span> <span class='ocrx_word' id='word_1_112' title='bbox 1469 1731 1631 1766; x_wconf 92' lang='lat' dir='ltr'><strong>unum</strong></span> <span class='ocrx_word' id='word_1_113' title='bbox 1661 1723 1822 1780; x_wconf 83' lang='lat' dir='ltr'><strong>atque</strong></span> <span class='ocrx_word' id='word_1_114' title='bbox 1876 1713 2011 1764; x_wconf 85' lang='lat' dir='ltr'><strong>idem</strong></span> 
     </span>
    </p>
   </div>
   <div class='ocr_carea' id='block_1_18' title="bbox 447 1806 2011 1879">
    <p class='ocr_par' dir='ltr' id='par_1_18' title="bbox 447 1806 2011 1879">
     <span class='ocr_line' id='line_1_18' title="bbox 447 1806 2011 1879; baseline -0.005 -15"><span class='ocrx_word' id='word_1_115' title='bbox 447 1810 717 1879; x_wconf 76' lang='lat' dir='ltr'><strong>Unigeniti</strong></span> <span class='ocrx_word' id='word_1_116' title='bbox 765 1808 1128 1862; x_wconf 86' lang='lat' dir='ltr'><strong>substantiam</strong></span> <span class='ocrx_word' id='word_1_117' title='bbox 1151 1818 1205 1858; x_wconf 86' lang='lat' dir='ltr'><strong>et</strong></span> <span class='ocrx_word' id='word_1_118' title='bbox 1271 1806 1548 1873; x_wconf 69' lang='lat' dir='ltr'><strong>euergiam</strong></span> <span class='ocrx_word' id='word_1_119' title='bbox 1621 1806 2011 1866; x_wconf 86' lang='lat' dir='ltr'><strong>conducamus,</strong></span> 
     </span>
    </p>
   </div>
   <div class='ocr_carea' id='block_1_19' title="bbox 440 1897 2001 1967">
    <p class='ocr_par' dir='ltr' id='par_1_19' title="bbox 440 1897 2001 1967">
     <span class='ocr_line' id='line_1_19' title="bbox 440 1897 2001 1967; baseline -0.006 -12"><span class='ocrx_word' id='word_1_120' title='bbox 440 1903 585 1955; x_wconf 87' lang='lat' dir='ltr'><strong>nulla</strong></span> <span class='ocrx_word' id='word_1_121' title='bbox 611 1903 676 1953; x_wconf 90' lang='lat' dir='ltr'><strong>de</strong></span> <span class='ocrx_word' id='word_1_122' title='bbox 695 1902 796 1953; x_wconf 87' lang='lat' dir='ltr'><strong>ltoc</strong></span> <span class='ocrx_word' id='word_1_123' title='bbox 818 1900 934 1967; x_wconf 60' lang='lat' dir='ltr'><strong>ipso</strong></span> <span class='ocrx_word' id='word_1_124' title='bbox 952 1899 1318 1965; x_wconf 83' lang='lat' dir='ltr'><strong>disputatione</strong></span> <span class='ocrx_word' id='word_1_125' title='bbox 1346 1900 1552 1962; x_wconf 82' lang='lat' dir='ltr'><strong>habita,</strong></span> <span class='ocrx_word' id='word_1_126' title='bbox 1584 1911 1760 1964; x_wconf 89' lang='lat' dir='ltr'><strong>neque</strong></span> <span class='ocrx_word' id='word_1_127' title='bbox 1783 1897 2001 1947; x_wconf 86' lang='lat' dir='ltr'><strong>demon-</strong></span> 
     </span>
    </p>
   </div>
   <div class='ocr_carea' id='block_1_20' title="bbox 441 1987 2010 2060">
    <p class='ocr_par' dir='ltr' id='par_1_20' title="bbox 441 1987 2010 2060">
     <span class='ocr_line' id='line_1_20' title="bbox 441 1987 2010 2060; baseline -0.007 -13"><span class='ocrx_word' id='word_1_128' title='bbox 441 2005 612 2048; x_wconf 82' lang='lat' dir='ltr'><strong>strato</strong></span> <span class='ocrx_word' id='word_1_129' title='bbox 638 1993 910 2060; x_wconf 86' lang='lat' dir='ltr'><strong>quomodo</strong></span> <span class='ocrx_word' id='word_1_130' title='bbox 935 2007 961 2040; x_wconf 90' lang='lat' dir='ltr'><strong>a</strong></span> <span class='ocrx_word' id='word_1_131' title='bbox 999 1989 1154 2043; x_wconf 88' lang='lat' dir='ltr'><strong>nobis</strong></span> <span class='ocrx_word' id='word_1_132' title='bbox 1208 1989 1516 2053; x_wconf 82' lang='lat' dir='ltr'><strong>coniicitur,</strong></span> <span class='ocrx_word' id='word_1_133' title='bbox 1573 2001 1736 2042; x_wconf 90' lang='lat' dir='ltr'><strong>unutn</strong></span> <span class='ocrx_word' id='word_1_134' title='bbox 1769 1997 1824 2041; x_wconf 89' lang='lat' dir='ltr'><strong>et</strong></span> <span class='ocrx_word' id='word_1_135' title='bbox 1870 1987 2010 2052; x_wconf 83' lang='lat' dir='ltr'><strong>idem</strong></span> 
     </span>
    </p>
   </div>
   <div class='ocr_carea' id='block_1_21' title="bbox 441 2081 2011 2153">
    <p class='ocr_par' dir='ltr' id='par_1_21' title="bbox 441 2081 2011 2153">
     <span class='ocr_line' id='line_1_21' title="bbox 441 2081 2011 2153; baseline -0.004 -17"><span class='ocrx_word' id='word_1_136' title='bbox 441 2100 559 2138; x_wconf 83' lang='lat' dir='ltr'><strong>esse</strong></span> <span class='ocrx_word' id='word_1_137' title='bbox 587 2084 859 2153; x_wconf 84' lang='lat' dir='ltr'><strong>energiam</strong></span> <span class='ocrx_word' id='word_1_138' title='bbox 919 2093 1082 2150; x_wconf 90' lang='lat' dir='ltr'><strong>atque</strong></span> <span class='ocrx_word' id='word_1_139' title='bbox 1115 2082 1490 2136; x_wconf 82' lang='lat' dir='ltr'><strong>substantiam.</strong></span> <span class='ocrx_word' id='word_1_140' title='bbox 1537 2081 1766 2149; x_wconf 93' lang='lat' dir='ltr'><strong>Apparet</strong></span> <span class='ocrx_word' id='word_1_141' title='bbox 1839 2091 2011 2132; x_wconf 89' lang='lat' dir='ltr'><strong>tamen</strong></span> 
     </span>
    </p>
   </div>
   <div class='ocr_carea' id='block_1_22' title="bbox 442 2173 2015 2242">
    <p class='ocr_par' dir='ltr' id='par_1_22' title="bbox 442 2173 2015 2242">
     <span class='ocr_line' id='line_1_22' title="bbox 442 2173 2015 2242; baseline -0.004 -14"><span class='ocrx_word' id='word_1_142' title='bbox 442 2191 505 2229; x_wconf 79' lang='lat' dir='ltr'><strong>es</strong></span> <span class='ocrx_word' id='word_1_143' title='bbox 545 2177 722 2230; x_wconf 83' lang='lat' dir='ltr'><strong>verbis</strong></span> <span class='ocrx_word' id='word_1_144' title='bbox 747 2175 1022 2237; x_wconf 89' lang='lat' dir='ltr'><strong>Eunotnii,</strong></span> <span class='ocrx_word' id='word_1_145' title='bbox 1060 2174 1204 2242; x_wconf 87' lang='lat' dir='ltr'><strong>quod</strong></span> <span class='ocrx_word' id='word_1_146' title='bbox 1265 2174 1456 2242; x_wconf 84' lang='lat' dir='ltr'><strong>dogma</strong></span> <span class='ocrx_word' id='word_1_147' title='bbox 1510 2173 1831 2224; x_wconf 78' lang='lat' dir='ltr'><strong>Arianorum</strong></span> <span class='ocrx_word' id='word_1_148' title='bbox 1898 2181 2015 2223; x_wconf 90' lang='lat' dir='ltr'><strong>erat</strong></span> 
     </span>
    </p>
   </div>
   <div class='ocr_carea' id='block_1_23' title="bbox 445 2262 2014 2331">
    <p class='ocr_par' dir='ltr' id='par_1_23' title="bbox 445 2262 2014 2331">
     <span class='ocr_line' id='line_1_23' title="bbox 445 2262 2014 2331; baseline -0.004 -13"><span class='ocrx_word' id='word_1_149' title='bbox 445 2268 754 2321; x_wconf 72' lang='lat' dir='ltr'><strong>discernere</strong></span> <span class='ocrx_word' id='word_1_150' title='bbox 789 2281 818 2317; x_wconf 92' lang='lat' dir='ltr'><strong>a</strong></span> <span class='ocrx_word' id='word_1_151' title='bbox 844 2265 934 2318; x_wconf 91' lang='lat' dir='ltr'><strong>Dei</strong></span> <span class='ocrx_word' id='word_1_152' title='bbox 969 2265 1272 2319; x_wconf 84' lang='lat' dir='ltr'><strong>substantia</strong></span> <span class='ocrx_word' id='word_1_153' title='bbox 1297 2277 1380 2316; x_wconf 74' lang='lat' dir='ltr'><strong>ent</strong></span> <span class='ocrx_word' id='word_1_154' title='bbox 1402 2265 1570 2331; x_wconf 81' lang='lat' dir='ltr'><strong>rgiam</strong></span> <span class='ocrx_word' id='word_1_155' title='bbox 1635 2264 1773 2331; x_wconf 85' lang='lat' dir='ltr'><strong>ejus.</strong></span> <span class='ocrx_word' id='word_1_156' title='bbox 1830 2262 2014 2316; x_wconf 86' lang='lat' dir='ltr'><strong>Decla-</strong></span> 
     </span>
    </p>
   </div>
   <div class='ocr_carea' id='block_1_24' title="bbox 445 2350 2010 2420">
    <p class='ocr_par' dir='ltr' id='par_1_24' title="bbox 445 2350 2010 2420">
     <span class='ocr_line' id='line_1_24' title="bbox 445 2350 2010 2420; baseline -0.007 -10"><span class='ocrx_word' id='word_1_157' title='bbox 445 2366 528 2410; x_wconf 86' lang='lat' dir='ltr'><strong>rat</strong></span> <span class='ocrx_word' id='word_1_158' title='bbox 547 2350 736 2409; x_wconf 74' lang='lat' dir='ltr'><strong>&#39;autem</strong></span> <span class='ocrx_word' id='word_1_159' title='bbox 763 2354 861 2406; x_wconf 55' lang='lat' dir='ltr'><strong>how</strong></span> <span class='ocrx_word' id='word_1_160' title='bbox 890 2353 1186 2406; x_wconf 80' lang='lat' dir='ltr'><strong>Eunomius</strong></span> <span class='ocrx_word' id='word_1_161' title='bbox 1214 2353 1264 2405; x_wconf 91' lang='lat' dir='ltr'><strong>in</strong></span> <span class='ocrx_word' id='word_1_162' title='bbox 1287 2351 1351 2403; x_wconf 89' lang='lat' dir='ltr'><strong>iis</strong></span> <span class='ocrx_word' id='word_1_163' title='bbox 1378 2366 1496 2420; x_wconf 70' lang='lat' dir='ltr'><strong>qua:</strong></span> <span class='ocrx_word' id='word_1_164' title='bbox 1517 2362 1704 2405; x_wconf 88' lang='lat' dir='ltr'><strong>contra</strong></span> <span class='ocrx_word' id='word_1_165' title='bbox 1755 2350 2010 2403; x_wconf 77' lang='lat' dir='ltr'><strong>Basilium</strong></span> 
     </span>
    </p>
   </div>
   <div class='ocr_carea' id='block_1_25' title="bbox 447 2444 2014 2527">
    <p class='ocr_par' dir='ltr' id='par_1_25' title="bbox 447 2444 2014 2527">
     <span class='ocr_line' id='line_1_25' title="bbox 447 2444 2014 2527; baseline -0.006 -26"><span class='ocrx_word' id='word_1_166' title='bbox 447 2450 694 2518; x_wconf 81' lang='lat' dir='ltr'><strong>Magnum</strong></span> <span class='ocrx_word' id='word_1_167' title='bbox 750 2449 962 2502; x_wconf 83' lang='lat' dir='ltr'><strong>scribit.</strong></span> <span class='ocrx_word' id='word_1_168' title='bbox 1021 2447 1110 2498; x_wconf 85' lang='lat' dir='ltr'><strong>Ait</strong></span> <span class='ocrx_word' id='word_1_169' title='bbox 1186 2447 1386 2527; x_wconf 67' lang='lat' dir='ltr'><strong>igitur:</strong></span> <span class='ocrx_word' id='word_1_170' title='bbox 1440 2444 1550 2498; x_wconf 80' lang='lat' dir='ltr'><strong>Non</strong></span> <span class='ocrx_word' id='word_1_171' title='bbox 1628 2454 1840 2510; x_wconf 85' lang='lat' dir='ltr'><strong>Oportet</strong></span> <span class='ocrx_word' id='word_1_172' title='bbox 1924 2456 2014 2493; x_wconf 87' lang='lat' dir='ltr'><strong>eos</strong></span> 
     </span>
    </p>
   </div>
   <div class='ocr_carea' id='block_1_26' title="bbox 445 2540 2012 2608">
    <p class='ocr_par' dir='ltr' id='par_1_26' title="bbox 445 2540 2012 2608">
     <span class='ocr_line' id='line_1_26' title="bbox 445 2540 2012 2608; baseline -0.003 -15"><span class='ocrx_word' id='word_1_173' title='bbox 445 2547 535 2608; x_wconf 85' lang='lat' dir='ltr'><strong>qui</strong></span> <span class='ocrx_word' id='word_1_174' title='bbox 599 2543 810 2595; x_wconf 82' lang='lat' dir='ltr'><strong>veritati</strong></span> <span class='ocrx_word' id='word_1_175' title='bbox 861 2544 1131 2604; x_wconf 89' lang='lat' dir='ltr'><strong>credunt,</strong></span> <span class='ocrx_word' id='word_1_176' title='bbox 1187 2549 1477 2608; x_wconf 80' lang='lat' dir='ltr'><strong>sequentes</strong></span> <span class='ocrx_word' id='word_1_177' title='bbox 1519 2540 1816 2592; x_wconf 84' lang='lat' dir='ltr'><strong>sententias</strong></span> <span class='ocrx_word' id='word_1_178' title='bbox 1881 2540 2012 2588; x_wconf 85' lang='lat' dir='ltr'><strong>alio—</strong></span> 
     </span>
    </p>
   </div>
   <div class='ocr_carea' id='block_1_27' title="bbox 450 2627 2018 2692">
    <p class='ocr_par' dir='ltr' id='par_1_27' title="bbox 450 2627 2018 2692">
     <span class='ocr_line' id='line_1_27' title="bbox 450 2627 2018 2692; baseline -0.004 -9"><span class='ocrx_word' id='word_1_179' title='bbox 450 2649 564 2683; x_wconf 90' lang='lat' dir='ltr'><strong>rnut</strong></span> <span class='ocrx_word' id='word_1_180' title='bbox 611 2648 716 2686; x_wconf 89' lang='lat' dir='ltr'><strong>non</strong></span> <span class='ocrx_word' id='word_1_181' title='bbox 757 2646 1018 2686; x_wconf 78' lang='lat' dir='ltr'><strong>excussas</strong></span> <span class='ocrx_word' id='word_1_182' title='bbox 1054 2641 1106 2685; x_wconf 87' lang='lat' dir='ltr'><strong>et</strong></span> <span class='ocrx_word' id='word_1_183' title='bbox 1140 2630 1588 2692; x_wconf 74' lang='lat' dir='ltr'><strong>incensideralas,</strong></span> <span class='ocrx_word' id='word_1_184' title='bbox 1643 2627 1822 2681; x_wconf 87' lang='lat' dir='ltr'><strong>dicere</strong></span> <span class='ocrx_word' id='word_1_185' title='bbox 1846 2643 2018 2683; x_wconf 85' lang='lat' dir='ltr'><strong>ttttttnr</strong></span> 
     </span>
    </p>
   </div>
   <div class='ocr_carea' id='block_1_28' title="bbox 445 2721 2015 2793">
    <p class='ocr_par' dir='ltr' id='par_1_28' title="bbox 445 2721 2015 2793">
     <span class='ocr_line' id='line_1_28' title="bbox 445 2721 2015 2793; baseline -0.005 -14"><span class='ocrx_word' id='word_1_186' title='bbox 445 2742 563 2779; x_wconf 79' lang='lat' dir='ltr'><strong>esse</strong></span> <span class='ocrx_word' id='word_1_187' title='bbox 625 2727 898 2792; x_wconf 71' lang='lat' dir='ltr'><strong>energiam</strong></span> <span class='ocrx_word' id='word_1_188' title='bbox 954 2736 1116 2793; x_wconf 88' lang='lat' dir='ltr'><strong>atque</strong></span> <span class='ocrx_word' id='word_1_189' title='bbox 1162 2724 1540 2778; x_wconf 80' lang='lat' dir='ltr'><strong>substantiam.</strong></span> <span class='ocrx_word' id='word_1_190' title='bbox 1597 2721 1779 2774; x_wconf 82' lang='lat' dir='ltr'><strong>Adhuc</strong></span> <span class='ocrx_word' id='word_1_191' title='bbox 1836 2721 2015 2772; x_wconf 71' lang='lat' dir='ltr'><strong>idem:</strong></span> 
     </span>
    </p>
   </div>
   <div class='ocr_carea' id='block_1_29' title="bbox 363 2812 2012 2886">
    <p class='ocr_par' dir='ltr' id='par_1_29' title="bbox 363 2812 2012 2886">
     <span class='ocr_line' id='line_1_29' title="bbox 363 2812 2012 2886; baseline -0.008 -14"><span class='ocrx_word' id='word_1_192' title='bbox 363 2813 368 2817; x_wconf 51' lang='grc'><em>“</em></span> <span class='ocrx_word' id='word_1_193' title='bbox 447 2820 608 2886; x_wconf 60' lang='lat' dir='ltr'><strong>Igitur</strong></span> <span class='ocrx_word' id='word_1_194' title='bbox 632 2821 672 2871; x_wconf 69' lang='lat' dir='ltr'><strong>si</strong></span> <span class='ocrx_word' id='word_1_195' title='bbox 717 2821 854 2873; x_wconf 88' lang='lat' dir='ltr'><strong>ratio</strong></span> <span class='ocrx_word' id='word_1_196' title='bbox 880 2819 1144 2872; x_wconf 77' lang='lat' dir='ltr'><strong>conclusit</strong></span> <span class='ocrx_word' id='word_1_197' title='bbox 1198 2816 1526 2870; x_wconf 82' lang='lat' dir='ltr'><strong>voluntatem</strong></span> <span class='ocrx_word' id='word_1_198' title='bbox 1555 2829 1672 2867; x_wconf 77' lang='lat' dir='ltr'><strong>esse</strong></span> <span class='ocrx_word' id='word_1_199' title='bbox 1717 2812 2012 2878; x_wconf 83' lang='lat' dir='ltr'><strong>energiam,</strong></span> 
     </span>
    </p>
   </div>
   <div class='ocr_carea' id='block_1_30' title="bbox 449 2909 2014 2979">
    <p class='ocr_par' dir='ltr' id='par_1_30' title="bbox 449 2909 2014 2979">
     <span class='ocr_line' id='line_1_30' title="bbox 449 2909 2014 2979; baseline -0.006 -15"><span class='ocrx_word' id='word_1_200' title='bbox 449 2930 555 2965; x_wconf 83' lang='lat' dir='ltr'><strong>non</strong></span> <span class='ocrx_word' id='word_1_201' title='bbox 591 2925 768 2964; x_wconf 73' lang='lat' dir='ltr'><strong>autent</strong></span> <span class='ocrx_word' id='word_1_202' title='bbox 811 2911 1172 2964; x_wconf 72' lang='lat' dir='ltr'><strong>substantiam</strong></span> <span class='ocrx_word' id='word_1_203' title='bbox 1217 2911 1513 2979; x_wconf 83' lang='lat' dir='ltr'><strong>ettergiam,</strong></span> <span class='ocrx_word' id='word_1_204' title='bbox 1570 2909 1773 2960; x_wconf 72' lang='lat' dir='ltr'><strong>exstitit</strong></span> <span class='ocrx_word' id='word_1_205' title='bbox 1837 2916 2014 2957; x_wconf 73' lang='lat' dir='ltr'><strong>autem</strong></span> 
     </span>
    </p>
   </div>
   <div class='ocr_carea' id='block_1_31' title="bbox 449 2999 2016 3070">
    <p class='ocr_par' dir='ltr' id='par_1_31' title="bbox 449 2999 2016 3070">
     <span class='ocr_line' id='line_1_31' title="bbox 449 2999 2016 3070; baseline -0.006 -13"><span class='ocrx_word' id='word_1_206' title='bbox 449 3005 622 3058; x_wconf 82' lang='lat' dir='ltr'><strong>Patris</strong></span> <span class='ocrx_word' id='word_1_207' title='bbox 647 2999 922 3056; x_wconf 79' lang='lat' dir='ltr'><strong>voluntate</strong></span> <span class='ocrx_word' id='word_1_208' title='bbox 955 3001 1125 3054; x_wconf 87' lang='lat' dir='ltr'><strong>Filius</strong></span> <span class='ocrx_word' id='word_1_209' title='bbox 1155 3003 1485 3070; x_wconf 83' lang='lat' dir='ltr'><strong>ttnigenittts,</strong></span> <span class='ocrx_word' id='word_1_210' title='bbox 1519 3015 1621 3050; x_wconf 69' lang='lat' dir='ltr'><strong>non</strong></span> <span class='ocrx_word' id='word_1_211' title='bbox 1649 3000 1714 3049; x_wconf 89' lang='lat' dir='ltr'><strong>ad</strong></span> <span class='ocrx_word' id='word_1_212' title='bbox 1765 3000 2016 3050; x_wconf 81' lang='lat' dir='ltr'><strong>substan-</strong></span> 
     </span>
    </p>
   </div>
   <div class='ocr_carea' id='block_1_32' title="bbox 449 3091 2018 3161">
    <p class='ocr_par' dir='ltr' id='par_1_32' title="bbox 449 3091 2018 3161">
     <span class='ocr_line' id='line_1_32' title="bbox 449 3091 2018 3161; baseline -0.007 -12"><span class='ocrx_word' id='word_1_213' title='bbox 449 3099 601 3161; x_wconf 88' lang='lat' dir='ltr'><strong>tiam,</strong></span> <span class='ocrx_word' id='word_1_214' title='bbox 647 3097 741 3149; x_wconf 91' lang='lat' dir='ltr'><strong>sed</strong></span> <span class='ocrx_word' id='word_1_215' title='bbox 771 3094 838 3147; x_wconf 90' lang='lat' dir='ltr'><strong>ad</strong></span> <span class='ocrx_word' id='word_1_216' title='bbox 872 3095 1164 3160; x_wconf 80' lang='lat' dir='ltr'><strong>energiam,</strong></span> <span class='ocrx_word' id='word_1_217' title='bbox 1227 3105 1346 3160; x_wconf 69' lang='lat' dir='ltr'><strong>quae</strong></span> <span class='ocrx_word' id='word_1_218' title='bbox 1395 3098 1477 3145; x_wconf 89' lang='lat' dir='ltr'><strong>est</strong></span> <span class='ocrx_word' id='word_1_219' title='bbox 1529 3091 1690 3160; x_wconf 74' lang='lat' dir='ltr'><strong>etiam</strong></span> <span class='ocrx_word' id='word_1_220' title='bbox 1746 3092 2018 3149; x_wconf 71' lang='lat' dir='ltr'><strong>voluntas,</strong></span> 
     </span>
    </p>
   </div>
   <div class='ocr_carea' id='block_1_33' title="bbox 2113 619 3686 688">
    <p class='ocr_par' dir='ltr' id='par_1_33' title="bbox 2113 619 3686 688">
     <span class='ocr_line' id='line_1_33' title="bbox 2113 619 3686 688; baseline 0 -17"><span class='ocrx_word' id='word_1_221' title='bbox 2113 629 2192 672; x_wconf 89' lang='lat' dir='ltr'><strong>est</strong></span> <span class='ocrx_word' id='word_1_222' title='bbox 2214 620 2566 686; x_wconf 75' lang='lat' dir='ltr'><strong>qutercndum</strong></span> <span class='ocrx_word' id='word_1_223' title='bbox 2597 621 2740 674; x_wconf 83' lang='lat' dir='ltr'><strong>aliud</strong></span> <span class='ocrx_word' id='word_1_224' title='bbox 2791 619 3110 683; x_wconf 79' lang='lat' dir='ltr'><strong>substantia,</strong></span> <span class='ocrx_word' id='word_1_225' title='bbox 3139 629 3192 672; x_wconf 91' lang='lat' dir='ltr'><strong>et</strong></span> <span class='ocrx_word' id='word_1_226' title='bbox 3225 619 3369 672; x_wconf 86' lang='lat' dir='ltr'><strong>aliud</strong></span> <span class='ocrx_word' id='word_1_227' title='bbox 3415 621 3630 688; x_wconf 83' lang='lat' dir='ltr'><strong>energia</strong></span> <span class='ocrx_word' id='word_1_228' title='bbox 3670 637 3686 680; x_wconf 83' lang='lat'><strong>;</strong></span> 
     </span>
    </p>
   </div>
   <div class='ocr_carea' id='block_1_34' title="bbox 2117 709 3688 780">
    <p class='ocr_par' dir='ltr' id='par_1_34' title="bbox 2117 709 3688 780">
     <span class='ocr_line' id='line_1_34' title="bbox 2117 709 3688 780; baseline 0.001 -20"><span class='ocrx_word' id='word_1_229' title='bbox 2117 724 2288 776; x_wconf 85' lang='lat' dir='ltr'><strong>neque</strong></span> <span class='ocrx_word' id='word_1_230' title='bbox 2317 719 2530 778; x_wconf 89' lang='lat' dir='ltr'><strong>oportet</strong></span> <span class='ocrx_word' id='word_1_231' title='bbox 2588 710 2698 780; x_wconf 90' lang='lat' dir='ltr'><strong>regi</strong></span> <span class='ocrx_word' id='word_1_232' title='bbox 2748 710 3026 777; x_wconf 80' lang='lat' dir='ltr'><strong>multiplici</strong></span> <span class='ocrx_word' id='word_1_233' title='bbox 3090 709 3489 778; x_wconf 77' lang='lat' dir='ltr'><strong>signiﬁcatione</strong></span> <span class='ocrx_word' id='word_1_234' title='bbox 3539 710 3688 763; x_wconf 78' lang='lat' dir='ltr'><strong>verbi</strong></span> 
     </span>
    </p>
   </div>
   <div class='ocr_carea' id='block_1_35' title="bbox 2115 801 3690 868">
    <p class='ocr_par' dir='ltr' id='par_1_35' title="bbox 2115 801 3690 868">
     <span class='ocr_line' id='line_1_35' title="bbox 2115 801 3690 868; baseline -0.001 -16"><span class='ocrx_word' id='word_1_235' title='bbox 2115 802 2336 865; x_wconf 75' lang='lat' dir='ltr'><strong>energiar</strong></span> <span class='ocrx_word' id='word_1_236' title='bbox 2360 817 2378 862; x_wconf 81' lang='lat'><strong>,&#39;</strong></span> <span class='ocrx_word' id='word_1_237' title='bbox 2406 802 2622 868; x_wconf 82' lang='lat' dir='ltr'><strong>energia</strong></span> <span class='ocrx_word' id='word_1_238' title='bbox 2648 802 2790 855; x_wconf 89' lang='lat' dir='ltr'><strong>enim</strong></span> <span class='ocrx_word' id='word_1_239' title='bbox 2812 802 2899 855; x_wconf 90' lang='lat' dir='ltr'><strong>hic</strong></span> <span class='ocrx_word' id='word_1_240' title='bbox 2927 801 3097 854; x_wconf 86' lang='lat' dir='ltr'><strong>virtus</strong></span> <span class='ocrx_word' id='word_1_241' title='bbox 3153 802 3413 868; x_wconf 89' lang='lat' dir='ltr'><strong>operandi</strong></span> <span class='ocrx_word' id='word_1_242' title='bbox 3469 801 3690 854; x_wconf 76' lang='lat' dir='ltr'><strong>univer-</strong></span> 
     </span>
    </p>
   </div>
   <div class='ocr_carea' id='block_1_36' title="bbox 2116 892 3693 964">
    <p class='ocr_par' dir='ltr' id='par_1_36' title="bbox 2116 892 3693 964">
     <span class='ocr_line' id='line_1_36' title="bbox 2116 892 3693 964; baseline 0 -20"><span class='ocrx_word' id='word_1_243' title='bbox 2116 909 2234 947; x_wconf 84' lang='lat' dir='ltr'><strong>sum</strong></span> <span class='ocrx_word' id='word_1_244' title='bbox 2261 893 2578 947; x_wconf 86' lang='lat' dir='ltr'><strong>celebranda</strong></span> <span class='ocrx_word' id='word_1_245' title='bbox 2609 902 2710 954; x_wconf 91' lang='lat' dir='ltr'><strong>est,</strong></span> <span class='ocrx_word' id='word_1_246' title='bbox 2734 909 2855 963; x_wconf 64' lang='lat' dir='ltr'><strong>qure</strong></span> <span class='ocrx_word' id='word_1_247' title='bbox 2886 901 2965 946; x_wconf 89' lang='lat' dir='ltr'><strong>est</strong></span> <span class='ocrx_word' id='word_1_248' title='bbox 2995 892 3314 964; x_wconf 89' lang='lat' dir='ltr'><strong>principium</strong></span> <span class='ocrx_word' id='word_1_249' title='bbox 3343 892 3606 956; x_wconf 87' lang='lat' dir='ltr'><strong>omnium,</strong></span> <span class='ocrx_word' id='word_1_250' title='bbox 3639 902 3693 946; x_wconf 90' lang='lat' dir='ltr'><strong>et</strong></span> 
     </span>
    </p>
   </div>
   <div class='ocr_carea' id='block_1_37' title="bbox 2119 983 3702 1055">
    <p class='ocr_par' dir='ltr' id='par_1_37' title="bbox 2119 983 3702 1055">
     <span class='ocr_line' id='line_1_37' title="bbox 2119 983 3702 1055; baseline -0.002 -18"><span class='ocrx_word' id='word_1_251' title='bbox 2119 985 2277 1054; x_wconf 81' lang='lat' dir='ltr'><strong>cujus</strong></span> <span class='ocrx_word' id='word_1_252' title='bbox 2307 986 2610 1040; x_wconf 82' lang='lat' dir='ltr'><strong>substantia</strong></span> <span class='ocrx_word' id='word_1_253' title='bbox 2648 998 2728 1040; x_wconf 88' lang='lat' dir='ltr'><strong>est</strong></span> <span class='ocrx_word' id='word_1_254' title='bbox 2762 989 2999 1055; x_wconf 73' lang='lat' dir='ltr'><strong>energia,</strong></span> <span class='ocrx_word' id='word_1_255' title='bbox 3036 1001 3141 1040; x_wconf 91' lang='lat' dir='ltr'><strong>non</strong></span> <span class='ocrx_word' id='word_1_256' title='bbox 3165 994 3340 1039; x_wconf 89' lang='lat' dir='ltr'><strong>autem</strong></span> <span class='ocrx_word' id='word_1_257' title='bbox 3366 985 3454 1038; x_wconf 86' lang='lat' dir='ltr'><strong>illa</strong></span> <span class='ocrx_word' id='word_1_258' title='bbox 3480 983 3702 1052; x_wconf 81' lang='lat' dir='ltr'><strong>energia&quot;</strong></span> 
     </span>
    </p>
   </div>
   <div class='ocr_carea' id='block_1_38' title="bbox 2117 1076 3693 1149">
    <p class='ocr_par' dir='ltr' id='par_1_38' title="bbox 2117 1076 3693 1149">
     <span class='ocr_line' id='line_1_38' title="bbox 2117 1076 3693 1149; baseline 0 -20"><span class='ocrx_word' id='word_1_259' title='bbox 2117 1080 2206 1130; x_wconf 83' lang='lat' dir='ltr'><strong>liic</strong></span> <span class='ocrx_word' id='word_1_260' title='bbox 2243 1078 2501 1131; x_wconf 84' lang='lat' dir='ltr'><strong>laudanda</strong></span> <span class='ocrx_word' id='word_1_261' title='bbox 2536 1089 2617 1133; x_wconf 92' lang='lat' dir='ltr'><strong>est</strong></span> <span class='ocrx_word' id='word_1_262' title='bbox 2642 1079 2741 1149; x_wconf 90' lang='lat' dir='ltr'><strong>(l),</strong></span> <span class='ocrx_word' id='word_1_263' title='bbox 2775 1093 2937 1146; x_wconf 89' lang='lat' dir='ltr'><strong>quam</strong></span> <span class='ocrx_word' id='word_1_264' title='bbox 2973 1079 3231 1132; x_wconf 86' lang='lat' dir='ltr'><strong>habitudo</strong></span> <span class='ocrx_word' id='word_1_265' title='bbox 3283 1078 3550 1137; x_wconf 89' lang='lat' dir='ltr'><strong>continet,</strong></span> <span class='ocrx_word' id='word_1_266' title='bbox 3615 1076 3693 1130; x_wconf 78' lang='lat' dir='ltr'><strong>vel</strong></span> 
     </span>
    </p>
   </div>
   <div class='ocr_carea' id='block_1_39' title="bbox 2123 1166 3694 1235">
    <p class='ocr_par' dir='ltr' id='par_1_39' title="bbox 2123 1166 3694 1235">
     <span class='ocr_line' id='line_1_39' title="bbox 2123 1166 3694 1235; baseline -0.001 -15"><span class='ocrx_word' id='word_1_267' title='bbox 2123 1171 2453 1224; x_wconf 67' lang='lat' dir='ltr'><strong>habitudinis</strong></span> <span class='ocrx_word' id='word_1_268' title='bbox 2481 1169 2709 1224; x_wconf 82' lang='lat' dir='ltr'><strong>eil&#39;ectus</strong></span> <span class='ocrx_word' id='word_1_269' title='bbox 2741 1186 2757 1230; x_wconf 83' lang='lat'><strong>;</strong></span> <span class='ocrx_word' id='word_1_270' title='bbox 2798 1181 3084 1235; x_wconf 88' lang='lat' dir='ltr'><strong>utrumque</strong></span> <span class='ocrx_word' id='word_1_271' title='bbox 3123 1168 3270 1222; x_wconf 91' lang='lat' dir='ltr'><strong>enim</strong></span> <span class='ocrx_word' id='word_1_272' title='bbox 3315 1166 3510 1222; x_wconf 86' lang='lat' dir='ltr'><strong>horum</strong></span> <span class='ocrx_word' id='word_1_273' title='bbox 3570 1181 3694 1222; x_wconf 83' lang='lat' dir='ltr'><strong>cum</strong></span> 
     </span>
    </p>
   </div>
   <div class='ocr_carea' id='block_1_40' title="bbox 2124 1258 3696 1327">
    <p class='ocr_par' dir='ltr' id='par_1_40' title="bbox 2124 1258 3696 1327">
     <span class='ocr_line' id='line_1_40' title="bbox 2124 1258 3696 1327; baseline -0.001 -18"><span class='ocrx_word' id='word_1_274' title='bbox 2124 1261 2190 1310; x_wconf 85' lang='lat' dir='ltr'><strong>sit</strong></span> <span class='ocrx_word' id='word_1_275' title='bbox 2246 1258 2641 1326; x_wconf 82' lang='lat' dir='ltr'><strong>imperfectum,</strong></span> <span class='ocrx_word' id='word_1_276' title='bbox 2718 1261 2948 1313; x_wconf 92' lang='lat' dir='ltr'><strong>multum</strong></span> <span class='ocrx_word' id='word_1_277' title='bbox 3003 1259 3157 1317; x_wconf 87' lang='lat' dir='ltr'><strong>abest</strong></span> <span class='ocrx_word' id='word_1_278' title='bbox 3195 1274 3224 1311; x_wconf 93' lang='lat' dir='ltr'><strong>a</strong></span> <span class='ocrx_word' id='word_1_279' title='bbox 3298 1259 3696 1327; x_wconf 80' lang='lat' dir='ltr'><strong>perfectissimo</strong></span> 
     </span>
    </p>
   </div>
   <div class='ocr_carea' id='block_1_41' title="bbox 2121 1350 3695 1421">
    <p class='ocr_par' dir='ltr' id='par_1_41' title="bbox 2121 1350 3695 1421">
     <span class='ocr_line' id='line_1_41' title="bbox 2121 1350 3695 1421; baseline 0.001 -20"><span class='ocrx_word' id='word_1_280' title='bbox 2121 1350 2404 1418; x_wconf 83' lang='lat' dir='ltr'><strong>principio,</strong></span> <span class='ocrx_word' id='word_1_281' title='bbox 2429 1352 2514 1404; x_wconf 91' lang='lat' dir='ltr'><strong>cui</strong></span> <span class='ocrx_word' id='word_1_282' title='bbox 2552 1353 2639 1418; x_wconf 90' lang='lat' dir='ltr'><strong>qui</strong></span> <span class='ocrx_word' id='word_1_283' title='bbox 2663 1352 2834 1412; x_wconf 86' lang='lat' dir='ltr'><strong>addit,</strong></span> <span class='ocrx_word' id='word_1_284' title='bbox 2861 1350 3007 1405; x_wconf 86' lang='lat' dir='ltr'><strong>nulla</strong></span> <span class='ocrx_word' id='word_1_285' title='bbox 3056 1352 3258 1421; x_wconf 86' lang='lat' dir='ltr'><strong>alioqui</strong></span> <span class='ocrx_word' id='word_1_286' title='bbox 3295 1365 3352 1405; x_wconf 89' lang='lat' dir='ltr'><strong>re</strong></span> <span class='ocrx_word' id='word_1_287' title='bbox 3412 1351 3695 1418; x_wconf 71' lang='lat' dir='ltr'><strong>indigi-nti,</strong></span> 
     </span>
    </p>
   </div>
   <div class='ocr_carea' id='block_1_42' title="bbox 2123 1441 3698 1510">
    <p class='ocr_par' dir='ltr' id='par_1_42' title="bbox 2123 1441 3698 1510">
     <span class='ocr_line' id='line_1_42' title="bbox 2123 1441 3698 1510; baseline -0.001 -17"><span class='ocrx_word' id='word_1_288' title='bbox 2123 1443 2312 1495; x_wconf 88' lang='lat' dir='ltr'><strong>minuit</strong></span> <span class='ocrx_word' id='word_1_289' title='bbox 2337 1443 2606 1496; x_wconf 86' lang='lat' dir='ltr'><strong>addendo.</strong></span> <span class='ocrx_word' id='word_1_290' title='bbox 2639 1441 2821 1510; x_wconf 78' lang='lat' dir='ltr'><strong>Neque</strong></span> <span class='ocrx_word' id='word_1_291' title='bbox 2854 1444 2997 1509; x_wconf 91' lang='lat' dir='ltr'><strong>pium</strong></span> <span class='ocrx_word' id='word_1_292' title='bbox 3023 1442 3237 1509; x_wconf 86' lang='lat' dir='ltr'><strong>quidem</strong></span> <span class='ocrx_word' id='word_1_293' title='bbox 3267 1442 3372 1498; x_wconf 89' lang='lat' dir='ltr'><strong>erit</strong></span> <span class='ocrx_word' id='word_1_294' title='bbox 3405 1442 3659 1496; x_wconf 76' lang='lat' dir='ltr'><strong>existima</strong></span> <span class='ocrx_word' id='word_1_295' title='bbox 3687 1469 3698 1480; x_wconf 86' lang='lat'><strong>-</strong></span> 
     </span>
    </p>
   </div>
   <div class='ocr_carea' id='block_1_43' title="bbox 2130 1518 3694 1602">
    <p class='ocr_par' dir='ltr' id='par_1_43' title="bbox 2130 1518 3694 1602">
     <span class='ocr_line' id='line_1_43' title="bbox 2130 1518 3694 1602; baseline -0.001 -18"><span class='ocrx_word' id='word_1_296' title='bbox 2130 1548 2189 1585; x_wconf 93' lang='lat' dir='ltr'><strong>re</strong></span> <span class='ocrx_word' id='word_1_297' title='bbox 2218 1548 2322 1587; x_wconf 76' lang='lat' dir='ltr'><strong>non</strong></span> <span class='ocrx_word' id='word_1_298' title='bbox 2347 1533 2485 1585; x_wconf 92' lang='lat' dir='ltr'><strong>idem</strong></span> <span class='ocrx_word' id='word_1_299' title='bbox 2546 1518 2670 1586; x_wconf 80' lang='lat' dir='ltr'><strong>esse</strong></span> <span class='ocrx_word' id='word_1_300' title='bbox 2732 1532 3093 1586; x_wconf 81' lang='lat' dir='ltr'><strong>sitbstantiam</strong></span> <span class='ocrx_word' id='word_1_301' title='bbox 3129 1543 3184 1587; x_wconf 86' lang='lat' dir='ltr'><strong>et</strong></span> <span class='ocrx_word' id='word_1_302' title='bbox 3235 1534 3538 1602; x_wconf 85' lang='lat' dir='ltr'><strong>energiam,</strong></span> <span class='ocrx_word' id='word_1_303' title='bbox 3588 1547 3694 1584; x_wconf 91' lang='lat' dir='ltr'><strong>non</strong></span> 
     </span>
    </p>
   </div>
   <div class='ocr_carea' id='block_1_44' title="bbox 2124 1622 3696 1693">
    <p class='ocr_par' dir='ltr' id='par_1_44' title="bbox 2124 1622 3696 1693">
     <span class='ocr_line' id='line_1_44' title="bbox 2124 1622 3696 1693; baseline -0.003 -13"><span class='ocrx_word' id='word_1_304' title='bbox 2124 1627 2295 1679; x_wconf 85' lang='lat' dir='ltr'><strong>solum</strong></span> <span class='ocrx_word' id='word_1_305' title='bbox 2329 1637 2547 1693; x_wconf 83' lang='lat' dir='ltr'><strong>propter</strong></span> <span class='ocrx_word' id='word_1_306' title='bbox 2592 1641 2652 1678; x_wconf 90' lang='lat' dir='ltr'><strong>ea</strong></span> <span class='ocrx_word' id='word_1_307' title='bbox 2686 1642 2804 1693; x_wconf 77' lang='lat' dir='ltr'><strong>qua:</strong></span> <span class='ocrx_word' id='word_1_308' title='bbox 2835 1625 3017 1678; x_wconf 86' lang='lat' dir='ltr'><strong>Ariani</strong></span> <span class='ocrx_word' id='word_1_309' title='bbox 3053 1625 3363 1692; x_wconf 77' lang='lat' dir='ltr'><strong>blaspheme</strong></span> <span class='ocrx_word' id='word_1_310' title='bbox 3402 1626 3454 1677; x_wconf 88' lang='lat' dir='ltr'><strong>in</strong></span> <span class='ocrx_word' id='word_1_311' title='bbox 3501 1622 3696 1678; x_wconf 80' lang='lat' dir='ltr'><strong>Filium</strong></span> 
     </span>
    </p>
   </div>
   <div class='ocr_carea' id='block_1_45' title="bbox 2128 1712 3698 1786">
    <p class='ocr_par' dir='ltr' id='par_1_45' title="bbox 2128 1712 3698 1786">
     <span class='ocr_line' id='line_1_45' title="bbox 2128 1712 3698 1786; baseline 0.003 -22"><span class='ocrx_word' id='word_1_312' title='bbox 2128 1715 2218 1768; x_wconf 88' lang='lat' dir='ltr'><strong>Dei</strong></span> <span class='ocrx_word' id='word_1_313' title='bbox 2257 1719 2438 1769; x_wconf 87' lang='lat' dir='ltr'><strong>dicunt</strong></span> <span class='ocrx_word' id='word_1_314' title='bbox 2471 1755 2486 1778; x_wconf 92' lang='lat'><strong>,</strong></span> <span class='ocrx_word' id='word_1_315' title='bbox 2525 1717 2615 1769; x_wconf 85' lang='lat' dir='ltr'><strong>sed</strong></span> <span class='ocrx_word' id='word_1_316' title='bbox 2671 1717 2795 1784; x_wconf 88' lang='lat' dir='ltr'><strong>quia</strong></span> <span class='ocrx_word' id='word_1_317' title='bbox 2850 1712 3224 1784; x_wconf 74' lang='lat' dir='ltr'><strong>imperfectum</strong></span> <span class='ocrx_word' id='word_1_318' title='bbox 3271 1715 3473 1786; x_wconf 87' lang='lat' dir='ltr'><strong>aliquid</strong></span> <span class='ocrx_word' id='word_1_319' title='bbox 3520 1715 3698 1783; x_wconf 84' lang='lat' dir='ltr'><strong>perfe-</strong></span> 
     </span>
    </p>
   </div>
   <div class='ocr_carea' id='block_1_46' title="bbox 2124 1787 3699 1867">
    <p class='ocr_par' dir='ltr' id='par_1_46' title="bbox 2124 1787 3699 1867">
     <span class='ocr_line' id='line_1_46' title="bbox 2124 1787 3699 1867; baseline -0.003 -4"><span class='ocrx_word' id='word_1_320' title='bbox 2124 1809 2379 1863; x_wconf 78' lang='lat' dir='ltr'><strong>ctissimze</strong></span> <span class='ocrx_word' id='word_1_321' title='bbox 2408 1809 2598 1860; x_wconf 87' lang='lat' dir='ltr'><strong>unitati</strong></span> <span class='ocrx_word' id='word_1_322' title='bbox 2630 1787 3193 1862; x_wconf 80' lang='lat' dir='ltr'><strong>attribuereomninm</strong></span> <span class='ocrx_word' id='word_1_323' title='bbox 3231 1808 3614 1867; x_wconf 72' lang='lat' dir='ltr'><strong>lmdissimum,</strong></span> <span class='ocrx_word' id='word_1_324' title='bbox 3645 1820 3699 1862; x_wconf 78' lang='lat' dir='ltr'><strong>et</strong></span> 
     </span>
    </p>
   </div>
   <div class='ocr_carea' id='block_1_47' title="bbox 2120 1899 3078 1954">
    <p class='ocr_par' dir='ltr' id='par_1_47' title="bbox 2120 1899 3078 1954">
     <span class='ocr_line' id='line_1_47' title="bbox 2120 1899 3078 1954; baseline 0.006 -6"><span class='ocrx_word' id='word_1_325' title='bbox 2120 1914 2145 1948; x_wconf 85' lang='lat' dir='ltr'><strong>a</strong></span> <span class='ocrx_word' id='word_1_326' title='bbox 2191 1909 2397 1951; x_wconf 71' lang='grc' dir='ltr'>ι·.οιι‹›ιιε</span> <span class='ocrx_word' id='word_1_327' title='bbox 2440 1900 2674 1952; x_wconf 78' lang='lat' dir='ltr'><strong>maxime</strong></span> <span class='ocrx_word' id='word_1_328' title='bbox 2703 1899 2942 1952; x_wconf 88' lang='lat' dir='ltr'><strong>alienum</strong></span> <span class='ocrx_word' id='word_1_329' title='bbox 2973 1911 3078 1954; x_wconf 89' lang='lat' dir='ltr'><strong>est.</strong></span> 
     </span>
    </p>
   </div>
   <div class='ocr_carea' id='block_1_48' title="bbox 2752 1990 3096 2045">
    <p class='ocr_par' dir='ltr' id='par_1_48' title="bbox 2752 1990 3096 2045">
     <span class='ocr_line' id='line_1_48' title="bbox 2752 1990 3096 2045; baseline 0 -1"><span class='ocrx_word' id='word_1_330' title='bbox 2752 1990 2979 2045; x_wconf 86' lang='lat' dir='ltr'><strong>CAPUT</strong></span> <span class='ocrx_word' id='word_1_331' title='bbox 3040 1990 3096 2045; x_wconf 70' lang='grc' dir='ltr'><strong>ν.</strong></span> 
     </span>
    </p>
   </div>
   <div class='ocr_carea' id='block_1_49' title="bbox 2124 2080 3696 2152">
    <p class='ocr_par' dir='ltr' id='par_1_49' title="bbox 2124 2080 3696 2152">
     <span class='ocr_line' id='line_1_49' title="bbox 2124 2080 3696 2152; baseline 0.006 -21"><span class='ocrx_word' id='word_1_332' title='bbox 2124 2080 2273 2144; x_wconf 73' lang='lat' dir='ltr'><strong>Quod</strong></span> <span class='ocrx_word' id='word_1_333' title='bbox 2317 2085 2368 2134; x_wconf 86' lang='lat' dir='ltr'><strong>in</strong></span> <span class='ocrx_word' id='word_1_334' title='bbox 2420 2084 2637 2149; x_wconf 81' lang='lat' dir='ltr'><strong>unitate,</strong></span> <span class='ocrx_word' id='word_1_335' title='bbox 2681 2097 2795 2152; x_wconf 76' lang='lat' dir='ltr'><strong>qute</strong></span> <span class='ocrx_word' id='word_1_336' title='bbox 2847 2101 3006 2146; x_wconf 85' lang='lat' dir='ltr'><strong>supra</strong></span> <span class='ocrx_word' id='word_1_337' title='bbox 3060 2086 3408 2137; x_wconf 76' lang='lat' dir='ltr'><strong>substantiam</strong></span> <span class='ocrx_word' id='word_1_338' title='bbox 3444 2096 3696 2146; x_wconf 79' lang='lat' dir='ltr'><strong>est,.non</strong></span> 
     </span>
    </p>
   </div>
   <div class='ocr_carea' id='block_1_50' title="bbox 2192 2155 3704 2223">
    <p class='ocr_par' dir='ltr' id='par_1_50' title="bbox 2192 2155 3704 2223">
     <span class='ocr_line' id='line_1_50' title="bbox 2192 2155 3704 2223; baseline 0.003 -21"><span class='ocrx_word' id='word_1_339' title='bbox 2192 2162 2387 2212; x_wconf 78' lang='lat' dir='ltr'><strong>oportet</strong></span> <span class='ocrx_word' id='word_1_340' title='bbox 2415 2171 2643 2220; x_wconf 63' lang='lat' dir='ltr'><strong>qua’rere</strong></span> <span class='ocrx_word' id='word_1_341' title='bbox 2691 2156 2958 2223; x_wconf 85' lang='lat' dir='ltr'><strong>energiam</strong></span> <span class='ocrx_word' id='word_1_342' title='bbox 2990 2155 3064 2220; x_wconf 68' lang='grc' dir='ltr'><strong>(ἓ)</strong></span> <span class='ocrx_word' id='word_1_343' title='bbox 3097 2171 3186 2221; x_wconf 88' lang='lat' dir='ltr'><strong>per</strong></span> <span class='ocrx_word' id='word_1_344' title='bbox 3219 2171 3274 2209; x_wconf 83' lang='lat' dir='ltr'><strong>se</strong></span> <span class='ocrx_word' id='word_1_345' title='bbox 3304 2158 3415 2209; x_wconf 90' lang='lat' dir='ltr'><strong>sine</strong></span> <span class='ocrx_word' id='word_1_346' title='bbox 3458 2159 3704 2209; x_wconf 79' lang='lat' dir='ltr'><strong>substan—</strong></span> 
     </span>
    </p>
   </div>
   <div class='ocr_carea' id='block_1_51' title="bbox 2196 2225 3702 2292">
    <p class='ocr_par' dir='ltr' id='par_1_51' title="bbox 2196 2225 3702 2292">
     <span class='ocr_line' id='line_1_51' title="bbox 2196 2225 3702 2292; baseline 0.006 -20"><span class='ocrx_word' id='word_1_347' title='bbox 2196 2225 2286 2276; x_wconf 84' lang='lat' dir='ltr'><strong>tia.</strong></span> <span class='ocrx_word' id='word_1_348' title='bbox 2319 2235 2366 2275; x_wconf 85' lang='lat' dir='ltr'><strong>et</strong></span> <span class='ocrx_word' id='word_1_349' title='bbox 2397 2239 2495 2274; x_wconf 88' lang='lat' dir='ltr'><strong>non</strong></span> <span class='ocrx_word' id='word_1_350' title='bbox 2522 2239 2611 2285; x_wconf 85' lang='lat' dir='ltr'><strong>per</strong></span> <span class='ocrx_word' id='word_1_351' title='bbox 2658 2241 2707 2276; x_wconf 82' lang='lat' dir='ltr'><strong>se</strong></span> <span class='ocrx_word' id='word_1_352' title='bbox 2751 2227 3118 2284; x_wconf 77' lang='lat' dir='ltr'><strong>exsistentem;</strong></span> <span class='ocrx_word' id='word_1_353' title='bbox 3161 2242 3321 2292; x_wconf 84' lang='lat' dir='ltr'><strong>neque</strong></span> <span class='ocrx_word' id='word_1_354' title='bbox 3354 2227 3584 2292; x_wconf 84' lang='lat' dir='ltr'><strong>cogitare</strong></span> <span class='ocrx_word' id='word_1_355' title='bbox 3630 2230 3702 2280; x_wconf 83' lang='lat' dir='ltr'><strong>si-</strong></span> 
     </span>
    </p>
   </div>
   <div class='ocr_carea' id='block_1_52' title="bbox 2193 2292 3702 2364">
    <p class='ocr_par' dir='ltr' id='par_1_52' title="bbox 2193 2292 3702 2364">
     <span class='ocr_line' id='line_1_52' title="bbox 2193 2292 3702 2364; baseline 0.005 -23"><span class='ocrx_word' id='word_1_356' title='bbox 2193 2293 2302 2364; x_wconf 79' lang='lat' dir='ltr'><strong>mul</strong></span> <span class='ocrx_word' id='word_1_357' title='bbox 2333 2292 2480 2344; x_wconf 82' lang='lat' dir='ltr'><strong>aliud</strong></span> <span class='ocrx_word' id='word_1_358' title='bbox 2510 2295 2633 2360; x_wconf 83' lang='lat' dir='ltr'><strong>quid</strong></span> <span class='ocrx_word' id='word_1_359' title='bbox 2677 2310 2794 2345; x_wconf 80' lang='lat' dir='ltr'><strong>cum</strong></span> <span class='ocrx_word' id='word_1_360' title='bbox 2822 2296 2935 2353; x_wconf 79' lang='lat' dir='ltr'><strong>ipsa</strong></span> <span class='ocrx_word' id='word_1_361' title='bbox 2972 2297 3194 2356; x_wconf 83' lang='lat' dir='ltr'><strong>unitate,</strong></span> <span class='ocrx_word' id='word_1_362' title='bbox 3243 2312 3403 2364; x_wconf 83' lang='lat' dir='ltr'><strong>neque</strong></span> <span class='ocrx_word' id='word_1_363' title='bbox 3432 2299 3495 2348; x_wconf 87' lang='lat' dir='ltr'><strong>ab</strong></span> <span class='ocrx_word' id='word_1_364' title='bbox 3526 2315 3585 2350; x_wconf 87' lang='lat' dir='ltr'><strong>ea</strong></span> <span class='ocrx_word' id='word_1_365' title='bbox 3618 2300 3702 2349; x_wconf 83' lang='lat' dir='ltr'><strong>ai-</strong></span> 
     </span>
    </p>
   </div>
   <div class='ocr_carea' id='block_1_53' title="bbox 2192 2362 2960 2431">
    <p class='ocr_par' dir='ltr' id='par_1_53' title="bbox 2192 2362 2960 2431">
     <span class='ocr_line' id='line_1_53' title="bbox 2192 2362 2960 2431; baseline 0.005 -18"><span class='ocrx_word' id='word_1_366' title='bbox 2192 2362 2452 2431; x_wconf 82' lang='lat' dir='ltr'><strong>stinguers</strong></span> <span class='ocrx_word' id='word_1_367' title='bbox 2493 2380 2640 2416; x_wconf 85' lang='lat' dir='ltr'><strong>suam</strong></span> <span class='ocrx_word' id='word_1_368' title='bbox 2677 2367 2960 2431; x_wconf 74' lang='lat' dir='ltr'><strong>energima.</strong></span> 
     </span>
    </p>
   </div>
   <div class='ocr_carea' id='block_1_54' title="bbox 2198 2455 3701 2535">
    <p class='ocr_par' dir='ltr' id='par_1_54' title="bbox 2198 2455 3701 2535">
     <span class='ocr_line' id='line_1_54' title="bbox 2198 2455 3701 2535; baseline 0.004 -27"><span class='ocrx_word' id='word_1_369' title='bbox 2198 2456 2412 2524; x_wconf 80' lang='lat' dir='ltr'><strong>Magnus</strong></span> <span class='ocrx_word' id='word_1_370' title='bbox 2437 2455 2729 2510; x_wconf 85' lang='lat' dir='ltr'><strong>Basilinsin</strong></span> <span class='ocrx_word' id='word_1_371' title='bbox 2751 2468 2946 2535; x_wconf 84' lang='lat' dir='ltr'><strong>quarto</strong></span> <span class='ocrx_word' id='word_1_372' title='bbox 2966 2458 3104 2512; x_wconf 90' lang='lat' dir='ltr'><strong>libro</strong></span> <span class='ocrx_word' id='word_1_373' title='bbox 3119 2460 3225 2515; x_wconf 85' lang='grc' dir='ltr'><strong>τῶν</strong></span> <span class='ocrx_word' id='word_1_374' title='bbox 3255 2461 3701 2530; x_wconf 71' lang='grc' dir='ltr'><strong>’Δντιρῤητικιῖ›ν,</strong></span> 
     </span>
    </p>
   </div>
   <div class='ocr_carea' id='block_1_55' title="bbox 2127 2545 3703 2618">
    <p class='ocr_par' dir='ltr' id='par_1_55' title="bbox 2127 2545 3703 2618">
     <span class='ocr_line' id='line_1_55' title="bbox 2127 2545 3703 2618; baseline 0.006 -20"><span class='ocrx_word' id='word_1_375' title='bbox 2127 2561 2245 2614; x_wconf 83' lang='lat' dir='ltr'><strong>cap.</strong></span> <span class='ocrx_word' id='word_1_376' title='bbox 2281 2545 2344 2597; x_wconf 74' lang='grc' dir='ltr'><strong>ΞΗ</strong></span> <span class='ocrx_word' id='word_1_377' title='bbox 2378 2560 2394 2600; x_wconf 87' lang='lat'><strong>:</strong></span> <span class='ocrx_word' id='word_1_378' title='bbox 2428 2547 2483 2599; x_wconf 81' lang='lat' dir='ltr'><strong>Si</strong></span> <span class='ocrx_word' id='word_1_379' title='bbox 2521 2547 2641 2613; x_wconf 86' lang='lat' dir='ltr'><strong>quis</strong></span> <span class='ocrx_word' id='word_1_380' title='bbox 2685 2545 2821 2600; x_wconf 80' lang='lat' dir='ltr'><strong>dixit</strong></span> <span class='ocrx_word' id='word_1_381' title='bbox 2868 2562 3149 2615; x_wconf 86' lang='lat' dir='ltr'><strong>personam</strong></span> <span class='ocrx_word' id='word_1_382' title='bbox 3191 2548 3306 2603; x_wconf 89' lang='lat' dir='ltr'><strong>sine</strong></span> <span class='ocrx_word' id='word_1_383' title='bbox 3355 2553 3661 2608; x_wconf 77' lang='lat' dir='ltr'><strong>subsmntia</strong></span> <span class='ocrx_word' id='word_1_384' title='bbox 3688 2597 3703 2618; x_wconf 90' lang='lat'><strong>,</strong></span> 
     </span>
    </p>
   </div>
   <div class='ocr_carea' id='block_1_56' title="bbox 2131 2636 3698 2712">
    <p class='ocr_par' dir='ltr' id='par_1_56' title="bbox 2131 2636 3698 2712">
     <span class='ocr_line' id='line_1_56' title="bbox 2131 2636 3698 2712; baseline 0.007 -23"><span class='ocrx_word' id='word_1_385' title='bbox 2131 2636 2342 2706; x_wconf 76' lang='lat' dir='ltr'><strong>negavit</strong></span> <span class='ocrx_word' id='word_1_386' title='bbox 2377 2637 2538 2690; x_wconf 89' lang='lat' dir='ltr'><strong>etiam</strong></span> <span class='ocrx_word' id='word_1_387' title='bbox 2569 2639 2938 2693; x_wconf 75' lang='lat' dir='ltr'><strong>exsistentiam</strong></span> <span class='ocrx_word' id='word_1_388' title='bbox 2981 2642 3334 2703; x_wconf 66' lang='lat' dir='ltr'><strong>substantire;</strong></span> <span class='ocrx_word' id='word_1_389' title='bbox 3366 2643 3507 2712; x_wconf 88' lang='lat' dir='ltr'><strong>quod</strong></span> <span class='ocrx_word' id='word_1_390' title='bbox 3553 2648 3698 2700; x_wconf 90' lang='lat' dir='ltr'><strong>enim</strong></span> 
     </span>
    </p>
   </div>
   <div class='ocr_carea' id='block_1_57' title="bbox 2129 2731 3708 2803">
    <p class='ocr_par' dir='ltr' id='par_1_57' title="bbox 2129 2731 3708 2803">
     <span class='ocr_line' id='line_1_57' title="bbox 2129 2731 3708 2803; baseline 0.005 -22"><span class='ocrx_word' id='word_1_391' title='bbox 2129 2731 2484 2783; x_wconf 74' lang='lat' dir='ltr'><strong>substantiam</strong></span> <span class='ocrx_word' id='word_1_392' title='bbox 2523 2746 2626 2782; x_wconf 91' lang='lat' dir='ltr'><strong>non</strong></span> <span class='ocrx_word' id='word_1_393' title='bbox 2665 2731 2845 2802; x_wconf 76' lang='lat' dir='ltr'><strong>habet,</strong></span> <span class='ocrx_word' id='word_1_394' title='bbox 2883 2745 2934 2785; x_wconf 90' lang='lat' dir='ltr'><strong>et</strong></span> <span class='ocrx_word' id='word_1_395' title='bbox 2970 2748 3065 2799; x_wconf 90' lang='lat' dir='ltr'><strong>per</strong></span> <span class='ocrx_word' id='word_1_396' title='bbox 3110 2749 3167 2787; x_wconf 91' lang='lat' dir='ltr'><strong>se</strong></span> <span class='ocrx_word' id='word_1_397' title='bbox 3201 2737 3319 2803; x_wconf 75' lang='lat' dir='ltr'><strong>juou</strong></span> <span class='ocrx_word' id='word_1_398' title='bbox 3369 2739 3601 2801; x_wconf 72' lang='lat' dir='ltr'><strong>exsistit,</strong></span> <span class='ocrx_word' id='word_1_399' title='bbox 3635 2739 3708 2791; x_wconf 90' lang='lat' dir='ltr'><strong>si-</strong></span> 
     </span>
    </p>
   </div>
   <div class='ocr_carea' id='block_1_58' title="bbox 2127 2824 3707 2896">
    <p class='ocr_par' dir='ltr' id='par_1_58' title="bbox 2127 2824 3707 2896">
     <span class='ocr_line' id='line_1_58' title="bbox 2127 2824 3707 2896; baseline 0.008 -23"><span class='ocrx_word' id='word_1_400' title='bbox 2127 2824 2348 2891; x_wconf 76' lang='lat' dir='ltr'><strong>gnificat</strong></span> <span class='ocrx_word' id='word_1_401' title='bbox 2374 2831 2644 2885; x_wconf 86' lang='lat' dir='ltr'><strong>naturam,</strong></span> <span class='ocrx_word' id='word_1_402' title='bbox 2683 2838 2802 2891; x_wconf 64' lang='lat' dir='ltr'><strong>quae</strong></span> <span class='ocrx_word' id='word_1_403' title='bbox 2848 2840 2954 2877; x_wconf 90' lang='lat' dir='ltr'><strong>non</strong></span> <span class='ocrx_word' id='word_1_404' title='bbox 2986 2827 3224 2890; x_wconf 67' lang='lat' dir='ltr'><strong>exsistit,</strong></span> <span class='ocrx_word' id='word_1_405' title='bbox 3268 2842 3441 2893; x_wconf 85' lang='lat' dir='ltr'><strong>neque</strong></span> <span class='ocrx_word' id='word_1_406' title='bbox 3470 2835 3707 2896; x_wconf 67' lang='lat' dir='ltr'><strong>&#39;prorsus</strong></span> 
     </span>
    </p>
   </div>
   <div class='ocr_carea' id='block_1_59' title="bbox 2132 2900 3681 2985">
    <p class='ocr_par' dir='ltr' id='par_1_59' title="bbox 2132 2900 3681 2985">
     <span class='ocr_line' id='line_1_59' title="bbox 2132 2900 3681 2985; baseline 0.008 -22"><span class='ocrx_word' id='word_1_407' title='bbox 2132 2925 2236 2964; x_wconf 79' lang='lat' dir='ltr'><strong>est.</strong></span> <span class='ocrx_word' id='word_1_408' title='bbox 2269 2900 2564 2982; x_wconf 86' lang='lat' dir='ltr'><strong>Gregorius</strong></span> <span class='ocrx_word' id='word_1_409' title='bbox 2603 2914 2878 2982; x_wconf 78' lang='lat' dir='ltr'><strong>Nyssemts</strong></span> <span class='ocrx_word' id='word_1_410' title='bbox 2928 2916 3062 2969; x_wconf 91' lang='lat' dir='ltr'><strong>libro</strong></span> <span class='ocrx_word' id='word_1_411' title='bbox 3091 2916 3268 2985; x_wconf 92' lang='lat' dir='ltr'><strong>primo</strong></span> <span class='ocrx_word' id='word_1_412' title='bbox 3296 2917 3495 2973; x_wconf 79' lang='lat' dir='ltr'><strong>Contra</strong></span> <span class='ocrx_word' id='word_1_413' title='bbox 3530 2925 3681 2975; x_wconf 86' lang='lat' dir='ltr'><strong>Euno</strong></span> 
     </span>
    </p>
   </div>
   <div class='ocr_carea' id='block_1_60' title="bbox 2138 3001 3705 3078">
    <p class='ocr_par' dir='ltr' id='par_1_60' title="bbox 2138 3001 3705 3078">
     <span class='ocr_line' id='line_1_60' title="bbox 2138 3001 3705 3078; baseline 0.008 -24"><span class='ocrx_word' id='word_1_414' title='bbox 2138 3006 2300 3057; x_wconf 82' lang='lat' dir='ltr'><strong>mium</strong></span> <span class='ocrx_word' id='word_1_415' title='bbox 2340 3022 2357 3057; x_wconf 92' lang='lat'><strong><em>:</em></strong></span> <span class='ocrx_word' id='word_1_416' title='bbox 2406 3001 2462 3059; x_wconf 87' lang='lat' dir='ltr'><strong>Si</strong></span> <span class='ocrx_word' id='word_1_417' title='bbox 2490 3010 2657 3065; x_wconf 86' lang='lat' dir='ltr'><strong>enim,</strong></span> <span class='ocrx_word' id='word_1_418' title='bbox 2699 3009 2892 3074; x_wconf 74' lang='lat' dir='ltr'><strong>inquit,</strong></span> <span class='ocrx_word' id='word_1_419' title='bbox 2933 3011 3152 3078; x_wconf 81' lang='lat' dir='ltr'><strong>energia</strong></span> <span class='ocrx_word' id='word_1_420' title='bbox 3181 3010 3272 3064; x_wconf 90' lang='lat' dir='ltr'><strong>Dei</strong></span> <span class='ocrx_word' id='word_1_421' title='bbox 3308 3014 3570 3066; x_wconf 85' lang='lat' dir='ltr'><strong>naturalis</strong></span> <span class='ocrx_word' id='word_1_422' title='bbox 3600 3031 3705 3067; x_wconf 89' lang='lat' dir='ltr'><strong>non</strong></span> 
     </span>
    </p>
   </div>
   <div class='ocr_carea' id='block_1_61' title="bbox 2132 3098 3710 3172">
    <p class='ocr_par' dir='ltr' id='par_1_61' title="bbox 2132 3098 3710 3172">
     <span class='ocr_line' id='line_1_61' title="bbox 2132 3098 3710 3172; baseline 0.011 -27"><span class='ocrx_word' id='word_1_423' title='bbox 2132 3098 2343 3150; x_wconf 74' lang='lat' dir='ltr'><strong>exsistit</strong></span> <span class='ocrx_word' id='word_1_424' title='bbox 2369 3113 2461 3165; x_wconf 91' lang='lat' dir='ltr'><strong>per</strong></span> <span class='ocrx_word' id='word_1_425' title='bbox 2488 3111 2566 3160; x_wconf 91' lang='lat' dir='ltr'><strong>se,</strong></span> <span class='ocrx_word' id='word_1_426' title='bbox 2598 3108 2651 3151; x_wconf 90' lang='lat' dir='ltr'><strong>et</strong></span> <span class='ocrx_word' id='word_1_427' title='bbox 2687 3101 2736 3149; x_wconf 90' lang='lat' dir='ltr'><strong>in</strong></span> <span class='ocrx_word' id='word_1_428' title='bbox 2774 3099 2874 3152; x_wconf 82' lang='lat' dir='ltr'><strong>hac</strong></span> <span class='ocrx_word' id='word_1_429' title='bbox 2905 3101 3200 3156; x_wconf 89' lang='lat' dir='ltr'><strong>includitur</strong></span> <span class='ocrx_word' id='word_1_430' title='bbox 3218 3117 3354 3172; x_wconf 90' lang='lat' dir='ltr'><strong>opus</strong></span> <span class='ocrx_word' id='word_1_431' title='bbox 3383 3119 3446 3159; x_wconf 79' lang='lat' dir='ltr'><strong>ex</strong></span> <span class='ocrx_word' id='word_1_432' title='bbox 3485 3122 3591 3160; x_wconf 89' lang='lat' dir='ltr'><strong>non</strong></span> <span class='ocrx_word' id='word_1_433' title='bbox 3616 3122 3710 3162; x_wconf 72' lang='lat' dir='ltr'><strong>es-</strong></span> 
     </span>
    </p>
   </div>
   <div class='ocr_carea' id='block_1_62' title="bbox 451 3171 3710 3266">
    <p class='ocr_par' dir='ltr' id='par_1_62' title="bbox 451 3171 3710 3266">
     <span class='ocr_line' id='line_1_62' title="bbox 451 3171 3710 3266; baseline 0.002 -23"><span class='ocrx_word' id='word_1_434' title='bbox 451 3203 674 3243; x_wconf 87' lang='lat' dir='ltr'><strong>necesse</strong></span> <span class='ocrx_word' id='word_1_435' title='bbox 695 3196 778 3242; x_wconf 91' lang='lat' dir='ltr'><strong>est</strong></span> <span class='ocrx_word' id='word_1_436' title='bbox 815 3200 1033 3264; x_wconf 82' lang='lat' dir='ltr'><strong>servare</strong></span> <span class='ocrx_word' id='word_1_437' title='bbox 1083 3184 1279 3239; x_wconf 87' lang='lat' dir='ltr'><strong>Filium</strong></span> <span class='ocrx_word' id='word_1_438' title='bbox 1337 3183 1742 3237; x_wconf 89' lang='lat' dir='ltr'><strong>similitudinem</strong></span> <span class='ocrx_word' id='word_1_439' title='bbox 1771 3171 1786 3246; x_wconf 74' lang='grc' dir='ltr'>ξ</span> <span class='ocrx_word' id='word_1_440' title='bbox 1820 3196 1882 3234; x_wconf 90' lang='lat' dir='ltr'><strong>ac</strong></span> <span class='ocrx_word' id='word_1_441' title='bbox 1916 3199 2032 3239; x_wconf 88' lang='lat' dir='ltr'><strong>rnr.</strong></span> <span class='ocrx_word' id='word_1_442' title='bbox 2058 3209 2100 3266; x_wconf 64' lang='grc' dir='ltr'><strong>ρ</strong></span> <span class='ocrx_word' id='word_1_443' title='bbox 2137 3188 2363 3242; x_wconf 86' lang='lat' dir='ltr'><strong>sistente</strong></span> <span class='ocrx_word' id='word_1_444' title='bbox 2393 3188 2697 3241; x_wconf 84' lang='lat' dir='ltr'><strong>confectum</strong></span> <span class='ocrx_word' id='word_1_445' title='bbox 2719 3229 2735 3255; x_wconf 92' lang='lat'><strong>,</strong></span> <span class='ocrx_word' id='word_1_446' title='bbox 2771 3189 2891 3244; x_wconf 91' lang='lat' dir='ltr'><strong>talis</strong></span> <span class='ocrx_word' id='word_1_447' title='bbox 2933 3192 3088 3259; x_wconf 87' lang='lat' dir='ltr'><strong>plane</strong></span> <span class='ocrx_word' id='word_1_448' title='bbox 3115 3171 3324 3249; x_wconf 67' lang='lat' dir='ltr'><strong>natura</strong></span> <span class='ocrx_word' id='word_1_449' title='bbox 3356 3209 3477 3251; x_wconf 87' lang='lat' dir='ltr'><strong>esse</strong></span> <span class='ocrx_word' id='word_1_450' title='bbox 3508 3197 3710 3252; x_wconf 78' lang='lat' dir='ltr'><strong>intelli-</strong></span> 
     </span>
    </p>
   </div>
   <div class='ocr_carea' id='block_1_63' title="bbox 448 3272 2020 3343">
    <p class='ocr_par' dir='ltr' id='par_1_63' title="bbox 448 3272 2020 3343">
     <span class='ocr_line' id='line_1_63' title="bbox 448 3272 2020 3343; baseline -0.008 -10"><span class='ocrx_word' id='word_1_451' title='bbox 448 3295 540 3333; x_wconf 89' lang='lat' dir='ltr'><strong>sus</strong></span> <span class='ocrx_word' id='word_1_452' title='bbox 571 3295 673 3332; x_wconf 91' lang='lat' dir='ltr'><strong>non</strong></span> <span class='ocrx_word' id='word_1_453' title='bbox 700 3293 820 3331; x_wconf 80' lang='lat' dir='ltr'><strong>cum</strong></span> <span class='ocrx_word' id='word_1_454' title='bbox 849 3275 1153 3329; x_wconf 88' lang='lat' dir='ltr'><strong>substantia</strong></span> <span class='ocrx_word' id='word_1_455' title='bbox 1205 3273 1379 3343; x_wconf 87' lang='lat' dir='ltr'><strong>imago</strong></span> <span class='ocrx_word' id='word_1_456' title='bbox 1416 3272 1547 3325; x_wconf 79' lang='lat' dir='ltr'><strong>fet-et</strong></span> <span class='ocrx_word' id='word_1_457' title='bbox 1583 3272 2020 3336; x_wconf 84' lang='lat' dir='ltr'><strong>similitudinem,</strong></span> 
     </span>
    </p>
   </div>
   <div class='ocr_carea' id='block_1_64' title="bbox 374 3352 2023 3436">
    <p class='ocr_par' dir='ltr' id='par_1_64' title="bbox 374 3352 2023 3436">
     <span class='ocr_line' id='line_1_64' title="bbox 374 3352 2023 3436; baseline -0.007 -9"><span class='ocrx_word' id='word_1_458' title='bbox 374 3402 380 3407; x_wconf 94' lang='lat'><strong><em>-</em></strong></span> <span class='ocrx_word' id='word_1_459' title='bbox 449 3373 542 3427; x_wconf 85' lang='lat' dir='ltr'><strong>sed</strong></span> <span class='ocrx_word' id='word_1_460' title='bbox 577 3386 699 3424; x_wconf 86' lang='lat' dir='ltr'><strong>cum</strong></span> <span class='ocrx_word' id='word_1_461' title='bbox 723 3368 966 3436; x_wconf 82' lang='lat' dir='ltr'><strong>energia.</strong></span> <span class='ocrx_word' id='word_1_462' title='bbox 995 3367 1194 3421; x_wconf 82' lang='lat' dir='ltr'><strong>Contra</strong></span> <span class='ocrx_word' id='word_1_463' title='bbox 1230 3366 1329 3419; x_wconf 87' lang='lat' dir='ltr'><strong>lioc</strong></span> <span class='ocrx_word' id='word_1_464' title='bbox 1358 3375 1538 3417; x_wconf 87' lang='lat' dir='ltr'><strong>autem</strong></span> <span class='ocrx_word' id='word_1_465' title='bbox 1566 3364 1750 3432; x_wconf 85' lang='lat' dir='ltr'><strong>objicit</strong></span> <span class='ocrx_word' id='word_1_466' title='bbox 1795 3352 2023 3416; x_wconf 74' lang='lat' dir='ltr'><strong>Basilius</strong></span> 
     </span>
    </p>
   </div>
   <div class='ocr_carea' id='block_1_65' title="bbox 452 3455 2023 3528">
    <p class='ocr_par' dir='ltr' id='par_1_65' title="bbox 452 3455 2023 3528">
     <span class='ocr_line' id='line_1_65' title="bbox 452 3455 2023 3528; baseline -0.006 -11"><span class='ocrx_word' id='word_1_467' title='bbox 452 3467 592 3519; x_wconf 91' lang='lat' dir='ltr'><strong>libro</strong></span> <span class='ocrx_word' id='word_1_468' title='bbox 678 3464 915 3518; x_wconf 83' lang='lat' dir='ltr'><strong>secundo</strong></span> <span class='ocrx_word' id='word_1_469' title='bbox 965 3461 1087 3512; x_wconf 87' lang='grc' dir='ltr'>Τῶν</span> <span class='ocrx_word' id='word_1_470' title='bbox 1146 3457 1584 3528; x_wconf 74' lang='grc' dir='ltr'><strong>ἁντιρῤητικώνε</strong></span> <span class='ocrx_word' id='word_1_471' title='bbox 1623 3456 1678 3508; x_wconf 86' lang='lat' dir='ltr'><strong>Si</strong></span> <span class='ocrx_word' id='word_1_472' title='bbox 1706 3455 2023 3524; x_wconf 76' lang='lat' dir='ltr'><strong>Uuigenttus</strong></span> 
     </span>
    </p>
   </div>
   <div class='ocr_carea' id='block_1_66' title="bbox 451 3548 2024 3623">
    <p class='ocr_par' dir='ltr' id='par_1_66' title="bbox 451 3548 2024 3623">
     <span class='ocr_line' id='line_1_66' title="bbox 451 3548 2024 3623; baseline -0.008 -14"><span class='ocrx_word' id='word_1_473' title='bbox 451 3566 533 3609; x_wconf 89' lang='lat' dir='ltr'><strong>est</strong></span> <span class='ocrx_word' id='word_1_474' title='bbox 562 3555 737 3623; x_wconf 83' lang='lat' dir='ltr'><strong>imago</strong></span> <span class='ocrx_word' id='word_1_475' title='bbox 757 3552 1010 3622; x_wconf 65' lang='lat' dir='ltr'><strong>energim,</strong></span> <span class='ocrx_word' id='word_1_476' title='bbox 1040 3550 1258 3618; x_wconf 91' lang='lat' dir='ltr'><strong>energia</strong></span> <span class='ocrx_word' id='word_1_477' title='bbox 1298 3557 1478 3601; x_wconf 91' lang='lat' dir='ltr'><strong>autem</strong></span> <span class='ocrx_word' id='word_1_478' title='bbox 1514 3557 1598 3602; x_wconf 88' lang='lat' dir='ltr'><strong>est</strong></span> <span class='ocrx_word' id='word_1_479' title='bbox 1618 3548 1912 3615; x_wconf 75' lang='lat' dir='ltr'><strong>dignitatis,</strong></span> <span class='ocrx_word' id='word_1_480' title='bbox 1945 3548 2024 3600; x_wconf 91' lang='lat' dir='ltr'><strong>di-</strong></span> 
     </span>
    </p>
   </div>
   <div class='ocr_carea' id='block_1_67' title="bbox 455 3638 2023 3714">
    <p class='ocr_par' dir='ltr' id='par_1_67' title="bbox 455 3638 2023 3714">
     <span class='ocr_line' id='line_1_67' title="bbox 455 3638 2023 3714; baseline -0.004 -15"><span class='ocrx_word' id='word_1_481' title='bbox 455 3647 634 3714; x_wconf 77' lang='lat' dir='ltr'><strong>gnitas</strong></span> <span class='ocrx_word' id='word_1_482' title='bbox 681 3659 808 3697; x_wconf 73' lang='lat' dir='ltr'><strong>vero</strong></span> <span class='ocrx_word' id='word_1_483' title='bbox 839 3643 1179 3705; x_wconf 62' lang='lat' dir='ltr'><strong>substantia,</strong></span> <span class='ocrx_word' id='word_1_484' title='bbox 1205 3641 1313 3694; x_wconf 92' lang='lat' dir='ltr'><strong>erit</strong></span> <span class='ocrx_word' id='word_1_485' title='bbox 1343 3638 1666 3709; x_wconf 83' lang='lat' dir='ltr'><strong>Unigenitus</strong></span> <span class='ocrx_word' id='word_1_486' title='bbox 1711 3640 2023 3693; x_wconf 76' lang='lat' dir='ltr'><strong>substantize</strong></span> 
     </span>
    </p>
   </div>
   <div class='ocr_carea' id='block_1_68' title="bbox 459 3729 2031 3804">
    <p class='ocr_par' dir='ltr' id='par_1_68' title="bbox 459 3729 2031 3804">
     <span class='ocr_line' id='line_1_68' title="bbox 459 3729 2031 3804; baseline -0.004 -15"><span class='ocrx_word' id='word_1_487' title='bbox 459 3739 658 3804; x_wconf 88' lang='lat' dir='ltr'><strong>imago.</strong></span> <span class='ocrx_word' id='word_1_488' title='bbox 695 3736 761 3788; x_wconf 86' lang='lat' dir='ltr'><strong>Et</strong></span> <span class='ocrx_word' id='word_1_489' title='bbox 799 3734 1029 3803; x_wconf 87' lang='lat' dir='ltr'><strong>Gregor.</strong></span> <span class='ocrx_word' id='word_1_490' title='bbox 1064 3731 1295 3804; x_wconf 80' lang='lat' dir='ltr'><strong>Nyssen.</strong></span> <span class='ocrx_word' id='word_1_491' title='bbox 1330 3732 1382 3786; x_wconf 91' lang='lat' dir='ltr'><strong>in</strong></span> <span class='ocrx_word' id='word_1_492' title='bbox 1411 3733 1586 3799; x_wconf 90' lang='lat' dir='ltr'><strong>primo</strong></span> <span class='ocrx_word' id='word_1_493' title='bbox 1613 3729 1808 3784; x_wconf 74' lang='lat' dir='ltr'><strong>Contra</strong></span> <span class='ocrx_word' id='word_1_494' title='bbox 1850 3731 2031 3783; x_wconf 84' lang='lat' dir='ltr'><strong>Euno-</strong></span> 
     </span>
    </p>
   </div>
   <div class='ocr_carea' id='block_1_69' title="bbox 459 3813 2031 3890">
    <p class='ocr_par' dir='ltr' id='par_1_69' title="bbox 459 3813 2031 3890">
     <span class='ocr_line' id='line_1_69' title="bbox 459 3813 2031 3890; baseline -0.003 -11"><span class='ocrx_word' id='word_1_495' title='bbox 459 3829 623 3879; x_wconf 76' lang='lat' dir='ltr'><strong>mium</strong></span> <span class='ocrx_word' id='word_1_496' title='bbox 653 3841 671 3878; x_wconf 91' lang='lat'><strong><em>:</em></strong></span> <span class='ocrx_word' id='word_1_497' title='bbox 704 3825 891 3879; x_wconf 91' lang='lat' dir='ltr'><strong>Sinon</strong></span> <span class='ocrx_word' id='word_1_498' title='bbox 919 3833 1023 3887; x_wconf 90' lang='lat' dir='ltr'><strong>est,</strong></span> <span class='ocrx_word' id='word_1_499' title='bbox 1094 3823 1288 3890; x_wconf 91' lang='lat' dir='ltr'><strong>inquit,</strong></span> <span class='ocrx_word' id='word_1_500' title='bbox 1346 3822 1398 3874; x_wconf 90' lang='lat' dir='ltr'><strong>in</strong></span> <span class='ocrx_word' id='word_1_501' title='bbox 1444 3822 1659 3890; x_wconf 91' lang='lat' dir='ltr'><strong>propria</strong></span> <span class='ocrx_word' id='word_1_502' title='bbox 1729 3813 2031 3874; x_wconf 70' lang='lat' dir='ltr'><strong>substantia</strong></span> 
     </span>
    </p>
   </div>
   <div class='ocr_carea' id='block_1_70' title="bbox 460 3912 2033 4001">
    <p class='ocr_par' dir='ltr' id='par_1_70' title="bbox 460 3912 2033 4001">
     <span class='ocr_line' id='line_1_70' title="bbox 460 3912 2033 4001; baseline -0.002 -29"><span class='ocrx_word' id='word_1_503' title='bbox 460 3919 707 3984; x_wconf 88' lang='lat' dir='ltr'><strong>energia,</strong></span> <span class='ocrx_word' id='word_1_504' title='bbox 736 3931 856 3986; x_wconf 75' lang='lat' dir='ltr'><strong>quae</strong></span> <span class='ocrx_word' id='word_1_505' title='bbox 889 3916 1054 3970; x_wconf 90' lang='lat' dir='ltr'><strong>Deum</strong></span> <span class='ocrx_word' id='word_1_506' title='bbox 1082 3912 1301 3982; x_wconf 85' lang='lat' dir='ltr'><strong>quidem</strong></span> <span class='ocrx_word' id='word_1_507' title='bbox 1333 3912 1597 4001; x_wconf 65' lang='lat' dir='ltr'><strong>sequitur,</strong></span> <span class='ocrx_word' id='word_1_508' title='bbox 1658 3912 1850 3968; x_wconf 85' lang='lat' dir='ltr'><strong>Filium</strong></span> <span class='ocrx_word' id='word_1_509' title='bbox 1904 3929 2033 3969; x_wconf 85' lang='lat' dir='ltr'><strong>vero</strong></span> 
     </span>
    </p>
   </div>
   <div class='ocr_carea' id='block_1_71' title="bbox 458 4009 2034 4080">
    <p class='ocr_par' dir='ltr' id='par_1_71' title="bbox 458 4009 2034 4080">
     <span class='ocr_line' id='line_1_71' title="bbox 458 4009 2034 4080; baseline -0.003 -13"><span class='ocrx_word' id='word_1_510' title='bbox 458 4021 749 4080; x_wconf 84' lang='lat' dir='ltr'><strong>operatur;</strong></span> <span class='ocrx_word' id='word_1_511' title='bbox 784 4010 907 4079; x_wconf 87' lang='lat' dir='ltr'><strong>quis</strong></span> <span class='ocrx_word' id='word_1_512' title='bbox 939 4018 1046 4062; x_wconf 89' lang='lat' dir='ltr'><strong>tam</strong></span> <span class='ocrx_word' id='word_1_513' title='bbox 1081 4022 1257 4062; x_wconf 71' lang='lat' dir='ltr'><strong>caecus</strong></span> <span class='ocrx_word' id='word_1_514' title='bbox 1293 4015 1379 4061; x_wconf 90' lang='lat' dir='ltr'><strong>est</strong></span> <span class='ocrx_word' id='word_1_515' title='bbox 1409 4009 1500 4076; x_wconf 85' lang='lat' dir='ltr'><strong>qui</strong></span> <span class='ocrx_word' id='word_1_516' title='bbox 1539 4022 1643 4061; x_wconf 79' lang='lat' dir='ltr'><strong>non</strong></span> <span class='ocrx_word' id='word_1_517' title='bbox 1681 4010 1858 4062; x_wconf 81' lang='lat' dir='ltr'><strong>videat</strong></span> <span class='ocrx_word' id='word_1_518' title='bbox 1889 4009 2034 4064; x_wconf 84' lang='lat' dir='ltr'><strong>blas-</strong></span> 
     </span>
    </p>
   </div>
   <div class='ocr_carea' id='block_1_72' title="bbox 461 4099 2033 4172">
    <p class='ocr_par' dir='ltr' id='par_1_72' title="bbox 461 4099 2033 4172">
     <span class='ocr_line' id='line_1_72' title="bbox 461 4099 2033 4172; baseline -0.004 -13"><span class='ocrx_word' id='word_1_519' title='bbox 461 4104 731 4172; x_wconf 87' lang='lat' dir='ltr'><strong>phemiam</strong></span> <span class='ocrx_word' id='word_1_520' title='bbox 761 4099 1112 4156; x_wconf 82' lang='lat' dir='ltr'><strong>conlectam?</strong></span> <span class='ocrx_word' id='word_1_521' title='bbox 1172 4099 1250 4154; x_wconf 79' lang='lat' dir='ltr'><strong>Ex</strong></span> <span class='ocrx_word' id='word_1_522' title='bbox 1282 4100 1479 4169; x_wconf 87' lang='lat' dir='ltr'><strong>quibus</strong></span> <span class='ocrx_word' id='word_1_523' title='bbox 1547 4101 1603 4153; x_wconf 88' lang='lat' dir='ltr'><strong>tit</strong></span> <span class='ocrx_word' id='word_1_524' title='bbox 1664 4100 2033 4165; x_wconf 82' lang='lat' dir='ltr'><strong>manifestum,</strong></span> 
     </span>
    </p>
   </div>
   <div class='ocr_carea' id='block_1_73' title="bbox 2133 3279 3710 3358">
    <p class='ocr_par' dir='ltr' id='par_1_73' title="bbox 2133 3279 3710 3358">
     <span class='ocr_line' id='line_1_73' title="bbox 2133 3279 3710 3358; baseline 0.01 -28"><span class='ocrx_word' id='word_1_525' title='bbox 2133 3282 2276 3348; x_wconf 80' lang='lat' dir='ltr'><strong>gitur</strong></span> <span class='ocrx_word' id='word_1_526' title='bbox 2316 3279 2687 3358; x_wconf 68' lang='lat' dir='ltr'><strong>opuslactum</strong></span> <span class='ocrx_word' id='word_1_527' title='bbox 2719 3322 2732 3344; x_wconf 91' lang='lat'><strong>,</strong></span> <span class='ocrx_word' id='word_1_528' title='bbox 2773 3283 2952 3350; x_wconf 90' lang='lat' dir='ltr'><strong>qualis</strong></span> <span class='ocrx_word' id='word_1_529' title='bbox 2982 3294 3174 3338; x_wconf 87' lang='lat' dir='ltr'><strong>natura</strong></span> <span class='ocrx_word' id='word_1_530' title='bbox 3215 3286 3332 3354; x_wconf 90' lang='lat' dir='ltr'><strong>ejus</strong></span> <span class='ocrx_word' id='word_1_531' title='bbox 3373 3302 3552 3342; x_wconf 69' lang='lat' dir='ltr'><strong>causae</strong></span> <span class='ocrx_word' id='word_1_532' title='bbox 3591 3306 3710 3358; x_wconf 69' lang='lat' dir='ltr'><strong>qua:</strong></span> 
     </span>
    </p>
   </div>
   <div class='ocr_carea' id='block_1_74' title="bbox 2127 3356 3709 3449">
    <p class='ocr_par' dir='ltr' id='par_1_74' title="bbox 2127 3356 3709 3449">
     <span class='ocr_line' id='line_1_74' title="bbox 2127 3356 3709 3449; baseline 0.008 -24"><span class='ocrx_word' id='word_1_533' title='bbox 2127 3388 2262 3440; x_wconf 84' lang='lat' dir='ltr'><strong>opus</strong></span> <span class='ocrx_word' id='word_1_534' title='bbox 2301 3356 2478 3427; x_wconf 72' lang='lat' dir='ltr'><strong>eﬂecit</strong></span> <span class='ocrx_word' id='word_1_535' title='bbox 2506 3391 2519 3436; x_wconf 89' lang='lat'><strong>;</strong></span> <span class='ocrx_word' id='word_1_536' title='bbox 2552 3375 2878 3442; x_wconf 81' lang='lat' dir='ltr'><strong>cogitatione</strong></span> <span class='ocrx_word' id='word_1_537' title='bbox 2916 3374 3037 3430; x_wconf 79' lang='lat' dir='ltr'><strong>ﬁcta</strong></span> <span class='ocrx_word' id='word_1_538' title='bbox 3091 3389 3214 3442; x_wconf 89' lang='lat' dir='ltr'><strong>est;</strong></span> <span class='ocrx_word' id='word_1_539' title='bbox 3250 3380 3393 3449; x_wconf 90' lang='lat' dir='ltr'><strong>quod</strong></span> <span class='ocrx_word' id='word_1_540' title='bbox 3432 3384 3574 3436; x_wconf 89' lang='lat' dir='ltr'><strong>enim</strong></span> <span class='ocrx_word' id='word_1_541' title='bbox 3610 3356 3709 3437; x_wconf 12' lang='lat' dir='ltr'><strong>lfa-</strong></span> 
     </span>
    </p>
   </div>
   <div class='ocr_carea' id='block_1_75' title="bbox 2127 3465 3711 3542">
    <p class='ocr_par' dir='ltr' id='par_1_75' title="bbox 2127 3465 3711 3542">
     <span class='ocr_line' id='line_1_75' title="bbox 2127 3465 3711 3542; baseline 0.009 -29"><span class='ocrx_word' id='word_1_542' title='bbox 2127 3476 2384 3539; x_wconf 36' lang='lat' dir='ltr'><strong>etuttt&#39;esl</strong></span> <span class='ocrx_word' id='word_1_543' title='bbox 2427 3481 2489 3518; x_wconf 81' lang='lat' dir='ltr'><strong>ex</strong></span> <span class='ocrx_word' id='word_1_544' title='bbox 2545 3482 2648 3518; x_wconf 90' lang='lat' dir='ltr'><strong>non</strong></span> <span class='ocrx_word' id='word_1_545' title='bbox 2705 3465 3019 3529; x_wconf 80' lang='lat' dir='ltr'><strong>exsistente,</strong></span> <span class='ocrx_word' id='word_1_546' title='bbox 3068 3479 3120 3524; x_wconf 91' lang='lat' dir='ltr'><strong>et</strong></span> <span class='ocrx_word' id='word_1_547' title='bbox 3174 3473 3225 3524; x_wconf 87' lang='lat' dir='ltr'><strong>iit</strong></span> <span class='ocrx_word' id='word_1_548' title='bbox 3275 3487 3343 3528; x_wconf 92' lang='lat' dir='ltr'><strong>eo</strong></span> <span class='ocrx_word' id='word_1_549' title='bbox 3373 3476 3711 3542; x_wconf 86' lang='lat' dir='ltr'><strong>continetur,</strong></span> 
     </span>
    </p>
   </div>
   <div class='ocr_carea' id='block_1_76' title="bbox 2130 3557 3708 3624">
    <p class='ocr_par' dir='ltr' id='par_1_76' title="bbox 2130 3557 3708 3624">
     <span class='ocr_line' id='line_1_76' title="bbox 2130 3557 3708 3624; baseline 0.007 -14"><span class='ocrx_word' id='word_1_550' title='bbox 2130 3560 2380 3611; x_wconf 87' lang='lat' dir='ltr'><strong>omnibus</strong></span> <span class='ocrx_word' id='word_1_551' title='bbox 2419 3557 2760 3614; x_wconf 83' lang='lat' dir='ltr'><strong>manifestum</strong></span> <span class='ocrx_word' id='word_1_552' title='bbox 2817 3569 2901 3614; x_wconf 87' lang='lat' dir='ltr'><strong>est</strong></span> <span class='ocrx_word' id='word_1_553' title='bbox 2947 3575 3056 3616; x_wconf 90' lang='lat' dir='ltr'><strong>non</strong></span> <span class='ocrx_word' id='word_1_554' title='bbox 3111 3565 3397 3621; x_wconf 81' lang='lat' dir='ltr'><strong>exsistere.</strong></span> <span class='ocrx_word' id='word_1_555' title='bbox 3449 3568 3595 3624; x_wconf 85' lang='lat' dir='ltr'><strong>idem</strong></span> <span class='ocrx_word' id='word_1_556' title='bbox 3653 3571 3708 3624; x_wconf 78' lang='grc' dir='ltr'>ἱι</span> 
     </span>
    </p>
   </div>
   <div class='ocr_carea' id='block_1_77' title="bbox 2128 3651 3707 3732">
    <p class='ocr_par' dir='ltr' id='par_1_77' title="bbox 2128 3651 3707 3732">
     <span class='ocr_line' id='line_1_77' title="bbox 2128 3651 3707 3732; baseline 0.011 -32"><span class='ocrx_word' id='word_1_557' title='bbox 2128 3652 2327 3704; x_wconf 80' lang='lat' dir='ltr'><strong>eisdem</strong></span> <span class='ocrx_word' id='word_1_558' title='bbox 2365 3670 2376 3702; x_wconf 90' lang='lat'><strong>:</strong></span> <span class='ocrx_word' id='word_1_559' title='bbox 2411 3651 2670 3708; x_wconf 83' lang='lat' dir='ltr'><strong>Eﬂ&#39;ectum</strong></span> <span class='ocrx_word' id='word_1_560' title='bbox 2700 3654 2855 3729; x_wconf 75' lang='lat' dir='ltr'><strong>enim</strong></span> <span class='ocrx_word' id='word_1_561' title='bbox 2893 3672 2997 3709; x_wconf 87' lang='lat' dir='ltr'><strong>non</strong></span> <span class='ocrx_word' id='word_1_562' title='bbox 3033 3659 3349 3713; x_wconf 68' lang='lat' dir='ltr'><strong>exsistentis</strong></span> <span class='ocrx_word' id='word_1_563' title='bbox 3382 3678 3488 3717; x_wconf 92' lang='lat' dir='ltr'><strong>non</strong></span> <span class='ocrx_word' id='word_1_564' title='bbox 3519 3680 3707 3732; x_wconf 91' lang='lat' dir='ltr'><strong>parum</strong></span> 
     </span>
    </p>
   </div>
   <div class='ocr_carea' id='block_1_78' title="bbox 2133 3744 3714 3826">
    <p class='ocr_par' dir='ltr' id='par_1_78' title="bbox 2133 3744 3714 3826">
     <span class='ocr_line' id='line_1_78' title="bbox 2133 3744 3714 3826; baseline 0.012 -34"><span class='ocrx_word' id='word_1_565' title='bbox 2133 3744 2471 3799; x_wconf 84' lang='lat' dir='ltr'><strong>demonstrat</strong></span> <span class='ocrx_word' id='word_1_566' title='bbox 2519 3746 2833 3800; x_wconf 87' lang='lat' dir='ltr'><strong>consecutio</strong></span> <span class='ocrx_word' id='word_1_567' title='bbox 2891 3748 3005 3801; x_wconf 64' lang='lat' dir='ltr'><strong>bene</strong></span> <span class='ocrx_word' id='word_1_568' title='bbox 3056 3753 3397 3818; x_wconf 85' lang='lat' dir='ltr'><strong>necessaria;</strong></span> <span class='ocrx_word' id='word_1_569' title='bbox 3433 3757 3571 3823; x_wconf 85' lang='lat' dir='ltr'><strong>quin</strong></span> <span class='ocrx_word' id='word_1_570' title='bbox 3622 3774 3714 3826; x_wconf 88' lang='lat' dir='ltr'><strong>po-</strong></span> 
     </span>
    </p>
   </div>
   <div class='ocr_carea' id='block_1_79' title="bbox 2131 3834 3711 3913">
    <p class='ocr_par' dir='ltr' id='par_1_79' title="bbox 2131 3834 3711 3913">
     <span class='ocr_line' id='line_1_79' title="bbox 2131 3834 3711 3913; baseline 0.011 -28"><span class='ocrx_word' id='word_1_571' title='bbox 2131 3835 2238 3887; x_wconf 89' lang='lat' dir='ltr'><strong>tius</strong></span> <span class='ocrx_word' id='word_1_572' title='bbox 2289 3835 2368 3888; x_wconf 84' lang='lat' dir='ltr'><strong>sic</strong></span> <span class='ocrx_word' id='word_1_573' title='bbox 2412 3834 2748 3891; x_wconf 86' lang='lat' dir='ltr'><strong>demonstrat</strong></span> <span class='ocrx_word' id='word_1_574' title='bbox 2774 3879 2788 3901; x_wconf 95' lang='lat'><strong>,</strong></span> <span class='ocrx_word' id='word_1_575' title='bbox 2839 3848 2896 3891; x_wconf 92' lang='lat' dir='ltr'><strong>ttt</strong></span> <span class='ocrx_word' id='word_1_576' title='bbox 2933 3855 3110 3910; x_wconf 87' lang='lat' dir='ltr'><strong>neque</strong></span> <span class='ocrx_word' id='word_1_577' title='bbox 3146 3858 3241 3910; x_wconf 88' lang='lat' dir='ltr'><strong>per</strong></span> <span class='ocrx_word' id='word_1_578' title='bbox 3272 3846 3711 3913; x_wconf 52' lang='lat' dir='ltr'><strong>pratlicationent</strong></span> 
     </span>
    </p>
   </div>
   <div class='ocr_carea' id='block_1_80' title="bbox 2133 3928 3716 4003">
    <p class='ocr_par' dir='ltr' id='par_1_80' title="bbox 2133 3928 3716 4003">
     <span class='ocr_line' id='line_1_80' title="bbox 2133 3928 3716 4003; baseline 0.011 -23"><span class='ocrx_word' id='word_1_579' title='bbox 2133 3928 2312 3982; x_wconf 90' lang='lat' dir='ltr'><strong>dicere</strong></span> <span class='ocrx_word' id='word_1_580' title='bbox 2358 3931 2597 3996; x_wconf 92' lang='lat' dir='ltr'><strong>periculo</strong></span> <span class='ocrx_word' id='word_1_581' title='bbox 2646 3942 2800 3986; x_wconf 79' lang='lat' dir='ltr'><strong>vacet</strong></span> <span class='ocrx_word' id='word_1_582' title='bbox 2850 3933 2952 4003; x_wconf 75' lang='lat'><strong>(3).</strong></span> <span class='ocrx_word' id='word_1_583' title='bbox 3006 3935 3158 3988; x_wconf 93' lang='lat' dir='ltr'><strong>Sicut</strong></span> <span class='ocrx_word' id='word_1_584' title='bbox 3205 3939 3349 3992; x_wconf 88' lang='lat' dir='ltr'><strong>enim</strong></span> <span class='ocrx_word' id='word_1_585' title='bbox 3405 3945 3716 3997; x_wconf 88' lang='lat' dir='ltr'><strong>necessario</strong></span> 
     </span>
    </p>
   </div>
   <div class='ocr_carea' id='block_1_81' title="bbox 2137 4021 3713 4102">
    <p class='ocr_par' dir='ltr' id='par_1_81' title="bbox 2137 4021 3713 4102">
     <span class='ocr_line' id='line_1_81' title="bbox 2137 4021 3713 4102; baseline 0.012 -34"><span class='ocrx_word' id='word_1_586' title='bbox 2137 4021 2504 4074; x_wconf 72' lang='lat' dir='ltr'><strong>coiilitendum</strong></span> <span class='ocrx_word' id='word_1_587' title='bbox 2540 4031 2624 4076; x_wconf 92' lang='lat' dir='ltr'><strong>est</strong></span> <span class='ocrx_word' id='word_1_588' title='bbox 2657 4037 2776 4079; x_wconf 89' lang='lat' dir='ltr'><strong>esse</strong></span> <span class='ocrx_word' id='word_1_589' title='bbox 2811 4027 2957 4094; x_wconf 92' lang='lat' dir='ltr'><strong>quod</strong></span> <span class='ocrx_word' id='word_1_590' title='bbox 2991 4038 3171 4083; x_wconf 91' lang='lat' dir='ltr'><strong>ortum</strong></span> <span class='ocrx_word' id='word_1_591' title='bbox 3205 4028 3352 4083; x_wconf 91' lang='lat' dir='ltr'><strong>ducit</strong></span> <span class='ocrx_word' id='word_1_592' title='bbox 3379 4039 3441 4084; x_wconf 75' lang='lat' dir='ltr'><strong>ex</strong></span> <span class='ocrx_word' id='word_1_593' title='bbox 3469 4049 3533 4087; x_wconf 92' lang='lat' dir='ltr'><strong>eo</strong></span> <span class='ocrx_word' id='word_1_594' title='bbox 3567 4039 3713 4102; x_wconf 89' lang='lat' dir='ltr'><strong>quod</strong></span> 
     </span>
    </p>
   </div>
   <div class='ocr_carea' id='block_1_82' title="bbox 2137 4112 3712 4182">
    <p class='ocr_par' dir='ltr' id='par_1_82' title="bbox 2137 4112 3712 4182">
     <span class='ocr_line' id='line_1_82' title="bbox 2137 4112 3712 4182; baseline 0.014 -24"><span class='ocrx_word' id='word_1_595' title='bbox 2137 4119 2216 4162; x_wconf 77' lang='lat' dir='ltr'><strong>est</strong></span> <span class='ocrx_word' id='word_1_596' title='bbox 2250 4112 2363 4178; x_wconf 88' lang='lat' dir='ltr'><strong>(a);</strong></span> <span class='ocrx_word' id='word_1_597' title='bbox 2397 4113 2474 4166; x_wconf 86' lang='lat' dir='ltr'><strong>sic</strong></span> <span class='ocrx_word' id='word_1_598' title='bbox 2519 4123 2729 4180; x_wconf 86' lang='lat' dir='ltr'><strong>contra,</strong></span> <span class='ocrx_word' id='word_1_599' title='bbox 2756 4118 3063 4172; x_wconf 89' lang='lat' dir='ltr'><strong>necessario</strong></span> <span class='ocrx_word' id='word_1_600' title='bbox 3093 4120 3455 4177; x_wconf 84' lang='lat' dir='ltr'><strong>conﬁtendum</strong></span> <span class='ocrx_word' id='word_1_601' title='bbox 3479 4125 3584 4179; x_wconf 90' lang='lat' dir='ltr'><strong>erit</strong></span> <span class='ocrx_word' id='word_1_602' title='bbox 3605 4143 3712 4182; x_wconf 91' lang='lat' dir='ltr'><strong>non</strong></span> 
     </span>
    </p>
   </div>
   <div class='ocr_carea' id='block_1_83' title="bbox 1940 4223 2215 4287">
    <p class='ocr_par' dir='ltr' id='par_1_83' title="bbox 1940 4223 2215 4287">
     <span class='ocr_line' id='line_1_83' title="bbox 1940 4223 2215 4287; baseline 0.029 -8"><span class='ocrx_word' id='word_1_603' title='bbox 1940 4223 2215 4287; x_wconf 79' lang='lat' dir='ltr'><strong>Scholia.</strong></span> 
     </span>
    </p>
   </div>
   <div class='ocr_carea' id='block_1_84' title="bbox 462 4314 2031 4392">
    <p class='ocr_par' dir='ltr' id='par_1_84' title="bbox 462 4314 2031 4392">
     <span class='ocr_line' id='line_1_84' title="bbox 462 4314 2031 4392; baseline -0.005 -15"><span class='ocrx_word' id='word_1_604' title='bbox 462 4328 527 4379; x_wconf 84' lang='lat' dir='ltr'><strong>de</strong></span> <span class='ocrx_word' id='word_1_605' title='bbox 557 4338 663 4392; x_wconf 89' lang='lat' dir='ltr'><strong>qt.a</strong></span> <span class='ocrx_word' id='word_1_606' title='bbox 726 4319 885 4391; x_wconf 90' lang='lat' dir='ltr'><strong>paulo</strong></span> <span class='ocrx_word' id='word_1_607' title='bbox 932 4330 1058 4375; x_wconf 84' lang='lat' dir='ltr'><strong>ante</strong></span> <span class='ocrx_word' id='word_1_608' title='bbox 1112 4320 1353 4379; x_wconf 79' lang='lat' dir='ltr'><strong>memini.</strong></span> <span class='ocrx_word' id='word_1_609' title='bbox 1422 4314 1493 4392; x_wconf 83' lang='lat' dir='ltr'><strong>Ut</strong></span> <span class='ocrx_word' id='word_1_610' title='bbox 1529 4321 2031 4392; x_wconf 70' lang='lat' dir='ltr'><strong>\‘ero_at-t-ipieb.mt</strong></span> 
     </span>
    </p>
   </div>
   <div class='ocr_carea' id='block_1_85' title="bbox 468 4388 2029 4458">
    <p class='ocr_par' dir='ltr' id='par_1_85' title="bbox 468 4388 2029 4458">
     <span class='ocr_line' id='line_1_85' title="bbox 468 4388 2029 4458; baseline -0.003 -12"><span class='ocrx_word' id='word_1_611' title='bbox 468 4388 649 4447; x_wconf 68' lang='lat' dir='ltr'><strong>Ariani</strong></span> <span class='ocrx_word' id='word_1_612' title='bbox 677 4388 997 4444; x_wconf 62' lang='lat' dir='ltr'><strong>vocabulum</strong></span> <span class='ocrx_word' id='word_1_613' title='bbox 1033 4392 1269 4458; x_wconf 78' lang='lat' dir='ltr'><strong>energize</strong></span> <span class='ocrx_word' id='word_1_614' title='bbox 1304 4405 1401 4457; x_wconf 93' lang='lat' dir='ltr'><strong>pro</strong></span> <span class='ocrx_word' id='word_1_615' title='bbox 1439 4389 1636 4441; x_wconf 89' lang='lat' dir='ltr'><strong>virtute</strong></span> <span class='ocrx_word' id='word_1_616' title='bbox 1664 4388 1837 4440; x_wconf 66' lang='grc' dir='ltr'>Ρειιι·ι›</span> <span class='ocrx_word' id='word_1_617' title='bbox 1865 4406 2029 4458; x_wconf 67' lang='lat' dir='ltr'><strong>gane-</strong></span> 
     </span>
    </p>
   </div>
   <div class='ocr_carea' id='block_1_86' title="bbox 474 4458 2024 4526">
    <p class='ocr_par' dir='ltr' id='par_1_86' title="bbox 474 4458 2024 4526">
     <span class='ocr_line' id='line_1_86' title="bbox 474 4458 2024 4526; baseline -0.003 -12"><span class='ocrx_word' id='word_1_618' title='bbox 474 4466 630 4516; x_wconf 71' lang='lat' dir='ltr'><strong>‘:ttlva</strong></span> <span class='ocrx_word' id='word_1_619' title='bbox 657 4463 912 4526; x_wconf 87' lang='lat' dir='ltr'><strong>;aiebant</strong></span> <span class='ocrx_word' id='word_1_620' title='bbox 940 4460 1109 4514; x_wconf 76' lang='lat' dir='ltr'><strong>fuisse</strong></span> <span class='ocrx_word' id='word_1_621' title='bbox 1136 4459 1326 4512; x_wconf 74' lang='lat' dir='ltr'><strong>Filium</strong></span> <span class='ocrx_word' id='word_1_622' title='bbox 1350 4459 1404 4512; x_wconf 91' lang='lat' dir='ltr'><strong>in</strong></span> <span class='ocrx_word' id='word_1_623' title='bbox 1430 4458 1588 4511; x_wconf 80' lang='lat' dir='ltr'><strong>Patre</strong></span> <span class='ocrx_word' id='word_1_624' title='bbox 1615 4461 2024 4526; x_wconf 79' lang='grc' dir='ltr'><strong>σπερματικώς.</strong></span> 
     </span>
    </p>
   </div>
   <div class='ocr_carea' id='block_1_87' title="bbox 400 4528 2028 4599">
    <p class='ocr_par' dir='ltr' id='par_1_87' title="bbox 400 4528 2028 4599">
     <span class='ocr_line' id='line_1_87' title="bbox 400 4528 2028 4599; baseline -0.004 -14"><span class='ocrx_word' id='word_1_625' title='bbox 400 4574 411 4591; x_wconf 77' lang='lat'><strong>.</strong></span> <span class='ocrx_word' id='word_1_626' title='bbox 470 4536 550 4586; x_wconf 63' lang='lat' dir='ltr'><strong>At.</strong></span> <span class='ocrx_word' id='word_1_627' title='bbox 582 4531 761 4599; x_wconf 79' lang='lat' dir='ltr'><strong>inquit</strong></span> <span class='ocrx_word' id='word_1_628' title='bbox 787 4530 1145 4594; x_wconf 85' lang='lat' dir='ltr'><strong>Athanasius,</strong></span> <span class='ocrx_word' id='word_1_629' title='bbox 1169 4530 1213 4582; x_wconf 89' lang='lat' dir='ltr'><strong>si</strong></span> <span class='ocrx_word' id='word_1_630' title='bbox 1248 4528 1504 4599; x_wconf 87' lang='lat' dir='ltr'><strong>splendor</strong></span> <span class='ocrx_word' id='word_1_631' title='bbox 1530 4537 1611 4581; x_wconf 90' lang='lat' dir='ltr'><strong>est</strong></span> <span class='ocrx_word' id='word_1_632' title='bbox 1641 4529 1690 4599; x_wconf 57' lang='grc' dir='ltr'><strong>ῃ.</strong></span> <span class='ocrx_word' id='word_1_633' title='bbox 1720 4528 1834 4581; x_wconf 82' lang='lat' dir='ltr'><strong>luce</strong></span> <span class='ocrx_word' id='word_1_634' title='bbox 1861 4543 2028 4599; x_wconf 69' lang='lat' dir='ltr'><strong>arrep-</strong></span> 
     </span>
    </p>
   </div>
   <div class='ocr_carea' id='block_1_88' title="bbox 470 4597 2028 4663">
    <p class='ocr_par' dir='ltr' id='par_1_88' title="bbox 470 4597 2028 4663">
     <span class='ocr_line' id='line_1_88' title="bbox 470 4597 2028 4663; baseline -0.005 -8"><span class='ocrx_word' id='word_1_635' title='bbox 470 4597 730 4663; x_wconf 56' lang='lat' dir='ltr'><strong>aattxdiq,</strong></span> <span class='ocrx_word' id='word_1_636' title='bbox 759 4600 809 4652; x_wconf 92' lang='lat' dir='ltr'><strong>id</strong></span> <span class='ocrx_word' id='word_1_637' title='bbox 835 4609 937 4662; x_wconf 80' lang='lat' dir='ltr'><strong>est,</strong></span> <span class='ocrx_word' id='word_1_638' title='bbox 959 4599 1313 4661; x_wconf 87' lang='lat' dir='ltr'><strong>seminaliter,</strong></span> <span class='ocrx_word' id='word_1_639' title='bbox 1343 4599 1411 4651; x_wconf 91' lang='lat' dir='ltr'><strong>sit</strong></span> <span class='ocrx_word' id='word_1_640' title='bbox 1442 4598 1603 4652; x_wconf 89' lang='lat' dir='ltr'><strong>etiam</strong></span> <span class='ocrx_word' id='word_1_641' title='bbox 1639 4597 1827 4651; x_wconf 87' lang='lat' dir='ltr'><strong>Filius.</strong></span> <span class='ocrx_word' id='word_1_642' title='bbox 1870 4598 2028 4650; x_wconf 84' lang='lat' dir='ltr'><strong>Dein-</strong></span> 
     </span>
    </p>
   </div>
   <div class='ocr_carea' id='block_1_89' title="bbox 472 4666 2026 4738">
    <p class='ocr_par' dir='ltr' id='par_1_89' title="bbox 472 4666 2026 4738">
     <span class='ocr_line' id='line_1_89' title="bbox 472 4666 2026 4738; baseline -0.004 -12"><span class='ocrx_word' id='word_1_643' title='bbox 472 4672 528 4726; x_wconf 78' lang='lat' dir='ltr'><strong>Je</strong></span> <span class='ocrx_word' id='word_1_644' title='bbox 559 4673 771 4738; x_wconf 86' lang='lat' dir='ltr'><strong>genitus</strong></span> <span class='ocrx_word' id='word_1_645' title='bbox 796 4680 900 4732; x_wconf 85' lang='lat' dir='ltr'><strong>est,</strong></span> <span class='ocrx_word' id='word_1_646' title='bbox 945 4669 1138 4735; x_wconf 88' lang='lat' dir='ltr'><strong>inquit,</strong></span> <span class='ocrx_word' id='word_1_647' title='bbox 1166 4666 1334 4738; x_wconf 81' lang='lat' dir='ltr'><strong>Filius</strong></span> <span class='ocrx_word' id='word_1_648' title='bbox 1372 4668 1642 4734; x_wconf 85' lang='lat' dir='ltr'><strong>perlectus</strong></span> <span class='ocrx_word' id='word_1_649' title='bbox 1669 4683 1729 4720; x_wconf 78' lang='lat' dir='ltr'><strong>ex</strong></span> <span class='ocrx_word' id='word_1_650' title='bbox 1783 4671 2026 4738; x_wconf 63' lang='lat' dir='ltr'><strong>perferto</strong></span> 
     </span>
    </p>
   </div>
   <div class='ocr_carea' id='block_1_90' title="bbox 472 4725 2105 4807">
    <p class='ocr_par' dir='ltr' id='par_1_90' title="bbox 472 4725 2105 4807">
     <span class='ocr_line' id='line_1_90' title="bbox 472 4725 2105 4807; baseline -0.004 -13"><span class='ocrx_word' id='word_1_651' title='bbox 472 4725 516 4794; x_wconf 64' lang='grc' dir='ltr'>ἐι</span> <span class='ocrx_word' id='word_1_652' title='bbox 550 4725 652 4793; x_wconf 55' lang='lat' dir='ltr'><strong>rion</strong></span> <span class='ocrx_word' id='word_1_653' title='bbox 689 4725 940 4807; x_wconf 65' lang='grc' dir='ltr'><strong>προκοτέῇ</strong></span> <span class='ocrx_word' id='word_1_654' title='bbox 971 4725 1449 4805; x_wconf 55' lang='grc' dir='ltr'><strong>τέλειὸύμενοςξίιι</strong></span> <span class='ocrx_word' id='word_1_655' title='bbox 1475 4749 1574 4796; x_wconf 89' lang='lat' dir='ltr'><strong>est,</strong></span> <span class='ocrx_word' id='word_1_656' title='bbox 1610 4754 1712 4786; x_wconf 88' lang='lat' dir='ltr'><strong>non</strong></span> <span class='ocrx_word' id='word_1_657' title='bbox 1755 4725 1831 4788; x_wconf 72' lang='lat' dir='ltr'><strong>est</strong></span> <span class='ocrx_word' id='word_1_658' title='bbox 1899 4753 2024 4803; x_wconf 86' lang='lat' dir='ltr'><strong>pro-</strong></span> <span class='ocrx_word' id='word_1_659' title='bbox 2056 4725 2105 4782; x_wconf 79' lang='lat' dir='ltr'><strong>D</strong></span> 
     </span>
    </p>
   </div>
   <div class='ocr_carea' id='block_1_91' title="bbox 470 4807 2022 4875">
    <p class='ocr_par' dir='ltr' id='par_1_91' title="bbox 470 4807 2022 4875">
     <span class='ocr_line' id='line_1_91' title="bbox 470 4807 2022 4875; baseline -0.003 -13"><span class='ocrx_word' id='word_1_660' title='bbox 470 4810 694 4864; x_wconf 82' lang='lat' dir='ltr'><strong>&#39;iciendo</strong></span> <span class='ocrx_word' id='word_1_661' title='bbox 723 4811 786 4860; x_wconf 85' lang='lat' dir='ltr'><strong>ad</strong></span> <span class='ocrx_word' id='word_1_662' title='bbox 819 4812 1109 4875; x_wconf 78' lang='lat' dir='ltr'><strong>perrectum</strong></span> <span class='ocrx_word' id='word_1_663' title='bbox 1151 4809 1437 4866; x_wconf 89' lang='lat' dir='ltr'><strong>adductus,</strong></span> <span class='ocrx_word' id='word_1_664' title='bbox 1467 4807 1607 4858; x_wconf 91' lang='lat' dir='ltr'><strong>sicut</strong></span> <span class='ocrx_word' id='word_1_665' title='bbox 1634 4822 1750 4873; x_wconf 68' lang='lat' dir='ltr'><strong>qttzr</strong></span> <span class='ocrx_word' id='word_1_666' title='bbox 1777 4808 1826 4857; x_wconf 92' lang='lat' dir='ltr'><strong>in</strong></span> <span class='ocrx_word' id='word_1_667' title='bbox 1860 4809 2022 4858; x_wconf 80' lang='lat' dir='ltr'><strong>semi-</strong></span> 
     </span>
    </p>
   </div>
   <div class='ocr_carea' id='block_1_92' title="bbox 469 4876 2026 4942">
    <p class='ocr_par' dir='ltr' id='par_1_92' title="bbox 469 4876 2026 4942">
     <span class='ocr_line' id='line_1_92' title="bbox 469 4876 2026 4942; baseline -0.005 -9"><span class='ocrx_word' id='word_1_668' title='bbox 469 4898 530 4933; x_wconf 87' lang='lat' dir='ltr'><strong>ne</strong></span> <span class='ocrx_word' id='word_1_669' title='bbox 566 4879 1006 4940; x_wconf 88' lang='lat' dir='ltr'><strong>c0ntinebantur,</strong></span> <span class='ocrx_word' id='word_1_670' title='bbox 1044 4891 1110 4929; x_wconf 81' lang='lat' dir='ltr'><strong>ex</strong></span> <span class='ocrx_word' id='word_1_671' title='bbox 1148 4876 1464 4942; x_wconf 79' lang='lat' dir='ltr'><strong>imperfecto</strong></span> <span class='ocrx_word' id='word_1_672' title='bbox 1494 4881 1557 4927; x_wconf 90' lang='lat' dir='ltr'><strong>ad</strong></span> <span class='ocrx_word' id='word_1_673' title='bbox 1584 4877 1875 4940; x_wconf 81' lang='lat' dir='ltr'><strong>perl‘ecttnn</strong></span> <span class='ocrx_word' id='word_1_674' title='bbox 1901 4891 2026 4942; x_wconf 85' lang='lat' dir='ltr'><strong>pro-</strong></span> 
     </span>
    </p>
   </div>
   <div class='ocr_carea' id='block_1_93' title="bbox 465 4946 2030 5018">
    <p class='ocr_par' dir='ltr' id='par_1_93' title="bbox 465 4946 2030 5018">
     <span class='ocr_line' id='line_1_93' title="bbox 465 4946 2030 5018; baseline -0.003 -17"><span class='ocrx_word' id='word_1_675' title='bbox 465 4952 804 5018; x_wconf 81' lang='lat' dir='ltr'><strong>grediuntur.</strong></span> <span class='ocrx_word' id='word_1_676' title='bbox 834 4947 1060 5018; x_wconf 84' lang='lat' dir='ltr'><strong>Idcirco,</strong></span> <span class='ocrx_word' id='word_1_677' title='bbox 1082 4946 1257 5018; x_wconf 79' lang='lat' dir='ltr'><strong>inquit</strong></span> <span class='ocrx_word' id='word_1_678' title='bbox 1279 4946 1631 5007; x_wconf 84' lang='lat' dir='ltr'><strong>Athanasius,</strong></span> <span class='ocrx_word' id='word_1_679' title='bbox 1649 4947 2030 5018; x_wconf 74' lang='lat' dir='ltr'><strong>dixitAposto-</strong></span> 
     </span>
    </p>
   </div>
   <div class='ocr_carea' id='block_1_94' title="bbox 468 5015 2032 5082">
    <p class='ocr_par' dir='ltr' id='par_1_94' title="bbox 468 5015 2032 5082">
     <span class='ocr_line' id='line_1_94' title="bbox 468 5015 2032 5082; baseline -0.003 -10"><span class='ocrx_word' id='word_1_680' title='bbox 468 5015 550 5072; x_wconf 76' lang='lat' dir='ltr'><strong>lus</strong></span> <span class='ocrx_word' id='word_1_681' title='bbox 579 5017 868 5072; x_wconf 82' lang='lat' dir='ltr'><strong>Character</strong></span> <span class='ocrx_word' id='word_1_682' title='bbox 899 5017 1226 5076; x_wconf 63' lang='lat' dir='ltr'><strong>substantia,</strong></span> <span class='ocrx_word' id='word_1_683' title='bbox 1250 5025 1302 5067; x_wconf 90' lang='lat' dir='ltr'><strong>et</strong></span> <span class='ocrx_word' id='word_1_684' title='bbox 1334 5031 1440 5067; x_wconf 91' lang='lat' dir='ltr'><strong>non</strong></span> <span class='ocrx_word' id='word_1_685' title='bbox 1469 5029 1706 5082; x_wconf 75' lang='lat' dir='ltr'><strong>mergite.</strong></span> <span class='ocrx_word' id='word_1_686' title='bbox 1738 5015 2032 5068; x_wconf 65' lang='lat' dir='ltr'><strong>(Iliaractvr</strong></span> 
     </span>
    </p>
   </div>
   <div class='ocr_carea' id='block_1_95' title="bbox 468 5085 2029 5152">
    <p class='ocr_par' dir='ltr' id='par_1_95' title="bbox 468 5085 2029 5152">
     <span class='ocr_line' id='line_1_95' title="bbox 468 5085 2029 5152; baseline -0.003 -11"><span class='ocrx_word' id='word_1_687' title='bbox 468 5101 646 5141; x_wconf 83' lang='lat' dir='ltr'><strong>autent</strong></span> <span class='ocrx_word' id='word_1_688' title='bbox 698 5086 1014 5140; x_wconf 74' lang='lat' dir='ltr'><strong>substantia:</strong></span> <span class='ocrx_word' id='word_1_689' title='bbox 1042 5101 1144 5139; x_wconf 93' lang='lat' dir='ltr'><strong>non</strong></span> <span class='ocrx_word' id='word_1_690' title='bbox 1171 5085 1448 5152; x_wconf 88' lang='lat' dir='ltr'><strong>perticitur</strong></span> <span class='ocrx_word' id='word_1_691' title='bbox 1472 5087 1823 5150; x_wconf 73' lang='lat' dir='ltr'><strong>proliciendo,</strong></span> <span class='ocrx_word' id='word_1_692' title='bbox 1857 5087 1948 5138; x_wconf 89' lang='lat' dir='ltr'><strong>sed</strong></span> <span class='ocrx_word' id='word_1_693' title='bbox 1978 5085 2029 5137; x_wconf 88' lang='lat' dir='ltr'><strong>in</strong></span> 
     </span>
    </p>
   </div>
   <div class='ocr_carea' id='block_1_96' title="bbox 466 5154 2033 5227">
    <p class='ocr_par' dir='ltr' id='par_1_96' title="bbox 466 5154 2033 5227">
     <span class='ocr_line' id='line_1_96' title="bbox 466 5154 2033 5227; baseline -0.003 -16"><span class='ocrx_word' id='word_1_694' title='bbox 466 5159 583 5227; x_wconf 88' lang='lat' dir='ltr'><strong>ipsa</strong></span> <span class='ocrx_word' id='word_1_695' title='bbox 615 5156 849 5211; x_wconf 87' lang='lat' dir='ltr'><strong>essentia</strong></span> <span class='ocrx_word' id='word_1_696' title='bbox 887 5157 1053 5209; x_wconf 87' lang='lat' dir='ltr'><strong>habet</strong></span> <span class='ocrx_word' id='word_1_697' title='bbox 1103 5154 1488 5227; x_wconf 80' lang='lat' dir='ltr'><strong>perlectiOnetn</strong></span> <span class='ocrx_word' id='word_1_698' title='bbox 1521 5169 1534 5216; x_wconf 90' lang='lat'><strong>;</strong></span> <span class='ocrx_word' id='word_1_699' title='bbox 1579 5155 1900 5227; x_wconf 72' lang='lat' dir='ltr'><strong>sicutliomo</strong></span> <span class='ocrx_word' id='word_1_700' title='bbox 1949 5165 2033 5227; x_wconf 85' lang='lat' dir='ltr'><strong>est</strong></span> 
     </span>
    </p>
   </div>
   <div class='ocr_carea' id='block_1_97' title="bbox 465 5225 2032 5290">
    <p class='ocr_par' dir='ltr' id='par_1_97' title="bbox 465 5225 2032 5290">
     <span class='ocr_line' id='line_1_97' title="bbox 465 5225 2032 5290; baseline -0.003 -9"><span class='ocrx_word' id='word_1_701' title='bbox 465 5225 744 5281; x_wconf 78' lang='lat' dir='ltr'><strong>character</strong></span> <span class='ocrx_word' id='word_1_702' title='bbox 777 5227 1094 5279; x_wconf 77' lang='lat' dir='ltr'><strong>substantiae</strong></span> <span class='ocrx_word' id='word_1_703' title='bbox 1131 5226 1364 5277; x_wconf 91' lang='lat' dir='ltr'><strong>hominis</strong></span> <span class='ocrx_word' id='word_1_704' title='bbox 1420 5240 1523 5275; x_wconf 87' lang='lat' dir='ltr'><strong>non</strong></span> <span class='ocrx_word' id='word_1_705' title='bbox 1547 5240 1609 5275; x_wconf 77' lang='lat' dir='ltr'><strong>ex</strong></span> <span class='ocrx_word' id='word_1_706' title='bbox 1651 5225 1890 5290; x_wconf 76' lang='lat' dir='ltr'><strong>profectu</strong></span> <span class='ocrx_word' id='word_1_707' title='bbox 1917 5226 2032 5277; x_wconf 87' lang='lat' dir='ltr'><strong>sive</strong></span> 
     </span>
    </p>
   </div>
   <div class='ocr_carea' id='block_1_98' title="bbox 467 5294 2029 5366">
    <p class='ocr_par' dir='ltr' id='par_1_98' title="bbox 467 5294 2029 5366">
     <span class='ocr_line' id='line_1_98' title="bbox 467 5294 2029 5366; baseline -0.003 -16"><span class='ocrx_word' id='word_1_708' title='bbox 467 5300 866 5366; x_wconf 78' lang='lat' dir='ltr'><strong>progressione,</strong></span> <span class='ocrx_word' id='word_1_709' title='bbox 902 5297 994 5349; x_wconf 87' lang='lat' dir='ltr'><strong>sed</strong></span> <span class='ocrx_word' id='word_1_710' title='bbox 1027 5296 1084 5359; x_wconf 72' lang='grc' dir='ltr'><strong>ἐξ</strong></span> <span class='ocrx_word' id='word_1_711' title='bbox 1105 5295 1276 5364; x_wconf 77' lang='grc' dir='ltr'><strong>αὐτῆς</strong></span> <span class='ocrx_word' id='word_1_712' title='bbox 1308 5295 1406 5360; x_wconf 78' lang='grc' dir='ltr'><strong>τῆς</strong></span> <span class='ocrx_word' id='word_1_713' title='bbox 1438 5294 1788 5366; x_wconf 33' lang='grc' dir='ltr'><strong>ταυτρ-εητος,</strong></span> <span class='ocrx_word' id='word_1_714' title='bbox 1819 5294 1869 5366; x_wconf 84' lang='lat' dir='ltr'><strong>id</strong></span> <span class='ocrx_word' id='word_1_715' title='bbox 1926 5303 2029 5356; x_wconf 79' lang='lat' dir='ltr'><strong>est,</strong></span> 
     </span>
    </p>
   </div>
   <div class='ocr_carea' id='block_1_99' title="bbox 465 5362 2032 5435">
    <p class='ocr_par' dir='ltr' id='par_1_99' title="bbox 465 5362 2032 5435">
     <span class='ocr_line' id='line_1_99' title="bbox 465 5362 2032 5435; baseline -0.002 -15"><span class='ocrx_word' id='word_1_716' title='bbox 465 5362 674 5435; x_wconf 71' lang='lat' dir='ltr'><strong>eaipsa</strong></span> <span class='ocrx_word' id='word_1_717' title='bbox 731 5371 920 5420; x_wconf 89' lang='lat' dir='ltr'><strong>eadem</strong></span> <span class='ocrx_word' id='word_1_718' title='bbox 984 5375 1177 5419; x_wconf 86' lang='lat' dir='ltr'><strong>natura</strong></span> <span class='ocrx_word' id='word_1_719' title='bbox 1235 5362 1494 5419; x_wconf 81' lang='lat' dir='ltr'><strong>humana.</strong></span> <span class='ocrx_word' id='word_1_720' title='bbox 1575 5362 1801 5431; x_wconf 75' lang='lat' dir='ltr'><strong>Energia</strong></span> <span class='ocrx_word' id='word_1_721' title='bbox 1849 5365 2032 5429; x_wconf 84' lang='lat' dir='ltr'><strong>itaque</strong></span> 
     </span>
    </p>
   </div>
   <div class='ocr_carea' id='block_1_100' title="bbox 468 5435 2029 5504">
    <p class='ocr_par' dir='ltr' id='par_1_100' title="bbox 468 5435 2029 5504">
     <span class='ocr_line' id='line_1_100' title="bbox 468 5435 2029 5504; baseline 0 -17"><span class='ocrx_word' id='word_1_722' title='bbox 468 5453 585 5504; x_wconf 71' lang='lat' dir='ltr'><strong>qua:</strong></span> <span class='ocrx_word' id='word_1_723' title='bbox 621 5435 788 5490; x_wconf 85' lang='lat' dir='ltr'><strong>Deum</strong></span> <span class='ocrx_word' id='word_1_724' title='bbox 812 5437 1076 5504; x_wconf 85' lang='lat' dir='ltr'><strong>sequitur,</strong></span> <span class='ocrx_word' id='word_1_725' title='bbox 1111 5450 1216 5488; x_wconf 92' lang='lat' dir='ltr'><strong>non</strong></span> <span class='ocrx_word' id='word_1_726' title='bbox 1247 5437 1425 5488; x_wconf 68' lang='lat' dir='ltr'><strong>diﬂ‘ert</strong></span> <span class='ocrx_word' id='word_1_727' title='bbox 1459 5451 1486 5486; x_wconf 93' lang='lat' dir='ltr'><strong>a</strong></span> <span class='ocrx_word' id='word_1_728' title='bbox 1541 5437 1839 5487; x_wconf 80' lang='lat' dir='ltr'><strong>substantia</strong></span> <span class='ocrx_word' id='word_1_729' title='bbox 1891 5436 2029 5501; x_wconf 83' lang='lat' dir='ltr'><strong>ejus,</strong></span> 
     </span>
    </p>
   </div>
   <div class='ocr_carea' id='block_1_101' title="bbox 467 5506 2032 5576">
    <p class='ocr_par' dir='ltr' id='par_1_101' title="bbox 467 5506 2032 5576">
     <span class='ocr_line' id='line_1_101' title="bbox 467 5506 2032 5576; baseline -0.002 -16"><span class='ocrx_word' id='word_1_730' title='bbox 467 5515 561 5560; x_wconf 69' lang='lat' dir='ltr'><strong>sed</strong></span> <span class='ocrx_word' id='word_1_731' title='bbox 594 5510 732 5560; x_wconf 88' lang='lat' dir='ltr'><strong>idem</strong></span> <span class='ocrx_word' id='word_1_732' title='bbox 767 5509 986 5576; x_wconf 85' lang='lat' dir='ltr'><strong>penitus</strong></span> <span class='ocrx_word' id='word_1_733' title='bbox 1026 5517 1124 5570; x_wconf 80' lang='lat' dir='ltr'><strong>est,</strong></span> <span class='ocrx_word' id='word_1_734' title='bbox 1145 5521 1303 5560; x_wconf 81' lang='lat' dir='ltr'><strong>secus</strong></span> <span class='ocrx_word' id='word_1_735' title='bbox 1325 5507 1392 5558; x_wconf 80' lang='lat' dir='ltr'><strong>de</strong></span> <span class='ocrx_word' id='word_1_736' title='bbox 1429 5506 1861 5573; x_wconf 75' lang='lat' dir='ltr'><strong>Operationitius,</strong></span> <span class='ocrx_word' id='word_1_737' title='bbox 1912 5519 2032 5571; x_wconf 60' lang='lat' dir='ltr'><strong>quae</strong></span> 
     </span>
    </p>
   </div>
   <div class='ocr_carea' id='block_1_102' title="bbox 469 5575 2035 5645">
    <p class='ocr_par' dir='ltr' id='par_1_102' title="bbox 469 5575 2035 5645">
     <span class='ocr_line' id='line_1_102' title="bbox 469 5575 2035 5645; baseline -0.002 -15"><span class='ocrx_word' id='word_1_738' title='bbox 469 5595 573 5630; x_wconf 88' lang='lat' dir='ltr'><strong>non</strong></span> <span class='ocrx_word' id='word_1_739' title='bbox 601 5575 902 5645; x_wconf 83' lang='lat' dir='ltr'><strong>sequuntur</strong></span> <span class='ocrx_word' id='word_1_740' title='bbox 932 5588 1179 5629; x_wconf 86' lang='lat' dir='ltr'><strong>naturam</strong></span> <span class='ocrx_word' id='word_1_741' title='bbox 1207 5576 1467 5638; x_wconf 74' lang='lat' dir='ltr'><strong>divinam,</strong></span> <span class='ocrx_word' id='word_1_742' title='bbox 1503 5579 1597 5629; x_wconf 85' lang='lat' dir='ltr'><strong>sed</strong></span> <span class='ocrx_word' id='word_1_743' title='bbox 1631 5591 1694 5627; x_wconf 73' lang='lat' dir='ltr'><strong>ex</strong></span> <span class='ocrx_word' id='word_1_744' title='bbox 1759 5575 2035 5627; x_wconf 83' lang='lat' dir='ltr'><strong>voluntate</strong></span> 
     </span>
    </p>
   </div>
   <div class='ocr_carea' id='block_1_103' title="bbox 466 5647 1416 5715">
    <p class='ocr_par' dir='ltr' id='par_1_103' title="bbox 466 5647 1416 5715">
     <span class='ocr_line' id='line_1_103' title="bbox 466 5647 1416 5715; baseline -0.001 -16"><span class='ocrx_word' id='word_1_745' title='bbox 466 5652 606 5715; x_wconf 82' lang='lat' dir='ltr'><strong>ejus,</strong></span> <span class='ocrx_word' id='word_1_746' title='bbox 636 5659 819 5701; x_wconf 85' lang='lat' dir='ltr'><strong>etnon</strong></span> <span class='ocrx_word' id='word_1_747' title='bbox 850 5661 916 5699; x_wconf 79' lang='lat' dir='ltr'><strong>ex</strong></span> <span class='ocrx_word' id='word_1_748' title='bbox 950 5656 1141 5699; x_wconf 90' lang='lat' dir='ltr'><strong>natura</strong></span> <span class='ocrx_word' id='word_1_749' title='bbox 1159 5647 1416 5712; x_wconf 87' lang='lat' dir='ltr'><strong>pendent.</strong></span> 
     </span>
    </p>
   </div>
   <div class='ocr_carea' id='block_1_104' title="bbox 539 5731 2036 5808">
    <p class='ocr_par' dir='ltr' id='par_1_104' title="bbox 539 5731 2036 5808">
     <span class='ocr_line' id='line_1_104' title="bbox 539 5731 2036 5808; baseline -0.005 -15"><span class='ocrx_word' id='word_1_750' title='bbox 539 5741 616 5808; x_wconf 87' lang='lat' dir='ltr'><strong>(l)</strong></span> <span class='ocrx_word' id='word_1_751' title='bbox 649 5739 966 5801; x_wconf 66' lang='lat' dir='ltr'><strong>Nonautein</strong></span> <span class='ocrx_word' id='word_1_752' title='bbox 989 5731 1091 5792; x_wconf 68' lang='lat' dir='ltr'><strong>illa</strong></span> <span class='ocrx_word' id='word_1_753' title='bbox 1112 5739 1324 5807; x_wconf 85' lang='lat' dir='ltr'><strong>energia</strong></span> <span class='ocrx_word' id='word_1_754' title='bbox 1353 5736 1434 5790; x_wconf 79' lang='lat' dir='ltr'><strong>hic</strong></span> <span class='ocrx_word' id='word_1_755' title='bbox 1453 5737 1721 5789; x_wconf 85' lang='lat' dir='ltr'><strong>laudanda</strong></span> <span class='ocrx_word' id='word_1_756' title='bbox 1755 5745 1852 5798; x_wconf 88' lang='lat' dir='ltr'><strong>est,</strong></span> <span class='ocrx_word' id='word_1_757' title='bbox 1879 5751 2036 5805; x_wconf 86' lang='lat' dir='ltr'><strong>quam</strong></span> 
     </span>
    </p>
   </div>
   <div class='ocr_carea' id='block_1_105' title="bbox 2135 4331 3715 4400">
    <p class='ocr_par' dir='ltr' id='par_1_105' title="bbox 2135 4331 3715 4400">
     <span class='ocr_line' id='line_1_105' title="bbox 2135 4331 3715 4400; baseline 0.014 -21"><span class='ocrx_word' id='word_1_758' title='bbox 2135 4331 2384 4384; x_wconf 82' lang='lat' dir='ltr'><strong>habitudo</strong></span> <span class='ocrx_word' id='word_1_759' title='bbox 2406 4334 2651 4388; x_wconf 84' lang='lat' dir='ltr'><strong>continet.</strong></span> <span class='ocrx_word' id='word_1_760' title='bbox 2680 4334 2735 4390; x_wconf 69' lang='grc' dir='ltr'><strong>ιιι</strong></span> <span class='ocrx_word' id='word_1_761' title='bbox 2765 4344 2870 4400; x_wconf 90' lang='lat' dir='ltr'><strong>est,</strong></span> <span class='ocrx_word' id='word_1_762' title='bbox 2899 4352 3005 4390; x_wconf 92' lang='lat' dir='ltr'><strong>non</strong></span> <span class='ocrx_word' id='word_1_763' title='bbox 3035 4338 3316 4395; x_wconf 85' lang='lat' dir='ltr'><strong>laudamus</strong></span> <span class='ocrx_word' id='word_1_764' title='bbox 3336 4340 3505 4397; x_wconf 87' lang='lat' dir='ltr'><strong>Deum</strong></span> <span class='ocrx_word' id='word_1_765' title='bbox 3549 4345 3618 4400; x_wconf 89' lang='lat' dir='ltr'><strong>ab</strong></span> <span class='ocrx_word' id='word_1_766' title='bbox 3649 4360 3715 4399; x_wconf 80' lang='lat' dir='ltr'><strong>eo</strong></span> 
     </span>
    </p>
   </div>
   <div class='ocr_carea' id='block_1_106' title="bbox 2134 4403 3712 4482">
    <p class='ocr_par' dir='ltr' id='par_1_106' title="bbox 2134 4403 3712 4482">
     <span class='ocr_line' id='line_1_106' title="bbox 2134 4403 3712 4482; baseline 0.01 -34"><span class='ocrx_word' id='word_1_767' title='bbox 2134 4403 2275 4482; x_wconf 58' lang='lat' dir='ltr'><strong>quod</strong></span> <span class='ocrx_word' id='word_1_768' title='bbox 2302 4403 2367 4454; x_wconf 82' lang='lat' dir='ltr'><strong>sit</strong></span> <span class='ocrx_word' id='word_1_769' title='bbox 2405 4403 2515 4482; x_wconf 79' lang='lat' dir='ltr'><strong>ipsa</strong></span> <span class='ocrx_word' id='word_1_770' title='bbox 2561 4407 2822 4482; x_wconf 72' lang='lat' dir='ltr'><strong>operatio,</strong></span> <span class='ocrx_word' id='word_1_771' title='bbox 2869 4421 2989 4482; x_wconf 73' lang='lat' dir='ltr'><strong>qua:</strong></span> <span class='ocrx_word' id='word_1_772' title='bbox 3032 4408 3266 4482; x_wconf 68' lang='lat' dir='ltr'><strong>refertur</strong></span> <span class='ocrx_word' id='word_1_773' title='bbox 3295 4413 3362 4463; x_wconf 90' lang='lat' dir='ltr'><strong>ad</strong></span> <span class='ocrx_word' id='word_1_774' title='bbox 3399 4426 3712 4482; x_wconf 87' lang='lat' dir='ltr'><strong>operantem</strong></span> 
     </span>
    </p>
   </div>
   <div class='ocr_carea' id='block_1_107' title="bbox 2137 4468 3712 4545">
    <p class='ocr_par' dir='ltr' id='par_1_107' title="bbox 2137 4468 3712 4545">
     <span class='ocr_line' id='line_1_107' title="bbox 2137 4468 3712 4545; baseline 0.012 -25"><span class='ocrx_word' id='word_1_775' title='bbox 2137 4468 2327 4530; x_wconf 89' lang='lat' dir='ltr'><strong>Deum,</strong></span> <span class='ocrx_word' id='word_1_776' title='bbox 2349 4483 2403 4545; x_wconf 69' lang='lat' dir='ltr'><strong>et</strong></span> <span class='ocrx_word' id='word_1_777' title='bbox 2427 4468 2506 4526; x_wconf 80' lang='lat' dir='ltr'><strong>ad</strong></span> <span class='ocrx_word' id='word_1_778' title='bbox 2525 4468 2696 4541; x_wconf 79' lang='lat' dir='ltr'><strong>opus:</strong></span> <span class='ocrx_word' id='word_1_779' title='bbox 2719 4475 2833 4529; x_wconf 71' lang='lat' dir='ltr'><strong>haec</strong></span> <span class='ocrx_word' id='word_1_780' title='bbox 2859 4468 3002 4530; x_wconf 75' lang='lat' dir='ltr'><strong>enim</strong></span> <span class='ocrx_word' id='word_1_781' title='bbox 3026 4478 3216 4531; x_wconf 89' lang='lat' dir='ltr'><strong>relatio</strong></span> <span class='ocrx_word' id='word_1_782' title='bbox 3237 4490 3322 4533; x_wconf 90' lang='lat' dir='ltr'><strong>est</strong></span> <span class='ocrx_word' id='word_1_783' title='bbox 3347 4481 3396 4533; x_wconf 92' lang='lat' dir='ltr'><strong>in</strong></span> <span class='ocrx_word' id='word_1_784' title='bbox 3421 4468 3712 4545; x_wconf 70' lang='lat' dir='ltr'><strong>creaturis,</strong></span> 
     </span>
    </p>
   </div>
   <div class='ocr_carea' id='block_1_108' title="bbox 2133 4540 3712 4616">
    <p class='ocr_par' dir='ltr' id='par_1_108' title="bbox 2133 4540 3712 4616">
     <span class='ocr_line' id='line_1_108' title="bbox 2133 4540 3712 4616; baseline 0.011 -26"><span class='ocrx_word' id='word_1_785' title='bbox 2133 4555 2251 4616; x_wconf 65' lang='lat' dir='ltr'><strong>qua:</strong></span> <span class='ocrx_word' id='word_1_786' title='bbox 2289 4559 2316 4592; x_wconf 88' lang='lat' dir='ltr'><strong>a</strong></span> <span class='ocrx_word' id='word_1_787' title='bbox 2347 4540 2688 4616; x_wconf 25' lang='lat' dir='ltr'><strong>Deo‘peudet,</strong></span> <span class='ocrx_word' id='word_1_788' title='bbox 2709 4546 2851 4598; x_wconf 87' lang='lat' dir='ltr'><strong>sicut</strong></span> <span class='ocrx_word' id='word_1_789' title='bbox 2877 4555 3148 4607; x_wconf 88' lang='lat' dir='ltr'><strong>creatura.</strong></span> <span class='ocrx_word' id='word_1_790' title='bbox 3170 4555 3223 4600; x_wconf 94' lang='lat' dir='ltr'><strong>et</strong></span> <span class='ocrx_word' id='word_1_791' title='bbox 3246 4563 3304 4603; x_wconf 93' lang='lat' dir='ltr'><strong>ut</strong></span> <span class='ocrx_word' id='word_1_792' title='bbox 3333 4552 3586 4606; x_wconf 89' lang='lat' dir='ltr'><strong>accidens</strong></span> <span class='ocrx_word' id='word_1_793' title='bbox 3606 4540 3712 4616; x_wconf 71' lang='lat' dir='ltr'><strong>est,</strong></span> 
     </span>
    </p>
   </div>
   <div class='ocr_carea' id='block_1_109' title="bbox 2137 4612 3713 4689">
    <p class='ocr_par' dir='ltr' id='par_1_109' title="bbox 2137 4612 3713 4689">
     <span class='ocr_line' id='line_1_109' title="bbox 2137 4612 3713 4689; baseline 0.01 -28"><span class='ocrx_word' id='word_1_794' title='bbox 2137 4612 2187 4661; x_wconf 91' lang='lat' dir='ltr'><strong>in</strong></span> <span class='ocrx_word' id='word_1_795' title='bbox 2210 4612 2371 4689; x_wconf 65' lang='lat' dir='ltr'><strong>narret</strong></span> <span class='ocrx_word' id='word_1_796' title='bbox 2388 4613 2649 4679; x_wconf 88' lang='lat' dir='ltr'><strong>subjecto:</strong></span> <span class='ocrx_word' id='word_1_797' title='bbox 2669 4626 3150 4689; x_wconf 81' lang='lat' dir='ltr'><strong>utrumqt_te_autem</strong></span> <span class='ocrx_word' id='word_1_798' title='bbox 3169 4629 3254 4689; x_wconf 25' lang='lat' dir='ltr'><strong>est,</strong></span> <span class='ocrx_word' id='word_1_799' title='bbox 3269 4612 3713 4689; x_wconf 76' lang='lat' dir='ltr'><strong>imperfectioiiis,</strong></span> 
     </span>
    </p>
   </div>
   <div class='ocr_carea' id='block_1_110' title="bbox 2134 4681 3688 4760">
    <p class='ocr_par' dir='ltr' id='par_1_110' title="bbox 2134 4681 3688 4760">
     <span class='ocr_line' id='line_1_110' title="bbox 2134 4681 3688 4760; baseline 0.009 -29"><span class='ocrx_word' id='word_1_800' title='bbox 2134 4689 2188 4732; x_wconf 92' lang='lat' dir='ltr'><strong>et</strong></span> <span class='ocrx_word' id='word_1_801' title='bbox 2210 4681 2460 4760; x_wconf 48' lang='lat' dir='ltr'><strong>ideonnon</strong></span> <span class='ocrx_word' id='word_1_802' title='bbox 2499 4694 2675 4750; x_wconf 89' lang='lat' dir='ltr'><strong>potest</strong></span> <span class='ocrx_word' id='word_1_803' title='bbox 2697 4681 2913 4760; x_wconf 82' lang='lat' dir='ltr'><strong>attribui</strong></span> <span class='ocrx_word' id='word_1_804' title='bbox 2946 4686 3053 4739; x_wconf 92' lang='lat' dir='ltr'><strong>Deo</strong></span> <span class='ocrx_word' id='word_1_805' title='bbox 3071 4687 3253 4760; x_wconf 89' lang='lat' dir='ltr'><strong>;_quod</strong></span> <span class='ocrx_word' id='word_1_806' title='bbox 3278 4681 3458 4760; x_wconf 73' lang='lat' dir='ltr'><strong>sinon</strong></span> <span class='ocrx_word' id='word_1_807' title='bbox 3479 4702 3562 4744; x_wconf 88' lang='lat' dir='ltr'><strong>est</strong></span> <span class='ocrx_word' id='word_1_808' title='bbox 3586 4709 3688 4760; x_wconf 91' lang='lat' dir='ltr'><strong>ope</strong></span> 
     </span>
    </p>
   </div>
   <div class='ocr_carea' id='block_1_111' title="bbox 2137 4749 3716 4828">
    <p class='ocr_par' dir='ltr' id='par_1_111' title="bbox 2137 4749 3716 4828">
     <span class='ocr_line' id='line_1_111' title="bbox 2137 4749 3716 4828; baseline 0.009 -28"><span class='ocrx_word' id='word_1_809' title='bbox 2137 4755 2279 4828; x_wconf 53' lang='lat' dir='ltr'><strong>ratio</strong></span> <span class='ocrx_word' id='word_1_810' title='bbox 2325 4749 2617 4828; x_wconf 19' lang='lat' dir='ltr'><strong>Deusanec</strong></span> <span class='ocrx_word' id='word_1_811' title='bbox 2636 4757 2932 4828; x_wconf 84' lang='lat' dir='ltr'><strong>erit_opus,</strong></span> <span class='ocrx_word' id='word_1_812' title='bbox 2964 4755 3104 4825; x_wconf 90' lang='lat' dir='ltr'><strong>quod</strong></span> <span class='ocrx_word' id='word_1_813' title='bbox 3130 4749 3451 4825; x_wconf 76' lang='lat' dir='ltr'><strong>operatione</strong></span> <span class='ocrx_word' id='word_1_814' title='bbox 3482 4749 3716 4828; x_wconf 60' lang='lat' dir='ltr'><strong>perlicit.</strong></span> 
     </span>
    </p>
   </div>
   <div class='ocr_carea' id='block_1_112' title="bbox 2209 4819 3716 4897">
    <p class='ocr_par' dir='ltr' id='par_1_112' title="bbox 2209 4819 3716 4897">
     <span class='ocr_line' id='line_1_112' title="bbox 2209 4819 3716 4897; baseline 0.008 -25"><span class='ocrx_word' id='word_1_815' title='bbox 2209 4819 2285 4897; x_wconf 64' lang='grc' dir='ltr'><strong>(Ξ)</strong></span> <span class='ocrx_word' id='word_1_816' title='bbox 2325 4819 2548 4889; x_wconf 85' lang='lat' dir='ltr'><strong>Energia</strong></span> <span class='ocrx_word' id='word_1_817' title='bbox 2582 4819 3059 4897; x_wconf 56' lang='lat' dir='ltr'><strong>pr0prie&#39;vocat&#39;ur</strong></span> <span class='ocrx_word' id='word_1_818' title='bbox 3084 4819 3345 4893; x_wconf 75' lang='lat' dir='ltr'><strong>operatio,</strong></span> <span class='ocrx_word' id='word_1_819' title='bbox 3373 4819 3494 4897; x_wconf 69' lang='lat' dir='ltr'><strong>quae.</strong></span> <span class='ocrx_word' id='word_1_820' title='bbox 3522 4819 3716 4884; x_wconf 41' lang='lat' dir='ltr'><strong>conseé</strong></span> 
     </span>
    </p>
   </div>
   <div class='ocr_carea' id='block_1_113' title="bbox 2135 4895 3710 4966">
    <p class='ocr_par' dir='ltr' id='par_1_113' title="bbox 2135 4895 3710 4966">
     <span class='ocr_line' id='line_1_113' title="bbox 2135 4895 3710 4966; baseline 0.01 -29"><span class='ocrx_word' id='word_1_821' title='bbox 2135 4896 2317 4966; x_wconf 75' lang='lat' dir='ltr'><strong>quitur</strong></span> <span class='ocrx_word' id='word_1_822' title='bbox 2340 4899 2758 4966; x_wconf 67' lang='lat' dir='ltr'><strong>naturam,qu_a;</strong></span> <span class='ocrx_word' id='word_1_823' title='bbox 2786 4903 2870 4948; x_wconf 90' lang='lat' dir='ltr'><strong>est</strong></span> <span class='ocrx_word' id='word_1_824' title='bbox 2899 4895 3070 4948; x_wconf 85' lang='lat' dir='ltr'><strong>virtus</strong></span> <span class='ocrx_word' id='word_1_825' title='bbox 3098 4895 3528 4966; x_wconf 50' lang='lat' dir='ltr'><strong>operandifquze</strong></span> <span class='ocrx_word' id='word_1_826' title='bbox 3551 4909 3633 4954; x_wconf 87' lang='lat' dir='ltr'><strong>est</strong></span> <span class='ocrx_word' id='word_1_827' title='bbox 3657 4903 3710 4954; x_wconf 94' lang='lat' dir='ltr'><strong>in</strong></span> 
     </span>
    </p>
   </div>
   <div class='ocr_carea' id='block_1_114' title="bbox 2141 4958 3708 5036">
    <p class='ocr_par' dir='ltr' id='par_1_114' title="bbox 2141 4958 3708 5036">
     <span class='ocr_line' id='line_1_114' title="bbox 2141 4958 3708 5036; baseline 0.006 -25"><span class='ocrx_word' id='word_1_828' title='bbox 2141 4962 2246 5012; x_wconf 83' lang='lat' dir='ltr'><strong>Deo</strong></span> <span class='ocrx_word' id='word_1_829' title='bbox 2279 4958 2508 5036; x_wconf 69' lang='lat' dir='ltr'><strong>inﬁnita.</strong></span> <span class='ocrx_word' id='word_1_830' title='bbox 2540 4958 2722 5036; x_wconf 42' lang='lat' dir='ltr'><strong>Aria—ni</strong></span> <span class='ocrx_word' id='word_1_831' title='bbox 2745 4958 2906 5017; x_wconf 27' lang='lat' dir='ltr'><strong>(enim</strong></span> <span class='ocrx_word' id='word_1_832' title='bbox 2933 4958 3250 5036; x_wconf 2' lang='lat' dir='ltr'><strong>penergii&#39;atn,</strong></span> <span class='ocrx_word' id='word_1_833' title='bbox 3283 4958 3396 5024; x_wconf 77' lang='lat' dir='ltr'><strong>sive</strong></span> <span class='ocrx_word' id='word_1_834' title='bbox 3427 4958 3708 5036; x_wconf 76' lang='lat' dir='ltr'><strong>operatio-</strong></span> 
     </span>
    </p>
   </div>
   <div class='ocr_carea' id='block_1_115' title="bbox 2141 5027 3718 5101">
    <p class='ocr_par' dir='ltr' id='par_1_115' title="bbox 2141 5027 3718 5101">
     <span class='ocr_line' id='line_1_115' title="bbox 2141 5027 3718 5101; baseline 0.009 -23"><span class='ocrx_word' id='word_1_835' title='bbox 2141 5043 2259 5101; x_wconf 66' lang='lat' dir='ltr'><strong>t_:e_m</strong></span> <span class='ocrx_word' id='word_1_836' title='bbox 2297 5027 2385 5081; x_wconf 88' lang='lat' dir='ltr'><strong>Dei</strong></span> <span class='ocrx_word' id='word_1_837' title='bbox 2439 5033 2738 5086; x_wconf 90' lang='lat' dir='ltr'><strong>naturalem</strong></span> <span class='ocrx_word' id='word_1_838' title='bbox 2785 5049 2811 5084; x_wconf 91' lang='lat' dir='ltr'><strong>a</strong></span> <span class='ocrx_word' id='word_1_839' title='bbox 2865 5027 3164 5087; x_wconf 65' lang='lat' dir='ltr'><strong>substauiia</strong></span> <span class='ocrx_word' id='word_1_840' title='bbox 3191 5027 3632 5101; x_wconf 81' lang='lat' dir='ltr'><strong>distinguebant,</strong></span> <span class='ocrx_word' id='word_1_841' title='bbox 3662 5054 3718 5096; x_wconf 83' lang='lat' dir='ltr'><strong>et</strong></span> 
     </span>
    </p>
   </div>
   <div class='ocr_carea' id='block_1_116' title="bbox 2139 5097 3715 5173">
    <p class='ocr_par' dir='ltr' id='par_1_116' title="bbox 2139 5097 3715 5173">
     <span class='ocr_line' id='line_1_116' title="bbox 2139 5097 3715 5173; baseline 0.009 -23"><span class='ocrx_word' id='word_1_842' title='bbox 2139 5097 2333 5173; x_wconf 85' lang='lat' dir='ltr'><strong>Filium</strong></span> <span class='ocrx_word' id='word_1_843' title='bbox 2369 5102 2582 5173; x_wconf 78' lang='lat' dir='ltr'><strong>aiebant</strong></span> <span class='ocrx_word' id='word_1_844' title='bbox 2611 5116 2728 5155; x_wconf 90' lang='lat' dir='ltr'><strong>esse</strong></span> <span class='ocrx_word' id='word_1_845' title='bbox 2761 5119 2865 5155; x_wconf 91' lang='lat' dir='ltr'><strong>non</strong></span> <span class='ocrx_word' id='word_1_846' title='bbox 2913 5118 2977 5156; x_wconf 79' lang='lat' dir='ltr'><strong>ex</strong></span> <span class='ocrx_word' id='word_1_847' title='bbox 3022 5106 3322 5160; x_wconf 89' lang='lat' dir='ltr'><strong>substantia</strong></span> <span class='ocrx_word' id='word_1_848' title='bbox 3365 5097 3490 5173; x_wconf 81' lang='lat' dir='ltr'><strong>Dei,</strong></span> <span class='ocrx_word' id='word_1_849' title='bbox 3526 5097 3629 5163; x_wconf 83' lang='lat' dir='ltr'><strong>sed</strong></span> <span class='ocrx_word' id='word_1_850' title='bbox 3650 5127 3715 5164; x_wconf 84' lang='lat' dir='ltr'><strong>ex</strong></span> 
     </span>
    </p>
   </div>
   <div class='ocr_carea' id='block_1_117' title="bbox 2143 5170 3714 5245">
    <p class='ocr_par' dir='ltr' id='par_1_117' title="bbox 2143 5170 3714 5245">
     <span class='ocr_line' id='line_1_117' title="bbox 2143 5170 3714 5245; baseline 0.007 -25"><span class='ocrx_word' id='word_1_851' title='bbox 2143 5171 2359 5245; x_wconf 73' lang='lat' dir='ltr'><strong>energia</strong></span> <span class='ocrx_word' id='word_1_852' title='bbox 2395 5170 2534 5238; x_wconf 86' lang='lat' dir='ltr'><strong>ejus,</strong></span> <span class='ocrx_word' id='word_1_853' title='bbox 2590 5173 2640 5245; x_wconf 84' lang='lat' dir='ltr'><strong>id</strong></span> <span class='ocrx_word' id='word_1_854' title='bbox 2683 5186 2887 5245; x_wconf 46' lang='lat' dir='ltr'><strong>esqex</strong></span> <span class='ocrx_word' id='word_1_855' title='bbox 2916 5175 3114 5227; x_wconf 87' lang='lat' dir='ltr'><strong>virtute</strong></span> <span class='ocrx_word' id='word_1_856' title='bbox 3152 5170 3505 5245; x_wconf 46' lang='lat' dir='ltr'><strong>generativa&#39;;</strong></span> <span class='ocrx_word' id='word_1_857' title='bbox 3557 5187 3614 5232; x_wconf 91' lang='lat' dir='ltr'><strong>at</strong></span> <span class='ocrx_word' id='word_1_858' title='bbox 3662 5179 3714 5233; x_wconf 80' lang='lat' dir='ltr'><strong>in</strong></span> 
     </span>
    </p>
   </div>
   <div class='ocr_carea' id='block_1_118' title="bbox 2143 5239 3715 5318">
    <p class='ocr_par' dir='ltr' id='par_1_118' title="bbox 2143 5239 3715 5318">
     <span class='ocr_line' id='line_1_118' title="bbox 2143 5239 3715 5318; baseline 0.008 -28"><span class='ocrx_word' id='word_1_859' title='bbox 2143 5239 2250 5291; x_wconf 76' lang='lat' dir='ltr'><strong>Deo</strong></span> <span class='ocrx_word' id='word_1_860' title='bbox 2280 5243 2608 5318; x_wconf 87' lang='lat' dir='ltr'><strong>o_mne_quod</strong></span> <span class='ocrx_word' id='word_1_861' title='bbox 2639 5251 2744 5318; x_wconf 68' lang='lat' dir='ltr'><strong>est,</strong></span> <span class='ocrx_word' id='word_1_862' title='bbox 2777 5243 2917 5318; x_wconf 77' lang='lat' dir='ltr'><strong>Deus</strong></span> <span class='ocrx_word' id='word_1_863' title='bbox 2947 5253 3027 5296; x_wconf 86' lang='lat' dir='ltr'><strong>est</strong></span> <span class='ocrx_word' id='word_1_864' title='bbox 3055 5239 3287 5318; x_wconf 58' lang='lat' dir='ltr'><strong>quiacst</strong></span> <span class='ocrx_word' id='word_1_865' title='bbox 3316 5257 3469 5318; x_wconf 83' lang='lat' dir='ltr'><strong>actus</strong></span> <span class='ocrx_word' id='word_1_866' title='bbox 3490 5239 3674 5318; x_wconf 18' lang='lat' dir='ltr'><strong>&#39;puirus</strong></span> <span class='ocrx_word' id='word_1_867' title='bbox 3701 5267 3715 5312; x_wconf 91' lang='lat'><strong>;</strong></span> 
     </span>
    </p>
   </div>
   <div class='ocr_carea' id='block_1_119' title="bbox 2143 5311 3713 5384">
    <p class='ocr_par' dir='ltr' id='par_1_119' title="bbox 2143 5311 3713 5384">
     <span class='ocr_line' id='line_1_119' title="bbox 2143 5311 3713 5384; baseline 0.009 -24"><span class='ocrx_word' id='word_1_868' title='bbox 2143 5326 2246 5384; x_wconf 81' lang='lat' dir='ltr'><strong>non</strong></span> <span class='ocrx_word' id='word_1_869' title='bbox 2277 5311 2420 5384; x_wconf 84' lang='lat' dir='ltr'><strong>sicut</strong></span> <span class='ocrx_word' id='word_1_870' title='bbox 2447 5314 2501 5384; x_wconf 89' lang='lat' dir='ltr'><strong>in</strong></span> <span class='ocrx_word' id='word_1_871' title='bbox 2525 5311 2750 5384; x_wconf 83' lang='lat' dir='ltr'><strong>angelis,</strong></span> <span class='ocrx_word' id='word_1_872' title='bbox 2782 5312 2897 5382; x_wconf 88' lang='lat' dir='ltr'><strong>qui,</strong></span> <span class='ocrx_word' id='word_1_873' title='bbox 2944 5323 2998 5366; x_wconf 91' lang='lat' dir='ltr'><strong>ut</strong></span> <span class='ocrx_word' id='word_1_874' title='bbox 3034 5316 3108 5367; x_wconf 80' lang='lat' dir='ltr'><strong>ait</strong></span> <span class='ocrx_word' id='word_1_875' title='bbox 3135 5314 3417 5384; x_wconf 84' lang='lat' dir='ltr'><strong>Dionysius</strong></span> <span class='ocrx_word' id='word_1_876' title='bbox 3461 5311 3519 5372; x_wconf 80' lang='lat' dir='ltr'><strong>iri</strong></span> <span class='ocrx_word' id='word_1_877' title='bbox 3547 5311 3713 5373; x_wconf 64' lang='grc' dir='ltr'><strong>οωιεᾷ</strong></span> 
     </span>
    </p>
   </div>
   <div class='ocr_carea' id='block_1_120' title="bbox 2142 5381 3714 5448">
    <p class='ocr_par' dir='ltr' id='par_1_120' title="bbox 2142 5381 3714 5448">
     <span class='ocr_line' id='line_1_120' title="bbox 2142 5381 3714 5448; baseline 0.006 -17"><span class='ocrx_word' id='word_1_878' title='bbox 2142 5381 2209 5431; x_wconf 86' lang='lat' dir='ltr'><strong>sti</strong></span> <span class='ocrx_word' id='word_1_879' title='bbox 2246 5381 2558 5444; x_wconf 72' lang='lat' dir='ltr'><strong>hieran-Itin;</strong></span> <span class='ocrx_word' id='word_1_880' title='bbox 2597 5381 2912 5435; x_wconf 65' lang='lat' dir='ltr'><strong>dividuntur</strong></span> <span class='ocrx_word' id='word_1_881' title='bbox 2940 5385 2989 5434; x_wconf 90' lang='lat' dir='ltr'><strong>itt</strong></span> <span class='ocrx_word' id='word_1_882' title='bbox 3024 5381 3406 5448; x_wconf 79' lang='lat' dir='ltr'><strong>substantiam,</strong></span> <span class='ocrx_word' id='word_1_883' title='bbox 3459 5388 3714 5443; x_wconf 84' lang='lat' dir='ltr'><strong>virtutem</strong></span> 
     </span>
    </p>
   </div>
   <div class='ocr_carea' id='block_1_121' title="bbox 2143 5454 3713 5517">
    <p class='ocr_par' dir='ltr' id='par_1_121' title="bbox 2143 5454 3713 5517">
     <span class='ocr_line' id='line_1_121' title="bbox 2143 5454 3713 5517; baseline 0.004 -15"><span class='ocrx_word' id='word_1_884' title='bbox 2143 5463 2193 5502; x_wconf 87' lang='lat' dir='ltr'><strong>et</strong></span> <span class='ocrx_word' id='word_1_885' title='bbox 2227 5462 2591 5515; x_wconf 74' lang='lat' dir='ltr'><strong>operationem</strong></span> <span class='ocrx_word' id='word_1_886' title='bbox 2629 5470 2641 5505; x_wconf 91' lang='lat'><strong>:</strong></span> <span class='ocrx_word' id='word_1_887' title='bbox 2675 5455 2818 5506; x_wconf 90' lang='lat' dir='ltr'><strong>unde</strong></span> <span class='ocrx_word' id='word_1_888' title='bbox 2861 5454 3000 5506; x_wconf 86' lang='lat' dir='ltr'><strong>aliud</strong></span> <span class='ocrx_word' id='word_1_889' title='bbox 3030 5466 3113 5507; x_wconf 85' lang='lat' dir='ltr'><strong>est</strong></span> <span class='ocrx_word' id='word_1_890' title='bbox 3159 5457 3209 5507; x_wconf 92' lang='lat' dir='ltr'><strong>in</strong></span> <span class='ocrx_word' id='word_1_891' title='bbox 3246 5458 3325 5509; x_wconf 73' lang='lat' dir='ltr'><strong>ris</strong></span> <span class='ocrx_word' id='word_1_892' title='bbox 3367 5460 3667 5513; x_wconf 82' lang='lat' dir='ltr'><strong>substantia</strong></span> <span class='ocrx_word' id='word_1_893' title='bbox 3699 5499 3713 5517; x_wconf 86' lang='lat'><strong>,</strong></span> 
     </span>
    </p>
   </div>
   <div class='ocr_carea' id='block_1_122' title="bbox 2142 5520 3714 5592">
    <p class='ocr_par' dir='ltr' id='par_1_122' title="bbox 2142 5520 3714 5592">
     <span class='ocr_line' id='line_1_122' title="bbox 2142 5520 3714 5592; baseline 0.008 -22"><span class='ocrx_word' id='word_1_894' title='bbox 2142 5521 2283 5571; x_wconf 78' lang='lat' dir='ltr'><strong>aliud</strong></span> <span class='ocrx_word' id='word_1_895' title='bbox 2313 5520 2484 5574; x_wconf 87' lang='lat' dir='ltr'><strong>&#39;virtus</strong></span> <span class='ocrx_word' id='word_1_896' title='bbox 2514 5523 2872 5592; x_wconf 63' lang='lat' dir='ltr'><strong>intelligendi,</strong></span> <span class='ocrx_word' id='word_1_897' title='bbox 2908 5525 3050 5576; x_wconf 91' lang='lat' dir='ltr'><strong>aliud</strong></span> <span class='ocrx_word' id='word_1_898' title='bbox 3075 5525 3390 5582; x_wconf 87' lang='lat' dir='ltr'><strong>intellectio.</strong></span> <span class='ocrx_word' id='word_1_899' title='bbox 3418 5531 3555 5585; x_wconf 82' lang='lat' dir='ltr'><strong>Deus</strong></span> <span class='ocrx_word' id='word_1_900' title='bbox 3586 5544 3714 5584; x_wconf 85' lang='lat' dir='ltr'><strong>vero</strong></span> 
     </span>
    </p>
   </div>
   <div class='ocr_carea' id='block_1_123' title="bbox 2143 5592 3127 5655">
    <p class='ocr_par' dir='ltr' id='par_1_123' title="bbox 2143 5592 3127 5655">
     <span class='ocr_line' id='line_1_123' title="bbox 2143 5592 3127 5655; baseline 0.007 -14"><span class='ocrx_word' id='word_1_901' title='bbox 2143 5599 2226 5643; x_wconf 90' lang='lat' dir='ltr'><strong>est</strong></span> <span class='ocrx_word' id='word_1_902' title='bbox 2262 5604 2354 5641; x_wconf 90' lang='lat' dir='ltr'><strong>sua</strong></span> <span class='ocrx_word' id='word_1_903' title='bbox 2387 5592 2698 5655; x_wconf 86' lang='lat' dir='ltr'><strong>intellectio,</strong></span> <span class='ocrx_word' id='word_1_904' title='bbox 2730 5607 2782 5646; x_wconf 87' lang='lat' dir='ltr'><strong>et</strong></span> <span class='ocrx_word' id='word_1_905' title='bbox 2812 5609 2903 5647; x_wconf 88' lang='lat' dir='ltr'><strong>sua</strong></span> <span class='ocrx_word' id='word_1_906' title='bbox 2937 5594 3127 5648; x_wconf 90' lang='lat' dir='ltr'><strong>virtus.</strong></span> 
     </span>
    </p>
   </div>
   <div class='ocr_carea' id='block_1_124' title="bbox 2217 5659 3715 5734">
    <p class='ocr_par' dir='ltr' id='par_1_124' title="bbox 2217 5659 3715 5734">
     <span class='ocr_line' id='line_1_124' title="bbox 2217 5659 3715 5734; baseline 0.003 -20"><span class='ocrx_word' id='word_1_907' title='bbox 2217 5661 2292 5728; x_wconf 83' lang='lat'><strong>(&#39;5)</strong></span> <span class='ocrx_word' id='word_1_908' title='bbox 2339 5659 2404 5734; x_wconf 54' lang='grc' dir='ltr'><strong>(λι</strong></span> <span class='ocrx_word' id='word_1_909' title='bbox 2437 5679 2599 5730; x_wconf 76' lang='lat' dir='ltr'><strong>neque</strong></span> <span class='ocrx_word' id='word_1_910' title='bbox 2653 5665 3221 5729; x_wconf 56' lang='lat' dir='ltr'><strong>per&#39;prwdicationem</strong></span> <span class='ocrx_word' id='word_1_911' title='bbox 3265 5668 3439 5722; x_wconf 79' lang='lat' dir='ltr'><strong>dicere</strong></span> <span class='ocrx_word' id='word_1_912' title='bbox 3483 5673 3715 5734; x_wconf 70' lang='lat' dir='ltr'><strong>periculo</strong></span> 
     </span>
    </p>
   </div>
   <div class='ocr_carea' id='block_1_125' title="bbox 2148 5731 3718 5814">
    <p class='ocr_par' dir='ltr' id='par_1_125' title="bbox 2148 5731 3718 5814">
     <span class='ocr_line' id='line_1_125' title="bbox 2148 5731 3718 5814; baseline 0.007 -31"><span class='ocrx_word' id='word_1_913' title='bbox 2148 5742 2311 5785; x_wconf 83' lang='lat' dir='ltr'><strong>vacet.</strong></span> <span class='ocrx_word' id='word_1_914' title='bbox 2343 5731 2478 5796; x_wconf 83' lang='lat' dir='ltr'><strong>Quia</strong></span> <span class='ocrx_word' id='word_1_915' title='bbox 2515 5751 2566 5784; x_wconf 89' lang='lat' dir='ltr'><strong>Ill</strong></span> <span class='ocrx_word' id='word_1_916' title='bbox 2596 5735 2703 5787; x_wconf 84' lang='lat' dir='ltr'><strong>Deo</strong></span> <span class='ocrx_word' id='word_1_917' title='bbox 2732 5734 2964 5790; x_wconf 86' lang='lat' dir='ltr'><strong>dicimus</strong></span> <span class='ocrx_word' id='word_1_918' title='bbox 2993 5751 3112 5790; x_wconf 86' lang='lat' dir='ltr'><strong>esse</strong></span> <span class='ocrx_word' id='word_1_919' title='bbox 3139 5738 3460 5814; x_wconf 76' lang='lat' dir='ltr'><strong>sapientiam</strong></span> <span class='ocrx_word' id='word_1_920' title='bbox 3484 5731 3491 5734; x_wconf 56' lang='grc'><em>’</em></span> <span class='ocrx_word' id='word_1_921' title='bbox 3512 5744 3718 5794; x_wconf 80' lang='lat' dir='ltr'><strong>bonita-</strong></span> 
     </span>
    </p>
   </div>
   <div class='ocr_carea' id='block_1_126' title="bbox 544 5856 2761 5931">
    <p class='ocr_par' dir='ltr' id='par_1_126' title="bbox 544 5856 2761 5931">
     <span class='ocr_line' id='line_1_126' title="bbox 544 5856 2761 5931; baseline -0.002 -19"><span class='ocrx_word' id='word_1_922' title='bbox 544 5862 622 5931; x_wconf 74' lang='grc' dir='ltr'><strong>(τι)</strong></span> <span class='ocrx_word' id='word_1_923' title='bbox 665 5860 792 5916; x_wconf 80' lang='lat' dir='ltr'><strong>Esse</strong></span> <span class='ocrx_word' id='word_1_924' title='bbox 826 5862 1142 5918; x_wconf 64' lang='lat' dir='ltr'><strong>substantiae</strong></span> <span class='ocrx_word' id='word_1_925' title='bbox 1191 5869 1273 5914; x_wconf 88' lang='lat' dir='ltr'><strong>est</strong></span> <span class='ocrx_word' id='word_1_926' title='bbox 1322 5871 1442 5912; x_wconf 88' lang='lat' dir='ltr'><strong>esse</strong></span> <span class='ocrx_word' id='word_1_927' title='bbox 1496 5873 1588 5926; x_wconf 88' lang='lat' dir='ltr'><strong>per</strong></span> <span class='ocrx_word' id='word_1_928' title='bbox 1620 5873 1716 5922; x_wconf 87' lang='lat' dir='ltr'><strong>se;</strong></span> <span class='ocrx_word' id='word_1_929' title='bbox 1749 5872 1871 5913; x_wconf 89' lang='lat' dir='ltr'><strong>esse</strong></span> <span class='ocrx_word' id='word_1_930' title='bbox 1916 5856 2223 5911; x_wconf 85' lang='lat' dir='ltr'><strong>accidentis</strong></span> <span class='ocrx_word' id='word_1_931' title='bbox 2260 5863 2339 5910; x_wconf 86' lang='lat' dir='ltr'><strong>est</strong></span> <span class='ocrx_word' id='word_1_932' title='bbox 2374 5857 2548 5910; x_wconf 69' lang='grc' dir='ltr'>Ῑιιιιεερ</span> <span class='ocrx_word' id='word_1_933' title='bbox 2588 5858 2761 5910; x_wconf 88' lang='lat' dir='ltr'><strong>alteri.</strong></span> 
     </span>
    </p>
   </div>
  </div>
