4446 6450
759 406 866 472 975

1909 403 2225 462 JUANNIS
2266 400 2858 471 ιῖγιιιιιιιτ-ςιυτιι

3880 399 3987 459 976

757 534 878 574 esse
908 517 1046 583 quod
1085 531 1145 569 cx
1184 534 1248 569 eo
1278 516 1418 583 quod
1449 533 1550 567 non
1580 526 1678 578 est,
1719 519 1978 568 naScitnr.
2008 516 2143 568 Cum
2175 516 2314 566 enim
2344 514 2392 572 Λ
2421 521 2574 566 vetur
2606 526 2618 562 :
2653 520 2708 564 et
2738 514 2827 581 qui
2861 509 3104 564 meminit
3131 510 3426 578 opcrantis,
3483 510 3783 576 encrgiam,
3824 511 3873 563 id
3906 520 3990 563 est

758 612 931 676 ipsum
989 622 1094 659 non
1145 616 1248 668 est,
1301 606 1567 671 quomodo
1594 605 1736 655 aliud
1773 619 1836 655 ex
1870 605 1983 670 ipso
2019 619 2113 671 per
2142 618 2200 656 se
2229 617 2320 654 ex-

756 697 943 751 sistet?
977 699 1029 747 Si
1063 697 1202 747 enim
1243 711 1345 744 non
1381 704 1461 746 est
1493 696 1542 745 in
1571 694 1869 745 substantia
1911 695 2127 760 propria
2169 707 2322 745 euer-

754 788 860 853 εἰει,
895 801 1014 850 qua:
1069 784 1230 834 Deum
1267 785 1482 849 quidem
1516 783 1867 848 consequitur
1895 821 1907 841 ,
1946 779 2139 832 Filium
2194 796 2320 834 vero

753 876 930 935 rllieit,
966 876 1083 940 quis
1117 886 1218 923 tam
1251 889 1422 924 cu-eus
1455 884 1555 932 est,
1590 883 1644 923 ιιι
1676 889 1778 922 ιιοιι
1811 872 2002 933 videat,
2025 887 2143 938 qua:
2181 873 2323 924 blas-

757 968 968 1033 plieti.ia
1024 967 1341 1015 conﬁciatur
1373 963 1493 1032 (a)?
1550 963 1736 1013 AdliUe
1776 962 1912 1014 idem
1973 961 2025 1012 in
2073 961 2318 1013 eisdem:

757 1054 811 1104 ει
849 1056 990 1104 enim
1035 1053 1124 1118 qui
1177 1055 1286 1102 ἑυνα
1324 1052 1554 1101 absurda
1594 1051 1814 1111 devitat,
1867 1050 2136 1116 rnergiain
2192 1049 2322 1101 dicit

754 1159 873 1193 esse
909 1159 1019 1194 teni
1052 1144 1338 1208 quamdam
1377 1155 1480 1190 iiou
1514 1155 1606 1205 pt-r
1639 1154 1695 1189 sc
1731 1139 2076 1190 exsistcnleni
2105 1177 2120 1201 ,
2168 1136 2324 1203 cujus

753 1235 1002 1288 vlli-ctum
1037 1250 1151 1285 esse
1171 1231 1358 1283 Filutnt
1390 1231 1655 1291 decernit,
1681 1229 1822 1280 dicat
1845 1243 2031 1279 rursus
2057 1229 2324 1294 quomodo

754 1330 995 1392 sequitur
1026 1340 1088 1376 cx
1126 1338 1189 1373 eo
1220 1324 1360 1388 quod
1393 1339 1493 1373 non
1524 1330 1629 1384 εει,
1661 1321 1709 1370 id
1734 1320 1874 1386 quod
1906 1319 2027 1371 est?
2054 1318 2325 1386 quomodo

753 1419 893 1484 quod
931 1431 1034 1466 non
1072 1417 1284 1464 exsistit
1320 1427 1414 1479 per
1447 1425 1524 1473 se,
1571 1420 1827 1477 cperatur
1875 1425 1937 1461 ca
1973 1422 2090 1475 qua:
2141 1423 2236 1475 per
2265 1421 2324 1461 sc

752 1508 922 1560 sunt?
977 1507 1338 1571 lieperientur
1387 1507 1530 1556 enim
1584 1507 1635 1555 iii
1680 1503 1760 1554 liis
1800 1502 2057 1568 consequi
2107 1501 2323 1567 quidem

753 1596 920 1648 Deum
953 1612 1071 1664 quae
1108 1611 1210 1646 non
1251 1606 1373 1647 sunt
1400 1636 1413 1657 ,
1446 1608 1507 1646 ea
1553 1609 1681 1645 vero
1708 1608 1829 1661 qua:
1860 1608 1964 1644 non
1996 1603 2122 1644 :unt
2144 1630 2158 1654 ,
2191 1605 2323 1645 eau-

751 1703 864 1740 sam
918 1702 1039 1739 esse
1080 1701 1266 1740 eorum
1305 1700 1423 1751 quae
1458 1695 1616 1745 sunt;
1671 1692 1724 1735 et
1759 1698 1875 1750 qua:
1919 1698 2021 1734 non
2056 1680 2326 1734 exsistunt

2422 603 2786 670 Operationeni
2828 601 2988 656 simul
3031 615 3152 656 eum
3192 616 3258 655 eo
3289 602 3449 655 tacite
3479 601 3842 668 signiﬁcavit;
3894 599 3989 653 sed

2424 691 2784 755 manifestius,
2813 693 2954 761 quod
2984 691 3212 745 dicimus
3240 731 3254 755 ,
3300 690 3560 758 exemplis
3594 690 3704 742 liet.
3755 689 3989 742 Dicimus

2424 782 2711 850 quemdam
2745 780 3108 844 fabrefacere,
3146 788 3238 834 aut
3266 781 3535 834 aediﬁcare
3561 818 3576 843 ,
3631 779 3844 833 aliudve
3890 779 3990 830 ali-

2422 873 2550 938 quid
2580 887 2766 925 eorum
2792 887 2910 939 quae
2941 873 3063 924 talia
3090 884 3237 935 sunt,
3269 871 3519 939 operari:
3547 885 3651 923 una
3676 870 3835 939 igitur
3861 883 3993 921 voce

2423 972 2475 1016 et
2501 956 2810 1031 energiam,
2849 961 2901 1014 id
2932 970 3016 1014 est
3048 962 3442 1030 operationem,
3466 971 3519 1013 et
3546 974 3669 1015 eum
3701 961 3793 1028 qui
3821 969 3991 1012 litem

2424 1052 2693 1114 exercuit,
2732 1067 2826 1118 per
2851 1065 2910 1105 εε
2939 1052 3114 1104 oratio
3147 1050 3549 1115 repraesentavit
3593 1066 3606 1101 :
3643 1051 3713 1102 ita
3746 1057 3802 1101 ut
3838 1050 3883 1103 si
3917 1050 3993 1102 al-

2428 1150 2603 1195 terum
2631 1151 2934 1208 separetur,
2967 1155 3072 1194 non
3124 1141 3386 1194 subsistat
3436 1140 3724 1207 reliquum.
3758 1137 3993 1193 Sanctus

2424 1231 2659 1301 Cyrillus
2686 1269 2700 1293 ,
2741 1232 2877 1284 libro
2923 1246 2996 1286 νιι
3029 1232 3111 1284 Ad
3153 1231 3426 1284 Hermian:
3453 1248 3472 1284 :
3505 1231 3766 1297 Simplex,
3800 1240 3853 1282 et
3885 1247 3989 1283 non

2427 1325 2759 1388 compositus
2798 1323 3013 1390 proprie
3045 1332 3100 1376 et
3129 1323 3360 1390 primum
3396 1321 3556 1384 Deus,
3587 1336 3620 1375 ο
3648 1322 3853 1374 amice!
3888 1337 3994 1373 non

2429 1427 2494 1467 ex
2523 1422 2717 1466 natura
2757 1421 2811 1463 et
2837 1413 3078 1480 energia,
3109 1423 3366 1480 tanquam
3411 1413 3515 1464 alia
3544 1421 3738 1478 praeter
3781 1413 3993 1478 ipsum,

2429 1503 2758 1570 compositus
2799 1518 2918 1556 esse
2947 1503 3284 1570 intelligitur,
3323 1505 3415 1555 sed
3458 1504 3636 1570 potius
3671 1517 3834 1553 unum
3869 1502 3996 1568 quid

2428 1609 2550 1647 esse
2585 1609 2768 1647 omne.
2820 1593 2883 1645 Et
2923 1602 3151 1646 sanctus
3200 1591 3465 1644 Maximus
3513 1592 3822 1645 edisserens
3859 1591 3991 1643 bant

2434 1685 2692 1737 rationem
2732 1699 2744 1732 :
2776 1681 2970 1745 Omne,
3003 1683 3199 1750 inquit,
3234 1681 3377 1749 quod
3413 1681 3577 1733 liabet
3609 1680 3810 1747 aliquid
3838 1681 3996 1732 simul

752 1795 845 1846 per
872 1794 931 1831 sc
962 1789 1149 1830 natura
1183 1793 1302 1840 sua,
1339 1776 1566 1828 delinire
1596 1785 1647 1827 et
1683 1773 2133 1827 circumscribere
2166 1781 2322 1824 natu-
2357 1790 2402 1850 Β
2432 1774 2729 1843 cogitatum
2767 1774 2832 1825 ad
2865 1773 3282 1826 declarationem
3312 1785 3423 1824 suae
3464 1769 3990 1838 propria2.exsisteti-

757 1887 868 1923 ram
907 1887 1094 1923 COI’UIII
1123 1886 1243 1936 qua:
1276 1879 1396 1921 811111
1430 1885 1443 1919 2
1479 1879 1531 1920 et
1564 1871 1751 1926 virtus,
1780 1882 1900 1934 qua:
1925 1880 2140 1918 omnem
2173 1878 2326 1917 crea-

754 1969 928 2012 turam
963 1959 1124 2011 ellicit
1161 1969 1214 2010 et
1252 1966 1419 2019 creat,
1451 1956 1839 2023 comprehensa
1867 1956 1969 2007 erit
1998 1956 2049 2007 iti
2082 1967 2148 2006 eo
2177 1954 2322 2023 quod

751 2051 1050 2103 scentulum
1093 2049 1365 2117 propriam
1418 2049 1680 2100 rationem
1731 2061 1836 2099 non
1888 2048 2119 2100 exsistit.
2180 2046 2323 2098 Idem

753 2143 925 2195 adhuc
954 2143 1003 2192 iu
1032 2142 1232 2194 eisdem
1273 2158 1284 2191 :
1324 2140 1600 2192 llacteuus
1629 2147 1808 2192 autem
1841 2138 2060 2206 dignum
2093 2148 2172 2191 est
2205 2151 2331 2191 con-

754 2231 1082 2285 siderutionc
1107 2270 1121 2291 ,
1154 2231 1424 2298 quomodo
1458 2229 1691 2295 ctiergizn
1741 2235 2149 2295 consequantur
2203 2230 2329 2282 Sub-

754 2324 1016 2384 stautias;
1048 2331 1101 2371 rt
1133 2320 1258 2387 quid
1289 2320 1397 2371 sint
1429 2320 1725 2371 secundum
1759 2319 2029 2386 protiriam
2056 2328 2327 2383 naturain,

755 2415 969 2464 ulilttltw
999 2424 1193 2479 prancr
1237 2410 1589 2470 substantias,
1641 2423 1776 2479 quas
1809 2419 2234 2476 consequuntur,
2263 2423 2331 2460 an

756 2521 877 2566 pars
904 2504 1135 2565 illarum,
1167 2510 1217 2552 et
1242 2501 1480 2568 ejusdem
1507 2500 1748 2553 naturae?
1769 2500 1911 2569 quod
1933 2501 1978 2552 si
2007 2499 2154 2554 aliud
2182 2509 2332 2563 sunt;

754 2594 1046 2662 quomodo,
1079 2601 1129 2644 et
1159 2607 1186 2643 a
1228 2591 1425 2660 quibus
1475 2591 1791 2659 productae?
1837 2591 1918 2644 sin
1975 2601 2153 2645 autem
2191 2592 2333 2646 idem

757 2703 926 2737 manu:
954 2722 968 2743 ,
1021 2684 1291 2750 quomodo
1324 2681 1547 2736 abscisae
1575 2721 1590 2747 ,
1622 2696 1718 2749 pro
1749 2697 1812 2736 eo
1853 2684 1993 2750 quod
2021 2684 2180 2736 simul
2211 2698 2335 2736 cum

758 2797 767 2821 ι
791 2776 834 2824 ῖς
863 2773 1128 2826 exsistere
1160 2771 1429 2824 debebant
1458 2811 1472 2836 ,
1508 2787 1598 2825 eas
1626 2773 1964 2825 extrinsecus
1994 2788 2336 2839 consequun~

761 2867 1098 2918 tut'?ultutn
1133 2864 1436 2918 necessitas
1487 2866 1731 2932 quaedam
1784 2865 2046 2918 naturalis
2089 2868 2239 2934 cogit
2284 2877 2341 2918 ut

766 2953 1124 3005 int-oluntarie
1146 2961 1404 3021 sequatur
1431 2952 1788 3005 substantiam
1819 2955 2062 3022 energia,
2086 2969 2342 3021 quiecun-

759 3061 865 3112 que
897 3046 1112 3099 tandem
1144 3060 1206 3098 ea
1245 3045 1348 3108 sit;
1393 3045 1538 3098 sicut
1573 3044 1714 3097 ustio
1763 3045 1940 3113 ignem
1991 3046 2254 3112 sequitur,
2289 3056 2342 3098 et

2432 1865 2537 1926 tiar,
2560 1867 2922 1931 compositum
2947 1872 3048 1926 est,
3073 1871 3124 1916 et
3157 1877 3262 1915 non
3293 1861 3516 1929 simplex
3548 1861 3780 1929 proprie.
3813 1859 3887 1912 Ex
3915 1860 3997 1912 bis

2429 1952 2655 2008 edicitur
2689 1953 3030 2008 manifestum
3055 1995 3071 2016 ,
3104 1957 3246 2022 quod
3281 1955 3334 2006 in
3368 1953 3570 2006 unitate
3597 1991 3613 2016 ,
3663 1967 3786 2021 qua:
3838 1966 3996 2019 supra

2430 2046 2788 2101 substantiam
2821 2045 3170 2109 est,onmino
3217 2044 3506 2097 absurdum
3558 2051 3676 2108 est,
3725 2043 3997 2110 energiatn

2429 2138 2548 2206 ejus
2582 2150 2699 2203 qua
2729 2136 2968 2189 omnium
3005 2133 3374 2188 cliicacissima
3419 2144 3525 2197 est,
3573 2145 3628 2188 et
3671 2149 3999 2203 supraquam

2433 2229 2656 2281 inllnitae
2681 2227 2919 2288 virtutis,
2950 2242 3150 2295 ponere
3179 2242 3286 2280 non
3315 2241 3408 2294 per
3429 2241 3486 2280 se
3512 2229 3777 2280 exsistere
3807 2241 4003 2280 secun-

2433 2319 2557 2373 dum
2598 2321 2865 2389 propriam
2896 2333 3046 2372 suam
3079 2319 3367 2372 rationem.
3397 2316 3494 2372 Sin
3523 2333 3649 2372 vero
3677 2333 3774 2385 per
3795 2333 3855 2372 se
3877 2333 4004 2372 vere

2436 2413 2666 2475 exsistit,
2700 2412 2873 2477 majus
2901 2411 3074 2463 adhuc
3102 2409 3422 2474 absurdum,
3459 2418 3514 2464 et
3563 2412 3733 2479 magis
3782 2410 4003 2478 impium

2436 2511 2734 2572 appareat,
2777 2500 2939 2556 simul
2972 2515 3097 2554 cum
3129 2501 3244 2569 ipsa
3279 2502 3538 2554 unitatem
3568 2539 3582 2563 ,
3633 2515 3750 2568 quae
3790 2514 4006 2554 onmem

2435 2596 2837 2664 simplicitatem
2876 2594 3060 2658 vincit,
3098 2593 3360 2662 cogitare,
3396 2593 3482 2647 vel
3517 2609 3737 2661 prorsus
3765 2595 3902 2646 hanc
3937 2593 4005 2645 ab

2439 2689 2540 2743 hac
2563 2687 2915 2756 distinguere,
2949 2686 3370 2755 existiniareque
3389 2685 3532 2738 aliud
3560 2698 3679 2738 esse
3707 2697 3859 2738 suam
3883 2683 4010 2737 sub-

2441 2782 2724 2845 stantiam,
2761 2778 2906 2832 aliud
2945 2793 3069 2832 vero
3094 2792 3245 2832 suam
3279 2778 3582 2848 energiam,
3618 2778 3667 2830 id
3703 2786 3785 2831 est
3813 2816 3827 2842 ,
3859 2789 4009 2835 suam

2441 2875 2692 2926 virtutem
2725 2869 2996 2938 propriam
3027 2869 3308 2937 operandi.

3046 3005 3275 3062 CAPUT
3310 3005 3393 3060 V'l.

758 3151 984 3201 vupntcs
1013 3147 1170 3202 atque
1205 3133 1407 3186 lialitus
1441 3147 1669 3201 corpora
1711 3133 1799 3185 illa
1842 3144 2162 3202 sequuntur,
2199 3137 2340 3190 unde
2370 3135 2410 3191 C
2447 3124 2514 3190 Q'

2255 3137 2340 3190 ωε
2370 3135 2410 3191 c
2447 3124 2602 3202 Quod
2631 3125 2682 3175 in
2709 3103 2909 3202 urtitate
2944 3120 3222 3202 Trinitatis
3250 3135 3350 3198 non
3380 3128 3578 3185 Oportet
3611 3120 4011 3202 qrtrer‘ere‘al‘iud

759 3232 928 3283 ﬁniit?
957 3243 1010 3284 at
1055 3245 1159 3281 non
1195 3237 1322 3295 puto
1354 3227 1528 3294 ipsum
1564 3227 1744 3280 dicere
1790 3226 1916 3289 hoc,
1959 3236 2014 3278 ut
2061 3229 2338 3283 existimet

756 3324 959 3378 variam
995 3327 1286 3390 quamdam
1329 3336 1439 3372 rem
1464 3332 1519 3371 et
1557 3321 1912 3388 compositam
1945 3337 2064 3376 esse
2088 3321 2337 3376 substan-

755 3415 884 3467 tiam
930 3413 1044 3475 Dei,
1078 3430 1194 3480 qu;e
1227 3412 1671 3479 inseparabilem,
1709 3423 1762 3465 et
1793 3427 1973 3465 secum
2000 3415 2159 3467 simul
2191 3417 2339 3484 cogiu

755 3519 917 3560 tatam
960 3509 1234 3575 CIICI‘gizltll
1263 3505 1480 3565 habeat,
1517 3512 1574 3556 ut
1609 3505 1862 3556 accidens
1888 3504 1939 3556 in
1972 3503 2213 3569 subjecto
2245 3505 2337 3558 de-

753 3609 1104 3656 llionStrelttr,
1134 3602 1224 3646 sci
1265 3611 1380 3646 ιιι-ιι
1423 3597 1601 3663 potius
1628 3596 1924 3649 voluntarie
1954 3606 2008 3650 et
2037 3598 2205 3652 libere
2239 3614 2336 3652 ex-

759 3693 1008 3753 citatam,
1041 3690 1287 3757 citetgias
1325 3697 1381 3739 ιιι
1421 3689 1655 3752 videtur,
1685 3687 1818 3740 dicit
1852 3702 1947 3756 per
1973 3702 2032 3742 se
2063 3703 2185 3743 esse
2221 3690 2338 3743 elli-

753 3802 896 3842 cerc.
942 3786 1142 3853 lLt-quis
1193 3784 1333 3850 quod
1383 3797 1446 3834 ex
1502 3781 1841 3849 providentia
1887 3782 2187 3837 voluntarie
2237 3783 2334 3849 lit,

766 3880 914 3946 sequi
953 3880 1077 3930 dicit
1117 3878 1255 3929 sit-ut
1295 3873 1503 3944 aliquid
1552 3888 1739 3926 eorum
1773 3888 1890 3940 quas
1937 3873 2068 3928 loris
2095 3889 2335 3944 sequun-

754 3969 877 4024 tur?
902 3968 1010 4022 Nce
1040 3990 1052 4018 ι
1074 3968 1182 4019 nim
1208 3967 1502 4019 secundum
1528 3977 1866 4018 communem
1892 3967 2337 4020 consuetudinem

757 4067 814 4117 iii
851 4059 1151 4128 luqusmudi
1185 4059 1344 4109 rebus
1379 4057 1480 4108 hoc
1521 4054 1839 4108 vocabulum
1875 4057 2062 4108 tritum
2098 4070 2216 4110 esse
2245 4072 2338 4111 co-

753 4156 1058 4224 gnorimus,
1089 4159 1144 4200 ut
1176 4148 1414 4214 encrgia,
1447 4146 1496 4197 id
1522 4155 1630 4206 est,
1660 4146 1904 4211 operatio
1938 4129 2233 4201 laborantis
2260 4147 2338 4216 (ι)

756 4251 806 4300 ιιι
842 4247 1040 4312 aliquo,
1073 4244 1284 4294 dicatur
1317 4241 1466 4307 sequi
1515 4239 1890 4302 laborantem;
1928 4253 2025 4291 nec
2052 4239 2195 4292 enim
2226 4240 2339 4294 lieri

753 4343 930 4406 potest
958 4347 1012 4386 ut
1042 4333 1131 4401 qui
1163 4332 1391 4383 alterunt
1431 4331 1496 4382 ab
1535 4329 1706 4381 altero
1741 4326 2039 4396 disjunxit,
2075 4330 2218 4396 quod
2256 4346 2341 4384 re-

752 4427 1035 4494 linquitur,
1070 4439 1162 4491 per
1190 4438 1246 4475 se
1276 4421 1538 4488 intelligat
1566 4435 1579 4471 :
1611 4422 1718 4473 itno
1742 4421 1830 4486 qui
1859 4419 2158 4488 energiatu,
2184 4422 2236 4473 id
2259 4432 2341 4475 est

751 4515 1124 4583 Operationeni
1176 4512 1349 4576 dixit,
1407 4510 1566 4563 simul
1623 4512 2042 4577 comprehendit
2083 4514 2293 4566 ratione
2324 4555 2338 4580 ,

2519 3194 2884 3252 substantiam,
2918 3200 2966 3243 et
3006 3191 3151 3243 aliud
3195 3189 3526 3252 bonitatem;
3577 3204 3667 3239 nec
3712 3188 3858 3239 aliud
3900 3191 4012 3256 for-

2519 3279 2656 3315 inam
2682 3302 2695 3323 ,
2723 3275 2768 3313 et
2799 3261 2948 3313 aliud
2979 3261 3331 3311 substantiam
3359 3275 3376 3322 ;
3411 3272 3498 3309 nec
3529 3258 3675 3309 aliud
3706 3260 3865 3309 vitam
3886 3299 3898 3318 ,
3937 3273 4012 3311 tm

2515 3331 2852 3398 sapientium,
2892 3329 2968 3383 vel
3001 3339 3241 3382 virtutem
3266 3368 3281 3393 ,
3315 3328 3464 3380 aliud
3515 3343 3632 3379 vero
3660 3327 4013 3380 substantiam

2513 3402 2764 3464 ejusdem.

2519 3512 2778 3568 Dominus
2808 3512 2859 3565 in
2891 3509 3178 3578 Evangelio
3203 3511 3277 3564 ait
3309 3525 3324 3561 :
3353 3509 3514 3564 Nemo
3538 3510 3719 3572 bonus,
3746 3511 3848 3564 nisi
3879 3525 4014 3562 unus

2445 3603 2588 3657 Deus
2619 3605 2690 3656 “.
2727 3602 3066 3672 S.Cyrillus,
3117 3603 3170 3655 in
3226 3601 3508 3655 Tltesauris
3558 3603 3694 3655 libro
3741 3617 3837 3664 att,
3895 3615 4012 3667 cap.

2449 3699 2517 3752 Η
2554 3713 2566 3747 :
2601 3693 2908 3761 Quomodo,
2945 3694 3138 3763 inquit,
3172 3702 3256 3748 est
3287 3709 3430 3748 unus
3459 3693 3652 3756 bonus,
3697 3702 3754 3745 ut
3802 3694 3913 3761 ipse
3943 3703 4016 3746 te-

2445 3789 2656 3845 statur?
2685 3802 2878 3855 nempe
2911 3789 3036 3855 quia
3066 3795 3250 3840 sancta
3276 3785 3519 3840 Trinitas
3543 3786 3596 3839 in
3631 3798 3792 3839 unam
3823 3784 4019 3838 divini-

2448 3891 2612 3935 tatem
2647 3881 2783 3933 redit
2813 3889 3031 3946 propter
3073 3889 3234 3930 unatn
3272 3885 3327 3930 et
3351 3876 3593 3930 eamdem
3631 3876 4015 3939 substantiam,

2447 3983 2507 4026 ut
2555 3980 2762 4025 tantum
2806 3969 2987 4022 divina
3048 3968 3350 4023 substantia
3402 3967 3471 4021 sit
3525 3967 3724 4022 bonum
3776 3967 4016 4035 proprie.

2447 4063 2674 4133 Magnus
2705 4061 2937 4115 Basilius
2967 4076 2981 4113 :
3013 4058 3214 4123 Bonus,
3248 4059 3443 4127 inquit,
3475 4055 3727 4126 Spiritus,
3756 4057 3898 4111 sicut
3927 4059 4022 4111 bo-

2451 4171 2548 4208 nus
2582 4154 2761 4214 Pater,
2801 4158 2858 4206 et
2907 4153 3048 4204 sicut
3087 4153 3260 4204 bonus
3306 4165 3371 4204 ex
3411 4149 3552 4204 bono
3594 4147 3833 4218 genitus,
3866 4149 4021 4217 cujus

2449 4246 2749 4300 substantia
2783 4253 2868 4296 est
2898 4245 3015 4311 ipsa
3043 4242 3277 4298 bonitas.
3307 4241 3540 4296 Sanctus
3566 4239 3864 4310 Gregorius
3885 4239 4020 4310 Nys-

2449 4353 2634 4401 senus,
2678 4339 2729 4390 in
2781 4335 2918 4390 libro
2953 4335 3028 4389 De
3071 4337 3176 4388 vita
3228 4335 3428 4404 Moysi:
3453 4375 3468 4402 ,
3504 4335 3580 4388 ait
3614 4357 3628 4390 :
3660 4334 3922 4399 Primum,
3967 4342 4021 4386 et

2451 4427 2664 4496 proprie
2694 4426 2918 4490 bonum,
2946 4423 3101 4492 cujus
3124 4433 3316 4479 natura
3343 4433 3426 4480 est
3452 4425 3693 4490 bonitas,
3722 4426 3836 4494 ipse
3859 4425 4018 4492 Deus,

2453 4521 2814 4588 quodcunque
2871 4525 3061 4571 natura
3094 4517 3414 4586 intelligitur
3445 4516 3544 4588 (2),
3574 4518 3675 4572 hoc
3706 4529 3809 4580 est,
3841 4513 3890 4570 et
3925 4534 4021 4570 no-

751 4603 896 4671 quod
928 4601 1222 4656 secundum
1250 4601 1548 4668 energiatn,
1589 4598 1640 4651 id
1670 4609 1772 4663 est,
1812 4599 2179 4667 operationem
2219 4618 2332 4656 mo-
2366 4623 2412 4681 ο
2441 4612 2507 4665 mi

2259 4619 2332 4656 ιυ·
2366 4623 2412 4681 ι)
2441 4612 2696 4666 minatur.
2744 4609 2806 4668 Et
2839 4624 3060 4680 magnus
3091 4610 3376 4678 Apostolus
3408 4625 3421 4662 :
3456 4607 3561 4673 Qui
3592 4626 3708 4662 cum
3739 4610 3791 4663 in
3823 4610 4015 4678 forma,

823 4769 865 4799 "'
898 4767 1030 4821 Luc.
1069 4782 1223 4829 xvm,
1260 4764 1344 4817 19.

749 4975 878 5026 tem,
909 4962 1194 5030 justitiam,
1223 4970 1274 5015 ct
1299 4961 1400 5013 alia
1434 4961 1766 5030 liujusmodi.
1799 4975 1903 5014 non
1932 4960 2074 5026 quod
2111 4976 2204 5026 per
2239 4976 2324 5015 es-

749 5037 980 5088 sentiam
1006 5033 1149 5084 aliud
1183 5034 1254 5084 sit
1287 5033 1338 5084 iti
1368 5031 1493 5092 alio,
1533 5035 1660 5099 quin
1695 5035 1870 5096 potius
1902 5030 2040 5084 idem
2074 5033 2325 5098 estquod

748 5116 854 5165 εει,
889 5115 943 5154 ει
976 5105 1026 5153 ιιι
1060 5117 1165 5168 quo
1207 5113 1310 5166 est,
1349 5103 1440 5153 sed
1478 5116 1576 5169 per
1629 5101 2064 5169 praedicationem
2120 5101 2198 5153 sic
2249 5103 2324 5154 lo-

748 5116 854 5165 cst,
889 5116 943 5154 et
976 5118 1026 5153 tu
1060 5117 1165 5168 quo
1207 5116 1310 5166 est,
1349 5116 1440 5153 seu
1473 5116 1576 5224 ὅθι·
1629 5116 2064 5169 praedicationem
2120 5116 2198 5153 sic.
2249 5116 2323 5154 to—

747 5173 968 5244 quitnur
999 5172 1147 5224 nullo
1178 5171 1464 5244 peric_nlo._
1524 5182 1540 5223 ι
1568 5170 1818 5244 enitn_ait
1848 5170 2081 5244 Cyrillus
2107 5169 2323 5244 in'lf/ie-

747 5239 915 5305 s'aur.,
948 5245 1042 5296 lib.
1080 5258 1136 5304 η,
1170 5257 1289 5309 cap.
1319 5241 1340 5293 1
1377 5261 1388 5294 :
1422 5239 1584 5292 Multa
1614 5247 1676 5294 de
1710 5241 1864 5293 Patre
1891 5252 1942 5294 et
1973 5240 2104 5294 Filio
2129 5242 2322 5294 diriute

751 5319 1048 5380 Scriptura:
1095 5321 1407 5377 praedicant,
1448 5327 1618 5378 ttrqtte
1664 5322 1841 5364 tamen
1898 5312 2184 5364 diversitas
2228 5327 2326 5362 nn-

750 5387 954 5436 minuut
990 5384 1359 5434 tliveisitatetn
1408 5384 1725 5436 substantiie
1771 5381 2006 5435 ostendit
2034 5422 2048 5446 ,
2088 5396 2182 5433 nec
2221 5381 2324 5433 ulla

749 5454 1130 5506 uissumlitudo
1155 5453 1406 5505 essentia!
1441 5455 1580 5504 inter
1608 5450 1820 5504 Patrem
1852 5464 1906 5504 et
1941 5450 2132 5503 Filium
2169 5453 2327 5504 intel-

749 5529 950 5596 hgitur,
971 5536 1023 5576 at
1054 5525 1347 5591 praedicare
1376 5521 1571 5575 Filium
1600 5538 1715 5576 esse
1742 5525 1979 5594 genitum
2006 5537 2069 5575 ex
2107 5538 2211 5574 non
2240 5537 2332 5576 ex-

2249 4839 2526 4900 Scholia.

2435 4966 2681 5031 sistente,
2723 4981 2903 5034 neque
2955 4967 3033 5021 sic
3071 4967 3288 5035 quidem
3336 4982 3365 5022 a
3418 4968 3664 5036 periculo
3703 4977 3879 5031 vacat,
3929 4971 4022 5034 qui

2435 5036 2578 5111 enim
2624 5037 2702 5088 sic
2746 5038 3026 5111 praedicat,
3066 5046 3462 5106 consequenter
3500 5040 3866 5111 tlicturus‘est
3917 5055 4020 5092 non

2434 5106 2700 5184 exsistere
2750 5109 3028 5175 genitum,
3063 5119 3154 5160 aut
3183 5111 3421 5175 genitum
3472 5121 3594 5162 esse
3644 5106 4020 5177 νειῐεειιυτι-ηι

2436 5185 2706 5243 genitore.

2506 5246 2580 5313 (l)
2606 5245 2657 5297 lu
2680 5245 2744 5299 iis
2761 5261 2881 5314 qua
2913 5247 2980 5300 ad
3015 5245 3220 5315 aliquid
3243 5247 3517 5311 dicuntur,
3539 5259 3644 5299 non
3675 5245 4020 5300 habetlocum

2435 5316 2664 5367 alterum
2706 5321 2987 5385 consequi,
3022 5318 3115 5370 sed
3152 5327 3446 5384 utrumque
3473 5317 3636 5370 simul
3669 5331 3811 5380 esse,
3858 5325 3912 5369 et
3943 5319 4017 5370 si—

2439 5387 2545 5437 tnul
2586 5385 2721 5448 tolli,
2748 5396 2800 5438 et
2829 5387 3032 5440 idcirco
3059 5388 3126 5440 de
3152 5385 3466 5455 opecatione
3485 5401 3606 5456 qua:
3630 5396 3712 5441 est
3740 5387 4020 5453 habitudo,

2441 5470 2546 5508 non
2584 5471 2798 5524 proprie
2830 5458 3027 5510 dicitur
3053 5456 3295 5524 encrgia.
3415 5460 3439 5469 '

2514 5525 2592 5595 (2)
2644 5525 3002 5596 Quodcunque
3051 5535 3245 5580 natura
3299 5525 3639 5598 intelligitur,
3686 5528 3784 5580 hoc
3824 5533 3936 5591 est,
3969 5537 4024 5582 et

820 5692 897 5764 (α)
929 5691 1146 5746 Scilicet
1171 5689 1456 5745 conﬁcitur
1485 5671 1676 5745 Filium
1715 5689 1958 5759 genitum
1987 5703 2107 5746 esse
2139 5688 2518 5760 perlectioretn
2546 5693 2814 5764 genitore,
2852 5695 3123 5767 siquidem
3151 5693 3324 5753 Filius
3388 5710 3484 5765 per
3539 5710 3598 5751 se
3662 5705 3782 5760 est,
3838 5702 3894 5751 et
3953 5709 4020 5750 ex

749 5777 855 5833 quo
879 5773 980 5829 est,
1012 5779 1118 5818 non
1150 5773 1234 5818 est
1261 5776 1356 5832 per
1397 5777 1473 5817 se.
