4446 6450
441 379 545 438 9⁵77

1284 380 1516 439 necas
1555 379 1622 436 χ.
1648 401 1714 414 -
1755 357 1849 435 DE
1890 369 2152 430 DIVINA
2189 330 2782 431 summotum}

3554 359 3658 422 978

437 487 630 554 inquit,
658 483 756 545 Dei
782 495 930 551 esset,
963 502 1065 542 non
1095 491 1337 555 rapinam
1367 490 1656 541 arbitratus
1691 495 1765 541 est
1807 483 1996 549 seTesse
2022 478 2068 537 Α
2098 483 2267 552 ipsius
2296 525 2309 538 .
2343 497 2515 551 neque
2558 482 2729 535 forma
2765 478 2960 547 ipsius,
2991 488 3164 543 neque
3201 473 3302 524 vita
3341 471 3533 539 ipsius,
3567 485 3659 522 tte-

437 575 688 644 a-qttafstn
725 577 828 629 Deo
866 580 933 632 ”.
968 578 1186 632 Divinus
1219 577 1632 647 Chrysostotnus
1666 578 1717 628 itt
1749 576 1993 629 oratione

440 674 612 726 sexta,
648 666 713 718 de
746 664 1216 735 lneomprehettso,
1266 667 1345 721 sic
1391 667 1463 719 ait
1503 686 1517 721 :
1547 666 1682 719 Cum
1709 706 1723 728 ,
1781 664 1992 731 inquit,

441 753 681 818 ejusdem
718 753 922 819 formae,
961 762 1015 806 et
1052 753 1288 821 ejusdem
1326 753 1510 823 ﬁgura:
1536 767 1659 807 esse
1689 751 1840 815 dicit,
1868 750 1994 816 quid

440 842 584 892 aliud
615 841 891 904 declarat,
933 856 1094 908 quam
1134 842 1488 896 substantiam
1530 853 1692 893 unam
1737 838 1853 892 sine
1892 837 1994 889 ulla
2043 847 2047 850 ’

443 931 742 984 varietate?
766 930 878 984 Non
913 932 1054 984 enim
1086 943 1168 986 est
1196 934 1342 986 circa
1380 932 1542 984 Deum
1577 931 1768 990 forma,
1801 929 1884 982 vel
1915 925 1995 981 fa-

440 1022 571 1075 cies.
605 1022 837 1077 Sanctus
860 1022 1092 1091 Cyrillus
1125 1043 1138 1076 :
1177 1021 1388 1087 Forma,
1417 1021 1608 1087 inquit,
1641 1020 1693 1072 iu
1730 1019 1836 1073 Deo
1875 1019 1999 1071 sub-

442 1113 640 1167 stantia
671 1114 934 1180 a'cipitur
959 1128 989 1167 a
1013 1112 1280 1178 Patribus,
1301 1114 1441 1167 sicut
1463 1112 1530 1166 ab
1555 1109 1825 1180 Apostolo;
1851 1109 2001 1163 nel'as

441 1201 586 1251 enim
628 1209 708 1254 est
745 1212 802 1255 et
830 1203 1080 1270 impium,
1113 1203 1168 1256 in
1200 1203 1326 1268 Deo,
1356 1202 1446 1271 qui
1489 1201 1543 1254 iu
1574 1207 1846 1268 aspectum
1893 1213 1999 1252 non

438 1292 605 1353 cadit,
642 1291 865 1345 formam
896 1293 1076 1348 dicere
1103 1294 1358 1360 speciem.
1390 1291 1646 1346 Dominus
1675 1292 1728 1344 in
1762 1292 2001 1358 Evange-

439 1375 510 1427 lio
542 1393 557 1428 :
589 1376 720 1445 Ego,
755 1378 948 1445 inquit,
973 1397 1090 1434 sum
1119 1383 1428 1434 resurrectio
1475 1390 1524 1434 et
1549 1383 1654 1433 vita
1677 1381 1742 1433 ".
1773 1378 2005 1457 Sanctus
2046 1379 2052 1384 ’

438 1466 668 1534 Cyrillus
704 1469 754 1521 in
801 1471 935 1524 actis
969 1481 1172 1524 sanctae
1215 1482 1268 1524 et
1314 1472 1665 1525 meumenicz
1699 1480 1864 1525 sexus
1914 1486 2004 1542 sy-

441 1557 786 1611 uodi:Sieut
838 1561 1040 1622 unitas,
1104 1561 1297 1629 inquit,
1358 1576 1463 1616 non
1517 1571 1690 1631 potest
1736 1562 1898 1615 dividi
1951 1563 2003 1615 in

442 1645 576 1702 duas
604 1649 834 1705 unitates
865 1652 1148 1720 (siquidem
1173 1653 1353 1721 unitas
1383 1654 1436 1706 in
1461 1653 1553 1705 bas
1573 1653 1744 1706 divisa
1776 1667 1882 1707 non
1907 1655 2008 1707 erit

439 1737 640 1804 unitas,
681 1743 774 1795 sed
822 1741 972 1811 duo),
1005 1742 1082 1796 sic
1109 1743 1251 1813 quod
1287 1755 1370 1798 est
1401 1759 1564 1797 unum
1596 1757 1803 1798 summa
1837 1759 2004 1813 copu-

2099 593 2202 646 que
2229 578 2511 642 sapientia,
2546 559 2716 644 neque
2743 575 2910 624 virtus
2938 571 3105 637 ipsius
3129 569 3227 621 alia
3265 566 3503 633 quzedatn
3538 574 3660 616 sunt

2101 681 2294 736 prtetcr
2330 668 2683 723 Substantiatn
2716 664 2884 732 ipsius
2913 680 2927 714 :
2961 662 3086 730 quin
3126 659 3301 723 potius
3335 660 3445 709 lucc
3480 655 3657 707 omnia

2101 760 2256 810 unica
2293 758 2406 825 ejus
2433 755 2724 809 substantia
2769 761 2910 806 sunt.

2687 836 2914 893 CAPUT
2970 835 3081 888 νιι.

2109 935 2258 1000 Quod
2289 936 2347 986 in
2375 933 2595 987 unitate.
2631 947 2745 998 quer
2775 946 2934 997 supra
2967 925 3306 1000 subston'iam
3339 931 3432 980 est,
3458 939 3564 1000 non
3591 931 3665 1000 (ξι

2173 1002 2504 1069 qua-rendam
2537 992 2682 1069 aliud
2711 1015 2820 1051 esse
2841 992 3190 1069 cognitionem
3229 1010 3362 1069 ctus,
3392 993 3466 1043 twl
3495 992 3668 1069 (Ituri-

2178 1061 2334 1123 iatcm
2351 1072 2482 1138 ejus.
2506 1069 2580 1122 t'cl
2599 1061 3027 1138 pulchritudinem
3051 1065 3184 1138 eius,
3210 1065 3282 1138 cel
3301 1061 3670 1138 immortalita-

2180 1151 2277 1192 tem
2300 1131 2433 1208 ejus,
2459 1148 2502 1190 et
2534 1139 2642 1190 alia
2665 1136 3064 1208 ejusdemgafiurl
3084 1149 3200 1184 vero
3227 1131 3544 1208 singularem
3563 1131 3672 1181 eius

2175 1199 2550 1271 substantiam,
2571 1217 2616 1258 et
2645 1199 2995 1258 risistentiam
3027 1216 3342 1268 supraquaut
3367 1199 3619 1250 divinam.

2179 1298 2410 1352 Sanctus
2431 1295 2686 1366 Cyrillus,
2715 1295 2770 1347 in
2799 1293 3101 1354 Tltesaurt's,
3127 1292 3266 1344 libro
3284 1304 3442 1341 xxxiv
3469 1304 3480 1338 2
3505 1287 3668 1338 Deum

2111 1404 2233 1444 esse
2276 1387 2601 1454 simplicem,
2633 1396 2684 1440 et
2717 1384 3123 1453 compositionis
3178 1391 3449 1450 expertem
3484 1393 3672 1428 omnes

2113 1478 2455 1539 fatebuntur;
2487 1477 2779 1529 absurdum
2813 1475 2974 1542 igitur
2999 1481 3078 1526 est
3123 1471 3301 1526 dicere
3327 1469 3521 1522 habere
3546 1481 3669 1520 cum

2112 1567 2418 1632 huiusmodi
2452 1567 2812 1636 cognitionem
2845 1565 2967 1626 sui,
2999 1562 3212 1630 qualem
3249 1575 3363 1618 nos;
3400 1558 3596 1610 etenim
3630 1556 3673 1606 si

2114 1656 2256 1708 aliud
2291 1663 2373 1710 est
2417 1657 2552 1722 ipse,
2596 1665 2649 1709 et
2702 1655 2844 1707 aliud
2886 1661 3077 1720 prater
3115 1651 3294 1718 ipsum
3335 1648 3572 1716 cognitio
3620 1646 3673 1698 in

2119 1748 2251 1814 ipso,
2279 1749 2610 1814 compositus
2638 1757 2740 1809 ed,
2773 1755 2825 1799 et
2861 1760 2965 1798 non
3000 1743 3220 1808 simplex
3252 1759 3265 1805 ;
3302 1752 3354 1792 at
3387 1742 3509 1808 quia
3545 1739 3679 1792 sinz-

440 1826 664 1892 latioue,
696 1846 801 1885 non
831 1842 1008 1901 potest
1036 1835 1200 1889 dividi
1240 1835 1291 1888 in
1325 1834 1467 1899 duo;
1503 1834 1702 1904 alioqui
1744 1849 1848 1889 non
1889 1850 2002 1888 am-
2046 1811 2088 1867 Β
2119 1839 2234 1906 plex
2269 1839 2606 1892 confessione
2638 1838 2873 1894 omnium
2908 1843 3019 1899 est,
3059 1850 3161 1887 non
3199 1843 3278 1886 est
3313 1831 3454 1884 aliud
3489 1832 3682 1895 przeter

444 1921 582 1987 plius
605 1923 703 1975 erit
750 1923 887 1979 Deus
923 1926 1156 1980 universi
1203 1926 1430 1993 simplex
1463 1935 1653 1980 natura
1679 1967 1694 1990 ,
1743 1926 2034 1993 siquidem;

443 2018 526 2064 est
556 2012 658 2066 alia
696 2024 888 2081 praeter
921 2016 1115 2084 ipsum,
1145 2031 1263 2083 qua:
1290 2026 1371 2071 est
1404 2017 1455 2070 in
1489 2018 1604 2086 ipso
1629 2017 1756 2071 vita.
1789 2017 1852 2071 Et
1887 2033 1996 2071 rur-

443 2116 537 2155 sus
572 2105 711 2158 idem
745 2105 1022 2161 :Primum
1055 2089 1294 2176 quidem,
1320 2123 1423 2161 non
1450 2118 1531 2161 est
1556 2107 1778 2174 simplex
1813 2117 2006 2162 natura

447 2193 586 2247 Deus
633 2197 1033 2258 universorum,
1085 2200 1178 2252 sed
1224 2198 1400 2265 potius
1445 2198 1798 2264 compositus,
1841 2207 1890 2252 et
1943 2213 2007 2252 ex

444 2279 652 2336 duobus
680 2294 971 2350 constans;
1002 2286 1270 2355 siquidem
1327 2295 1410 2342 est
1464 2286 1568 2340 alia
1607 2297 1799 2354 praeter
1841 2302 1966 2341 eum
1995 2329 2010 2352 ,

445 2388 564 2437 quae
621 2376 674 2429 in
735 2391 799 2431 eo
851 2387 933 2432 est
982 2380 1109 2433 vita.
1144 2379 1435 2450 Gregorius
1481 2379 1756 2450 Nyssenus
1787 2381 1841 2435 in
1890 2380 2010 2436 Vita

447 2464 640 2535 Moysis
675 2483 688 2519 :
725 2467 833 2524 Ens
875 2470 1079 2524 entium
1111 2479 1193 2525 est
1220 2486 1348 2525 vera
1378 2472 1485 2525 vita
1512 2487 1528 2536 ;
1560 2471 1663 2526 hoc
1695 2481 1876 2527 autem
1917 2488 2011 2527 co-

445 2558 648 2625 gnosci‘
679 2575 784 2613 non
834 2570 1051 2628 potest;
1096 2563 1222 2632 quia
1253 2563 1418 2632 igitur
1455 2565 1817 2633 cognitionem
1852 2565 2046 2618 vincit‘

448 2651 554 2702 vita
588 2650 818 2714 vivifica,
852 2667 1010 2706 omne
1046 2654 1186 2721 quod
1219 2654 1582 2722 cognoscitur,
1617 2669 1719 2710 non
1769 2665 1850 2709 est
1883 2657 2011 2709 vita.

445 2740 667 2794 Divinas
694 2743 1017 2808 Apostolus:
1049 2743 1306 2806 Christus,
1355 2746 1532 2815 inquit
1559 2787 1572 2807 ,
1627 2745 1724 2800 Dei
1753 2748 1936 2810 virtus,
1971 2757 2016 2801 et

452 2829 547 2883 Dei
572 2834 828 2898 sapientia
859 2832 927 2886 ".
961 2833 1199 2888 Sanctus
1238 2835 1532 2903 Gregorius
1567 2835 1840 2906 Nyssentts
1881 2839 2018 2894 libro

444 2936 514 2974 vtt
544 2923 597 2972 in
627 2919 848 2974 Cantica
872 2923 1193 2976 canticorum
1231 2939 1248 2976 :
1280 2922 1560 2990 Dominus,
1592 2925 1788 2993 inquit.
1826 2937 2017 2981 natura

446 3026 542 3063 sua
593 3011 642 3063 id
694 3011 864 3078 ipsum
915 3014 1054 3080 quod
1098 3023 1201 3077 est,
1252 3013 1514 3077 veritatis,
1560 3024 1613 3068 et
1639 3015 1939 3084 sapientia,
1967 3025 2023 3070 et

2109 1945 2280 2005 ipsum
2316 1930 2547 1998 cognitio
2571 1929 2621 1981 in
2659 1929 2795 1994 ipso.
2843 1926 2951 1979 Nos
2987 1936 3164 1979 autem
3199 1939 3300 1976 non
3339 1925 3454 1984 sic;
3493 1936 3682 1974 sumus

2109 2021 2252 2076 enim
2283 2020 2479 2086 aliquid
2509 2020 2722 2087 proprie
2752 2033 2914 2072 secuti
2941 2021 3044 2069 ium
3066 2015 3441 2074 substantiam;
3479 2016 3529 2064 in
3559 2016 3682 2066 sul.-

2110 2113 2306 2164 stantia
2346 2117 2524 2163 autem
2556 2109 2814 2162 habemus
2873 2109 3103 2175 positam
3163 2104 3550 2172 cognitionem,
3621 2113 3678 2152 ttt

2111 2201 2344 2254 colorem
2375 2198 2428 2251 in
2457 2211 2699 2264 corpore.
2737 2198 2968 2249 Sanetus
3000 2195 3281 2254 Maximus,
3342 2195 3393 2245 itt
3434 2193 3681 2245 centuria

2114 2287 2296 2350 tertia,
2335 2301 2454 2353 cap.
2488 2286 2521 2339 5
2558 2301 2571 2337 :
2616 2284 2826 2349 Omnis,
2857 2286 3051 2353 inquit,
3093 2285 3332 2352 eugnitio
3367 2298 3550 2336 carum
3599 2298 3684 2335 re-

2113 2393 2231 2430 rum
2265 2392 2382 2444 qua:
2407 2388 2557 2437 sunt,
2609 2375 2870 2430 habitudo
2905 2384 2986 2428 est
3020 2391 3137 2443 qum
3162 2385 3405 2427 extrema
3438 2377 3684 2441 quaedam

2115 2467 2361 2536 colligat;
2395 2483 2486 2522 eos
2514 2468 2634 2520 dico
2668 2467 2756 2534 qui
2787 2463 3144 2534 cognoscunt,
3168 2476 3220 2520 et
3243 2481 3304 2518 ea
3343 2481 3461 2533 qurc
3491 2481 3691 2533 cogno-

2117 2569 2370 2622 scuntur;
2409 2561 2521 2615 haec
2549 2569 2728 2614 autem
2757 2575 2861 2612 non
2887 2560 2962 2628 (1)
2990 2561 3334 2629 cognosritur
3361 2558 3426 2610 ab
3455 2558 3572 2610 istis
3597 2559 3686 2626 qui

2118 2660 2471 2720 cognoscunt,
2507 2666 2678 2719 neque
2709 2651 2870 2704 simul
2901 2652 3250 2718 cognoscitur
3288 2665 3406 2700 eum
3433 2649 3688 2715 cognitis;

2120 2757 2224 2797 non
2254 2719 2394 2795 enim
2424 2742 2661 2806 cognitio
2691 2751 2808 2807 apta
2834 2751 2913 2794 est
2937 2751 3127 2793 natura
3162 2756 3254 2791 sua
3282 2741 3387 2791 uita
3419 2754 3480 2790 ex
3517 2751 3689 2803 parte,

2121 2844 2180 2889 ut
2213 2844 2572 2904 cognoscat-tr
2613 2852 2625 2888 :
2662 2833 2800 2888 Deus
2835 2841 3016 2886 autem
3055 2839 3354 2885 secundum
3395 2832 3690 2884 essentiam

2123 2942 2296 2988 suam,
2330 2926 2692 2995 quodcunque
2723 2933 2806 2977 est
2834 2924 3129 2977 secundum
3164 2924 3520 2975 substantiam
3547 2962 3559 2981 ,
3597 2938 3692 2973 co-

2125 3021 2291 3090 gnitio
2327 3028 2408 3073 est
2439 3015 2744 3078 ineﬂ‘abilis,
2766 3030 2884 3084 quae
2911 3015 2965 3068 in
3002 3011 3178 3067 Mente
3207 3025 3253 3066 et
3290 3014 3460 3066 Verbo
3489 3024 3536 3065 et
3571 3012 3694 3079 Spi-

445 3103 660 3154 virtutis
693 3103 988 3157 substantia
1025 3111 1141 3167 est;
1188 3104 1390 3159 idcirco
1432 3109 1574 3176 quod
1618 3106 1784 3161 David
1818 3109 1955 3162 dixit
1999 3124 2014 3161 :
2045 3139 2090 3199 ο
2125 3112 2232 3165 ritu
2264 3125 2356 3178 per
2387 3124 2446 3164 se
2489 3108 2724 3163 exsistit.
2781 3109 2920 3158 Deus
2979 3106 3142 3173 igitur
3170 3105 3392 3156 omnino
3428 3115 3504 3156 est
3537 3118 3694 3154 erea-

449 3190 640 3245 Otnnia
695 3194 748 3245 in
780 3195 1038 3261 sapientia
1081 3196 1246 3264 fecisti
1277 3196 1341 3260 ⁷⁸,
1379 3196 1766 3266 interpretatus
1793 3201 2021 3268 Aposto-

448 3284 530 3336 lus
565 3283 908 3352 Prophetam,
946 3287 996 3337 in
1040 3285 1159 3354 ipso
1209 3287 1286 3341 ait
1337 3290 1513 3342 omnia
1569 3299 1748 3342 creata
1806 3305 1926 3344 esse
1956 3291 2019 3353 ",

451 3385 702 3443 tanquam
735 3376 837 3430 huc
887 3376 1155 3446 Propheta
1191 3379 1592 3449 'significaverit
1629 3381 1891 3434 vocabulo
1931 3399 2020 3435 sa-

449 3467 680 3533 pientiae.
717 3467 859 3522 Idem
911 3468 1204 3538 Gregorius
1251 3471 1302 3524 itt
1353 3471 1600 3524 eisdem:
1634 3471 1733 3537 Qui
1781 3474 2022 3527 omnium

449 3561 812 3625 cognitionem
845 3561 896 3614 itt
932 3577 990 3615 se
1024 3563 1143 3628 ipso
1174 3563 1626 3631 comprehensam
1657 3565 1835 3627 habet,
1871 3565 2023 3631 cujus

451 3650 656 3705 infinita
691 3652 976 3720 sapientia,
998 3653 1125 3720 quin
1161 3655 1338 3722 potius
1369 3655 1521 3723 cujus
1545 3655 1776 3710 essentia
1809 3658 2022 3726 sapien-

450 3744 518 3798 tia
551 3751 652 3797 est.
685 3743 913 3813 (Iyriiius
947 3743 998 3797 in
1035 3744 1309 3798 Thesattris
1362 3763 1376 3800 :
1417 3746 1531 3798 Non
1585 3747 1712 3815 quia
1757 3749 2020 3818 sapientia

449 3835 503 3889 in
541 3835 715 3900 nobis,
746 3843 800 3888 ιι
831 3836 1056 3890 scientia
1092 3853 1194 3892 non
1227 3838 1437 3892 exsistit
1475 3853 1571 3908 per
1597 3853 1677 3905 se,
1707 3840 1906 3894 idcirco
1931 3856 2022 3895 sa-

449 3927 669 3994 pientia,
705 3942 824 3994 qua:
855 3928 905 3980 in
933 3929 1039 3982 Deo
1069 3931 1174 3991 ‘est,
1211 3946 1311 3984 non
1347 3947 1439 4000 per
1470 3947 1528 3985 se
1562 3932 1807 3997 exsistet,
1847 3931 1942 3987 sed
1977 3934 2019 3988 si

446 4017 720 4072 confiteris
753 4032 856 4071 non
887 4029 1239 4081 essepatnra:
1265 4031 1458 4076 nostra:
1490 4022 1676 4084 Deum,
1706 4023 1862 4090 plane
1893 4039 2021 4078 con-

449 4109 639 4170 literis,
674 4110 852 4163 omnia
882 4125 1001 4178 qua!
1030 4111 1150 4178 ejus
1196 4123 1340 4175 sunt,
1373 4127 1478 4166 non
1526 4128 1650 4167 esse
1686 4128 1749 4167 cx
1799 4117 2019 4179 nostris,

446 4201 542 4254 sed
574 4202 752 4268 potius
786 4210 972 4255 nosua
1006 4216 1285 4271 superant,
1341 4220 1402 4258 ac
1455 4217 1662 4261 tantum
1717 4219 1976 4275 superant
2005 4247 2020 4271 ,

447 4304 706 4361 quantum
739 4305 997 4364 superant
1043 4306 1098 4353 et
1129 4281 1384 4352 diﬂ'erunt
1419 4303 1715 4356 secundum
1755 4304 2018 4357 rationctn

449 4387 783 4444 Sttbxtnnliz.
824 4389 899 4443 Ex
934 4390 1131 4459 quibus
1159 4391 1216 4444 ﬁt
1249 4391 1617 4459 manifestum,
1641 4394 1780 4463 quod
1813 4396 1864 4446 in
1904 4395 2023 4447 uni-

2128 3205 2262 3256 turis
2295 3201 2531 3270 ignotus,
2565 3208 2747 3267 utpote
2782 3197 2892 3263 ipsa
2943 3210 3038 3263 per
3067 3209 3124 3250 se
3165 3195 3422 3263 cognitio,
3473 3193 3574 3246 nisi
3613 3195 3695 3246 cui

2124 3294 2332 3363 placeat
2383 3293 2562 3347 dicere
2617 3304 2735 3344 esse
2770 3291 2934 3343 etiam
2986 3286 3152 3341 Deum
3185 3303 3348 3354 supra
3405 3286 3546 3340 hanc.
3600 3287 3699 3340 int-

2128 3401 2328 3439 mense.
2377 3384 2443 3438 Et
2494 3398 2684 3437 rursus
2717 3380 2952 3450 Cyrillus
2993 3382 3041 3432 in
3077 3379 3345 3447 capitibus
3378 3379 3442 3431 de
3490 3377 3696 3445 Spit-itu

2126 3485 2350 3532 sancto:
2380 3474 2542 3535 Deus,
2575 3473 2768 3542 inquit,
2797 3472 3034 3526 cbaritas
3059 3479 3162 3533 est,
3187 3480 3242 3521 ttt
3267 3468 3502 3524 Joannes
3535 3470 3694 3528 ait";

2125 3580 2178 3622 et
2215 3582 2318 3620 non
2351 3575 2432 3619 est
2462 3565 2752 3633 quidquam
2785 3564 2928 3616 aliud
2957 3566 3091 3631 ipse,
3121 3571 3172 3614 et
3205 3563 3348 3613 aliud
3378 3562 3524 3627 quid,
3555 3562 3696 3629 quod

2127 3660 2180 3712 in
2215 3659 2328 3725 ipso
2357 3665 2473 3715 est;
2507 3656 2730 3721 simplex
2766 3655 2906 3707 enim
2933 3664 2985 3707 et
3013 3655 3128 3707 sine
3161 3653 3553 3718 contpOSitionc
3585 3662 3684 3704 est.

2127 3750 2269 3803 Idem
2300 3747 2474 3801 adhuc
2498 3748 2636 3800 libro
2671 3762 2836 3798 xxxttt
2882 3744 3271 3797 Tltesaurorum
3304 3762 3319 3796 :
3351 3743 3535 3798 Omnia
3573 3743 3699 3795 tui/ti

2126 3841 2323 3893 tradita
2351 3850 2465 3893 sunt
2495 3855 2526 3891 a
2561 3835 2721 3889 Patre
2755 3853 2885 3901 meo,
2914 3847 2958 3889 et
2995 3852 3140 3888 nemo
3176 3836 3436 3903 cognoscit
3479 3833 3702 3903 Filium,

2126 3933 2225 3986 nisi
2259 3929 2449 3995 Pater;
2486 3945 2645 3998 neque
2685 3926 2902 3980 Patrem
2933 3931 3046 3994 quis
3079 3927 3216 3978 novit
3271 3927 3369 3978 nisi
3409 3923 3582 3977 Filius
3621 3925 3702 3985 ’3;

2125 4024 2248 4092 quia
2283 4021 2489 4077 scilicet
2515 4020 2656 4074 nulla
2691 4033 2841 4072 mens
2866 4029 3042 4072 creata
3078 4027 3253 4086 potest
3288 4018 3395 4072 ullo
3437 4021 3591 4072 lllO‘iO
3621 4022 3703 4074 di-

2125 4115 2303 4167 vinam
2337 4115 2696 4168 substantiam
2728 4112 3037 4181 complecti,
3066 4111 3190 4180 quia
3220 4126 3437 4163 omnem
3469 4123 3700 4167 mentem

2127 4208 2290 4260 vincit
2315 4223 2327 4257 :
2349 4216 2402 4260 et
2427 4222 2584 4274 supra
2610 4219 2823 4258 omnem
2855 4205 3124 4257 notionem
3158 4202 3329 4256 fertur
3359 4204 3705 4271 pulchritudo

2125 4300 2242 4367 ejus
2270 4314 2392 4366 qua:
2424 4312 2583 4366 supra
2620 4305 2864 4350 naturam
2899 4303 3017 4358 est,
3052 4305 3102 4348 et
3139 4295 3305 4348 deleri
3341 4311 3447 4349 non
3481 4308 3657 4365 potest
3691 4317 3704 4350 :

2125 4400 2177 4444 et
2209 4405 2237 4442 a
2275 4405 2333 4443 sc
2363 4388 2474 4443 sola
2509 4388 2636 4456 quid
2669 4387 2741 4442 sit
2770 4386 3066 4440 secundum
3099 4397 3382 4452 naturam,
3415 4391 3706 4458 cognosci-

421 4488 579 4545 ~tate,
614 4495 735 4548 qua:
791 4495 953 4549 supra
1003 4484 1368 4538 substantiam
1421 4493 1525 4549 est,
1580 4499 1756 4552 neque
1811 4485 2024 4541 bonitas
2059 4501 2101 4555 ι)
2134 4493 2239 4536 tur.
2272 4482 2504 4534 Sanctus
2538 4479 2830 4549 Gregorius
2857 4477 3159 4549 Nyssenus,
3200 4481 3253 4532 in
3291 4480 3710 4538 (Zon'ttnentariis

517 4657 569 4729 ’_'_
611 4654 841 4729 Philipp.
879 4675 938 4724 tt,
969 4659 1022 4714 6.

447 4724 494 4756 "
521 4725 711 4781 Matth.
740 4724 818 4796 it',
837 4729 953 4807 ‘27.

1098 4660 1144 4692 "
1201 4664 1358 4721 Joan.
1388 4684 1461 4731 ιιι,
1503 4667 1593 4722 25.
1672 4669 1716 4700 ⁷⁸
1743 4668 1762 4722 ῐ
1790 4668 1916 4724 Cor.
1950 4684 1986 4730 ι,
2011 4667 2100 4721 2i.
2179 4669 2224 4698 ⁷⁵
2251 4666 2631 4731 Ρεθ¹.ειιι,⁶24.
2709 4667 2756 4697 ’⁸
2788 4665 2854 4717 Cu

1950 4667 2100 4730 κει.
2179 4669 2224 4698 ⁷⁵
2251 4666 2631 4731 Ρειιι.ειιι,⁶ὶ4.
2709 4667 2756 4697 ’⁸
2788 4665 2997 4720 Coloss.
3027 4663 3178 4723 t,16.
3257 4663 3336 4717 ⁷⁷Ι
3363 4663 3521 4718 Joan.
3561 4668 3699 4729 xt,8.

1933 4823 2203 4886 Scholia.

450 4952 780 5024 nominatur.
813 4953 954 5019 Quid
985 4962 1174 5009 natura
1210 4957 1280 5009 sit
1313 4955 1476 5015 Deus,
1513 4955 1739 5024 intelligi
1776 4970 1879 5008 non
1919 4970 2019 5021 po-

453 5032 596 5094 test;
631 5038 730 5094 nec
768 5022 855 5094 hic
883 5025 1173 5094 Gregorius
1202 5026 1542 5089 contradicit,
1585 5022 1782 5094 qui—iu
1831 5025 2020 5079 eodem

451 5091 592 5147 libro
623 5092 700 5145 ait
727 5112 740 5146 :
768 5093 902 5158 Quid
933 5091 1180 5162 oporteat
1232 5095 1403 5148 solum
1435 5097 1498 5148 de
1531 5091 1637 5149 Deo
1667 5108 2022 5162 cognoscere,

454 5163 657 5217 scilicet
691 5163 821 5216 nihil
853 5179 1040 5216 eorum
1073 5179 1197 5219 esse
1228 5180 1346 5233 qua:
1379 5165 1613 5218 humana
1649 5181 1798 5218 mens
1822 5179 2024 5224 cogno-

453 5245 608 5285 scere
638 5243 835 5304 potest.
872 5233 1151 5304 Signilicat
1183 5235 1345 5304 igitur
1397 5236 1481 5287 ltic
1527 5235 1821 5304 Gregorius
1855 5234 2021 5288 Deum

452 5316 515 5355 cx
538 5303 841 5372 creaturis,
873 5319 1008 5372 quas
1042 5303 1412 5370 intelligimus,
1465 5303 1688 5365 intelligi
1723 5306 1861 5372 quod
1911 5305 1980 5356 sit
2008 5344 2022 5363 .

453 5381 506 5425 et
536 5371 620 5423 illa
655 5387 775 5426 esse
809 5371 1104 5428 secundum
1130 5388 1371 5434 causam.
1399 5383 1516 5426 esto
1548 5371 1906 5442 perfectiones
1943 5391 2034 5428 no-

454 5442 704 5513 minibus
725 5443 814 5497 Dei
845 5443 1172 5509 significatas
1218 5445 1326 5498 Duo
1373 5445 1612 5511 proprie,
1659 5453 1714 5497 et
1764 5447 1934 5513 prius.
1981 5454 2033 5497 et

455 5512 820 5566 essentialitcr
858 5514 1183 5579 convenire,
1217 5524 1268 5566 et
1321 5531 1347 5564 a
1401 5514 1666 5567 creaturis
1712 5512 2026 5582 participari

456 5588 663 5634 certum
706 5592 810 5648 est,
857 5593 911 5637 et
946 5584 995 5636 in
1027 5599 1088 5636 ea
1121 5585 1458 5644 excellentia,
1513 5586 1564 5636 in
1610 5599 1712 5653 qua
1766 5583 1872 5638 Deo
1905 5603 2031 5638 cutt-

457 5653 704 5722 veniunt,
736 5669 841 5706 non
875 5669 1027 5721 posse
1051 5669 1079 5706 a
1104 5656 1268 5708 nobis
1297 5654 1538 5722 intelligi.

535 5722 612 5790 (i)
641 5721 882 5793 Coguitio
917 5739 1020 5778 non
1058 5725 1406 5797 cognoscitur
1438 5721 1612 5793 primo
1649 5726 1712 5777 ab
1753 5725 2024 5782 itttcllccm

2123 4955 2356 5006 buntano
2387 4964 2775 5022 cognoscente.
2811 4953 2934 5022 quia
2961 4955 3194 5022 primum
3245 4952 3516 5021 objeetum
3557 4948 3714 5003 intel-

2125 5023 2292 5076 lectus
2322 5026 2487 5078 nostri
2526 5025 2578 5076 itt
2608 5025 2857 5090 [ιι-ωεξηιί
2884 5035 3027 5078 Slalll
3064 5034 3145 5078 cst
3170 5040 3266 5079 ens
3297 5035 3349 5076 et
3378 5036 3562 5072 verum
3587 5036 3717 5071 con-

2123 5093 2416 5146 sideratum
2483 5096 2532 5146 itt
2571 5094 2733 5147 rebus
2776 5096 3187 5156 matcrialibus;
3251 5093 3707 5161 ειιεηίιὶοιιιιιριη

2125 5172 2207 5216 est
2241 5163 2637 5227 immaterialis,
2669 5173 2722 5214 et
2763 5165 2882 5217 ideo
2901 5165 3249 5232 cegnoscitur
3282 5160 3701 5232 postobjcctunt

2128 5233 2408 5286 maleriale
2433 5236 2581 5301 prius
2603 5233 2918 5300 cognitum;
2948 5229 3121 5301 tt'cque
3170 5229 3519 5297 cognoscitur
3550 5229 3710 5282 simul

2129 5316 2250 5354 cum
2281 5302 2493 5370 objecto
2517 5306 2758 5372 cognito,
2797 5314 2851 5353 ttt
2885 5306 3119 5372 cognitio
3155 5303 3349 5372 lapidis
3381 5318 3485 5354 non
3509 5314 3712 5372 cogno-

2134 5373 2303 5424 Scitur
2352 5369 2507 5426 Simul
2557 5369 2677 5427 eum
2728 5374 2926 5442 lapide,
2956 5369 3081 5441 quia
3111 5369 3440 5442 cognoscere
3489 5369 3716 5434 lapidein

2135 5457 2237 5493 non
2267 5453 2350 5495 est
2386 5442 2648 5511 perfectio
2699 5445 2897 5509 lapidis
2937 5447 3173 5513 cogniti;
3212 5446 3409 5512 alioqui
3442 5458 3551 5493 utto
3595 5452 3716 5493 netu

2133 5525 2570 5579 cognosceretur,
2608 5516 2752 5568 sicut
2807 5517 3154 5582 cognoscitur
3183 5530 3288 5568 uno
3321 5523 3445 5566 actu
3478 5529 3562 5565 res
3599 5526 3719 5561 cunt

2131 5582 2460 5648 perfectione
2511 5599 2650 5650 sua;
2684 5585 2822 5638 sicut
2873 5585 3093 5654 angelus
3152 5599 3260 5637 uno
3293 5593 3418 5636 actu
3468 5582 3723 5646 intelligit

2129 5667 2282 5704 suam
2308 5655 2632 5722 essentiam,
2674 5664 2727 5708 el
2753 5669 2908 5724 suum
2951 5655 3277 5724 intelligere,
3307 5655 3564 5724 quodest
3594 5667 3719 5724 pe:-

2129 5724 2288 5777 fcctio
2319 5725 2568 5779 essentia:
2615 5720 2753 5793 ejus,
2776 5741 2840 5780 ex
2861 5723 2916 5777 S.
2942 5720 3178 5781 Thomft
3218 5741 3296 5794 p.,
3327 5720 3382 5792 ιι.
3403 5723 3490 5787 8'7,
3525 5733 3630 5778 art.
3660 5720 3716 5776 ’5.
