4446 6450
735 362 843 425 979

1900 374 2229 447 JOANNIS,
2255 366 2818 464 CYPARISSIOT/E

3881 395 3986 472 980

720 479 786 549 in
816 476 1084 586 'Cfi'ﬂffaf
1123 484 1276 586 (ξυοά
1315 499 1442 538 νοτε
1479 485 1696 538 Nam“
1729 493 1835 550 θείω
1875 486 1989 586 ίΡ-εθ
2021 487 2161 586 ίξθυξ
2189 497 2272 542 εει
2303 506 2317 553 ;
2345 491 2395 552 Α
2424 497 2583 558 habet
2603 507 2963 568 diﬂ'erentiam
2989 533 3004 580 ;
3032 519 3175 586 quod
3202 530 3383 575 autem
3411 535 3514 574 non
3543 521 3704 576 habet
3726 520 3984 577 dileren-

739 575 1001 644 quidquid
1040 576 1258 629 tandem
1289 588 1411 628 esse
1447 589 1570 628 eum
1601 589 1884 642 ponamus;
1921 575 2199 632 beatitudo
2231 588 2316 632 est

739 666 826 718 illa
857 667 964 729 vita
1001 666 1342 730 immortalis,
1371 674 1426 720 et
1469 666 1598 744 illud
1647 665 1847 721 bonum
1897 668 2228 734 immortale,
2257 679 2314 724 et

739 760 881 822 quod
915 756 1136 825 intelligi
1173 771 1280 809 non
1312 757 1879 826 potest;'pnlcltritudo
1908 775 2027 828 qua:
2075 775 2182 814 non
2215 775 2311 815 ex-

737 851 1022 917 promitnr,
1073 859 1127 904 ct
1173 851 1285 919 ipsa
1341 866 1438 919 per
1476 867 1533 905 se
1574 853 1770 920 gratia,
1821 863 1873 907 et
1921 855 2207 923 sapientia,
2257 865 2312 910 et

737 944 927 994 virtus.
962 941 1025 994 Et
1064 956 1288 1011 magnus
1315 942 1644 996 Athanasius
1689 943 1742 996 in
1792 943 2023 1012 quadam
2067 944 2311 1013 disputa-

733 1036 875 1088 tiune
907 1033 1205 1088 Orthodoxi
1237 1043 1292 1089 et
1313 1035 1563 1090 Anomtei
1603 1054 1614 1088 :
1650 1033 1826 1088 Ott-ru.
1859 1035 2032 1088 Aliam
2067 1044 2121 1090 et
2141 1028 2307 1090 'aliatn

707 1139 1025 1192 ‘personam
1081 1125 1379 1191 habemus;
1431 1143 1534 1182 non
1588 1140 1768 1182 autem
1820 1129 1992 1182 aliam
2045 1139 2099 1184 et
2146 1129 2306 1184 aliam

735 1217 1223 1281 immortalitatem,
1261 1234 1423 1286 quam
1451 1236 1545 1286 per
1580 1235 1742 1272 unum
1789 1222 2116 1290 baptismum
2147 1238 2303 1276 accc-

733 1312 948 1374 pimus;
1005 1311 1050 1363 si
1103 1312 1246 1362 enim
1298 1312 1402 1364 alia
1439 1322 1495 1364 et
1543 1313 1650 1364 alia
1705 1299 2080 1367 immortalitas
2107 1326 2214 1379 est,
2257 1324 2310 1369 et

730 1402 874 1455 aliud
901 1412 954 1455 et
984 1403 1128 1456 aliud
1158 1403 1444 1471 baptisma;
1474 1415 1527 1458 et
1554 1406 1658 1458 alia
1683 1414 1739 1459 et
1769 1405 1869 1459 alia
1891 1406 2054 1460 ﬁdes:
2089 1421 2195 1460 non
2222 1418 2307 1460 est

733 1509 872 1547 unus
909 1494 1160 1549 Christus
1187 1536 1200 1559 ,
1235 1511 1340 1548 una
1387 1480 1541 1562 ﬁdes,
1593 1504 1756 1550 unum
1810 1499 2097 1566 baptisma.
2129 1498 2302 1552 Αιιοιι.

734 1589 802 1638 At
835 1596 1019 1640 nostra
1060 1603 1294 1657 persona
1326 1589 1429 1641 alia
1465 1597 1546 1641 est
1584 1600 1781 1657 praeter
1817 1581 2301 1654 immortalitatem,
2332 1639 2337 1644 .

733 1688 787 1730 et
812 1678 1074 1744 baptisma
1111 1695 1124 1730 :
1154 1678 1316 1747 igitur
1341 1692 1570 1748 persona
1605 1678 1808 1733 Christi
1835 1680 1937 1733 alia
1967 1694 2196 1748 persona
2222 1693 2304 1733 est

736 1780 928 1838 praeter
968 1771 1451 1825 immortalitatem.
1482 1772 1728 1827 Otmtoo.
1756 1772 2016 1838 Minime;
2049 1774 2161 1826 imo
2192 1775 2303 1831 haec

736 1869 846 1926 ipsa
886 1878 1113 1929 persona
1143 1874 1196 1916 et
1221 1864 1599 1917 immortalitas
1627 1875 1709 1920 est
1733 1882 1747 1929 ;
1772 1874 1825 1919 et
1857 1881 1960 1920 non
1999 1867 2174 1921 solum
2204 1866 2304 1918 im-

736 1953 1060 2017 tnorlalitsis,
1112 1955 1223 2008 imo
1253 1955 1416 2006 etiam
1457 1956 1810 2023 incorruptio,
1847 1967 1902 2010 et
1941 1957 2155 2025 justitia
2189 1997 2204 2021 ,
2251 1967 2307 2011 et

734 2042 1112 2106 sanctiﬁcatio,
1140 2054 1194 2097 et
1233 2045 1557 2113 redemptio,
1590 2055 1645 2099 et
1671 2046 1997 2111 dominatio,
2029 2057 2084 2102 et
2107 2047 2302 2100 virtus.

735 2137 811 2189 Ex
841 2136 1042 2203 quibus
1071 2136 1291 2204 pateﬁt,
1328 2138 1469 2204 quod
1509 2138 1560 2191 in
1593 2139 1800 2193 unitate
1842 2153 2004 2208 supra
2054 2138 2307 2194 substan-

733 2233 864 2284 tiam
901 2248 1007 2286 non
1036 2241 1248 2300 oportet
1280 2246 1525 2299 quaerere
1551 2271 1566 2292 ,
1598 2230 1739 2284 aliud
1771 2246 1893 2286 esse
1921 2234 2004 2286 sui
2046 2233 2307 2304 cognitio-

736 2339 882 2388 nem,
916 2323 1039 2391 quia
1076 2308 1277 2378 habere
1304 2339 1422 2379 eam
1456 2324 1676 2389 dicitur,
1711 2333 1806 2378 aut
1855 2325 2108 2381 similiter
2161 2325 2306 2380 aliud

734 2431 857 2470 esse
887 2429 1038 2468 suam
1071 2415 1416 2478 charitatem,
1449 2414 1530 2467 vel
1562 2414 2043 2485 pulchritudinem,
2077 2416 2158 2470 vel
2211 2416 2310 2470 im-

737 2506 1150 2568 mortalitatem,
1182 2506 1262 2560 vel
1293 2505 1434 2569 alia;
1471 2509 1564 2561 sed
1611 2523 1765 2562 suam
1819 2508 2146 2577 singularem
2186 2507 2310 2562 sub-

734 2600 1024 2664 stantiam,
1053 2608 1108 2653 et
1144 2599 1521 2653 exsislentiam
1561 2600 1729 2670 ;quin
1784 2601 1965 2669 potius
2018 2615 2143 2654 cum
2197 2601 2310 2654 haec

736 2692 950 2746 abunde
982 2694 1071 2757 sit,
1101 2707 1162 2745 ea
1199 2703 1256 2744 ut
1287 2706 1346 2747 se
1375 2692 1544 2760 ipsam
1586 2693 1766 2747 habet.

1328 2806 1556 2860 CAPUT
1591 2806 1724 2860 Vlll.

736 2902 889 2967 Quod
911 2902 968 2953 in
1005 2907 1206 2953 unitate
1259 2915 1419 2965 supra
1449 2900 1801 2952 substantiam
1823 2916 1923 2953 non
1947 2909 2146 2969 Oportet
2167 2917 2310 2968 quit:-

806 2987 939 3033 rere,
967 2973 1090 3037 quia
1122 2972 1230 3024 hinc
1259 2980 1332 3023 est
1351 2972 1548 3030 omnia,
1572 2970 1770 3022 idcirco
1793 2970 1958 3022 multa
1986 2970 2102 3038 ejus
2128 2987 2238 3024 esse
2265 2983 2314 3023 et

815 3042 1022 3094 diversa
1067 3042 1265 3101 omnia,
1298 3053 1376 3092 est
1406 3047 1578 3092 autem
1615 3055 1676 3094 ea
1710 3041 1888 3092 omnia
1921 3042 2036 3106 ipsa
2060 3041 2237 3094 divina
2265 3052 2313 3094 et

803 3115 952 3165 beata
979 3112 1089 3179 ejus
1121 3111 1573 3176 substantia,qute
1604 3109 1756 3164 habet
1792 3112 1968 3163 omnia
2003 3126 2105 3163 non
2122 3111 2303 3164 utalia

2419 599 2569 666 tiam,
2603 612 2760 659 extra
2811 621 3028 663 omnem
3062 612 3229 666 etiam
3276 606 3650 668 habitudinem
3685 625 3767 668 est
3801 617 3984 683 ;quod

2413 699 2592 745 autem
2625 693 2994 752 habitudinem
3046 715 3152 756 non
3185 702 3369 768 habet,
3399 703 3565 758 etiam
3630 719 3736 759 non
3765 719 3984 759 coerce-

2414 786 2709 854 tur;an
2749 796 2927 842 autem
2960 804 3065 844 non
3112 801 3416 859 coercetur,
3472 787 3739 864 principio
3791 806 3980 859 caret;

2413 877 2556 942 quod
2581 890 2710 932 vero
2741 879 3005 950 principio
3026 892 3197 947 caret,
3231 883 3398 938 etiam
3429 895 3514 961 est
3541 885 3815 940 inﬁnitum
3841 903 3855 950 ;
3891 900 3980 941 so-

2413 965 2498 1021 lus
2533 967 2692 1037 igitur
2752 970 2892 1026 Deus
2918 983 2998 1028 est
3033 973 3152 1030 sine
3210 976 3501 1046 principio,
3532 987 3588 1034 et
3623 978 3890 1044 inﬁnitus,
3930 988 3983 1033 et

2411 1057 2527 1112 sine
2555 1061 2896 1127 habitudine,
2917 1073 2969 1118 et
2992 1066 3111 1122 sine
3139 1067 3474 1136 dilerentia;
3507 1070 3632 1139 quia
3657 1071 3873 1138 proprie
3901 1081 3983 1125 est

2412 1150 2877 1219 singularissimns
2905 1169 3122 1222 natura.
3153 1169 3206 1215 et
3236 1162 3489 1231 simplex,
3527 1172 3582 1216 et
3609 1177 3714 1218 non
3745 1163 3975 1217 circum-

2410 1243 2667 1309 scriptus,
2729 1246 2831 1302 hoc
2860 1261 2944 1303 est
2996 1251 3259 1307 inﬁnitus.
3309 1254 3455 1308 Idem
3484 1256 3538 1308 in
3574 1270 3695 1323 cap.
3733 1257 3768 1311 4
3833 1255 3984 1324 ejus-

2411 1333 2528 1383 dem
2570 1334 2867 1390 centurim:
2904 1337 3048 1392 Nihil
3081 1355 3271 1395 eorum
3307 1357 3426 1411 qua
3451 1351 3602 1405 sunt.
3625 1353 3710 1398 est
3741 1358 3847 1398 non
3871 1345 3985 1398 cir—

2408 1422 2820 1495 cumscriptum,
2881 1429 3138 1493 quoniam
3185 1445 3359 1498 neque
3407 1432 3634 1487 liberum
3669 1448 3698 1487 a
3727 1434 3986 1501 praedica-

2408 1525 2628 1569 mento:
2683 1517 2828 1572 solus
2888 1518 3028 1574 Deus
3056 1529 3141 1576 est
3194 1533 3347 1577 extra
3389 1525 3892 1592 pradicamentum,
3929 1536 3985 1579 et

2409 1607 2610 1664 idcirco
2635 1611 2703 1663 ab
2731 1613 2882 1666 omni
2909 1615 3418 1683 circumscriptione
3446 1616 3608 1680 liber,
3637 1625 3825 1684 utpote
3859 1618 3984 1671 inﬁ-

2408 1698 2518 1751 nite
2536 1700 2587 1752 in
2613 1699 2877 1754 inﬁnitum
2896 1703 3097 1758 celsior
3114 1705 3257 1758 omni
3277 1706 3603 1769 substantia,
3631 1715 3685 1761 et
3707 1715 3908 1770 mente,
3932 1717 3987 1760 et

2408 1792 2637 1856 ratione,
2655 1803 2708 1844 et
2738 1793 3110 1865 intelligentia.
3134 1797 3369 1853 Sanctus
3396 1799 3745 1862 Athanasius,
3779 1799 3832 1854 in
3863 1813 3989 1853 ora-

2411 1881 2747 1960 tione,qttam
2783 1886 3056 1955 inscripsit
3075 1890 3420 1957 Κηρυκτικον
3445 1891 3497 1943 in
3523 1890 3989 1945 annuntiationem

2409 1975 2768 2031 sanctissima:
2802 1975 3043 2034 Domina:
3069 1989 3292 2046 nostrae,
3325 1966 3513 2037 Matris
3548 1981 3674 2037 Dei:
3704 1981 3985 2045 Quamob—

2409 2085 2539 2134 rem,
2569 2070 2767 2138 inquit,
2801 2081 2857 2126 et
2917 2072 3032 2140 ipse
3088 2072 3409 2143 Unigenitus
3445 2076 3586 2130 Dens
3640 2076 3753 2130 ait:
3788 2074 3986 2128 Omnia

2407 2174 2523 2226 qua
2555 2158 2708 2212 Itabel
2753 2159 2936 2225 Pater,
2969 2177 3085 2215 mea
3123 2173 3243 2215 sunt
3272 2163 3357 2227 ",'
3397 2172 3451 2218 et
3483 2163 3627 2218 Patri
3675 2163 3842 2218 dicit:
3879 2163 3990 2218 Mea

2410 2255 2608 2313 omnia,
2647 2261 2739 2305 tua
2764 2260 2912 2317 sunt,
2959 2262 3009 2308 et
3035 2252 3304 2322 tua‘mea,
3329 2266 3381 2309 et
3409 2256 3745 2325 glori/iuius
3787 2271 3904 2309 sunt
3933 2255 3986 2305 in

2409 2345 2537 2411 ipsis
2565 2343 2716 2399 “.ln
2782 2346 3036 2402 omnibus
3079 2349 3256 2412 enim,
3293 2347 3347 2402 in
3403 2347 3598 2416 quibus
3656 2346 3990 2415 gloriﬁcatur

2415 2437 2592 2503 Pater,
2621 2452 2742 2492 cum
2775 2438 2840 2494 de
2867 2439 2976 2494 Deo
3007 2440 3188 2494 sermo
3220 2439 3300 2501 ﬁt,
3328 2439 3665 2508 gloriﬁcatur
3689 2438 3853 2493 etiam
3887 2437 3979 2490 Fi-

2415 2530 2537 2597 Iins,
2563 2543 2616 2587 et
2645 2532 2879 2601 Spiritus
2901 2543 3124 2588 sanctus
3149 2550 3165 2596 ;
3190 2533 3316 2588 hinc
3333 2533 3532 2588 dicitur
3556 2531 3825 2601 perfectus
3844 2529 3989 2598 Dens

2417 2625 2596 2687 Pater,
2637 2625 2909 2692 perfectus
2943 2625 3085 2680 Deus
3119 2623 3308 2691 Filius,
3339 2625 3616 2694 perlectus
3649 2625 3788 2676 Dens
3815 2620 3987 2687 Spiri-

2416 2726 2500 2771 tus
2538 2725 2791 2771 sanctus:
2839 2718 2965 2783 quia
3000 2715 3130 2769 nihil
3191 2730 3256 2771 ex
3307 2714 3646 2780 plenitudine
3691 2711 3994 2768 divinitatis

2418 2809 2714 2875 unicuique
2758 2821 3004 2874 persona:
3031 2807 3218 2870 deest;
3256 2804 3350 2858 sed
3405 2803 3582 2872 potius
3610 2804 3753 2856 ἰσίαν
3793 2802 3844 2854 id
3884 2810 3990 2862 est,

2417 2898 2786 2968 mqnalitatem
2811 2897 2974 2952 habet
3005 2897 3246 2949 omnium
3307 2896 3700 2965 proprietatum
3729 2912 3742 2958 ;
3773 2896 3825 2946 in
3857 2906 3994 2961 qna-

2417 3007 2536 3046 rum
2583 2990 2898 3060 aqualilate
2933 2989 3214 3059 plenitudo
3265 2987 3566 3042 divinitatis
3612 2987 4000 3050 cernatur;ab

2419 3084 2534 3137 ima
2548 3081 2716 3143 enim.
2737 3081 2788 3135 id
2816 3091 2899 3135 est
2918 3079 3111 3148 mquali
3135 3093 3236 3134 vos
3273 3078 3532 3134 feminina
3563 3077 3670 3130 tela
3699 3077 3995 3139 derivatur,

803 3183 860 3234 in
889 3167 1018 3243 alio:
1049 3182 1138 3234 sed
1173 3181 1286 3233 sine
1317 3167 1629 3240 habitudine
1660 3191 1708 3233 et
1763 3180 1998 3237 collecte.
2033 3181 2167 3233 nihil
2199 3181 2298 3234 Ita-
2330 3167 2375 3228 C
2406 3176 2457 3229 id
2491 3185 2575 3229 est
2606 3174 2914 3242 aequalitas,
2942 3187 3061 3242 qua}
3087 3182 3169 3226 est
3210 3171 3625 3239 comprehensio
3661 3170 3998 3225 constituens

805 3253 925 3305 bcns
950 3251 1160 3317 duplex,
1190 3258 1239 3302 et
1263 3265 1423 3314 supra
1459 3264 1608 3302 omne
1632 3266 1814 3304 unum.

806 3345 1039 3398 Sanctus
1068 3341 1333 3395 Maximus
1370 3343 1420 3395 in
1459 3356 1522 3395 eo
1549 3342 1688 3396 libro
1723 3343 1815 3411 qni
1851 3344 2148 3411 inscriptus
2181 3354 2306 3398 est:

736 3438 888 3500 Quod
933 3436 986 3487 in
1031 3433 1240 3488 Christo
1284 3442 1361 3486 est
1406 3450 1606 3495 rrrum,
1641 3435 1694 3486 id
1742 3444 1838 3496 est,
1880 3434 2304 3487 substantiarum

735 3527 1036 3592 differentia
1062 3543 1079 3579 :
1109 3523 1321 3585 Omnis,
1375 3525 1572 3593 inquit,
1603 3524 1932 3591 diﬂ'erentia,
1975 3541 2095 3593 qua
2147 3527 2309 3582 dissi-

739 3619 1122 3679 militudinem,
1163 3616 1245 3670 vel
1294 3617 1664 3694 diversitatem
1712 3616 1940 3670 aliorum
1976 3619 2044 3672 ab
2075 3619 2196 3673 aliis
2222 3635 2305 3672 se-

735 3711 970 3764 cundum
1003 3711 1262 3761 ratiOnem
1291 3709 1471 3776 aliquo
1509 3709 1665 3761 modo
1720 3708 2016 3762 exsisteudi
2050 3709 2310 3771 declarat,

735 3801 1094 3871 quantitatem
1123 3807 1313 3852 rerum"
1343 3798 1712 3852 differentium
1767 3815 1951 3853 secum
1988 3801 2312 3854 naturaliter

739 3893 967 3954 inducit,
995 3891 1110 3945 sive
1156 3890 1613 3952 snbstantiarnm,
1648 3889 1762 3942 sive
1795 3891 2149 3957 qualitatum,
2199 3895 2312 3947 sive

737 3982 1164 4048 prpprietatutn;
1203 3982 1346 4049 quod
1386 3994 1512 4033 vero
1538 3983 1751 4046 penitus
1801 3981 2032 4050 simplex
2059 3992 2164 4046 est,
2204 3999 2310 4037 non

736 4073 972 4126 admittit
1006 4071 1382 4134 diﬁerentiam,
1404 4072 1534 4141 quid
1570 4073 1709 4126 idem
1741 4071 1955 4142 penitus
1973 4076 2174 4130 estsibi
2209 4079 2309 4143 ipsi

733 4179 788 4221 et
853 4160 1167 4234 singulare,
1224 4175 1278 4218 et
1331 4173 1501 4217 totum
1541 4179 1606 4218 ex
1673 4173 1788 4218 toto
1845 4158 2156 4220 habitudine
2217 4183 2314 4219 nn-

735 4263 883 4324 dnm,
921 4262 1061 4313 sicut
1127 4273 1294 4326 genus
1345 4257 1398 4310 in
1468 4267 1726 4325 quantum
1787 4272 1890 4311 non
1958 4258 2120 4314 habet
2169 4263 2314 4334 quod

735 4357 801 4406 de
860 4369 918 4407 se
977 4353 1437 4422 praedicetntzzet
1494 4350 1563 4404 ob
1617 4365 1737 4405 eam
1798 4367 2019 4407 causam
2091 4345 2315 4411 omnino

737 4465 839 4499 non
869 4458 1209 4507 muneratur,
1267 4459 1439 4510 neque
1460 4445 1738 4499 dividitur.
1769 4444 1913 4499 Idem
1943 4449 2118 4516 capite
2148 4452 2309 4517 quin-

735 4540 1069 4612 quagesimo,
1100 4540 1165 4589 de
1193 4541 1431 4603 encrg‘is
1481 4548 1534 4590 et
1580 4537 1949 4594 voluntatibus
1978 4553 1990 4591 :
2033 4539 2168 4594 Cum
2199 4556 2310 4595 om-

739 4632 811 4689 ni,
857 4630 1052 4691 inquit,
1087 4626 1392 4680 diﬁ'erentia
1422 4625 1581 4678 simul
1610 4627 1896 4681 inducitur
1922 4629 2224 4695 quantitas,
2254 4643 2307 4684 et

735 4737 857 4773 cum
891 4721 1036 4772 omni
1069 4719 1372 4787 quantitate
1424 4719 1754 4786 conjunctus
1801 4730 1883 4772 est
1916 4736 2192 4788 numerus,
2227 4728 2318 4791 qni

734 4829 852 4866 cam
892 4812 1130 4864 tlt‘Clut‘al
1166 4827 1180 4876 ;
1216 4826 1318 4863 non
1375 4812 1517 4862 enim
1566 4811 1678 4864 ﬁeri
1713 4821 1908 4878 potest,
1949 4824 2005 4866 ut
2054 4815 2136 4868 vei
2165 4817 2320 4870 diﬁ'e-

737 4906 908 4959 rentia
973 4907 1041 4956 sit
1092 4905 1207 4957 sine
1234 4905 1560 4972 quantitate,
1624 4905 1703 4956 νει
1755 4908 2029 4972 quantitas
2068 4910 2184 4962 sine
2223 4928 2320 4962 utt-

737 5013 910 5060 mero,
939 4997 1030 5065 qui
1053 5010 1170 5047 cam
1191 4994 1449 5069 declaret,
1477 4995 1847 5064 diguoscatur.
1881 4998 2023 5050 Idem
2058 5000 2234 5065 capite
2285 5002 2318 5054 5

736 5090 993 5143 centuria:
1021 5101 1080 5141 ιιι
1123 5104 1136 5141 :
1171 5085 1329 5152 Quod
1356 5097 1442 5140 est
1484 5087 1699 5155 penitus
1728 5104 1891 5140 unum
1946 5095 2179 5160 pr0prie,
2213 5111 2315 5148 non

809 5199 1024 5254 "Joan.
1053 5214 1163 5262 xw,
1185 5198 1272 5252 l5.
1349 5197 1394 5229 "°
1423 5195 1579 5251 Joan.
1601 5211 1733 5257 xvu,
1799 5193 1880 5250 It).

2414 3265 2781 3334 mqnalitatem
2807 3265 3097 3317 multorum
3125 3280 3140 3325 ;
3175 3275 3405 3329 quorum
3427 3261 3570 3315 enim
3595 3259 3819 3328 arqualis
3848 3273 3997 3328 qua:-

2414 3359 2534 3408 dam
2570 3355 2872 3410 substantia
2907 3363 2990 3408 est
3019 3351 3385 3407 differentium
3443 3352 3856 3420 proprietatum,
3888 3351 3999 3403 iaia

2415 3449 2633 3512 dicitur,
2697 3458 2952 3515 tanquam
3007 3445 3128 3496 ὁσία
3157 3445 3250 3497 καὶ
3300 3444 3418 3512 μία,
3468 3444 3661 3500 idest.
3725 3453 3913 3496 sancta
3945 3453 3999 3494 et

2416 3559 2556 3605 una;
2594 3549 2644 3594 et
2695 3539 2819 3609 quia
2877 3538 2989 3590 ισία
3035 3538 3232 3590 dicitur
3268 3536 3564 3590 secundum
3619 3534 3998 3604 etymologiam

2417 3635 2714 3686 mutatione
2764 3653 2778 3684 ι
2834 3631 2884 3684 in
2927 3648 2974 3694 ο,
3019 3639 3072 3683 et
3103 3631 3415 3684 accessione
3442 3631 3636 3682 litterae
3670 3647 3722 3693 υ,
3768 3627 4002 3681 eﬁicitnr

2417 3725 2847 3794 interpretando,
2896 3725 3072 3788 οὐσίαι,
3113 3723 3162 3776 id
3221 3732 3325 3784 est,
3378 3723 3707 3778 substantia.
3738 3733 3996 3786 tanquam

2415 3817 2661 3889 quaedam
2703 3817 2938 3872 essentia
2972 3833 3034 3870 ex
3073 3816 3317 3879 pluribus
3352 3815 3406 3867 in
3449 3829 3616 3867 unum
3648 3810 3997 3879 congregatis

2415 3910 2644 3966 conﬂata
2677 3929 2688 3974 ;
2725 3910 2986 3963 hactenus
3014 3906 3365 3960 Athanasius.
3396 3905 3693 3973 Gregorius
3719 3901 3999 3974 Nyssenus

2421 4010 2472 4061 in
2497 4016 2750 4057 sermone
2787 4000 3123 4054 cateehetico
3148 4015 3160 4050 :
3184 3998 3240 4052 Si
3265 3998 3433 4060 enim,
3469 3997 3664 4065 inquit,
3696 3996 3916 4058 bonntn,
3949 4004 4005 4047 et

2413 4097 2638 4163 justum,
2685 4100 2738 4144 et
2772 4081 3026 4159 sapiens.
3060 4085 3129 4141 ’et
3185 4098 3378 4157 potens
3447 4086 3699 4140 similiter
3767 4084 4002 4147 dicatur,

2420 4191 2545 4240 item
2585 4183 2988 4245 tmmortalitas,
3022 4191 3076 4234 et
3100 4178 3528 4246 sempiternitas,
3556 4186 3608 4231 et
3629 4177 3810 4230 omnis
3847 4189 4002 4229 mens

2420 4281 2503 4349 pia
2531 4278 2720 4331 eodem
2745 4275 2903 4328 modo
2924 4257 3248 4327 conﬁteatur
3270 4270 3414 4323 omni
3448 4269 3657 4322 ratione
3681 4267 4002 4322 differentia:

2419 4364 2631 4420 sublata
2659 4379 2671 4415 :
2709 4361 3018 4414 necessario
3058 4360 3219 4412 simul
3249 4358 3455 4410 tollitur
3502 4372 3566 4409 es
3584 4356 3846 4426 ’ilogmate
3867 4356 4006 4408 mul-

2427 4456 2598 4508 titudo
2632 4456 2879 4511 deorum,
2915 4465 3035 4504 cum
3071 4450 3212 4502 idem
3249 4448 3420 4515 ipsum
3453 4462 3586 4504 esse,
3638 4447 3690 4500 in
3718 4446 3998 4504 omnibus.

2429 4548 2585 4599 ﬁdem
2611 4545 2663 4596 in
2695 4543 2954 4594 unitatem
2983 4539 3365 4594 circumducit.
3389 4539 3530 4592 idem
3560 4539 3612 4590 in
3632 4539 3856 4590 eodem:
3891 4535 4005 4587 Non

2427 4637 2573 4690 etim
2618 4643 2770 4686 extra
2809 4630 3262 4698 compositionem
3303 4628 3406 4682 erit
3442 4628 3751 4694 hnjnsmodi
3795 4625 4002 4694 Opinio,

2430 4745 2549 4795 qua:
2579 4726 2710 4779 dicit
2733 4724 2874 4777 aliud
2916 4723 2968 4775 in
2989 4722 3094 4802 alio
3127 4735 3270 4783 esse,
3303 4724 3394 4774 sed
3427 4722 3605 4789 potius
3636 4734 3858 4774 necesse
3890 4735 4004 4772 om-

2433 4821 2560 4874 nino
2587 4827 2688 4881 est,
2720 4811 3256 4882 simplicitate‘extra
3313 4813 3737 4864 controversiam
3771 4822 3820 4862 et
3846 4811 4001 4863 tiUili-

2433 4913 2689 4965 tationem
2748 4907 2948 4976 posita,
2981 4906 3149 4973 ipsam
3205 4919 3300 4973 per
3330 4920 3388 4957 se
3420 4905 3583 4955 vitam
3613 4919 3733 4955 esse
3767 4900 3998 4954 Verbum

2435 5003 2549 5055 Dei.
2588 5000 2772 5053 ldem:
2803 4997 2998 5060 Omne,
3029 4995 3228 5063 inquit,
3261 4994 3405 5063 quod
3431 4986 3575 5046 circa
3605 4991 3770 5045 Deum
3805 4992 4004 5044 intelli-

2431 5093 2690 5166 giturt’l),
2713 5090 2762 5144 id
2790 5098 2906 5145 erat
2930 5099 3054 5143 ante
3077 5061 3258 5142 mundi
3293 5061 3777 5149 constitutionem;
3803 5085 3896 5138 sed
3925 5094 4009 5137 ta.

2239 5275 2513 5336 Schoha.

812 5376 1079 5450 (l)0mue_
1128 5376 1436 5450 quodgcirca
1503 5375 1684 5450 Deum_
1732 5374 2066 5450 intelligitur,
2117 5378 2166 5430 id
2200 5391 2317 5431 erat

743 5446 1082 5504 antc'mnndi
1102 5448 1566 5505 constitutionem,
1592 5446 1684 5499 sed
1707 5455 1880 5499 tamen
1917 5448 2021 5498 hoc
2045 5449 2314 5501 nominari

743 5521 999 5580 dit-imus,
1026 5527 1307 5585 postquam
1343 5516 1521 5569 iactus
1585 5525 1666 5586 est
1696 5515 1876 5586 homo,
1925 5515 2032 5570 Hoc
2057 5526 2138 5570 est
2171 5520 2314 5586 quod

743 5591 819 5642 ait
854 5590 912 5643 S.
943 5589 1140 5642 Thom.
1168 5583 1187 5640 il
1215 5603 1266 5656 p.
1288 5602 1339 5653 q.
1377 5588 1458 5646 l3.
1493 5597 1594 5639 art.
1624 5585 1674 5638 6.
1703 5583 1847 5645 Hec.
1873 5586 2066 5654 inquit,
2100 5583 2316 5641 nomina

747 5663 836 5712 Dei
871 5661 1064 5722 bonus,
1125 5661 1365 5724 sapiens,
1403 5669 1454 5710 et
1487 5658 1708 5718 similia,
1773 5668 2038 5724 quantum
2107 5660 2171 5711 ad
2206 5675 2316 5711 rem

743 5732 1096 5797 signiﬁcatam
1121 5730 1268 5796 prius
1297 5729 1551 5781 dicuntur
1573 5729 1637 5779 de
1669 5729 1796 5789 Deo,
1821 5741 1981 5792 quam
2009 5727 2075 5781 de
2102 5741 2319 5781 creat-t-

746 5804 846 5862 ris,
879 5802 999 5870 quia
1035 5817 1062 5854 a
1100 5800 1208 5855 Deo
1245 5799 1555 5868 hujusmodi
1609 5797 1969 5867 pctlcctiones
2003 5797 2054 5851 in
2091 5812 2301 5853 creatu-

2430 5396 2518 5433 ras
2555 5390 2799 5438 manant,
2835 5379 2926 5431 sed
2956 5386 3221 5444 quantum
3255 5374 3320 5428 ad
3349 5373 3777 5442 impositionem,
3815 5372 4006 5441 inquit,

2430 5450 2684 5513 nominis,
2718 5443 3128 5510 itnposita’sunt
3157 5446 3442 5506 creaturis,
3477 5457 3612 5512 quas
3633 5444 3779 5509 prius
3805 5443 4032 5510 cogito?

2429 5523 2650 5581 scimus,
2683 5521 2988 5586 signiﬁcant
3019 5517 3161 5568 enim
3217 5515 3507 5586 bonitatem
3541 5525 3789 5586 eruntaut
3815 5514 4007 5568 bonus.

2431 5603 2483 5642 et
2522 5581 2843 5655 sapientiam
2897 5597 3135 5639 creatam
3191 5584 3428 5648 sapiens,
3464 5595 3594 5643 ευ..
3628 5597 3751 5655 quae
3776 5581 3882 5655 Deo
3916 5601 4000 5649 νη

2433 5645 2722 5713 οεςριιιίιιιιι
2759 5659 3112 5717 t-onvcuiunt,
3147 5645 3597 5722 ριὲξῃρημένως,
3629 5645 3774 5703 titait
3809 5645 4006 5719 Diony-

2431 5746 2568 5791 s-ns,
2594 5730 2753 5795 (ξιιμ.ῐὶ
2777 5729 2845 5778 Ue
2867 5729 3057 5778 divinis
3077 5727 3398 5778 nominibus.
3429 5727 3476 5774 ul
3507 5723 3771 5789 0351.1.‘Jitle
3799 5732 3850 5772 et
3877 5724 4012 5774 etni-

2419 5812 2628 5862 muter,
2665 5804 2774 5866 ipsc
2825 5800 2967 5851 enim
3012 5807 3088 5850 cst
3138 5813 3234 5848 sua
3269 5799 3499 5857 lvotutas,
3526 5805 3573 5846 ct
3601 5809 3694 5846 sua
3725 5797 3986 5860 sapientia
