4446 6450
812 343 916 409 983

1966 359 2286 420 JOANNIS
2325 362 2908 446 CYPARISSIOT/E,

3944 369 4052 451 984

810 471 971 563 qnam
1000 459 1230 525 quiest:
1274 475 1442 529 quare
1470 462 1512 516 si
1546 477 1665 518 cum
1697 466 1948 536 intelligit
1971 483 2029 522 se
2065 471 2259 536 ipsum,
2295 473 2374 522 in-
2405 472 2447 527 Α
2481 493 2654 549 neque
2701 502 2957 553 movens;
2997 506 3170 561 neque
3211 496 3555 563 principium,
3598 500 3676 552 vel
3733 501 3912 561 finem,
3963 506 4043 553 vel

810 547 990 615 lolligit
1026 563 1144 616 quze
1195 561 1340 617 sunt,
1376 553 1486 619 ipse
1516 565 1600 608 est
1655 569 1716 608 ea
1749 571 1866 626 quae
1892 568 2056 625 sunt;
2109 569 2202 613 aut
2232 561 2375 613 enim

806 636 1064 704 inti-lliget
1081 653 1139 692 ea
1160 654 1277 708 quae
1292 641 1417 697 alibi
1437 653 1582 709 sunt,
1601 656 1692 699 aut
1707 661 1824 716 qua:
1846 649 1900 702 in
1917 664 1972 704 se
1992 651 2107 716 ipso
2123 659 2377 718 tanquam

802 743 932 782 sua:
969 746 1088 796 quze
1121 731 1249 786 alibi
1286 744 1430 798 sunt,
1467 752 1573 790 non
1606 747 1784 805 potest
1838 740 1951 793 fieri
1987 750 2044 794 ut
2075 740 2372 808 intelligat;

802 819 889 869 tibi
927 821 1068 872 enim
1101 824 1265 875 sunt?
1300 839 1367 877 an
1393 825 1443 878 in
1481 826 1547 880 iis
1582 843 1703 896 quae
1742 830 1842 883 sub
1885 845 2104 884 sensum
2137 831 2376 885 cadunt?

801 919 852 959 at
880 924 997 977 qua:
1019 912 1118 965 sub
1147 927 1370 968 sensum
1402 918 1628 984 cadunt,
1657 934 1760 973 non
1787 930 1937 982 sunt.
1984 931 2171 986 utpote
2197 931 2371 974 muta-

798 1000 946 1063 bilia,
970 1010 1022 1054 et
1049 1013 1226 1056 ortum
1265 1012 1425 1071 atque
1449 1008 1724 1061 interitum
1762 1011 2052 1078 capientia.
2083 1011 2153 1064 Se
2189 1013 2366 1079 igitttr,

794 1101 843 1142 et
874 1090 924 1142 in
948 1106 1006 1144 se
1037 1093 1313 1164 intelligit;
1343 1098 1468 1165 quia
1513 1113 1640 1152 vero
1668 1099 1807 1154 Deus
1844 1111 2036 1155 auctor
2065 1112 2148 1156 est
2182 1117 2366 1154 eorum

790 1195 910 1245 qua:
935 1189 1063 1236 sunt
1094 1226 1105 1247 ,
1137 1185 1180 1238 si
1211 1185 1263 1237 in
1293 1200 1352 1239 se
1399 1200 1460 1240 ea
1506 1204 1608 1242 non
1643 1190 1912 1258 intelligit,
1947 1192 2283 1260 intelligebin
2306 1206 2368 1244 eo

788 1272 932 1337 quod
959 1274 1201 1328 nondum
1241 1286 1345 1331 est.
1375 1281 1440 1331 At
1494 1278 1607 1347 ipse
1643 1282 1996 1350 archetypum
2038 1291 2144 1344 cst,
2177 1283 2227 1333 id
2262 1292 2364 1345 est,

787 1363 1018 1428 primum
1062 1367 1339 1433 exemplar
1386 1368 1646 1426 uuivcrsi.
1681 1379 1732 1422 et
1761 1384 1880 1437 qua“:
1940 1369 2216 1436 intelligit,
2255 1387 2359 1422 non

785 1453 982 1520 accipit
1016 1468 1200 1507 eorum
1235 1466 1409 1524 typos,
1446 1459 1495 1509 id
1533 1467 1615 1512 est
1642 1462 1875 1525 species,
1904 1460 2018 1512 sive
2065 1458 2264 1512 formas
2297 1461 2362 1510 ah

784 1544 925 1607 aliis,
964 1547 1061 1599 sed
1115 1546 1293 1614 potius
1355 1548 1468 1614 ipse
1507 1559 1588 1602 est
1622 1550 1901 1616 exemplar
1934 1565 2136 1603 rerum.
2187 1550 2364 1614 Quare

782 1650 882 1687 nec
904 1636 1019 1701 ipse
1036 1646 1118 1690 est
1137 1637 1189 1690 in
1221 1638 1361 1702 loco,
1389 1653 1564 1706 neque
1586 1655 1704 1707 quae
1723 1641 1773 1693 in
1803 1641 1918 1707 ipso
1937 1649 2082 1704 sunt,
2109 1636 2360 1709 tanquam

785 1725 835 1776 in
877 1725 996 1778 loco
1049 1738 1194 1791 sunt,
1234 1728 1326 1783 sed
1367 1730 1528 1784 habet
1561 1745 1623 1784 ea
1657 1740 1713 1784 ut
1746 1747 1802 1785 se
1835 1723 2010 1798 ipsum
2051 1731 2280 1793 habens,
2308 1740 2361 1783 et

781 1817 833 1868 in
859 1817 935 1871 eis
963 1818 1260 1884 exsistens;
1285 1821 1534 1876 omnibus
1566 1822 1784 1890 quidem
1839 1822 1999 1875 simul
2040 1823 2352 1876 exsistenti-

778 1906 900 1970 bus,
966 1920 1014 1962 ct
1047 1910 1099 1961 in
1155 1911 1462 1977 impartibili
1535 1912 1585 1964 in
1620 1911 1735 1979 ipso
1790 1910 2352 1975 exsistentibus,dis-

777 1997 958 2053 tinctis
1006 2015 1138 2054 vero
1185 2003 1236 2054 in
1266 2002 1576 2072 impartibili
1609 2003 2028 2070 impartibiliter.
2067 2002 2230 2072 Igitur
2257 2019 2352 2057 no-

775 2089 951 2144 tiones
982 2093 1099 2158 cjus
1115 2101 1241 2146 sunt
1273 2107 1382 2158 res,
1407 2109 1494 2149 res
1516 2103 1697 2148 autem
1721 2095 1906 2150 format
1930 2107 2075 2163 sunt,
2105 2099 2351 2152 notiones

772 2192 903 2232 vero
928 2194 1030 2232 nou
1071 2180 1507 2250 siC'accipiendae
1560 2193 1707 2249 sunt,
1748 2195 1806 2239 ut
1846 2185 1971 2254 quia
2007 2187 2108 2240 hoc
2140 2187 2350 2241 intelle-

772 2270 868 2332 xit,
903 2269 1004 2322 fuit
1041 2270 1180 2336 hac;
1215 2273 1523 2338 huiusmodi
1553 2275 1695 2328 enim
1727 2275 2005 2330 notionem
2045 2286 2256 2344 oportet
2291 2288 2351 2330 ut

771 2368 1145 2422 antegressum
1183 2363 1252 2416 sit
1279 2363 1484 2432 aliquid
1514 2367 1658 2434 quod
1696 2367 2038 2437 intelligitur,
2090 2371 2234 2437 quod
2273 2369 2348 2424 fe-

770 2450 845 2503 cit
874 2460 929 2503 ut
961 2451 1077 2520 ipse
1106 2452 1471 2523 intelligeret;
1530 2457 1623 2510 sed
1682 2459 1862 2525 potius
1917 2459 2187 2530 intelligit,
2229 2475 2349 2530 quae

769 2555 921 2606 sunt,
947 2545 1469 2616 nempeintelligens
1495 2563 1553 2602 se
1589 2551 1788 2618 ipsum,
1819 2561 2015 2606 etcum
2047 2553 2112 2608 iis
2136 2568 2256 2621 quas
2292 2555 2346 2609 in

768 2634 890 2701 ipso
933 2633 1138 2700 insunt,
1163 2636 1468 2705 copulatus.
1523 2638 1596 2693 Ex
1633 2641 1715 2695 his
1745 2641 1936 2709 liquet,
1968 2645 2112 2710 quod
2150 2644 2201 2695 in
2225 2645 2349 2697 uni-

772 2737 898 2792 tate,
930 2743 1050 2796 quae
1082 2743 1245 2797 supra
1269 2730 1631 2785 substantiam
1664 2741 1767 2798 est,
1799 2747 1907 2788 non
1953 2744 2170 2804 oportet
2198 2752 2346 2804 qua:—

770 2831 897 2882 rere,
921 2819 1172 2884 multa,et
1200 2820 1440 2886 diversa,
1463 2837 1583 2890 qua:
1620 2824 1671 2875 in
1705 2824 1819 2891 ipsa
1862 2835 2209 2894 spectantur:
2238 2829 2346 2894 pri-

767 2924 914 2961 mum
949 2911 1188 2977 quidem,
1209 2913 1333 2981 quia
1361 2924 1551 2966 natura
1573 2913 1962 2982 differentium,
1987 2919 2343 2985 quantitatem

763 3006 818 3052 ct
851 3014 1140 3052 numerum
1176 3002 1379 3056 inducit
1408 3005 1458 3056 in
1483 3005 1737 3074 simplici,
1757 3017 1810 3060 et
1839 3007 1954 3062 sine
1998 3009 2344 3078 confusione,

2484 579 2716 629 medium
2754 580 2978 642 habens,
3022 597 3117 636 nec
3154 586 3205 636 in
3249 587 3499 654 quopiam
3526 603 3710 643 eorum
3751 606 3870 656 qua:
3898 605 4046 652 sunt,

2480 677 2595 730 est;
2623 683 2795 736 neque
2825 672 3118 740 quidquam
3151 690 3336 729 eorum
3373 685 3493 740 est;
3536 693 3708 744 neque
3755 683 3968 747 penitus
3994 685 4043 734 ei

2481 760 2731 813 convenit
2759 760 3049 829 quidquam
3078 777 3265 818 eorum
3299 780 3418 834 qua!
3451 768 3503 820 in
3533 783 3648 822 aevo
3687 780 3779 822 aut
3811 773 3864 823 in
3910 783 4044 824 tem-

2478 864 2606 914 pore
2632 852 2930 917 exsistunt;
2963 854 3091 922 quin
3129 857 3308 924 potius
3331 869 3484 913 extra
3522 869 3755 929 tempus,
3783 871 3832 916 et
3869 878 4044 915 sarcu-

2476 939 2605 1001 lum,
2653 941 2768 995 sive
2810 956 3006 1008 aevum,
3053 953 3106 998 et
3150 955 3301 1001 extra
3333 950 3516 1002 omnia
3565 965 3682 1018 qua:
3719 954 3770 1004 in
3817 956 4040 1018 sarculo,

2474 1037 2563 1078 aut
2595 1039 2836 1095 tempore
2867 1041 3014 1093 sunt,
3039 1041 3119 1086 est
3145 1053 3159 1097 ;
3186 1035 3310 1103 quia
3344 1036 3516 1103 ipsum
3549 1053 3641 1106 per
3672 1054 3729 1092 se
3758 1056 3952 1104 aevum.
3986 1055 4041 1097 ct

2474 1117 2648 1181 ipsum
2683 1133 2779 1186 per
2810 1135 2868 1175 se
2908 1129 3143 1190 tempus,
3171 1134 3224 1179 et
3255 1141 3376 1193 qua:
3401 1137 3546 1192 sunt,
3571 1137 3624 1183 et
3657 1145 3774 1196 quae.
3802 1133 3890 1185 illa
3923 1149 4042 1200 quae

2473 1219 2617 1267 sunt.
2655 1210 2970 1274 metiuntur,
2995 1215 3176 1268 omnia
3212 1231 3314 1281 per.
3336 1217 3534 1286 ipsum,
3564 1230 3616 1273 et
3643 1224 3710 1273 ab
3737 1223 3872 1288 ipso.
3903 1225 4043 1276 San-

2472 1312 2588 1351 ctus
2629 1302 2910 1368 Maximus,
2936 1306 2986 1358 in
3010 1309 3253 1360 centuria
3276 1311 3472 1376 prima,
3500 1327 3616 1381 cap.
3639 1315 3694 1378 7,
3725 1316 3801 1368 ait
3827 1333 3839 1369 :
3865 1316 4038 1371 Omne

2469 1393 2785 1459 principium
2834 1404 2888 1447 et
2927 1397 3184 1463 medium,
3213 1409 3268 1452 et
3315 1399 3436 1454 finis
3492 1417 3597 1456 non
3645 1419 4040 1472 usquequaque

2469 1491 2665 1546 negant
2712 1483 2840 1551 quin
2887 1487 3179 1538 secundum
3232 1487 3600 1544 habitudinem
3651 1495 4039 1559 praedicantur,

2469 1571 2606 1624 Deus
2638 1583 2816 1625 autem
2853 1577 2903 1626 in
2939 1576 3248 1630 universum
3276 1581 3422 1632 omni
3475 1582 3787 1635 habitudine
3823 1584 4040 1636 inﬁnite

2466 1663 2517 1714 iu
2565 1663 2829 1717 infinitum
2881 1668 3126 1731 superior
3176 1683 3298 1722 cum
3351 1672 3441 1734 sit,
3480 1683 3911 1726 consentaneum
3950 1687 4032 1728 est

2465 1761 2522 1805 ιιι
2575 1767 2746 1820 neque
2781 1754 3125 1821 principium,
3163 1773 3336 1826 neque
3386 1761 3647 1825 medium,
3699 1779 3873 1832 neque
3907 1766 4034 1818 finis

2462 1845 2564 1906 sit;
2604 1857 2776 1910 neque
2805 1845 3095 1912 quidquam
3130 1848 3352 1901 omnino
3388 1850 3549 1904 habet
3578 1864 3791 1917 eorum,
3839 1853 3891 1905 in
3916 1854 4037 1922 qui-

2461 1935 2560 1988 bus
2613 1945 2801 1989 natura
2843 1938 3140 1991 secundum
3196 1939 3564 1995 habitudinem
3620 1943 4032 2010 praedicatioad

2461 2025 2662 2095 aliquid
2701 2029 2847 2081 cerni
2881 2037 3076 2096 potest.
3109 2029 3251 2084 idem
3287 2031 3340 2083 in
3370 2032 3561 2088 eadem
3590 2034 3861 2094 centuria.
3904 2050 4024 2104 cap.

2458 2117 2526 2172 82
2559 2137 2570 2172 :
2606 2117 2797 2174 Omnis
2829 2122 3064 2189 cognitio
3094 2122 3255 2176 habet
3286 2124 3741 2192 significationem
3780 2127 4030 2180 multitu-

2458 2208 2599 2262 dinis
2624 2217 2681 2262 ut
2714 2209 2992 2263 minimum
3032 2210 3299 2275 duorum;
3352 2213 3527 2266 media
3575 2215 3720 2268 enim
3757 2225 3840 2270 est
3873 2217 4030 2269 habi-

2460 2304 2588 2353 tudo
2609 2302 2837 2355 duorum
2875 2310 3264 2366 extremorum,
3294 2319 3416 2373 qua:
3448 2306 3590 2360 inter
3617 2321 3675 2361 se
3697 2307 3913 2374 copulat
3950 2309 4034 2362 in-

2459 2394 2807 2462 tclligentem,
2859 2403 2914 2449 et
2975 2409 3086 2450 rem
3150 2395 3480 2450 intellectam
3520 2415 3532 2449 :
3570 2407 3822 2451 neutrum
3884 2400 4030 2453 enim

2457 2493 2631 2552 potest
2653 2500 3041 2554 usquequaque
3062 2500 3278 2541 servare
3306 2487 3732 2556 simplicitatem,
3760 2492 3883 2559 quia
3906 2506 4027 2545 cum

2457 2591 2522 2630 eo
2567 2578 2656 2644 qui
2691 2587 2793 2640 est,
2830 2576 3064 2646 aliquam
3101 2592 3212 2634 rem
3252 2578 3555 2647 subjectam
3593 2581 3924 2651 intelligens,
3960 2585 4034 2635 si-

2458 2667 2566 2720 mul
2610 2668 2880 2738 cogitatur
2927 2669 3129 2724 habere
3183 2680 3507 2738 potestatem
3563 2673 3940 2741 intelligendi:
3977 2684 4031 2729 et

2456 2759 2598 2825 quod
2650 2759 2970 2828 intelligitur
3022 2761 3328 2829 subjectum
3381 2764 3652 2830 quoddam
3706 2774 3807 2824 est,
3844 2766 3927 2818 vel
3978 2767 4031 2816 in

2457 2850 2718 2914 subjecto,
2759 2865 2876 2904 cum
2907 2866 3013 2919 quo
3058 2853 3219 2906 simul
3263 2854 3531 2922 cogitatur
3557 2856 3696 2919 quod
3729 2857 3898 2923 possit
3952 2856 4033 2908 in-

2458 2941 2759 3010 telligi,aut
2790 2941 3056 3010 cogitatur
3100 2943 3259 2998 simul
3299 2944 3654 3012 praesuhjecta
3703 2946 4027 3009 substantia,

2454 3034 2605 3095 cujus
2634 3040 2716 3085 est
2747 3039 3021 3097 potestas;
3058 3046 3162 3086 non
3189 3033 3331 3086 enim
3357 3043 3439 3087 est
3466 3047 3553 3088 res
3578 3033 3759 3102 aliqua
3787 3036 4028 3099 omnino,

763 3099 818 3192 et
844 3089 1113 3192 divisione
1141 3108 1248 3145 uno
1271 3103 1326 3146 et
1364 3103 1510 3160 toto;
1542 3097 1809 3161 secundo,
1841 3100 1967 3166 quia
2000 3102 2182 3155 omnia
2225 3118 2346 3170 qua:
2375 3129 2418 3186 ο
2454 3089 2571 3185 qua:
2598 3118 2712 3186 ipsa
2744 3089 2839 3184 per
2868 3131 2928 3172 se
2959 3089 3029 3173 sit
3075 3120 3302 3189 simplex
3339 3089 3686 3182 substantia:
3709 3131 3805 3177 aut
3847 3089 4034 3192 COgni:

769 3181 823 3234 in
856 3182 968 3247 ipsa
1005 3184 1282 3249 dicuntur,
1319 3195 1441 3237 sunt
1470 3189 1646 3240 divina
1682 3199 1734 3243 et
1758 3190 1911 3243 beata
1945 3193 2060 3261 ejus
2092 3194 2348 3249 substan-

769 3275 863 3340 tia,
903 3287 1090 3343 utpote
1124 3294 1241 3345 quae
1283 3290 1361 3331 est
1391 3282 1624 3333 essentia
1681 3297 1742 3334 ex
1783 3284 2027 3352 pittt'ibus
2068 3286 2120 3340 in
2186 3305 2348 3341 unam

762 3368 1028 3420 unitatem
1062 3372 1896 3437 co:igrcg:itis,omnidifferentia
1934 3379 2186 3432 omnibus
2222 3396 2342 3435 mo-

763 3459 846 3514 dis
908 3462 960 3514 in
1005 3462 1344 3530 congregatis
1374 3465 1615 3517 sublata:
1643 3475 1695 3519 et
1723 3481 1844 3534 qua:
1875 3469 2013 3522 inest
2040 3469 2091 3522 in
2125 3470 2208 3524 his
2235 3472 2352 3524 sine

763 3553 1101 3616 habitudine,
1125 3562 1180 3609 et
1214 3555 1588 3622 singulariter,
1623 3569 1797 3612 etnon
1829 3572 2084 3629 tanquam
2116 3564 2344 3616 alterum

760 3645 817 3698 in
837 3645 1026 3708 altero,
1047 3648 1138 3700 sed
1170 3649 1402 3701 maxime
1428 3666 1755 3720 supraquam
1779 3654 2046 3721 copulate,
2078 3656 2222 3710 nulla
2251 3657 2351 3710 du-

761 3738 1055 3805 plit'atione
1077 3740 1277 3806 posita;
1334 3757 1431 3794 llt'C
1459 3743 1602 3795 cnim
1655 3754 1914 3814 tanquam
1936 3748 1987 3800 in
2013 3749 2129 3802 loco
2167 3753 2346 3803 omnia

759 3831 1096 3896 exemplaria
1138 3846 1318 3884 rerum
1358 3834 1518 3885 habet
1557 3835 1735 3888 unitas
1754 3851 1917 3904 supra
1955 3840 2341 3907 substantiam,

762 3937 863 3974 nec
899 3923 1012 3990 ipsa
1055 3923 1244 3977 horum
1281 3924 1431 3978 locus
1472 3926 1726 3992 ellicitur,
1765 3929 1856 3982 scd
1887 3931 2065 3999 potius
2105 3933 2264 3989 habet
2289 3950 2347 3988 ea

758 4025 1013 4080 tanquam
1048 4031 1104 4069 se
1125 4018 1292 4084 ipsam
1319 4018 1510 4080 habet;
1544 4028 1595 4069 et
1619 4019 1758 4072 inest
1790 4021 1922 4089 ipsis
1952 4032 2204 4091 tanquam
2223 4028 2352 4081 sub-

754 4106 952 4156 stantia
998 4116 1050 4158 et
1086 4110 1341 4172 essentia,
1398 4125 1625 4174 qttoi'utn
1690 4124 1772 4166 cst
1817 4116 2120 4168 substantia
2160 4128 2212 4170 et
2262 4134 2350 4173 cs-

756 4197 949 4262 scntia,
969 4198 1190 4267 solaque
1214 4201 1522 4266 ριιιῑτςςίιιιει,
1542 4211 1590 4253 ct
1614 4204 1728 4257 sine
1758 4207 1900 4258 omni
1921 4209 2160 4275 subjecto
2177 4220 2346 4265 actus.

1348 4291 1582 4346 CAPUT
1646 4295 1738 4347 ΙΧ.

752 4403 906 4473 Quod
937 4404 990 4478 in
1025 4404 1249 4478 unitate,
1279 4422 1395 4472 qua:
1427 4424 1586 4473 supra
1634 4410 1984 4460 substantiam
2041 4420 2138 4469 est,
2180 4428 2340 4478 vir-quc

2458 3208 2551 3269 tio,
2584 3208 2674 3260 ubi
2721 3215 2778 3263 et
2807 3210 2988 3264 unitas
3021 3209 3090 3263 sit
3140 3210 3437 3264 individua.
3490 3211 3629 3267 Deus
3674 3223 3878 3279 autem,
3916 3216 4033 3270 sive

2454 3300 2815 3354 substantiam
2850 3300 3120 3364 dicamus,
3168 3317 3273 3356 non
3322 3302 3484 3357 habet
3520 3312 3839 3372 potestatem
3871 3305 4029 3358 intel-

2457 3393 2674 3461 ligendi,
2710 3409 2829 3461 qnat
2863 3394 3185 3448 naturaliter
3231 3409 3355 3450 cum
3416 3411 3483 3450 eo
3538 3397 3912 3465 intelligatur;
3964 3414 4030 3451 ne

2457 3485 2720 3538 habeatur
2762 3487 3118 3553 compositus,
3171 3487 3290 3540 sive
3343 3488 3590 3544 dicamus
3643 3491 4030 3558 cognitionem,

2459 3591 2562 3627 non
2601 3576 2759 3630 habet
2794 3565 3090 3642 subjectam
3126 3577 3509 3641 substantiam,
3551 3595 3671 3648 quas
3709 3581 4030 3633 naturaliter

2458 3667 2683 3734 recipiat
2713 3668 3104 3737 cognitionem,
3136 3670 3227 3723 sed
3262 3670 3311 3722 id
3344 3675 3519 3737 ipsum
3557 3673 3698 3741 quod
3731 3673 4024 3726 secundum

2457 3759 2814 3814 substantiam
2847 3767 2949 3822 est,
2993 3761 3231 3828 cognitio
3258 3771 3342 3815 est
3375 3761 3538 3823 Deus.
3565 3771 3620 3816 et
3669 3773 3813 3816 lotus
3865 3764 4023 3828 Deus,

2457 3857 2510 3902 et
2544 3848 2753 3913 solum;
2797 3857 2850 3902 et
2876 3850 2992 3917 ipsa
3021 3850 3261 3918 cognitio
3291 3851 3614 3914 substantia,
3640 3862 3694 3905 et
3721 3862 3868 3905 toms
3898 3856 4028 3905 sith-

2458 3941 2675 4004 stantia,
2718 3950 2772 3994 et
2811 3941 3002 4002 solum,
3050 3949 3105 3994 et
3152 3956 3314 4009 supra
3361 3943 3726 3996 substantiam
3771 3952 3938 4007 totus,
3976 3954 4030 3998 et

2457 4045 2615 4096 supra
2653 4029 3016 4094 cognitionem
3069 4031 3252 4096 solus;
3285 4032 3408 4099 quia
3467 4034 3646 4086 unitas
3695 4041 3780 4087 est
3833 4033 4032 4087 indivi-

2459 4125 2584 4182 dua,
2625 4137 2824 4188 expers
2878 4123 3068 4192 partis,
3105 4134 3155 4175 et
3201 4124 3446 4191 simplex.
3502 4124 3566 4178 Et
3607 4126 3783 4178 adhuc
3833 4125 3975 4179 idern
4015 4144 4028 4179 :

2458 4214 2599 4266 Dens
2645 4215 2696 4266 in
2732 4223 2964 4282 utroque
2998 4214 3212 4281 penitus
3261 4218 3512 4281 simplex,
3552 4217 3858 4271 substantia
3906 4218 4027 4272 sine

2458 4305 2725 4371 subjecto,
2756 4315 2807 4357 et
2837 4305 3077 4372 cognitio
3110 4321 3212 4358 non
3247 4308 3450 4361 habens
3495 4307 3659 4362 ullum
3697 4308 3855 4376 plane
3897 4310 4028 4362 sub—

2451 4395 2679 4462 jectuin.
2728 4395 2961 4451 Sanctus
3002 4396 3255 4466 Cyrillus,
3309 4399 3359 4451 in
3396 4398 3702 4462 Thesauris,
3753 4399 3892 4453 libro
3941 4415 4024 4464 tit,

818 4470 1137 4557 principium
1193 4470 1308 4541 ejus
1371 4470 1596 4539 reperire
1860 4496 2020 4546 neque
2084 4470 2333 4557 medium,
2377 4470 2415 4523 ί)
2445 4503 2565 4556 cap.
2603 4487 2634 4539 4
2662 4505 2674 4540 :
2705 4487 2945 4540 Primum
2975 4488 3212 4553 quidem,
3241 4490 3436 4557 inquit,
3473 4504 3695 4543 necesse
3729 4501 3812 4542 est
3844 4491 4029 4543 dicere

819 4560 988 4612 neque
1035 4545 1235 4609 ﬁnem;
1296 4561 1463 4613 neque
1503 4557 1575 4597 est
1621 4549 1824 4612 aliquid
1885 4545 2071 4607 totum.
2106 4551 2231 4615 quia
2286 4567 2338 4602 in

820 4629 1128 4685 unoquoque
1178 4631 1360 4666 eorum
1409 4632 1526 4683 qua:
1578 4618 1969 4685 intelliguntur,
2006 4629 2081 4671 est
2121 4627 2250 4677 tota,
2295 4632 2340 4671 et

824 4683 971 4745 sola;
1023 4700 1113 4734 nec
1169 4695 1243 4735 est
1305 4685 1510 4749 aliquid
1575 4683 1764 4737 eorum
1831 4703 1948 4755 qua:
2001 4697 2156 4746 sinit,
2221 4690 2341 4755 quia

821 4754 933 4817 ipsa
984 4766 1073 4824 est
1127 4755 1335 4818 omnia;
1399 4771 1562 4824 neque
1626 4755 1748 4808 licet
1812 4754 1914 4809 uno
1973 4760 2181 4811 nomine
2227 4754 2341 4812 eum

819 4823 1115 4889 complecti.

830 4935 1059 5002 Magnus
1091 4937 1410 5008 Dionysius,
1460 4939 1510 4992 iii
1556 4939 1746 5008 quinto
1779 4938 1850 4992 De
1888 4941 2082 4994 divinis
2113 4943 2338 4995 nomini-

758 5027 878 5090 bus,
932 5026 984 5080 lu
1024 5043 1131 5079 uno
1171 5029 1338 5093 enim,
1393 5031 1590 5097 inquit,
1627 5040 1683 5082 ut
1722 5044 2094 5096 smpenumero
2139 5033 2340 5086 όίριιιιι

768 5129 875 5182 est,
907 5122 1091 5174 omnia
1132 5137 1251 5190 qum
1299 5132 1442 5187 sunt,
1473 5123 1772 5190 prazhabet,
1805 5133 1858 5179 et
1893 5126 2156 5180 exsistere
2187 5126 2335 5191 fecit,

765 5229 1010 5279 praesens
1050 5215 1302 5269 Omnibus
1326 5216 1527 5285 ubique
1555 5219 1852 5272 secundum
1883 5235 2049 5274 unum
2078 5229 2132 5273 et
2172 5221 2337 5285 idem,

758 5315 808 5359 ct
851 5306 1145 5359 secundum
1203 5307 1364 5372 idem,
1397 5323 1586 5374 omne;
1643 5310 1692 5363 in
1725 5311 1906 5364 Omnia
1961 5327 2167 5376 means,
2200 5323 2251 5364 et
2283 5312 2333 5369 in

754 5407 814 5449 se
852 5412 1103 5460 manens,
1129 5409 1178 5451 et
1206 5408 1378 5462 stans,
1411 5409 1464 5454 et
1495 5415 1552 5454 se
1578 5417 1800 5455 movens
1826 5421 1837 5467 ;
1871 5412 1923 5456 et
1956 5418 2133 5472 neque
2164 5414 2337 5468 stans,

753 5536 860 5581 a.t.
885 5528 934 5579 6.
964 5528 1076 5581 lino
1108 5530 1234 5582 dicit
1295 5531 1458 5583 Deum
1491 5535 1670 5585 omnia
1698 5534 1798 5586 alia
1851 5549 1876 5584 a
1911 5549 1966 5587 sc
1991 5548 2338 5602 cognoscere,

755 5616 876 5647 ιιι-ιι
915 5615 971 5650 se
1006 5602 1178 5670 ipsum
1214 5603 1514 5668 cognoscit,
1565 5616 1619 5655 at
1647 5619 1703 5656 si:
1739 5607 1910 5668 ipsum
1945 5605 2337 5670 perfectissime

753 5674 1064 5737 cognoscit;
1090 5669 1255 5738 igitur
1306 5676 1582 5739 cognoscit
1624 5676 1802 5726 omnia
1841 5669 1952 5724 alia
2003 5691 2029 5725 τι
2066 5691 2122 5726 se
2160 5677 2339 5740 pri-lc-

755 5742 1016 5807 ossium,
1051 5749 1102 5792 ct
1140 5742 1358 5808 quidem
1393 5746 1607 5812 propria
1640 5745 2111 5813 cognitioni-,quia
2137 5761 2185 5796 τιι
2223 5745 2339 5813 ipso

2446 4579 2951 4645 compositumesse
2999 4577 3164 4633 Deum
3208 4593 3270 4631 ex
3316 4580 3567 4644 diversis,
3602 4581 3793 4648 eisque
3838 4596 4024 4634 secum

2446 4675 2585 4726 inter
2617 4687 2674 4726 se
2703 4672 2856 4725 valde
2891 4673 3279 4740 pugnantibus,
3315 4674 3475 4726 simili
3522 4675 3732 4728 scilicet
3781 4684 3835 4728 ct
3869 4676 4028 4729 dissi-

2447 4762 2596 4825 mili;
2641 4776 2760 4830 quae
2789 4761 3005 4830 quidem
3043 4761 3184 4815 inter
3211 4777 3270 4817 se
3302 4762 3352 4816 iti
3379 4777 3486 4815 uno
3520 4762 3765 4830 subjecto
3811 4763 4026 4821 misceri

2445 4863 2497 4907 et
2531 4853 2809 4906 cohmrere
2843 4867 2946 4909 u0u
2983 4865 3229 4922 possunt,
3253 4865 3306 4908 et
3340 4855 3383 4909 si
3410 4870 3473 4908 ex
3506 4863 3661 4923 parte
3697 4856 3914 4919 similis,
3957 4871 4017 4910 ex

2448 4955 2599 5012 parte
2640 4944 2742 4997 alia
2789 4960 2893 4998 non
2941 4945 3046 4998 erit
3084 4945 3306 5009 similis,
3337 4960 3442 4999 non
3485 4945 3590 4999 erit
3638 4953 3780 4998 totus
3821 4945 4023 5007 lumen,

2449 5051 2620 5104 neque
2650 5045 2798 5091 totus
2830 5037 3052 5101 veritas,
3092 5052 3266 5106 neque
3303 5046 3495 5090 natura
3548 5035 3709 5090 Deus.
3759 5035 4025 5090 Praeterea

2445 5128 2609 5179 etiam
2646 5129 2710 5179 ad
2750 5128 2924 5194 ipsum
2983 5128 3074 5195 qui
3134 5127 3341 5196 genuit,
3395 5127 3638 5181 manabit
3687 5126 4021 5193 blasphemia

2447 5219 2627 5285 gravis
2667 5234 2680 5271 :
2719 5218 2822 5270 erit
2851 5219 2994 5271 enim
3039 5218 3374 5287 compositus
3417 5216 3578 5270 Pater
3609 5232 3671 5271 ex
3719 5217 4024 5273 substantia

2447 5319 2500 5358 et
2522 5317 2784 5376 conceptu
2821 5309 3041 5364 mentis.
3075 5310 3306 5378 Magnus
3332 5309 3586 5374 Basilius,
3619 5310 3756 5364 libro
3789 5311 4024 5363 secundo

2445 5399 2565 5450 Τῶν
2631 5400 3053 5470 ἀντιρῤητικῶν,
3128 5400 3432 5470 Siquidem,
3507 5399 3701 5469 inquit,
3766 5409 4025 5470 tanquam

2451 5545 2576 5587 sunt
2615 5534 3024 5600 perfectissime,
3067 5535 3176 5589 imo
3209 5537 3322 5600 ipse
3352 5546 3438 5589 est
3488 5536 3573 5589 illa
3605 5536 3717 5604 ipsa
3751 5534 3932 5588 omnia
3969 5543 4027 5585 ut

2450 5620 2611 5656 innisa
2635 5606 2890 5667 alliciens,
2941 5616 2992 5657 ct
3016 5608 3373 5671 exemplaris;
3410 5616 3462 5661 ct
3498 5608 3608 5673 ipsa
3634 5605 3816 5658 divina
3835 5617 4024 5658 essen-

2449 5677 2516 5745 tia
2552 5686 2632 5727 est
2671 5677 2883 5743 proin-ia
2925 5678 3063 5729 ratio
3118 5677 3540 5745 uniuscujusque
3578 5685 3864 5732 creaturae.
3908 5688 4024 5742 qua

2447 5743 2611 5797 Deum
2645 5745 3132 5815 quomodocunquc
3165 5743 3473 5817 participat.
