4446 6450
447 382 554 446 985

450 588 672 638 haberet
732 584 888 638 istius
933 596 1136 644 sermo,
1177 596 1297 634 cum
1338 580 1432 642 ait,
1481 581 1836 648 compositum
1888 594 2005 632 esse

446 674 589 741 quod
629 689 693 727 ex
746 673 974 726 diversis
1026 677 1239 724 constat
1285 687 1314 734 :_
1345 670 1424 722 sin
1468 683 1592 722 vero
1648 671 2000 721 substantiam

449 763 538 814 Dei
582 763 761 814 lumen
798 760 1285 830 ipsum-ponimus,
1335 759 1419 812 vel
1459 760 1646 817 vitam,
1680 757 1760 810 vel
1805 759 2002 809 bonum

448 863 639 916 totum,
667 855 807 920 quod
837 852 1053 919 quidem
1100 860 1184 905 est
1221 860 1390 904 totum
1430 849 1560 910 vita,
1600 857 1767 901 totum
1802 849 2004 911 lmuen,

445 952 498 996 et
525 953 693 996 totum
727 942 966 1006 bonum;
1006 941 1168 995 habet
1197 951 1376 994 autem
1416 940 1525 993 vita
1559 940 1850 1007 ingenitum
1880 951 2009 990 con-

449 1047 708 1101 sequens.
758 1031 1028 1100 quomodo
1067 1045 1174 1084 non
1209 1041 1292 1084 est
1340 1029 1748 1096 incompositus,
1783 1027 1873 1095 qui
1927 1035 2009 1079 est

446 1123 746 1177 secundum
793 1121 1152 1176 substantiam
1191 1119 1455 1187 simplex?
1503 1116 1617 1170 Non
1665 1117 1808 1169 enim
1862 1115 2007 1169 modi

449 1213 834 1280 proprietatem
864 1211 984 1280 ejus
1015 1210 1470 1270 demonstrantes,
1505 1207 1770 1260 rationem
1804 1205 2010 1272 simpli—

446 1303 627 1357 citatis
662 1303 876 1356 lzdent.
937 1301 1234 1370 Gregorius
1286 1298 1588 1367 Nyssenus,
1642 1298 1782 1351 libro
1833 1298 2011 1382 primo

446 1397 644 1448 Contra
688 1393 1031 1458 Eunomium,
1063 1409 1182 1462 cap.
1214 1393 1274 1446 Al
1310 1409 1324 1446 :
1359 1392 1688 1460 Simplicitas
1721 1393 1889 1453 enim,
1925 1391 2008 1442 in-
2057 1416 2060 1420 -

443 1487 926 1555 quit,dogmatum
987 1484 1232 1538 veritatis
1289 1495 1544 1553 tanquam
1601 1483 2008 1536 fundamentum

440 1579 592 1647 jacit,
630 1577 824 1640 Deum,
865 1578 994 1646 quid
1043 1587 1144 1635 est.
1183 1589 1358 1644 neque
1397 1576 1636 1639 nomine,
1684 1589 1858 1642 neque
1906 1574 2009 1626 alia

444 1669 696 1739 quapiam
743 1668 1073 1737 cogitatione
1124 1677 1178 1719 et
1216 1667 1566 1735 intelligentia
1621 1665 2011 1731 comprehendi

444 1775 620 1828 posse.
660 1759 893 1813 Sanctus
942 1757 1297 1828 Epiphanius,
1333 1757 1384 1809 in
1431 1756 1624 1809 hieresi
1659 1766 1848 1807 contra
1886 1755 2009 1808 Pto-

445 1852 694 1905 lemaitas
727 1867 740 1904 :
781 1851 910 1918 Quae
942 1859 1119 1918 potest
1162 1850 1227 1902 ab
1275 1849 1383 1901 ullo
1421 1849 1528 1902 dici
1568 1857 1712 1901 tanta
1743 1848 1886 1902 illius
1917 1863 2013 1901 au-

445 1945 618 2003 dacia,
645 1957 807 2011 quam
841 1943 905 1994 de
948 1941 1175 1994 Domino
1211 1939 1448 1994 universi
1484 1939 1764 1994 evomuit?
1799 1939 1898 2004 Qui
1945 1941 2038 2000 si-_

447 2035 556 2088 tnul
589 2045 647 2088 tit
672 2035 960 2098 intellexit,
985 2033 1209 2102 perfecit
1245 2035 1365 2094 hoc,
1386 2032 1528 2101 quod
1555 2032 1772 2101 quidem
1801 2032 1970 2087 voluit
1997 2051 2010 2098 ;

445 2125 546 2178 hoc
597 2123 925 2192 intelligens,
961 2125 1102 2192 quod
1155 2123 1303 2184 vult;
1346 2130 1400 2176 et
1458 2131 1588 2175 tunc
1640 2121 1848 2186 volens,
1888 2137 2010 2176 cum

443 2215 716 2283 intelligit,
756 2223 902 2268 totus
949 2213 1326 2284 intelligentia,
1376 2221 1519 2268 totus
1554 2212 1833 2278 voluntas,
1868 2221 2012 2266 totus

445 2311 622 2370 mens,
645 2315 791 2359 totus
825 2305 1027 2358 lumen.
1061 2303 1135 2356 Ex
1165 2303 1363 2373 quibus
1397 2302 1452 2356 fit
1477 2303 1846 2367 manifestum,
1872 2304 2010 2369 quod

443 2400 495 2450 in
550 2397 759 2451 unitate
810 2395 1097 2464 Trinitatis
1137 2410 1310 2464 neque
1358 2398 1624 2464 reperitur
1657 2397 2010 2466 principium,

443 2505 618 2559 neque
663 2489 921 2553 medium,
955 2503 1130 2554 neque
1179 2487 1342 2551 finis;
1378 2489 1421 2540 si
1465 2488 1586 2557 quis
1621 2504 1752 2543 vero
1805 2491 2010 2559 aliquid

444 2584 637 2637 borum
672 2588 899 2650 quarat,
933 2579 1100 2637 multa
1146 2580 1504 2646 reperientur,
1548 2589 1597 2633 et
1639 2595 1742 2633 non
1793 2583 2010 2648 unitas;
2044 2619 2050 2626 -

443 2674 770 2743 principium
811 2673 982 2736 enim,
1009 2683 1065 2726 et
1099 2671 1361 2733 medium,
1389 2679 1443 2725 et
1482 2670 1602 2724 finis
1635 2685 1823 2725 eorum
1855 2672 2014 2740 plane

441 2778 589 2831 sunt,
614 2781 734 2835 quae
761 2765 927 2820 dividi
951 2775 1211 2833 possunt;
1243 2765 1422 2819 unitas
1448 2779 1577 2818 vero
1600 2764 1875 2819 individua
1897 2777 2010 2832 est;

440 2863 693 2916 similiter
720 2862 864 2929 quod
897 2860 1059 2917 habet
1090 2862 1439 2931 principium,
1465 2869 1518 2914 et
1552 2863 1812 2926 medium,
1855 2870 1908 2916 et
1951 2859 2015 2912 fi-

441 2969 588 3016 nem,
613 2961 782 3006 totum
819 2952 1023 3021 aliquid
1053 2961 1134 3006 est
1168 2967 1230 3005 ex
1263 2953 1346 3006 bis
1371 2963 1805 3020 coagmentatum
1831 2970 1844 3018 ;
1872 2954 2012 3022 quod

441 3055 622 3098 autem
654 3045 743 3098 sio
761 3053 844 3098 est
875 3051 1074 3108 totum,
1102 3059 1166 3097 ex
1203 3043 1447 3111 partibus
1482 3044 1645 3096 etiam
1690 3054 1772 3097 est
1808 3053 2012 3106 totum;

1332 379 1569 437 DECAS
1607 381 1670 438 X.
1716 381 1911 438 -ΒΕ
1947 379 2211 438 DIVINA
2259 382 2821 444 SlMl'LZCiTATE.

449 505 657 564 partem
701 492 1017 552 substantia
1045 491 1414 557 acciperemus
1459 492 1777 558 ingenitum,
1830 492 2004 542 locum
2038 493 2079 546 Α
2113 495 2292 545 tundis
2324 497 2501 548 evenit

3570 389 3674 450 986

2543 513 2555 548 :
2592 510 2765 562 neque
2799 511 2987 551 rursus
3021 501 3087 551 ab
3122 508 3364 552 extremo
3392 501 3454 552 ad
3496 512 3676 556 extre-

2111 598 2255 633 mntn
2286 585 2566 650 mqnaliter
2603 588 2850 653 procedit
2885 589 3044 651 linea,
3074 593 3216 655 quod
3251 591 3462 654 quidem
3503 592 3554 642 in
3596 608 3676 644 re-

2111 673 2211 724 ctis
2260 674 2558 741 reperitur;
2605 675 2649 729 si
2683 685 2862 728 autem
2898 691 2993 729 nec
3043 679 3162 740 hoc,
3209 693 3304 730 nec.
3354 681 3500 739 illud,
3531 693 3676 732 caret

2111 762 2275 829 igitur
2309 764 2475 832 figura
2531 766 2710 818 unitas
2762 766 2973 819 divina.
3031 766 3125 819 Est
3184 781 3436 835 praeterea
3481 787 3678 831 expers

2111 856 2349 922 speciei,
2380 858 2503 924 quia
2556 861 2763 923 species
2835 859 3184 912 continentur
3231 861 3283 912 in
3344 862 3672 927 generibus:

2113 947 2289 1000 unitas
2338 962 2465 1000 vero
2496 949 2673 1001 divina
2713 965 2810 1002 nec
2840 962 2924 1004 est
2972 953 3026 1004 in
3059 953 3182 1014 alio,
3232 967 3329 1004 nec
3376 953 3425 1004 iu
3477 968 3579 1006 se:
3625 953 3674 1005 in

2113 1037 2216 1086 alio
2249 1037 2462 1103 quidem
2500 1039 2545 1092 si
2587 1048 2752 1104 esset,
2787 1041 3026 1092 eveniret
3075 1043 3123 1093 ei
3170 1042 3392 1109 perinde
3431 1059 3491 1095 ac
3532 1044 3576 1097 si
3626 1043 3679 1095 in

2115 1130 2291 1182 medio
2333 1140 2473 1184 esset
2516 1134 2926 1200 comprehensa,
2971 1134 3113 1201 quod
3170 1135 3222 1185 in
3270 1135 3454 1186 circuli
3497 1146 3683 1187 centro

2114 1222 2396 1289 Contingit.
2432 1223 2869 1275 Demonstratum
2915 1239 3043 1274 vero
3081 1235 3162 1276 est
3198 1240 3302 1276 non
3336 1226 3535 1277 habere
3564 1240 3681 1276 eam

2116 1320 2316 1378 partes,
2357 1327 2527 1379 neque
2560 1314 2806 1379 figuram.
2844 1312 2956 1366 Non
2992 1325 3073 1368 est
3123 1315 3287 1382 igitur
3330 1316 3383 1367 in
3420 1315 3544 1379 alio,
3579 1317 3686 1366 imo

2117 1417 2217 1453 nec
2241 1403 2291 1454 in
2325 1416 2402 1464 se,
2429 1403 2627 1470 alioqui
2661 1403 2796 1456 idem
2825 1403 2986 1455 etiam
3020 1407 3160 1472 quod
3195 1407 3420 1466 circulo,
3459 1407 3506 1458 ei
3542 1406 3685 1458 acci-

2116 1491 2290 1554 deret,
2332 1492 2376 1543 si
2431 1492 2543 1559 ipsa
2593 1507 2650 1545 se
2703 1492 3178 1557 complecteretur,
3233 1504 3288 1546 et
3337 1495 3681 1548 contineret:

2117 1597 2223 1633 non
2253 1582 2394 1634 enim
2433 1591 2607 1649 potest
2634 1597 2758 1635 esse
2787 1583 2982 1647 aliquid
3022 1583 3073 1634 in
3117 1597 3175 1636 se
3208 1585 3350 1650 ipso,
3380 1586 3513 1651 quin
3555 1601 3580 1636 a
3629 1602 3690 1638 se

2120 1673 2234 1738 ἰνςο
2265 1673 2623 1726 contineatur.
2663 1673 2773 1726 Etsi
2803 1675 2945 1726 cnim
2991 1675 3130 1726 Deus
3166 1689 3228 1726 ex
3262 1689 3340 1736 se,
3379 1687 3430 1728 et
3468 1677 3583 1743 ipse
3612 1676 3686 1744 ip-

2119 1781 2234 1818 sum
2270 1765 2534 1828 continet,
2571 1776 2748 1820 tamen
2793 1765 2908 1819 ﬁeri
2938 1782 3044 1818 non
3077 1776 3273 1830 potest,
3305 1780 3356 1818 ut
3395 1769 3534 1820 idem
3561 1784 3692 1822 con-

2119 1859 2308 1918 tineat,
2347 1868 2398 1910 et
2428 1874 2455 1911 a
2487 1872 2544 1911 se
2577 1860 2958 1924 centiueatur;
2995 1860 3037 1911 si
3072 1869 3250 1912 autem
3280 1861 3346 1914 ab
3381 1860 3486 1913 alio
3517 1839 3692 1914 conti—

2117 1959 2298 2013 no-tur,
2325 1953 2424 2003 hoc
2448 1960 2532 2004 est
2557 1951 2700 2018 quod
2729 1952 3044 2005 dicebamus
3071 1953 3135 2003 ad
3165 1953 3366 2020 figuras
3397 1951 3689 2019 pertinere.

2115 2041 2276 2095 Caret
2310 2042 2471 2096 etiam
2521 2044 2727 2106 colore,
2761 2043 2886 2111 quia
2931 2054 3013 2095 est
3070 2043 3378 2096 substantia
3431 2059 3550 2108 qure
3585 2059 3692 2096 non

2114 2143 2197 2186 cst.
2232 2135 2282 2186 in
2323 2133 2586 2200 subjecto.
2629 2132 2912 2198 Quomodo
2940 2131 3164 2197 recipiet
3191 2131 3399 2185 colores
3433 2148 3553 2200 qua:
3585 2147 3693 2184 non

2117 2233 2293 2291 potest
2330 2224 2523 2277 cadere
2556 2223 2657 2276 sub
2692 2233 2998 2289 aspectum,
3030 2225 3117 2291 qui
3149 2224 3360 2278 colores
3395 2222 3698 2276 discernit?

2119 2317 2274 2370 Sicut
2312 2330 2439 2384 ergo
2495 2331 2599 2368 non
2654 2323 2736 2368 est
2787 2316 2899 2367 lucc
2934 2315 3110 2367 omnia
3150 2315 3332 2367 divina
3381 2315 3584 2374 unitas,
3616 2314 3697 2368 sic

2116 2424 2295 2479 neque
2339 2409 2499 2460 habet
2540 2407 2978 2468 universitatem,
3019 2405 3100 2456 vel
3131 2407 3445 2459 universum
3483 2424 3494 2456 :
3554 2406 3696 2472 quod

2119 2510 2298 2568 partes
2339 2499 2551 2566 recipit,
2579 2497 2778 2566 alioqui
2814 2498 3016 2551 incidet
3049 2497 3317 2551 utrumvis
3355 2512 3543 2550 eorum
3582 2512 3700 2563 qua:

2119 2593 2376 2645 diximus.
2422 2589 2615 2644 Omnis
2656 2590 2802 2642 enim
2848 2590 3025 2642 oratio
3068 2590 3152 2641 vel
3185 2587 3409 2640 effertur
3444 2588 3698 2640 universe

2118 2685 2171 2738 in
2205 2683 2475 2738 universis
2506 2682 2603 2751 (a),
2639 2691 2731 2735 aut
2765 2683 2817 2735 in
2858 2681 3129 2734 universis
3157 2695 3261 2732 non
3296 2680 3572 2739 universe,
3606 2679 3701 2732 scd

2119 2775 2547 2846 pzirticulariter,
2568 2784 2620 2828 et
2649 2775 2750 2826 hoc
2777 2783 2860 2826 est
2882 2774 3023 2840 quod
3055 2773 3128 2825 ait
3153 2771 3473 2841 Dionysius:
3502 2769 3704 2834 Quam--

2118 2867 2304 2921 obrem
2335 2866 2569 2934 primum
2621 2865 2793 2919 bonus
2824 2863 2970 2918 Deus
3006 2879 3191 2917 eorum
3241 2873 3432 2916 auctor
3464 2877 3585 2915 esse
3622 2861 3706 2914 di-

2117 2962 2276 3019 citur,
2311 2953 2506 3008 deinde
2548 2968 2734 3007 eorum
2781 2953 3061 3013 universe,
3110 2963 3294 3020 postea
3345 2953 3578 3019 partium
3613 2967 3708 3005 eo-

2119 3063 2261 3112 rum,
2295 3055 2406 3100 tum
2434 3046 2879 3116 participantiqu
2922 3060 2984 3098 ea
3019 3045 3291 3104 universe.
3339 3045 3529 3098 dcinde
3569 3059 3694 3111 par—

437 3147 622 3206 partes
654 3145 833 3190 autem
876 3138 1088 3200 multat;
1140 3137 1302 3204 igitur
1334 3146 1509 3190 totum
1544 3152 1606 3190 ex
1642 3137 1846 3200 multis,
1885 3137 2006 3190 uni-
2035 3135 2078 3190 ο
2117 3141 2456 3210 ticipantium
2489 3140 2544 3194 in
2575 3151 2752 3209 parte,
2791 3139 2906 3192 sive
2947 3139 3388 3206 particulariter;
3432 3152 3550 3203 qme
3582 3151 3706 3203 per-

439 3233 525 3283 tas‘
556 3244 686 3284 vero
716 3243 914 3298 expers
948 3229 1185 3296 partium
1229 3238 1330 3290 est,
1361 3237 1414 3282 et
1447 3243 1552 3282 non
1586 3244 1650 3281 ex
1687 3227 1890 3292 multis,
1921 3237 2013 3280 aut

438 3333 503 3373 ex
548 3319 793 3387 partibus
829 3327 1023 3372 totum.
1073 3319 1362 3380 Praeterea,
1395 3320 1538 3387 quod
1592 3331 1765 3383 neque
1811 3318 2012 3384 princi-

438 3409 608 3478 pium,
631 3423 809 3477 neque
843 3409 1003 3463 ﬁnem
1035 3408 1221 3467 habet.
1251 3423 1426 3477 neque
1463 3408 1749 3460 terminum
1785 3409 1836 3460 in
1868 3421 2012 3460 tuin-

437 3516 544 3570 que
571 3501 771 3566 habet;
802 3511 854 3555 et
884 3501 1088 3554 idcirco
1114 3501 1323 3553 infinita
1366 3510 1447 3554 est
1476 3501 1655 3553 unitas
1702 3519 1713 3552 :
1755 3500 2012 3552 Bifariam

434 3595 606 3658 cnim,
639 3593 836 3661 inquit,
866 3608 986 3646 cum
1022 3593 1292 3644 inlinittnn
1324 3592 1775 3658 contemplamur,
1802 3593 2016 3645 εςὶιὶειιι

437 3684 736 3738 secundum
762 3682 1088 3752 principium
1118 3693 1168 3735 et
1203 3681 1384 3746 finem,
1407 3685 1550 3750 quod
1583 3697 1689 3735 non
1715 3692 1797 3735 est
1827 3682 1879 3734 in
1909 3683 2014 3747 his,

434 3785 488 3830 et
538 3785 621 3830 est
675 3791 834 3843 supra
894 3777 1029 3837 ha-c,
1084 3773 1354 3827 infinitum
1392 3774 1715 3843 appellatum
1767 3783 1866 3828 est.
1912 3773 2017 3828 Sed

443 3883 618 3935 neque
652 3867 883 3921 formam
919 3869 1100 3933 habet,
1136 3867 1216 3922 vel
1247 3867 1497 3935 figuram,
1528 3866 1610 3920 vel
1643 3868 1909 3935 speciem,
1935 3869 2016 3920 vel

437 3961 678 4014 colorem
709 3960 884 4013 divina
910 3961 1090 4014 unitas
1120 3979 1135 4026 ;
1178 3961 1257 4014 sic
1306 3961 1448 4014 enim
1495 3975 1722 4029 magnus
1759 3959 2015 4024 Basilius,

435 4049 576 4104 libro
624 4066 674 4103 tv
711 4051 832 4102 Τῶν
863 4050 1264 4121 ἀντιρῤητικῶν
1293 4067 1310 4106 :
1347 4048 1426 4116 Si,
1471 4050 1666 4118 inquit,
1692 4048 1861 4105 Filius
1895 4067 2017 4105 vere

436 4153 521 4197 est
558 4145 735 4212 imago
780 4144 982 4207 l’atris,
1014 4145 1192 4197 omnis
1230 4157 1407 4197 autem
1445 4145 1622 4211 imago
1652 4144 1733 4198 vel
1767 4145 2021 4199 substan-

439 4234 546 4298 tize,
580 4232 661 4286 vel
703 4233 909 4296 formae,
949 4233 1034 4289 vel
1076 4233 1282 4302 figura,
1315 4235 1398 4287 vel
1438 4233 1662 4302 speciei,
1695 4234 1776 4288 vel
1820 4235 2019 4289 coloris

439 4323 618 4391 imago
641 4333 756 4386 est;
789 4320 928 4374 Deus
971 4332 1148 4375 autem
1195 4325 1246 4376 in
1282 4324 1428 4376 nullo
1461 4323 1658 4378 horum
1694 4337 1798 4385 cst,
1842 4328 1934 4380 sed
1966 4327 2016 4378 in

442 4409 556 4464 sola
593 4412 933 4476 substantia;
977 4412 1148 4469 Filius
1191 4414 1353 4480 igitur
1381 4431 1504 4468 cum
1558 4417 1628 4470 sit
1676 4418 1854 4484 im:th
1894 4420 2018 4470 sub-

419 4501 672 4565 .stantia,
703 4504 952 4567 sequitur
985 4514 1040 4556 ut
1075 4506 1142 4557 sit
1177 4505 1514 4569 Itomousios,
1548 4507 1598 4557 iil
1636 4517 1739 4571 est,
1772 4509 2015 4575 ejusdem
2055 4495 2095 4545 Π

437 4595 756 4646 substantia:
785 4592 1002 4657 Patris;
1038 4605 1090 4647 et
1138 4597 1468 4664 relinquitur
1509 4607 1565 4650 ut
1607 4599 1677 4651 sit
1715 4601 1894 4651 Unilas
1926 4616 2015 4650 ex-

437 4700 562 4751 pers
594 4685 800 4750 format,
831 4695 885 4740 ct
922 4685 1125 4755 figurae,
1158 4696 1210 4741 et
1239 4689 1464 4756 speciei,
1492 4698 1546 4742 et
1567 4690 1795 4753 coloris;
1825 4707 2020 4756 expers

438 4775 601 4840 igitur
631 4785 714 4829 est
746 4773 951 4838 formae,
995 4775 1118 4844 quia
1163 4777 1301 4830 idem
1335 4787 1415 4832 est
1449 4778 1642 4842 forma,
1683 4791 1732 4832 et
1765 4781 2021 4833 substan-

439 4868 509 4918 tia
540 4867 656 4920 Dei.
691 4866 803 4922 Hoc
834 4869 979 4922 enim
1019 4867 1089 4922 ab
1121 4871 1377 4926 omnibus
1409 4871 1672 4941 theologis
1701 4888 2016 4925 com-essum

437 4969 538 5011 est.
587 4959 754 5024 Igitur
786 4959 838 5013 in
883 4959 995 5013 sola
1033 4961 1342 5015 substantia
1379 4971 1460 5016 est
1498 4962 1661 5024 Deus,
1713 4978 1817 5015 non
1855 4963 2020 5031 igitur

441 5052 490 5102 iii
527 5049 702 5106 forma
749 5053 896 5106 circa
938 5055 1328 5118 substantiam,
1371 5055 1486 5109 hac
1517 5055 1663 5108 enim
1708 5052 1881 5107 furnia
1915 5071 2016 5107 non

436 5144 660 5197 estsola
695 5144 1030 5207 substantia,
1062 5156 1147 5199 est
1178 5147 1341 5198 eliatn
1373 5147 1494 5199 sine
1539 5149 1727 5214 figura,
1765 5148 1887 5213 quia
1923 5147 2017 5196 di:-

439 5244 804 5289 tnonstratum
833 5244 919 5290 est
953 5252 1058 5290 non
1101 5237 1303 5291 habere
1329 5238 1586 5292 medium.
1616 5222 1675 5292 Si
1703 5250 1884 5292 autem
1913 5253 2017 5292 non

441 5324 603 5380 habet
655 5327 918 5390 medium,
964 5344 1144 5396 neque
1183 5331 1424 5392 r0tundi,
1461 5345 1635 5399 neque
1679 5331 1806 5384 recti
1849 5333 2020 5397 parti-

439 5432 566 5487 ceps
601 5428 722 5483 est;
774 5421 897 5490 quia
927 5421 1018 5475 ubi
1050 5438 1153 5474 non
1199 5433 1282 5476 est
1328 5422 1588 5486 medium,
1635 5438 1732 5475 nec
1774 5435 2018 5476 extrema

437 5510 720 5578 aequaliter
753 5526 782 5564 a
831 5512 1010 5568 medio
1039 5513 1339 5577 distabunt,
1384 5513 1527 5584 quod
1562 5515 1778 5584 quidem
1829 5514 1880 5567 in
1933 5529 2016 5568 ro-

438 5781 562 5833 vita.

2122 3231 2248 3285 inde
2278 3239 2426 3294 sunt,
2480 3244 2542 3283 ac
2573 3231 2617 3284 si
2655 3229 2862 3283 diceret
2897 3245 2911 3282 :
2945 3227 3154 3283 Genera
3188 3236 3240 3281 et
3281 3229 3490 3295 species
3525 3226 3705 3284 simul,

2125 3321 2293 3374 Deum
2322 3319 2529 3373 habent
2570 3329 2854 3372 auctorem
2892 3317 3130 3372 :deinde
3161 3329 3339 3385 partes
3379 3317 3485 3370 illis
3527 3315 3713 3383 subje-

2122 3421 2244 3472 ctae,
2275 3421 2330 3464 et
2360 3424 2711 3478 quascunque
2741 3410 3129 3463 universitates
3161 3409 3281 3476 quis
3321 3408 3484 3471 dicat,
3524 3417 3710 3473 postea

2121 3504 2224 3559 has
2257 3514 2515 3570 tanquam
2551 3503 2827 3558 absolutas
2853 3512 2906 3556 et
2932 3502 3241 3557 abstractas
3271 3500 3519 3569 producit
3549 3498 3711 3568 Deus,

2123 3597 2320 3651 deinde
2357 3605 2613 3664 tanquam
2655 3595 2987 3663 aliquorum,
3021 3604 3075 3647 et
3128 3595 3368 3662 ipsorum
3406 3594 3712 3661 aliquorum

2123 3687 2524 3749 universitates,
2587 3701 2694 3741 non
2728 3697 2812 3741 est
2861 3686 3002 3741 Deus
3051 3686 3379 3739 universitas
3412 3685 3715 3739 secundum

2125 3778 2226 3832 bas
2258 3778 2664 3840 universitates,
2698 3779 2748 3831 id
2781 3788 2884 3841 est,
2932 3778 2997 3829 ad
3045 3777 3454 3830 similitudinem
3499 3778 3712 3837 barum,

2125 3869 2218 3923 sed
2257 3868 2369 3936 ipsa
2399 3869 2510 3922 sola
2549 3869 2896 3933 universitas,
2932 3883 3050 3934 qua}
3100 3868 3151 3919 iu
3191 3867 3329 3919 nulla
3366 3877 3443 3920 est
3489 3867 3713 3919 uniter-

2126 3961 2310 4024 sitate,
2343 3961 2596 4014 universa
2632 3959 2746 4027 ipsa
2781 3970 2832 4013 et
2873 3959 2983 4011 sola
3022 3957 3352 4011 universitas
3384 3969 3490 4019 est,
3524 3938 3717 4014 omnes

2127 4050 2514 4104 universitates
2547 4064 2610 4102 ex
2643 4063 2702 4104 se
2745 4050 3071 4117 producens,
3099 4058 3154 4100 et
3192 4062 3219 4099 a
3262 4048 3406 4100 nulla
3455 4048 3719 4104 universi-

2131 4151 2237 4195 tate
2287 4150 2566 4195 coercetur
2613 4158 2626 4194 :
2680 4155 2779 4193 nec
2810 4140 2951 4194 enim
2993 4141 3103 4208 ipse
3141 4149 3220 4192 est
3272 4140 3320 4192 in
3365 4138 3571 4209 aliquo,
3621 4154 3722 4194 nec.

2128 4234 2330 4303 aliquid
2366 4233 2418 4286 in
2462 4233 2617 4300 ipso;
2671 4231 2977 4286 substantia
3010 4233 3151 4299 enim
3204 4241 3283 4283 est
3322 4232 3454 4282 nihil
3515 4231 3721 4281 habens

2127 4327 2270 4392 quod
2314 4326 2382 4378 sit
2429 4325 2478 4378 in
2514 4323 2784 4392 subjecto,
2817 4333 2873 4375 et
2917 4323 3155 4385 cogniin
3189 4333 3266 4374 est
3321 4323 3454 4372 nih:|
3497 4337 3722 4388 prorsus

2129 4416 2434 4483 subjectum
2471 4415 2714 4475 habens;
2751 4413 2954 4465 idcirco
2993 4413 3101 4479 ipse
3135 4423 3216 4464 est
3260 4413 3464 4473 omnia,
3515 4421 3562 4462 et
3615 4425 3719 4462 non

2127 4519 2204 4559 est
2237 4507 2529 4572 quidquam
2555 4505 2820 4566 omnium,
2856 4504 2946 4572 qui
2981 4518 3008 4555 a
3043 4506 3188 4555 nullo
3209 4519 3398 4557 eorum
3425 4519 3544 4569 quae
3572 4491 3718 4560 Sunt.

2129 4597 2478 4657 con'inetttr;
2519 4609 2619 4648 nec
2663 4605 2744 4648 cst
2777 4609 2970 4648 nomen
3010 4595 3148 4661 ejus,
3189 4609 3296 4660 quo
3332 4609 3425 4661 per
3473 4608 3583 4645 I'Clll
3627 4594 3724 4644 ali—

2127 4704 2290 4754 quam
2338 4703 2403 4740 ex
2443 4688 2506 4738 iis
2540 4702 2658 4755 qua:
2694 4695 2840 4747 sttut,
2873 4687 3226 4749 nominetur;
3265 4686 3404 4736 unde
3449 4687 3592 4735 enim
3630 4701 3728 4739 oo-

2130 4779 2458 4840 ntinabatur,
2491 4779 2532 4830 si
2582 4777 2710 4829 nihil
2741 4759 2836 4828 Iesl
2876 4791 2940 4829 ex
2979 4778 3043 4830 iis
3073 4792 3191 4844 qum
3235 4778 3401 4828 sunt?
3457 4774 3722 4830 Praeterea

2136 4882 2307 4924 totum
2345 4881 2396 4924 et
2433 4873 2605 4923 solum
2639 4870 2689 4923 in
2718 4871 2951 4932 unitate,
2983 4869 3275 4923 essentiam
3305 4878 3720 4933 exsuperantem

2129 4973 2506 5032 reprmseutat,
2548 4973 2740 5017 etnon
2789 4963 3112 5032 positionem
3162 4959 3462 5028 quamlibet
3507 4974 3719 5018 rerum;

2129 5057 2351 5123 perinde
2376 5054 2518 5110 cnim
2551 5066 2633 5109 est
2663 5057 2867 5117 dicere,
2896 5063 3041 5108 totus
3070 5053 3397 5115 substantia,
3444 5063 3496 5105 et
3538 5052 3716 5104 Sttlllm

2127 5158 2208 5200 est
2257 5146 2415 5206 Deus,
2449 5156 2503 5200 et
2545 5146 2594 5199 iu
2650 5147 2766 5200 sola
2810 5147 3111 5199 substantia
3168 5152 3273 5206 est,
3324 5153 3488 5208 atque
3539 5142 3722 5194 dicere

2129 5253 2289 5307 supra
2328 5252 2542 5291 omnem
2576 5237 2938 5291 substantiam
2969 5250 3112 5299 esse,
3161 5246 3214 5288 et
3251 5250 3356 5288 non
3393 5237 3720 5285 adnumera-

2132 5339 2216 5381 tur
2255 5328 2344 5380 ulli
2397 5327 2717 5381 substantia:
2758 5343 2942 5382 carum
2993 5341 3129 5397 quas
3187 5326 3463 5395 produxit.
3518 5326 3609 5377 sed
3644 5334 3726 5392 es:

2130 5420 2244 5473 sola
2269 5435 2332 5471 cx
2365 5419 2486 5471 aliis
2514 5433 2790 5489 exempta,
2821 5431 2874 5473 et
2914 5419 3108 5488 prima,
3136 5426 3188 5471 et
3225 5418 3378 5488 cujus
3425 5417 3727 5468 substantia

2130 5521 2214 5568 CSl.
2244 5522 2418 5566 artus.

507 5710 582 5776 (α)
615 5702 941 5766 Universum
995 5714 1246 5768 universe
1303 5713 1479 5769 omnis
1518 5714 1648 5780 vita,
1706 5715 2014 5770 universum
2053 5730 2158 5770 non
2219 5716 2495 5775 universe.
2548 5717 2638 5769 sed
2702 5716 2751 5767 in
2822 5726 2993 5783 parte,
3025 5719 3141 5770 sive
3197 5715 3622 5783 particulaiiter,
3677 5722 3733 5769 ut
