4446 6450
771 393 877 456 987

1396 509 1623 564 CAPUT
1666 510 1729 564 Χ.

774 596 925 656 Quod
981 598 1155 650 unitas
1207 598 1488 652 Trinitatis
1535 618 1694 666 supra
1741 618 1940 652 amnem
1977 601 2327 654 substantiam

844 677 943 725 est,
971 677 1017 717 et
1055 682 1212 732 supra
1235 685 1432 720 omnem
1463 671 1734 728 unitatem,
1765 683 1808 722 et
1851 668 2156 722 Trinitatem
2185 671 2327 719 uobis

842 736 1098 803 roguitaln
1121 752 1138 795 ;
1163 738 1367 803 etquod
1395 754 1553 798 neque
1579 737 1873 790 substantia
1897 747 1992 796 est.
2016 754 2104 788 nec
2129 737 2324 792 unitas.

843 801 1265 874 nequerTrioitas
1298 806 1362 856 ab
1394 807 1502 857 ulla
1541 809 1786 874 cognita;
1837 823 1926 860 nec
1956 807 2190 873 inﬁnita,
2238 813 2328 857 ant

842 875 893 923 in
923 873 1099 924 multis
1131 884 1424 928 numerata.

842 959 1062 1028 Magnus
1087 960 1395 1031 Dionysius,
1420 979 1542 1030 cap.
1572 964 1658 1027 15,
1689 963 1761 1017 De
1786 965 1971 1017 divinis
2001 963 2332 1016 nominibus:

773 1047 1016 1114 Oportet,
1055 1050 1250 1116 inquit,
1285 1067 1382 1105 nos
1405 1066 1434 1104 a
1469 1054 1652 1106 multis
1683 1056 1750 1106 ad
1781 1069 1944 1106 unum
1977 1054 2173 1105 virtute
2201 1053 2335 1105 divi-

776 1153 855 1188 nae
896 1138 1118 1192 unitatis
1148 1153 1464 1204 conversos,
1513 1143 1863 1210 singulariter
1907 1142 2121 1194 laudare
2167 1151 2332 1194 totatn

772 1236 826 1279 et
849 1242 1006 1280 unam
1035 1229 1392 1294 divinitatem,
1418 1248 1579 1285 unum
1607 1235 1747 1301 quod
1776 1242 1859 1286 est
1877 1235 2115 1286 omnium
2145 1245 2332 1293 causa,

774 1327 901 1371 ante
944 1333 1105 1373 omne
1135 1335 1326 1381 unum.
1368 1331 1420 1376 et
1461 1323 1882 1385 multitudinem,
1913 1332 1967 1377 et
2008 1333 2240 1392 partem,
2283 1329 2336 1374 et

774 1415 968 1471 totum,
994 1408 1294 1463 ﬁnitionem
1325 1421 1378 1464 et
1410 1411 1789 1477 inﬁnitionem,
1830 1412 1989 1466 ﬁnem
2017 1421 2070 1464 et
2103 1412 2337 1464 inﬁnita-

775 1496 921 1548 tem?
947 1497 1090 1564 quod
1127 1498 1308 1552 omnia
1330 1513 1449 1566 quae
1472 1511 1615 1563 sunt,
1641 1510 1696 1554 et
1720 1502 1890 1568 ipsum
1916 1515 2034 1555 esse
2060 1501 2334 1563 terminat,

773 1596 824 1636 et
861 1586 1126 1650 omnium,
1153 1594 1208 1641 et
1236 1596 1468 1642 totorum
1510 1589 1774 1652 omnium,
1804 1599 1858 1644 et
1882 1600 2009 1644 ante
2041 1590 2244 1654 omnia,
2286 1597 2340 1641 et

774 1685 934 1738 supra
987 1675 1167 1727 omnia
1222 1691 1325 1728 una
1393 1691 1591 1740 causa,
1647 1686 1702 1731 et
1751 1677 1896 1746 quod
1947 1692 2108 1746 supra
2164 1677 2336 1744 ipsum

775 1777 961 1829 unum,
993 1764 1042 1817 id
1075 1766 1216 1834 quod
1249 1775 1354 1829 est,
1382 1767 1706 1821 determinat
1739 1784 1752 1820 :
1785 1768 2050 1836 siquidem
2085 1768 2228 1836 quod
2254 1777 2336 1822 εει

775 1870 961 1918 unum,
1001 1856 1054 1907 in
1087 1855 1155 1910 iis
1186 1869 1304 1922 quae
1338 1865 1487 1919 sunt,
1531 1868 1883 1922 numeratur;
1910 1872 2164 1913 numerus
2193 1858 2335 1912 enim

774 1945 1044 2014 particeps
1073 1947 1323 1999 essentia:
1345 1955 1449 2012 est,
1475 1947 1616 2014 quod
1660 1955 1842 2002 autem
1871 1957 1953 2002 est
1976 1962 2142 2001 unum
2173 1961 2335 2015 supra

774 2036 1150 2096 substantiam,
1184 2046 1238 2088 cl.
1269 2039 1412 2105 quod
1459 2046 1542 2092 est
1574 2053 1761 2101 unum,
1805 2045 1858 2092 et
1899 2052 2114 2092 omnem
2150 2053 2339 2092 nume—

776 2113 890 2179 rum
921 2125 1126 2188 deﬁnit,
1160 2127 1336 2195 ipsum
1379 2136 1461 2182 est
1487 2137 1539 2181 et
1574 2130 1753 2191 unius,
1785 2137 1839 2183 et
1870 2129 2104 2194 numeri,
2138 2139 2189 2184 et
2217 2144 2335 2182 om-

774 2218 858 2272 nis
901 2217 974 2270 rei
1023 2219 1368 2286 principium.
1420 2229 1473 2273 et
1509 2234 1691 2281 causa,
1742 2228 1797 2274 et
1844 2234 2122 2286 numerus,
2175 2230 2338 2289 atque

772 2310 923 2363 ordo.
949 2310 1315 2374 Quamobrem
1349 2318 1402 2360 et
1433 2309 1630 2372 unitas,
1661 2323 1780 2379 quae
1822 2309 2092 2376 laudatur,
2125 2319 2178 2365 ει
2218 2309 2340 2364 Tri-

773 2401 934 2466 nitas,
964 2415 1081 2469 quae
1119 2411 1202 2454 est
1236 2401 1500 2455 Diviuitas
1545 2415 1705 2468 supra
1751 2400 1953 2464 omnia,
1983 2415 2089 2454 non
2122 2410 2206 2455 est
2240 2415 2339 2455 nec

775 2493 976 2558 unitas,
1024 2507 1197 2560 neque
1229 2491 1491 2557 Trinitas,
1547 2502 1637 2546 aut
1686 2507 1716 2545 a
1764 2491 1941 2554 nobis,
1993 2503 2084 2545 aut
2123 2495 2188 2546 ab
2233 2494 2338 2548 alio

773 2585 1027 2652 quopiam
1070 2600 1254 2638 corum
1285 2586 1372 2652 qui
1411 2593 1556 2648 sunt,
1597 2584 1835 2653 cognita,
1868 2583 1961 2637 sed
1993 2592 2049 2637 ιιι
2097 2585 2239 2654 quod
2286 2585 2337 2638 in

777 2674 888 2742 ipsa
919 2683 1000 2726 est
1033 2688 1190 2739 supra
1224 2689 1383 2741 quam
1433 2675 1482 2725 itt
1511 2688 1672 2725 unum
1704 2672 2034 2740 copulatum,
2069 2681 2123 2726 et
2151 2672 2339 2726 fecun-

771 2764 991 2817 ditatem
1023 2780 1148 2819 vere
1174 2765 1483 2828 laudemus,
1511 2765 1714 2818 trinqu
1743 2776 1797 2819 et
1831 2780 1995 2818 unum
2032 2765 2197 2819 Deum
2244 2779 2337 2820 no-

772 2857 1041 2911 minamus
1077 2855 1245 2922 illum,
1293 2855 1383 2925 qui
1417 2872 1579 2926 supra
1615 2872 1771 2909 omne
1818 2871 2014 2912 nomen
2044 2866 2156 2918 est;
2190 2857 2335 2910 nulla

772 2957 952 3002 autem
999 2950 1196 3013 unitas,
1255 2948 1334 3001 vel
1381 2947 1640 3010 Trinitas,
1684 2964 1857 3017 neque
1910 2964 2186 3014 umnerus,
2238 2962 2337 3002 nec

771 3041 968 3105 unitas,
1012 3039 1095 3092 vel
1129 3039 1451 3099 fecunditas.
1485 3055 1584 3093 nec
1629 3039 1773 3092 aliud
1824 3040 1950 3106 quid
1999 3054 2184 3092 eorum
2219 3054 2337 3107 qua

1932 397 2255 462 JOANNIS
2294 396 2864 488 cvmmssrom

2360 511 2408 566 Α
2438 512 2696 582 Spiritum
2741 512 3146 582 cognoscimus;
3189 523 3289 566 nec
3329 519 3414 564 est
3454 509 3640 567 Filius.
3677 523 3852 576 neque
3892 509 3994 564 Pa-

2433 614 2533 666 ter,
2567 620 2666 658 nec
2699 604 2842 657 aliud
2869 603 3162 671 quidquam
3191 617 3378 657 eorum
3410 616 3528 669 quae
3565 601 3741 661 nobis,
3773 609 3863 654 aut
3898 601 3988 653 ulli

2430 709 2615 745 eorum
2661 694 2748 760 qui
2790 702 2938 756 sunt,
2984 691 3196 758 cognita
3237 699 3384 754 sunt,
3423 705 3521 744 nec
3551 690 3756 758 aliquid
3802 705 3988 744 eorum

2431 797 2548 849 quas
2582 798 2686 836 non
2717 791 2862 842 sunt,
2900 796 3072 850 neque
3121 796 3239 847 qua!
3281 789 3435 845 sunt;
3489 795 3661 847 neque
3705 794 3825 847 qum
3868 788 3993 833 sunt

2430 887 2549 925 eam
2592 882 2946 941 cognoscunt,
2981 880 3246 938 quatenus
3285 881 3388 932 cst,
3420 884 3518 924 nec
3561 870 3675 936 ipsa
3713 871 3993 934 cognoscit

2433 977 2552 1028 qua:
2578 972 2724 1026 sunt,
2750 972 3017 1027 quatenus
3042 971 3165 1015 sunt
3190 960 3297 1030 (1);
3334 974 3432 1013 nec
3463 967 3546 1014 est
3587 959 3660 1012 illi
3707 960 3864 1022 ratio,
3905 973 3997 1011 ne-

2432 1065 2536 1120 que
2568 1065 2784 1114 nomen,
2814 1066 2988 1117 neque
3016 1051 3275 1118 cognitio,
3298 1065 3471 1117 neque
3507 1049 3724 1101 tenebra
3758 1061 3861 1107 est,
3899 1061 3997 1098 ue-

2433 1153 2540 1208 que
2574 1138 2773 1200 lumen,
2811 1152 2911 1191 nec
2937 1152 3114 1197 error.
3153 1153 3326 1205 neque
3357 1139 3593 1198 veritas;
3632 1151 3730 1190 nec
3763 1145 3850 1189 εει
3882 1136 3999 1204 ejus

3884 382 3989 463 εδδ

2437 1227 2488 1278 in
2519 1225 2829 1279 universum
2870 1226 3090 1293 positio,
3115 1240 3211 1278 nec
3250 1225 3476 1279 ablatio.
3510 1224 3622 1278 lmo
3660 1240 3784 1278 cum
3809 1239 3998 1276 eorum

2436 1332 2555 1384 qua:
2586 1327 2707 1384 post
2742 1318 2911 1386 ipsam
2939 1325 3086 1382 sunt,
3115 1317 3414 1382 positiones
3446 1324 3500 1369 et
3537 1315 3837 1369 ablationes
3867 1315 4001 1368 faei-

2438 1424 2577 1474 mus,
2617 1409 2788 1476 ipsam
2843 1423 3020 1476 neque
3067 1408 3338 1476 ponimus,
3389 1423 3486 1461 nec
3543 1407 3785 1461 tollimus
3828 1405 3999 1472 :quia

2437 1514 2598 1567 supra
2633 1513 2848 1553 omnem
2892 1499 3215 1565 positionem
3241 1506 3324 1552 est
3369 1497 3607 1564 perfecta
3636 1506 3688 1549 et
3712 1495 4000 1564 singularis

2437 1591 2678 1644 omnium
2710 1604 2895 1653 causa,
2931 1600 2985 1644 et
3036 1604 3197 1654 supra
3239 1602 3452 1641 omnem
3495 1587 3824 1640 ablationem
3853 1600 4006 1639 exsu-

2438 1681 2650 1750 peratio
2678 1681 2919 1734 omnium
2961 1679 3275 1747 simpliciter
3298 1679 3592 1738 abstracta,
3622 1687 3674 1729 et
3708 1677 3851 1729 ultra
3890 1690 4006 1727 om-

2441 1771 2549 1826 nia.
2608 1771 2732 1824 Haac
2779 1769 3062 1824 adnotavit
3112 1778 3334 1823 sanctus
3372 1768 3659 1830 Maximus,
3713 1765 4003 1832 inquiens:

2441 1861 2598 1924 Nota,
2622 1863 2760 1930 quod
2788 1877 2962 1929 neque
2989 1861 3246 1914 divinitas
3273 1860 3575 1914 substantia
3607 1869 3686 1911 est
3722 1857 3837 1922 Dei,
3863 1857 4007 1911 sicut

2445 1970 2543 2009 nec
2581 1969 2744 2006 unum
2789 1953 2994 2021 aliquid
3042 1967 3230 2006 eorum
3282 1964 3402 2018 quae
3441 1950 3580 2003 dicta
3633 1957 3778 2009 sunt,
3832 1960 4009 2015 neque

2442 2044 2834 2100 contrariorum
2881 2044 3007 2099 eis:
3055 2058 3226 2111 quare
3277 2044 3410 2096 nihil
3465 2043 3704 2112 ipsorum
3747 2049 3851 2100 est,
3899 2052 4006 2091 non

2440 2136 2582 2189 enim
2612 2145 2737 2190 sunt
2761 2140 2871 2189 haec
2902 2135 3223 2199 substantia,
3255 2135 3348 2188 sed
3385 2133 3550 2204 gloria
3587 2135 3728 2186 circa
3757 2147 3878 2185 eum
3907 2129 4009 2199 (2).

2443 2223 2533 2280 Sic
2588 2225 2807 2285 Sextus.
2861 2224 3264 2279 ecclesiasticus
3316 2222 3691 2292 phi|030phus,
3745 2220 3902 2285 dixit,
3950 2227 4007 2274 et

2440 2317 2734 2386 Gregorius
2765 2315 3080 2384 Theologus
3109 2315 3204 2369 lib.
3240 2330 3301 2368 ιιι
3339 2312 3648 2381 ΤΙιεοΙοείω
3697 2325 3832 2374 sua,
3861 2311 4005 2380 quod

2442 2423 2616 2477 neque
2648 2406 2900 2460 divinitas
2924 2405 3026 2476 (⁸5),
3067 2419 3166 2459 ιιεε
3196 2405 3520 2474 ingenitum,
3565 2417 3743 2469 neque
3774 2401 4007 2470 paterni-

2443 2515 2526 2558 tas
2555 2500 2914 2554 substantiam
2949 2498 3046 2552 Dei
3082 2497 3413 2567 signiﬁcant.
3444 2494 3681 2550 Observa
3722 2503 4004 2560 Praeterea,

2441 2593 2582 2664 quod
2613 2605 2786 2660 neque
2821 2590 3062 2658 Spiritus
3092 2597 3200 2651 est,
3227 2597 3285 2641 ut
3316 2603 3412 2641 nos
3438 2585 3702 2657 Spiritum
3732 2582 4013 2652 cognosci-

2441 2702 2582 2750 mus,
2613 2699 2786 2752 neque
2814 2683 2982 2737 Filius
3009 2693 3116 2746 εει,
3149 2694 3322 2748 neque
3352 2681 3530 2740 Pater,
3571 2686 3626 2730 ut
3657 2693 3760 2731 nos
3792 2677 4009 2730 Patrem

2441 2789 2494 2833 et
2521 2777 2712 2830 Filium
2747 2775 3165 2844 cognoscimus;
3192 2771 3320 2825 illud
3355 2770 3498 2824 enim
3535 2787 3548 2823 :
3584 2767 3656 2822 Ut
3684 2782 3783 2821 nos
3812 2780 4014 2835 cogno-

2441 2871 2670 2933 scimus,
2703 2869 2754 2920 in
2788 2865 2936 2920 omni
2983 2864 3266 2930 negatione
3293 2861 3632 2930 superiorum
3663 2861 3882 2926 accipe;
3921 2858 4017 2912 de-

2439 2961 2612 3016 clarat
2645 2967 2846 3022 autem,
2879 2956 3022 3023 quod
3069 2955 3174 3009 dici
3220 2954 3380 3015 solet,
3417 2952 3718 3007 secundum
3767 2957 4008 3002 nostram

2440 3051 2825 3120 cognitionem.
2857 3048 3042 3116 Neque
3075 3057 3124 3101 te
3165 3053 3383 3099 moveat
3416 3049 3521 3098 hoc
3551 3054 3734 3112 caput,
3769 3049 3827 3093 ut
3854 3047 4012 3109 putes

770 3140 918 3195 sunt,
952 3141 1044 3183 aut
1078 3146 1197 3198 qme
1240 3130 1307 3183 ab
1350 3133 1532 3199 aliquo
1563 3146 1748 3185 eorum
1792 3133 1882 3198 qui
1933 3141 2077 3191 sunt.
2122 3131 2336 3200 cognita
2365 3147 2410 3205 ο
2444 3143 2526 3196 ιιιιι

2245 3131 2336 3184 illa
2365 3147 2410 3205 ο
2444 3143 2587 3197 hunc
2616 3141 2852 3195 divinum
2885 3147 3160 3193 auctorem
3202 3135 3400 3204 aliquid
3442 3135 3758 3204 blaspheme
3791 3134 3999 3198 dicere;

769 3234 919 3284 sunt,
956 3223 1192 3288 explicat
1224 3223 1642 3283 obscuritatem,
1671 3237 1789 3288 quae
1824 3235 2035 3275 omnem
2075 3222 2336 3276 rationem

768 3323 821 3364 et
861 3322 1090 3366 tuentem
1150 3314 1318 3366 vincit
1366 3330 1378 3365 :
1426 3314 1811 3366 obscuritatem
1845 3313 1965 3366 dico
2008 3314 2335 3373 Divinitatis.

769 3419 890 3471 qua:
924 3419 1084 3472 supra
1117 3402 1496 3467 substantiam,
1531 3419 1688 3467 supra
1728 3404 1990 3456 rationem
2019 3413 2072 3457 et
2104 3414 2336 3457 mentem

768 3504 867 3546 est.
910 3494 1116 3546 Rursus
1162 3495 1311 3545 idem-
1343 3505 1585 3548 extremo
1641 3495 1817 3563 capite
1861 3493 2098 3564 Mystica:
2144 3493 2338 3548 theolo-

767 3589 868 3653 σὺν
898 3600 917 3637 :
955 3586 1160 3637 Rursus
1187 3596 1366 3638 autem
1393 3589 1746 3639 ascendentes
1773 3587 2035 3648 dicamus,
2061 3588 2204 3653 quod
2242 3601 2340 3640 nec

769 3675 948 3730 anima
995 3685 1098 3737 εει,
1139 3691 1313 3744 neque
1365 3691 1553 3743 mens;
1610 3691 1706 3729 nec
1756 3676 2211 3744 imaginationem,
2257 3676 2338 3730 vel

771 3767 1109 3834 Opinionem,
1146 3769 1226 3819 vel
1267 3769 1550 3829 rationem,
1592 3768 1673 3821 vel
1705 3768 2113 3837 intelligentiam
2152 3769 2335 3832 habet,

769 3875 945 3928 neque
996 3862 1133 3914 ratio
1176 3871 1280 3923 est,
1336 3876 1437 3914 nee
1485 3860 1860 3930 intelligentia,
1910 3850 2338 3928 neque'dicitur,

768 3953 848 4006 vel
897 3954 1235 4022 intelligitur,
1276 3969 1448 4023 neque
1497 3969 1750 4007 numerus
1785 3965 1887 4016 εει,
1934 3969 2108 4023 neque
2157 3955 2336 4009 ordo:

769 4057 940 4108 neque
973 4042 1284 4111 magnitudo
1325 4053 1427 4105 est,
1458 4057 1631 4110 neque
1667 4044 1926 4112 pat'vitas,
1955 4057 2130 4110 neque
2161 4057 2342 4112 aequa-

769 4133 909 4195 litas,
936 4148 1110 4202 neque
1133 4134 1453 4197 similitudo,
1491 4149 1666 4201 neque
1700 4135 2123 4202 dissimilitudo;
2168 4151 2343 4207 neque

767 4233 894 4287 stat,
943 4239 1121 4292 neque
1156 4235 1428 4288 movetur,
1471 4241 1646 4294 neque
1676 4227 1935 4296 quiescit,
1969 4245 2144 4298 neque
2179 4231 2343 4284 habet

767 4317 909 4381 vim;
950 4332 1048 4371 nec
1083 4328 1168 4372 est
1200 4318 1303 4382 vis,
1332 4333 1507 4386 neque
1534 4319 1734 4383 lumen,
1758 4334 1940 4389 neque
1961 4321 2064 4375 vita
2108 4332 2213 4387 εει,
2251 4336 2343 4376 ne-

766 4426 873 4476 que
905 4412 1204 4464 substantia
1236 4423 1340 4474 εει,
1376 4427 1547 4479 neque
1571 4413 1853 4478 sarculum,
1896 4429 2071 4483 neque
2105 4425 2339 4483 tempus,

2443 3233 2784 3302 propositum
2825 3230 2969 3284 enim
3020 3237 3103 3282 est
3150 3227 3198 3282 ei
3249 3227 3628 3281 demonstrare
3677 3225 3845 3279 Deum
3877 3221 4013 3277 nihil

2441 3339 2630 3377 eorum
2663 3337 2786 3375 esse
2818 3333 2938 3389 quae
2969 3328 3115 3382 sunt,
3165 3319 3255 3372 sed
3287 3332 3407 3370 esse
3445 3332 3609 3385 supra
3641 3316 3820 3368 omnia
3849 3330 3867 3377 ;
3899 3326 4013 3368 ete—

2444 3417 2552 3468 nim
2601 3414 2645 3467 si
2696 3414 2812 3482 ipse
2850 3410 3029 3476 omnia
3064 3411 3340 3476 produxit,
3378 3407 3652 3476 quomodo
3683 3415 3860 3475 potest
3894 3421 4018 3462 esse

2443 3504 2645 3571 aliquid
2702 3516 2890 3556 eorum
2924 3514 3042 3567 quae
3077 3499 3245 3553 sunt?
3301 3498 3444 3551 Dixit
3479 3507 3686 3556 autem,
3723 3497 3868 3563 quod
3917 3509 4016 3549 nec

2442 3613 2502 3650 ea
2538 3612 2655 3663 qua!
2691 3606 2838 3659 sunt,
2875 3602 3209 3661 cognoscunt
3258 3592 3424 3644 Deum
3476 3605 3698 3643 causam
3731 3588 4016 3650 omnium;

2444 3701 2497 3741 at
2536 3702 2640 3740 non
2678 3698 3008 3753 cognoscere
3061 3683 3249 3740 Deum.
3283 3681 3541 3734 interitus
3575 3679 3733 3748 plane
3777 3687 3879 3732 est.
3919 3675 4022 3732 Ve-

2446 3794 2562 3830 rum
2608 3776 2794 3830 statim
2840 3775 2982 3828 idem
3013 3773 3266 3842 exposuit
3289 3770 3434 3839 quod
3468 3771 3705 3834 dixerat,
3735 3783 3860 3822 cum
3889 3769 4020 3822 sub-

2438 3869 2619 3936 juuxit
2653 3886 2664 3921 :
2697 3868 2980 3933 Quatenus
3013 3865 3128 3933 ipse
3162 3873 3267 3928 est,
3301 3864 3441 3931 quod
3483 3861 3709 3932 perinde
3739 3870 3847 3922 εει,
3879 3870 3939 3912 ιιι
3975 3859 4018 3913 si

2443 3960 2701 4013 dieator:
2749 3956 2896 4010 Nihil
2933 3971 2998 4009 ex
3049 3954 3117 4008 iis
3148 3969 3268 4023 qua:
3316 3963 3468 4018 sunt,
3502 3951 3779 4022 cognoscit
3828 3950 4020 4014 Deum,

2443 4061 2713 4120 quatenus
2748 4057 2851 4112 cst,
2892 4049 2942 4101 id
2986 4058 3073 4102 est
3120 4047 3481 4101 substantiam
3514 4044 3653 4114 ejus,
3699 4059 3820 4113 quae
3858 4058 4019 4111 supra

2444 4141 2802 4196 substantiam
2835 4151 2941 4202 est,
2979 4149 3034 4192 et
3082 4153 3201 4205 quae
3255 4136 3481 4206 intelligi
3539 4150 3646 4189 non
3701 4144 3897 4202 potest,
3937 4134 4020 4188 vel

2444 4232 2820 4287 exsistentiam
2841 4229 3141 4284 secundum
3172 4245 3331 4296 quam
3356 4226 3593 4280 exsistit.
3625 4225 3838 4278 Dictum
3875 4226 4018 4278 enim

2445 4336 2547 4388 cst,
2585 4323 2726 4391 quod
2766 4323 2931 4376 Nemo
2975 4321 3240 4390 cognoscit
3279 4316 3500 4382 Filium,
3533 4318 3636 4370 uisi
3685 4315 3891 4381 Pater;
3937 4332 4024 4369 nos

2446 4432 2542 4485 que
2585 4414 2801 4468 Patrem
2845 4414 2961 4482 quis
3010 4412 3173 4475 novit,
3229 4410 3331 4462 nisi
3377 4409 3543 4462 Filius
3576 4407 3648 4462 ⁸³.
3703 4408 3781 4462 Αε
3835 4421 4023 4461 rursus

767 4517 869 4554 nec
907 4513 988 4556 cst
1023 4503 1139 4569 ejus
1177 4505 1340 4558 tactio
1371 4505 1470 4558 sub
1517 4505 1933 4570 intelligentiam
1976 4507 2201 4569 cadens,
2233 4524 2333 4561 ne-
2373 4483 2416 4538 θ
2446 4483 2725 4576 subjungit
2771 4519 2999 4576 magnus
3030 4501 3344 4572 Dionysius,
3375 4510 3430 4554 et
3464 4501 3542 4553 ait
3573 4517 3588 4552 :
3623 4498 3795 4553 Nemo
3821 4513 4026 4566 cogno-

765 4607 872 4659 que
911 4594 1158 4653 scientia,
1217 4608 1392 4663 neque
1442 4596 1642 4650 vet-itas
1695 4605 1798 4658 est,
1853 4611 2028 4666 neque
2092 4615 2342 4667 regnum,

768 4701 944 4754 neque
983 4687 1272 4753 sapientia,
1306 4701 1404 4739 nec
1437 4702 1623 4746 unum.
1667 4704 1763 4741 nec
1803 4689 2020 4752 unitas;
2051 4703 2227 4756 neque
2265 4692 2347 4744 di-

768 4779 984 4839 vinitas.
1035 4793 1210 4845 neque
1245 4778 1481 4840 bonitas,
1525 4794 1700 4848 neque
1741 4778 1977 4848 Spiritus
2008 4789 2113 4844 est,
2147 4792 2202 4834 ut
2245 4798 2345 4838 nos

834 4913 881 4944 ⁸³
911 4912 1103 4968 Matth.
1139 4927 1214 4976 ιι,
1247 4910 1339 4963 27.

2447 4601 2550 4655 scit
2581 4599 2801 4662 Filium,
2844 4607 3112 4666 quatenus
3147 4603 3253 4656 est,
3292 4607 3392 4647 nec
3429 4592 3544 4660 ipse
3580 4591 3721 4646 Deus
3747 4590 4027 4658 cognoscit

2445 4707 2507 4744 ea
2538 4707 2658 4758 quae
2697 4675 2846 4753 sunt,
2878 4695 3149 4755 quatenus
3182 4693 3332 4748 sunt,
3374 4684 3426 4736 id
3473 4694 3576 4747 est,
3607 4697 3713 4735 non
3748 4683 3900 4736 novit
3948 4682 4024 4734 in-

2449 4783 2670 4836 tendere
2703 4788 2939 4832 mentem
2977 4776 3276 4832 secundum
3318 4788 3537 4829 sensum
3569 4774 3636 4827 ad
3666 4789 3727 4826 ea
3757 4789 3878 4842 qua:
3904 4787 4027 4827 sen-

2258 5024 2538 5086 SchoHa.

839 5161 915 5227 (i)
944 5159 1214 5226 Quatenus
1235 5163 1353 5227 sunt
1391 5151 1468 5227 Δ1‹1
1507 5162 1736 5227 est,_non
1767 5154 2052 5227 cognoscit
2078 5152 2181 5227 alia
2203 5169 2336 5217 qua-

768 5246 787 5287 t
825 5222 926 5284 tius
962 5222 1084 5284 sunt
1124 5231 1175 5281 in
1214 5242 1273 5280 se
1307 5224 1456 5291 ipsis,
1491 5223 1582 5275 sed
1617 5223 1667 5273 in
1693 5237 1751 5276 se
1781 5224 1913 5290 ipso,
1947 5222 1996 5276 id
2032 5233 2136 5280 est.
2165 5223 2216 5274 in
2241 5239 2339 5276 sua

765 5304 1026 5362 εςευιιιίη,
1063 5300 1112 5351 in
1147 5314 1248 5367 qua
1281 5308 1469 5367 omnes
1495 5293 1705 5367 species
1731 5310 1908 5347 rerum
1931 5302 2053 5345 sunt
2091 5307 2342 5367 compre-

770 5377 968 5436 hensm,
1007 5380 1061 5426 et
1089 5362 1256 5422 multo
1291 5362 1645 5419 excellentius
1687 5364 1739 5416 iu
1778 5381 1862 5428 eo,
1900 5378 2058 5429 quam
2090 5363 2142 5415 in
2174 5378 2233 5416 se
2257 5363 2341 5432 ip-

768 5446 845 5499 s‘is
866 5453 1008 5495 sunt.

842 5515 917 5582 (9.)
947 5513 1048 5567 Sed
1071 5511 1236 5580 gloria
1262 5510 1401 5561 circa
1425 5520 1564 5582 eunt.
1591 5503 1705 5556 Non
1729 5504 1863 5582 dixit
1911 5506 2104 5582 gloria_
2133 5507 2184 5559 in
2257 5519 2344 5567 eo,

768 5575 890 5652 qua:
921 5597 1002 5638 est
1033 5575 1295 5643 iuet-cata,
1317 5584 1368 5631 id
1395 5585 1500 5636 est,
1521 5575 1633 5643 ipsa
1658 5579 1917 5652 essentia,
1948 5577 2041 5631 sed
2062 5576 2202 5652 circa
2224 5589 2348 5652 eum

769 5645 913 5717 sunt,
941 5671 1060 5723 (ιιιςε
1088 5653 1155 5706 ab
1184 5668 1249 5706 eo
1277 5658 1463 5723 creata
1494 5654 1642 5711 sunt,
1673 5661 1738 5699 ex
1771 5651 2014 5714 quibusa
2047 5647 2204 5700 nobis
2229 5645 2345 5714 glo-

774 5722 1017 5779 rificatur
1063 5733 1121 5778 ει
1165 5722 1432 5776 laudatur.

843 5798 918 5866 t5)
945 5795 1124 5866 .chttc
1150 5793 1401 5850 divinitas
1426 5792 1780 5847 substantiam
1813 5787 1908 5844 Dei
1935 5785 2228 5860 signiﬁcat,
2253 5799 2350 5840 uc-

2439 5173 2543 5224 qne
2597 5156 2900 5212 substantia
2935 5156 3025 5209 Dei
3058 5164 3166 5211 est.
3196 5154 3408 5224 scilicet
3461 5161 3655 5224 utnos
3683 5151 4020 5205 divinitatem

2441 5222 2819 5295 cognoscimus
2855 5245 2868 5282 :
2909 5226 3292 5295 cognoscimus
3313 5223 3458 5275 enim
3492 5222 3828 5295 divinitatem
3855 5233 4015 5273 crea-

2447 5291 2552 5349 tam
2587 5299 2636 5350 itt
2672 5299 2736 5350 iis
2757 5314 2847 5364 qut
2878 5291 3457 5364 perparticipationem
3486 5291 3760 5364 dicuntur,
3787 5291 3900 5364 sive
3925 5305 4025 5364 an-

2445 5369 2569 5433 geli,
2601 5370 2713 5421 sive
2745 5360 2998 5419 homines
3024 5366 3129 5418 sint
3167 5382 3179 5428 ;
3209 5361 3520 5429 hujusntodi
3545 5372 3723 5433 autem
3777 5360 4030 5433 divinitas

2446 5428 2650 5498 creata,
2679 5453 2774 5490 nec
2794 5448 2898 5500 est,
2926 5450 3098 5501 neque
3125 5428 3397 5504 signiﬁcat
3417 5432 3753 5504 divinitatem
3778 5428 4030 5504 Dei,_qu_aa

2449 5509 2711 5569 essentia,
2746 5507 2859 5560 sive
2884 5499 3200 5560 Subs'tatttia'
3216 5503 3331 5569 ejus
3362 5510 3444 5557 est
3473 5520 3488 5566 ;
3513 5501 3607 5554 sed
3637 5501 3816 5570 potius
3881 5499 4026 5552 divi-

2454 5579 2614 5641 nitas,
2643 5578 2872 5638 bonitas,
2905 5575 3194 5643 sapientia,
3229 5581 3283 5626 et
3314 5582 3532 5643 caetera.
3564 5579 3622 5624 ut
3650 5585 3773 5643 _uo_s
3811 5582 4028 5643 cogno-

2453 5639 2658 5703 scimus
2686 5647 2809 5710 ista,
2840 5639 3009 5716 gloria
3033 5653 3161 5716 suat
3187 5643 3338 5716 circa
3361 5641 3694 5716 Dettm,_q_uia
3716 5640 3784 5691 ab
3811 5639 3894 5694 his
3909 5652 4031 5708 qua

2455 5721 2521 5774 ab
2543 5733 2609 5775 eo
2640 5725 2819 5775 creata
2843 5712 3001 5782 sunt,
3030 5714 3364 5787 gloriﬁcatur
3398 5721 3452 5767 et
3488 5712 3814 5767 celebratur.
