4446 6450
547 411 651 474 989

1435 417 1671 475 DECAS
1714 415 1783 475 κς
1821 442 1886 452 -
1927 418 2032 476 ‘DE
2079 417 2343 477 DlVlNA
2381 419 2931 478 SIMPLICITATE.

3676 417 3781 478 990

548 523 676 578 silia.
702 530 850 585 sunt.
883 537 982 576 nec
1003 522 1070 576 ad
1097 517 1453 589 substantias,
1482 535 1752 594 quatenus
1787 527 2106 582 substantia!
2141 533 2179 586 Α
2214 529 2330 581 ﬁeri
2381 539 2579 598 potest,
2611 540 2670 582 ut
2698 545 2816 598 quae
2851 520 2999 584 ﬁnita
3028 537 3175 592 sunt,
3211 537 3586 596 pertranscant
3632 533 3770 597 quod

547 620 670 664 snt
706 628 720 663 :
754 609 855 663 hoc
896 611 1037 663 enim
1086 625 1190 665 non
1217 613 1471 666 convenit
1509 611 1638 666 Deo.
1674 612 1784 669 Nos
1817 615 1983 678 enim,
2015 614 2106 681 qui

547 701 798 755 homines
846 715 1055 765 sumus,
1095 716 1156 754 ea
1192 716 1312 769 qua:
1363 715 1524 775 sensu
1571 704 1966 772 percipiuntur,
2018 716 2110 755 :tttt

545 805 793 863 aspectu,
845 803 939 847 aut
973 803 1217 862 gustatu,
1266 804 1357 847 aut
1385 803 1551 857 tactu,
1598 794 1950 862 intelligimus
1981 795 2108 862 quid

546 888 690 941 sint:
726 901 788 942 ea
826 902 956 941 vero
995 901 1115 955 qua
1156 886 1261 942 sub
1306 886 1713 954 intelligentiam
1756 889 1979 950 cadunt,
2020 895 2111 938 aut

546 994 639 1046 per
670 979 1009 1046 disciplinam
1041 979 1139 1050 (Ι),
1169 988 1262 1032 aut
1295 979 1617 1040 doctrinam,
1658 987 1751 1032 aut
1782 994 1877 1047 per
1908 980 2107 1032 illumir

547 1071 823 1124 nationem
871 1073 1273 1141 cognoscimus.
1327 1072 1469 1127 Deus
1520 1082 1703 1126 autent
1754 1072 1899 1125 nullo
1952 1070 2110 1122 modo

545 1179 609 1217 ex
653 1164 774 1218 istis
807 1164 956 1218 novit
986 1178 1049 1217 ea
1080 1178 1200 1232 quae
1248 1173 1395 1227 sunt,
1429 1165 1522 1216 sed
1557 1165 1740 1232 potius
1789 1177 1854 1215 ex
1908 1179 1964 1214 se
1995 1163 2110 1230 ipso

545 1252 908 1320 cognitionem
968 1243 1207 1305 omnium
1256 1252 1438 1317 habet,
1487 1253 1588 1306 hoc
1634 1254 1780 1306 enim
1839 1253 2111 1319 signiﬁcat

547 1341 885 1395 subobscure
914 1339 1219 1410 Scriptura,
1263 1357 1381 1412 qua:
1431 1344 1549 1397 ait:
1593 1341 1697 1406 Qui
1749 1345 1884 1395 novit
1929 1343 2108 1404 omnia

546 1442 822 1501 antequam
848 1434 1032 1501 ﬁerent
1065 1435 1132 1495 “.
1163 1437 1306 1500 quod
1332 1434 1550 1502 quidem
1587 1436 1844 1497 declarat,
1880 1428 1984 1487 n'on
2020 1436 2107 1486 se-

546 1523 780 1575 cundum
830 1525 1095 1578 rationem
1149 1525 1524 1592 productionis
1563 1540 1750 1578 eorum
1801 1508 2012 1577 novisse
2045 1538 2107 1576 ea

546 1611 709 1664 Deum
763 1614 1058 1666 secundum
1124 1628 1347 1669 sensum
1390 1624 1492 1669 aut
1542 1615 1970 1683 intelligentiam,
2015 1613 2108 1667 sed

546 1701 725 1766 potius
757 1716 921 1770 supra
940 1717 1154 1757 omnem
1183 1719 1400 1759 sensum
1433 1715 1486 1758 et
1515 1686 1925 1772 intelligentiam
1966 1705 2017 1756 itt
2054 1720 2110 1755 se

545 1801 751 1846 tantum
789 1793 1026 1848 intuens.
1079 1793 1223 1850 ldem
1257 1797 1453 1848 ibidem
1487 1812 1503 1849 :
1539 1796 1670 1861 Quae
1707 1807 1858 1860 sunt,
1906 1799 2106 1866 inquit,

543 1886 594 1936 id
616 1893 698 1938 est
727 1895 1011 1949 creaturae,
1052 1899 1157 1938 nou
1189 1896 1414 1954 possunt
1461 1901 1625 1954 supra
1667 1895 1914 1938 naturam
1949 1901 2103 1939 suam
2139 1860 2182 1918 Β

544 1975 668 2028 ferri
715 1975 1107 2045 intelligendo:
1149 1988 1514 2032 consentauee
1581 1979 1746 2046 igitttr
1779 1992 1900 2033 cum
1953 1979 2021 2043 in;
2047 1994 2107 2032 se

542 2066 842 2130 intuentur,
908 2067 1148 2122 divinam
1200 2078 1451 2122 naturam
1509 2071 1756 2138 lgnoraut
1810 2069 2124 2127 secundum

541 2156 665 2208 illud
693 2158 836 2225 quod
865 2159 979 2228 ipsa
1025 2169 1103 2214 est
1137 2176 1153 2228 ;
1194 2160 1275 2214 sic
1311 2160 1477 2229 igitur
1506 2161 1689 2215 divina
1725 2171 1918 2215 natura
1961 2162 2012 2214 iu
2050 2177 2108 2218 se

541 2247 710 2314 ipsam
743 2249 982 2316 intuens,
1015 2265 1118 2317 non
1155 2251 1302 2306 novit
1347 2251 1398 2307 in
1440 2266 1500 2307 se
1543 2268 1664 2308 esse
1705 2263 1986 2307 creaturas
2021 2269 2106 2308 se-

539 2341 776 2394 c‘uudum
815 2342 1079 2397 rationem
1121 2344 1440 2399 substantia:
1471 2359 1658 2400 eorum
1688 2346 1804 2415 (2);
1837 2347 1935 2401 hoc
1963 2347 2102 2401 enim

538 2435 862 2523 signiﬁpavit
907 2453 1029 2492 cum
1078 2440 1221 2494 dixit
1256 2455 1272 2493 :
1306 2442 1585 2508 Quatenus
1631 2453 1781 2509 sunt,
1836 2445 2105 2514 siquidem

537 2536 620 2580 est
671 2542 834 2596 supra
867 2530 1053 2602 omnia
1101 2546 1222 2600 qua:
1270 2542 1417 2595 sunt.
1472 2543 1527 2587 et
1563 2534 1740 2602 ipsum
1770 2550 1894 2590 esse
1942 2532 2139 2600 supra.

538 2619 897 2675 substantiam
931 2601 1112 2687 habet,
1136 2623 1294 2680 aliter
1319 2627 1462 2680 enim
1497 2601 1657 2682 nemo
1689 2629 1831 2684 dicet
1855 2624 2104 2697 ignorare

539 2707 706 2779 Deum
758 2720 1033 2766 creaturas
1082 2728 1232 2768 suas.
1283 2715 1358 2768 Ex
1395 2701 1706 2791 quibus'ﬁt.
1734 2707 2100 2784 manifestum,

538 2804 681 2872 quod
708 2806 891 2859 unitas
915 2822 1076 2875 supra
1109 2807 1492 2871 substantiam.
1516 2810 1583 2864 ab
1614 2811 1866 2865 omnibus
1891 2813 2106 2866 abstra-

537 2908 634 2950 cta
655 2905 758 2959 cst,
804 2906 859 2951 et
886 2912 1046 2965 supra
1081 2900 1258 2954 omnia
1291 2909 1415 2964 est;
1445 2901 1730 2955 immensis
1773 2906 1919 2957 enim
1955 2921 2106 2958 men-

539 2988 700 3051 suris.
730 2996 784 3042 et
823 3003 944 3056 quae
991 2990 1225 3046 conferri
1278 3002 1682 3059 nonpossunt,
1721 3009 1897 3048 causa:
1942 3012 2102 3065 supra

534 3081 760 3135 eﬂ'ectns
803 3081 1048 3137 locantur
1076 3083 1178 3152 (5),
1219 3093 1272 3137 et
1306 3084 1642 3151 eximuntur,
1677 3096 1731 3140 et
1777 3088 1842 3140 ab
1885 3088 1968 3141 eis-
2004 3091 2098 3140 ab-

535 3181 680 3236 sunt,
723 3180 781 3226 ut
812 3187 953 3242 saepe
1001 3174 1207 3228 dictum
1239 3185 1341 3229 est.
1388 3174 1670 3238 Quomodo
1701 3175 1843 3231 enim
1889 3184 2114 3229 creatu-‘

538 3278 627 3325 rte,
663 3272 716 3317 et
752 3263 913 3326 facta,
955 3273 1007 3319 et
1038 3280 1373 3334 quascunque
1402 3267 1900 3340 vocabulo'entium
1931 3269 2100 3335 signi-

537 3356 784 3419 ﬁcantur,
834 3353 1066 3410 conferri
1104 3369 1329 3422 possunt
1361 3372 1480 3411 cum
1512 3369 1745 3434 .natt‘tra,
1795 3349 1914 3426 qua?
1963 3359 2096 3411 ultra

532 3447 713 3499 omnia
749 3447 872 3500 est?
905 3447 1057 3501 Unde
1090 3443 1474 3503 convenienter
1505 3427 1822 3512 sibiﬁcausa
1855 3453 2096 3504 Omnium

536 3546 754 3589 nonest
795 3553 957 3589 unum
993 3554 1176 3591 eorum
1207 3553 1325 3604 quae
1357 3549 1502 3600 sunt.
1548 3556 1650 3592 tton
1688 3540 1808 3593 dico
1845 3555 2069 3608 qnazcun

533 3642 635 3683 quc
669 3628 866 3695 aliquis
894 3630 1278 3693 numeraverit,
1302 3631 1468 3693 _sed.si
1498 3633 1618 3697 quis
1644 3634 1972 3702 cogitatione
2003 3636 2099 3686 ﬁtt-

533 3727 701 3782 g-ret,
737 3726 789 3769 et
822 3717 884 3768 ad
926 3718 1012 3769 illa
1047 3734 1164 3785 qua:
1211 3719 1348 3772 ultra
1386 3723 1580 3773 smmtla
1621 3735 1765 3785 sunt,
1804 3725 2096 3792 refugeret,

531 3807 808 3872 opiniones
836 3817 1014 3860 essent
1047 3809 1270 3862 ratio-tis
1306 3813 1445 3877 apud
1483 3828 1579 3864 nos
1625 3814 1854 3868 inaniter
1883 3816 2098 3883 quidem

533 3902 599 3952 ad
629 3901 713 3954 illa
746 3916 866 3968 qua:
894 3901 1033 3955 ultra
1059 3903 1240 3956 omnia
1268 3913 1416 3975 sunt,
1445 3906 1868 3970 proﬁciscentis;
1894 3916 2098 3958 tantum

536 4010 661 4047 vero
708 4010 736 4047 a
789 4010 845 4048 re
881 3995 1164 4060 distantis,
1206 3987 1467 4064 quantuni
1506 3997 1854 4050 simulacrum
1895 4012 1922 4049 a
1957 3997 2098 4049 veri-

533 4095 660 4143 tate.
695 4086 970 4138 et'domus
1001 4085 1068 4138 ab
1098 4100 1162 4163 e_o
1185 4088 1273 4154 qui
1309 4103 1426 4140 eam
1459 4087 1774 4146 iabricavit;
1816 4098 1867 4141 et
1899 4089 2101 4140 umbrae

533 4181 597 4229 ab
630 4179 694 4230 iis
728 4193 847 4244 quae
905 4188 1054 4240 sunt,
1091 4189 1145 4231 et
1202 4194 1295 4245 per
1353 4174 1410 4234 se
1453 4181 1738 4234 exsistunt.
1786 4178 1897 4232 Non
1953 4180 2097 4233 enim

601 4294 644 4322 “
684 4293 813 4344 Dan.
871 4307 990 4356 xm,
1022 4292 1112 4343 4'2.

2216 620 2483 674 ittﬁttitnnt
2515 631 2617 682 est,
2650 613 2898 686 quamvis
2929 637 3079 675 mens
3125 620 3321 672 multas
3365 619 3664 673 inﬁnitates
3695 634 3778 671 re,

2215 712 2406 776 periat.
2433 720 2488 766 et
2527 725 2710 764 secum
2759 689 2990 778 reputet,
3023 710 3375 764 nihilominus
3409 711 3475 761 ab
3512 708 3778 762 inﬁnitate

2213 817 2336 854 vera
2378 801 2600 867 excidit,
2629 811 2684 855 et
2716 809 2970 870 tanquam
3003 816 3122 854 cum
3162 800 3352 852 umbra
3385 814 3624 867 pugnare
3645 815 3769 852 con-

2213 893 2446 946 vincitur
2475 902 2812 956 attrectaus;
2861 894 3001 945 sicut
3034 893 3123 958 qui
3157 891 3395 946 tenebris
3423 891 3780 951 crassissimis

2215 986 2436 1039 involuti
2488 995 2638 1049 sunt,
2695 996 2751 1040 et
2799 985 2852 1038 in
2889 985 2967 1038 eis
3021 995 3207 1038 ruunt.
3258 983 3340 1037 0b
3377 985 3515 1037 hanc
3558 999 3777 1038 causam

2215 1077 2535 1144 theologiam
2572 1077 2868 1130 secundum
2909 1076 3244 1141 negationem
3280 1075 3329 1136 in
3362 1073 3549 1127 multis
3577 1071 3782 1127 valen-

2221 1170 2412 1221 tiorem
2445 1182 2566 1221 esse
2592 1167 2857 1236 theologia
2886 1165 3184 1221 aﬂirutante
3208 1165 3634 1218 demonstratum
3660 1174 3777 1227 est;

2215 1277 2319 1312 non
2373 1261 2584 1327 quidem
2619 1260 2763 1328 quod
2813 1255 3079 1323 theologia
3127 1272 3190 1310 ex
3243 1257 3566 1323 negantibus
3597 1255 3782 1323 magis

2212 1351 2379 1403 Deum
2413 1361 2751 1418 asseqnatur,
2785 1358 2836 1401 et
2875 1350 3102 1416 attingat
3141 1347 3417 1415 (exaequo
3451 1347 3591 1399 enim
3627 1354 3780 1398 utra-

2212 1456 2317 1507 qnc
2353 1441 2570 1494 aberrat
2601 1457 2628 1493 a
2673 1440 2981 1504 conjectura
3018 1440 3084 1492 de
3129 1442 3279 1498 Deo).
3309 1441 3400 1490 sed
3438 1439 3576 1505 quod
3626 1440 3780 1488 theo-

2212 1532 2350 1599 logia
2409 1546 2614 1597 negans
2664 1531 2782 1596 plus
2832 1529 3150 1594 proﬁteatur
3198 1530 3446 1591 nescire;
3491 1529 3579 1596 qui
3633 1530 3774 1580 enim

2212 1621 2366 1681 dixit,
2403 1619 2546 1687 quod
2586 1634 2681 1672 nec
2718 1620 2897 1672 unitas
2935 1628 3014 1671 est
3069 1617 3232 1682 Dens,
3278 1621 3496 1687 propius
3544 1619 3777 1671 accessit

2212 1711 2278 1765 ad
2335 1711 2838 1778 iucompreltensant
2897 1711 3183 1772 unitatem,
3240 1725 3401 1778 quam
3453 1710 3542 1778 qui
3596 1709 3777 1776 posuit

2211 1815 2331 1855 esse
2367 1803 2532 1854 Deum
2587 1804 2850 1855 unitatem
2911 1801 3204 1855 secundum
3259 1815 3460 1853 morem
3511 1800 3776 1852 unitatuut

2209 1909 2328 1962 qua:
2363 1894 2518 1948 nobis
2563 1903 2702 1948 notae
2738 1902 2883 1946 sunt.
2929 1892 2996 1947 Ut
3047 1894 3212 1963 igitur
3261 1893 3572 1945 summatim
3621 1907 3776 1960 repe-

2210 1995 2316 2039 tam
2360 1999 2464 2055 qne
2497 1986 2548 2038 in
2585 1985 2684 2040 hac
2707 1984 2928 2052 Decade
2960 1985 3206 2052 exposita
3241 1992 3391 2046 sunt,
3435 1985 3776 2039 demonstra-

2210 2086 2322 2132 tum
2352 2086 2431 2130 est
2462 2093 2490 2130 a
2523 2076 2812 2145 theologis.
2837 2091 2942 2129 non
2990 2084 3239 2143 oportere
3279 2091 3524 2144 qumrere
3558 2076 3611 2129 in
3655 2077 3776 2128 nni-

2209 2181 2341 2235 tate,
2380 2185 2500 2238 qua:
2536 2185 2698 2238 supra
2742 2169 3098 2223 substantiam
3131 2177 3231 2231 est,
3276 2168 3494 2222 habitus
3517 2176 3571 2220 et
3597 2168 3779 2233 dispo-

2207 2262 2454 2323 sitiones,
2479 2259 2562 2312 vel
2599 2260 2702 2312 alia
2731 2259 2875 2311 circa
2905 2259 3101 2324 ipsam,
3130 2272 3248 2327 qua:
3271 2260 3630 2312 substantiam
3660 2258 3778 2325 ejus

2206 2352 2548 2419 complaint;
2585 2365 2680 2404 nec
2714 2349 2892 2418 aliqua
2937 2350 2989 2404 in
3020 2365 3079 2402 ea
3112 2350 3436 2410 accidentia,
3469 2365 3643 2418 neque
3673 2351 3778 2402 dif-

2209 2443 2575 2498 ferentias‘ad
2627 2443 2988 2498 substantiam
3040 2443 3158 2512 ejus
3188 2442 3559 2510 pertinentes;
3604 2458 3778 2509 neque

2208 2536 2331 2606 quia
2379 2550 2444 2587 ex
2496 2548 2555 2588 se
2589 2533 2704 2602 ipsa
2741 2516 3008 2588 exsistere
3057 2534 3278 2596 dicitur,
3328 2533 3534 2588 idcirco
3565 2543 3780 2601 oportet

2208 2627 2538 2683 constituere
2577 2627 2745 2695 ipsam
2799 2639 2921 2679 esse
2979 2623 3060 2678 sui
3113 2639 3354 2689 causam.
3425 2639 3525 2680 nec
3577 2641 3780 2694 ponere

2208 2718 2350 2771 aliud
2402 2717 2454 2770 in
2492 2731 2554 2771 ea
2607 2731 2727 2771 esse
2775 2715 3162 2778 substantiam,
3194 2724 3248 2769 et
3300 2715 3442 2770 aliud
3477 2718 3777 2786 energiam,

2208 2811 2324 2863 sive
2381 2809 2750 2876 Operationem
2801 2822 2815 2860 :
2881 2820 2980 2858 nec
3032 2805 3350 2860 existimare
3405 2809 3778 2874 operationem

2207 2915 2360 2954 suam
2391 2899 2709 2954 creatricent
2744 2897 3052 2951 substantia
3084 2899 3376 2960 secundum
3405 2914 3462 2953 se
3481 2913 3690 2963 carere,
3722 2910 3773 2952 ct

2211 3006 2314 3046 non
2343 3006 2438 3061 per
2467 3005 2525 3044 se
2545 2989 2848 3052 exsistere;
2889 3005 2986 3043 nec
3017 2989 3160 3042 aliud
3190 3003 3310 3042 esse
3341 3004 3492 3042 suam
3523 2990 3783 3044 substan-

2210 3084 2360 3147 t’am,
2397 3091 2450 3136 et
2484 3081 2806 3135 aliudsuam
2846 3079 3176 3142 bonitatem,
3213 3089 3266 3131 et
3299 3079 3549 3133 similiter
3580 3080 3632 3133 in
3673 3096 3782 3134 ca:-

2213 3169 2680 3237 teris~ejusmotli;
2719 3182 2818 3221 nec
2855 3168 2994 3221 aliud
3042 3182 3160 3220 esse
3204 3170 3564 3224 substantiam
3607 3186 3780 3230 suam,

2209 3272 2260 3316 et
2297 3260 2439 3313 aliud
2502 3259 2865 3326 cognitionem
2916 3258 3024 3321 sui,
3068 3267 3123 3311 et
3171 3259 3422 3313 similiter
3469 3261 3521 3314 in
3561 3261 3784 3328 reliquis

2209 3353 2518 3414 similibus;
2554 3358 2607 3405 et
2649 3350 2828 3403 omnia
2871 3365 2990 3417 quae
3025 3350 3080 3402 in
3120 3336 3182 3403 ea
3231 3361 3380 3413 sunt,
3421 3367 3525 3404 non
3567 3352 3782 3407 diﬂcrrc

2209 3463 2236 3499 a
2290 3461 2346 3497 se
2397 3444 2547 3508 ipsa;
2583 3455 2685 3495 nec
2739 3440 2790 3494 itt
2836 3455 2895 3492 ca
2936 3455 3096 3507 posse
3154 3442 3378 3509 reperiri
3431 3443 3776 3510 principium,

2210 3539 2441 3591 medium
2481 3543 2535 3588 et
2582 3533 2766 3592 ﬁnem.
2813 3549 2909 3587 nec
2939 3535 3198 3588 unitatem
3238 3535 3497 3595 divinam,
3537 3553 3657 3604 qua:
3699 3549 3782 3590 est

2208 3629 2494 3696 ὺπέρϐεος,
2543 3627 2592 3678 id
2641 3635 2747 3687 est,
2781 3641 2945 3692 supra
2988 3639 3080 3678 eos
3116 3627 3205 3693 qui
3243 3627 3496 3678 dicuntur
3532 3627 3629 3690 dii,
3663 3643 3782 3680 esse

2209 3721 2600 3782 substantiam;
2647 3732 2748 3770 nec
2780 3733 2900 3770 esse
2942 3719 3204 3791 unitatem
3239 3732 3359 3786 quae
3405 3727 3648 3779 vocatur.
3687 3734 3782 3772 ne-

2211 3830 2312 3877 que
2338 3813 2660 3865 Trinitatem
2699 3810 2765 3861 ab
2798 3810 2906 3862 ullo
2939 3810 3209 3875 cognitam
3246 3826 3258 3860 :
3293 3809 3386 3861 scd
3418 3811 3594 3875 potius
3619 3824 3778 3877 supra

2208 3904 2568 3959 substantiam
2626 3915 2768 3963 esse,
2821 3911 2874 3954 et
2924 3917 3083 3968 supra
3119 3916 3336 3954 omnem
3387 3901 3694 3965 veritatem,
3728 3914 3782 3954 et

2207 4010 2366 4060 supra
2397 4007 2612 4047 omnem
2648 3992 2966 4043 Trinitatem
3006 3998 3367 4056 excogitatam
3401 3993 3480 4046 vel
3511 3994 3780 4047 assimila-

2210 4097 2316 4139 tatn
2347 4087 2444 4150 (4),
2474 4095 2526 4136 et
2552 4098 2710 4147 supra
2740 4097 2900 4133 omne
2933 4098 3097 4133 unum
3131 4084 3235 4135 tale
3275 4082 3601 4135 :tbsrrat'tam
3633 4100 3768 4147 esse,

2208 4189 2261 4232 et
2293 4178 2357 4230 ad
2387 4192 2504 4230 eam
2534 4172 2714 4227 accedi
2746 4187 2854 4225 non
2887 4188 3064 4240 posse.
3101 4173 3264 4227 Ιιιιρει)
3296 4177 3455 4241 igitur
3490 4185 3540 4226 ct
3574 4191 3692 4242 quae
3725 4177 3781 4227 in

2029 4406 2300 4467 Scholia.

600 4516 674 4584 (t)
703 4513 800 4566 Per
828 4514 1182 4579 disciplinam.
1216 4513 1350 4568 Cum
1380 4529 1442 4566 ex
1476 4513 1730 4584 magistro
1775 4512 2048 4584 discimus
2083 4526 2097 4570 ;
2137 4513 2176 4566 D
2210 4526 2329 4572 nus,
2366 4511 2581 4584 inlibro
2612 4511 2684 4564 De
2707 4511 2914 4584 Spit-itu
2949 4498 3786 4584 sancto_contra“Macedoniam,

532 4579 626 4653 per
654 4584 976 4645 doctrinam,
1008 4600 1130 4638 cum
1166 4593 1350 4653 nostro
1383 4579 1632 4634 studio’et
1698 4579 2104 4653 industria_sine

534 4649 791 4722 magistro
831 4654 1088 4709 docemus
1120 4670 1134 4719 ;
1173 4669 1264 4721 pur
1294 4652 1762 4714 illuminationem,
1797 4666 1916 4704 cum
1966 4649 2106 4702 Deus

533 4725 750 4778 revirlal.

600 4795 676 4861 (‘2)
711 4792 1010 4846 Secundum
1055 4795 1312 4846 rationem
1364 4792 1674 4845 substantia:
1728 4788 2099 4855 eorum._Quia

533 4865 642 4930 ipsa
673 4864 848 4916 divina
868 4864 1098 4917 essentia
1131 4873 1210 4917 est
1249 4864 1460 4931 proprie
1496 4862 1632 4915 ratio
1673 4861 2096 4920 substaut'uccu-

534 4935 724 4999 iusque
766 4943 1027 4986 creaturae
1059 4933 1428 4993 iniuﬁnitum,
1475 4932 1765 5000 perfectior
1795 4946 1954 4999 quam
1975 4943 2100 4995 pro-

535 5003 645 5069 pria
681 5005 816 5055 ratio
854 5003 1170 5056 subStantiaa
1201 5003 1251 5054 in
1313 5003 1422 5068 ipsa
1466 5012 1739 5057 creatura.

605 5076 678 5139 (Β)
713 5073 916 5125 Causas
947 5073 1075 5126 dicit
1111 5082 1328 5140 preptcr
1393 5086 1652 5138 pet-sonas
1708 5070 1943 5141 divinas,
1976 5086 2095 5141 qua:

533 5143 874 5210 suntalioqui
917 5157 1021 5195 una
1053 5139 1216 5196 causa
1247 5152 1639 5206 creaturarum,
1676 5139 1816 5195 sicut
1841 5155 1946 5193 una
1995 5139 2094 5196 cs-

533 5226 728 5268 εειιιιςι.

602 5284 678 5348 (4)
709 5279 879 5347 Supra
911 5297 1110 5334 omnem
1128 5280 1434 5334 Trinitatem
1456 5282 1826 5350 excogitatam,
1854 5281 1930 5332 vel
1956 5283 2092 5334 assi-

533 5353 790 5405 milatam.
807 5350 1125 5406 Observavit
1146 5351 1350 5403 Manuel
1370 5351 1614 5410 Calecas.
1634 5353 1689 5407 in
1708 5350 1844 5403 libro
1872 5351 1943 5404 De
1971 5350 2088 5402 Tri-

534 5425 695 5501 nitute
720 5421 1006 5501 imagines,
1033 5436 1168 5501 quas
1207 5419 1795 5501 Pattgs'excogita‘runt
1839 5419 1903 5500 ad
1953 5421 2093 5501 assi-

534 5488 952 5546 ntilandumeas
1003 5488 1593 5558 tttcunque‘Triltitati.
1646 5488 1940 5552 Gregorius
1992 5490 2096 5544 Na-

534 5563 824 5616 zianzenus
855 5577 977 5613 cum
1009 5562 1162 5613 oculo
1194 5561 1380 5617 fontis.
1411 5570 1464 5612 et
1487 5560 1657 5623 fonte,
1679 5569 1730 5611 et
1762 5559 1921 5612 ﬂuvio
1941 5574 2092 5613 com-

535 5641 688 5699 parat
724 5650 737 5695 ;
775 5634 896 5685 item
927 5645 1047 5682 ctttn
1109 5632 1221 5684 sole
1246 5672 1259 5693 ,
1299 5630 1471 5686 radio.
1505 5630 1702 5682 lumine
1737 5647 1750 5692 ;
1788 5631 1913 5699 item
1971 5645 2091 5681 cum

538 5698 716 5753 tuente
753 5703 813 5754 tv
837 5699 1174 5771 θυμήσςι,·ἰι1
1195 5714 1298 5764 est,
1325 5700 1776 5771 consideratione.
1812 5698 2010 5771 anima,
2032 5701 2080 5750 itt

534 5772 730 5836 quibus
789 5786 893 5825 non
917 5781 1000 5823 est
1026 5769 1238 5836 divisio,
1279 5771 1356 5823 vel
1382 5769 1548 5824 sectio
1577 5769 1870 5830 ;itemcum
1892 5769 2082 5835 triplici

536 5842 670 5906 sole,
694 5851 746 5896 et
773 5857 876 5896 una
903 5841 1121 5896 luminis
1145 5841 1519 5895 commistione
1549 5860 1560 5901 ;
1589 5837 1676 5892 Οτι
1701 5840 1881 5907 gorius
1921 5837 2111 5905 Nysse‘

2214 4597 2334 4633 t-um
2372 4581 2542 4633 tribus
2571 4581 2928 4649 lampadibus,
2952 4593 3180 4649 quarunt
3204 4595 3307 4649 tt_na
3352 4579 3561 4631 llamtua
3602 4584 3783 4642 ;ident

2214 4652 2508 4714 Gregorius
2539 4647 2837 4720 Nysseuus,
2866 4651 2916 4701 itt
2949 4651 3086 4702 libro
3121 4647 3194 4701 De
3217 4647 3494 4720 Trinitate,
3532 4651 3646 4703 haec
3677 4651 3784 4704 tria

2213 4722 2346 4772 dicit
2375 4735 2491 4773 esse
2524 4718 2794 4778 ln‘nobis.
2815 4735 2934 4788 quae
2986 4730 3111 4772 sunt
3135 4719 3307 4779 ,νοῦς,
3330 4718 3508 4782 λόγος,
3531 4720 3780 4786 πνεῦμα.⁶

2213 4791 2597 4858 Illa-ms,inquit,
2640 4790 2780 4856 parit
2822 4789 3276 4853 rationem;ratio
3303 4798 3480 4840 movet
3518 4799 3776 4853 mentem;

2209 4873 2260 4912 et
2293 4874 2467 4927 neque
2488 4875 2640 4913 meus
2672 4860 2787 4912 sine
2846 4861 3054 4912 ratione
3094 4869 3195 4917 est,
3256 4871 3429 4921 neque
3478 4861 3788 4912 ratio‘siuc

2209 4940 2384 4982 tuente
2419 4929 2705 4992 ;similite'r
2737 4930 2852 4981 sine
2885 4929 3097 4996 spiritu,
3128 4927 3214 4991 qui
3242 4937 3322 4978 est
3354 4927 3404 4978 in
3441 4929 3596 4980 nobis
3621 4969 3635 4988 .
3677 4944 3782 4981 non

2203 5000 2314 5052 exit
2343 5014 2408 5052 ex
2435 5011 2612 5053 mente
2661 5001 2827 5062 ;h:ec.
2879 4995 3070 5065 inquit,
3101 5006 3226 5050 sunt
3255 4995 3505 5062 aequalia,
3530 5009 3582 5051 et
3618 5014 3777 5062 St'ptl-

2206 5069 2308 5119 rari
2339 5083 2366 5119 a
2387 5083 2444 5121 se
2463 5069 2700 5121 vicissim
2722 5084 2825 5121 non
2847 5082 3070 5133 pOSsttttt
3100 5085 3110 5117 :
3135 5067 3232 5128 sic,
3255 5065 3454 5136 inquit,
3476 5066 3785 5136 intelligen-

2203 5140 2328 5191 dunt
2359 5148 2442 5189 est
2473 5139 2526 5190 in
2559 5137 2854 5200 Trinitate;
2887 5138 2971 5188 alii
2995 5152 3119 5189 cum
3141 5136 3305 5204 fonte.
3337 5135 3523 5198 ﬂuvio,
3550 5146 3603 5189 et
3623 5135 3778 5201 lacu;

2200 5224 2320 5263 Cum
2352 5209 2489 5276 igne,
2513 5207 2744 5260 ﬂamma
2787 5218 2840 5259 et
2899 5208 3100 5259 lumine
3132 5226 3144 5269 ;
3196 5205 3781 5274 Cyrilluscumradice,

2201 5285 2427 5344 ramoet
2457 5277 2630 5330 fructu
2657 5295 2669 5340 ;
2697 5276 2838 5331 idem
2863 5292 2984 5329 cum
3007 5279 3195 5344 digito,
3216 5291 3374 5328 manu
3427 5285 3482 5328 et
3521 5277 3780 5340 brachio;

2200 5358 2253 5400 et
2283 5343 2414 5399 alias
2441 5363 2559 5400 cum
2582 5362 2722 5410 rosa,
2759 5344 2907 5407 ﬂore,
2943 5358 2993 5400 et
3025 5343 3208 5399 odore.
3243 5346 3294 5397 In
3315 5345 3400 5398 his
3427 5347 3679 5400 omnibus
3697 5363 3786 5401 re-

2205 5418 2490 5483 periuntur
2512 5417 2753 5484 quaedam
2783 5418 3158 5480 inseparabilis
3192 5432 3219 5466 a
3246 5431 3302 5468 se
3331 5426 3534 5479 mutuo,
3555 5432 3675 5484 quae
3694 5436 3781 5469 as-

2201 5496 2485 5538 sumuntur
2515 5486 2580 5538 ad
2614 5487 2998 5538 declarandum
3071 5497 3347 5554 utcunque
3383 5499 3501 5539 esse
3524 5497 3631 5538 tres
3660 5502 3782 5553 per-

2205 5571 2298 5608 nas
2331 5556 2718 5629 inseparabilcs
2772 5558 3197 5629 proprietatibus
3249 5557 3551 5629 distinctas,
3584 5559 3779 5608 etuui-

2204 5643 2262 5676 u.~
2290 5627 2627 5686 substantiae,
2665 5627 2734 5678 ita
2761 5627 2902 5679 utab
2933 5627 3036 5678 alio
3062 5625 3311 5680 sumatur
3337 5625 3396 5676 τὸ
3446 5625 3783 5694 ἀχώριστον,

2196 5698 2243 5746 id
2279 5709 2375 5749 est.
2404 5696 2836 5764 ittscparabilitas
2859 5711 3211 5762 personarum
3237 5697 3336 5763 ;ab
3366 5694 3471 5750 alio
3493 5694 3552 5747 τὸ
3581 5697 3780 5765 ὁμοσύ-

2206 5784 2332 5822 τεπιν,
2367 5769 2412 5819 ιιι
2438 5779 2538 5818 ι-δι.
2583 5768 3142 5822 consubstantialitas.
