  <div class='ocr_page' id='page_1' title='image "/cluster/home/n/w/nwhite01/storage/ocr_20150623/152/nnc1.0046980377/505.png"; bbox 0 0 4446 6450; ppageno 0'>
   <div class='ocr_carea' id='block_1_1' title="bbox 803 387 903 452">
    <p class='ocr_par' dir='ltr' id='par_1_1' title="bbox 803 387 903 452">
     <span class='ocr_line' id='line_1_1' title="bbox 803 387 903 452; baseline 0 0"><span class='ocrx_word' id='word_1_1' title='bbox 803 387 903 452; x_wconf 78' lang='lat'><strong>901</strong></span> 
     </span>
    </p>
   </div>
   <div class='ocr_carea' id='block_1_2' title="bbox 2040 411 2801 480">
    <p class='ocr_par' dir='ltr' id='par_1_2' title="bbox 2040 411 2801 480">
     <span class='ocr_line' id='line_1_2' title="bbox 2040 411 2801 480; baseline 0.016 -12"><span class='ocrx_word' id='word_1_2' title='bbox 2040 411 2275 474; x_wconf 78' lang='lat' dir='ltr'><strong>INDEX</strong></span> <span class='ocrx_word' id='word_1_3' title='bbox 2308 415 2801 480; x_wconf 76' lang='lat' dir='ltr'><strong>SCRIPTORUM</strong></span> 
     </span>
    </p>
   </div>
   <div class='ocr_carea' id='block_1_3' title="bbox 3929 395 4032 493">
    <p class='ocr_par' dir='ltr' id='par_1_3' title="bbox 3929 395 4032 493">
     <span class='ocr_line' id='line_1_3' title="bbox 3929 395 4032 493; baseline 0 0"><span class='ocrx_word' id='word_1_4' title='bbox 3929 395 4032 493; x_wconf 60' lang='lat'><strong>9&#39;92</strong></span> 
     </span>
    </p>
   </div>
   <div class='ocr_carea' id='block_1_4' title="bbox 805 501 4032 595">
    <p class='ocr_par' dir='ltr' id='par_1_4' title="bbox 805 501 4032 595">
     <span class='ocr_line' id='line_1_4' title="bbox 805 501 4032 595; baseline 0.012 -41"><span class='ocrx_word' id='word_1_5' title='bbox 805 505 905 555; x_wconf 88' lang='lat' dir='ltr'><strong>hac</strong></span> <span class='ocrx_word' id='word_1_6' title='bbox 947 501 1158 557; x_wconf 86' lang='lat' dir='ltr'><strong>Dccade</strong></span> <span class='ocrx_word' id='word_1_7' title='bbox 1198 513 1341 566; x_wconf 80' lang='lat' dir='ltr'><strong>sunt.</strong></span> <span class='ocrx_word' id='word_1_8' title='bbox 1371 511 1668 565; x_wconf 85' lang='lat' dir='ltr'><strong>secundum</strong></span> <span class='ocrx_word' id='word_1_9' title='bbox 1696 517 2094 583; x_wconf 77' lang='lat' dir='ltr'><strong>expositionem</strong></span> <span class='ocrx_word' id='word_1_10' title='bbox 2123 526 2376 579; x_wconf 83' lang='lat' dir='ltr'><strong>matcria-</strong></span> <span class='ocrx_word' id='word_1_11' title='bbox 2405 528 2445 583; x_wconf 81' lang='grc' dir='ltr'><strong>Α</strong></span> <span class='ocrx_word' id='word_1_12' title='bbox 2480 527 2554 578; x_wconf 86' lang='lat' dir='ltr'><strong>ris</strong></span> <span class='ocrx_word' id='word_1_13' title='bbox 2588 529 2831 595; x_wconf 80' lang='lat' dir='ltr'><strong>partibus</strong></span> <span class='ocrx_word' id='word_1_14' title='bbox 2861 531 3071 595; x_wconf 91' lang='lat' dir='ltr'><strong>adesse,</strong></span> <span class='ocrx_word' id='word_1_15' title='bbox 3112 541 3164 586; x_wconf 92' lang='lat' dir='ltr'><strong>et</strong></span> <span class='ocrx_word' id='word_1_16' title='bbox 3190 534 3260 587; x_wconf 95' lang='lat' dir='ltr'><strong>ob</strong></span> <span class='ocrx_word' id='word_1_17' title='bbox 3291 549 3410 587; x_wconf 88' lang='lat' dir='ltr'><strong>eam</strong></span> <span class='ocrx_word' id='word_1_18' title='bbox 3449 550 3666 590; x_wconf 78' lang='lat' dir='ltr'><strong>causam</strong></span> <span class='ocrx_word' id='word_1_19' title='bbox 3695 537 3951 590; x_wconf 88' lang='lat' dir='ltr'><strong>continua</strong></span> <span class='ocrx_word' id='word_1_20' title='bbox 3977 549 4032 593; x_wconf 89' lang='lat' dir='ltr'><strong>ct</strong></span> 
     </span>
    </p>
   </div>
   <div class='ocr_carea' id='block_1_5' title="bbox 801 596 2367 681">
    <p class='ocr_par' dir='ltr' id='par_1_5' title="bbox 801 596 2367 681">
     <span class='ocr_line' id='line_1_5' title="bbox 801 596 2367 681; baseline 0.012 -35"><span class='ocrx_word' id='word_1_21' title='bbox 801 596 936 647; x_wconf 86' lang='lat' dir='ltr'><strong>riam</strong></span> <span class='ocrx_word' id='word_1_22' title='bbox 966 597 1206 663; x_wconf 78' lang='lat' dir='ltr'><strong>exposita</strong></span> <span class='ocrx_word' id='word_1_23' title='bbox 1238 607 1362 650; x_wconf 86' lang='lat' dir='ltr'><strong>sunt</strong></span> <span class='ocrx_word' id='word_1_24' title='bbox 1392 615 1566 668; x_wconf 82' lang='lat' dir='ltr'><strong>neque</strong></span> <span class='ocrx_word' id='word_1_25' title='bbox 1595 605 1885 671; x_wconf 76' lang='lat' dir='ltr'><strong>quidquam</strong></span> <span class='ocrx_word' id='word_1_26' title='bbox 1927 608 2124 664; x_wconf 63' lang='lat' dir='ltr'><strong>divinae</strong></span> <span class='ocrx_word' id='word_1_27' title='bbox 2149 605 2367 681; x_wconf 68' lang='lat' dir='ltr'><strong>simpli-</strong></span> 
     </span>
    </p>
   </div>
   <div class='ocr_carea' id='block_1_6' title="bbox 799 686 2364 770">
    <p class='ocr_par' dir='ltr' id='par_1_6' title="bbox 799 686 2364 770">
     <span class='ocr_line' id='line_1_6' title="bbox 799 686 2364 770; baseline 0.015 -36"><span class='ocrx_word' id='word_1_28' title='bbox 799 686 947 737; x_wconf 77' lang='lat' dir='ltr'><strong>citati</strong></span> <span class='ocrx_word' id='word_1_29' title='bbox 981 687 1149 739; x_wconf 84' lang='lat' dir='ltr'><strong>deest.</strong></span> <span class='ocrx_word' id='word_1_30' title='bbox 1202 686 1603 743; x_wconf 79' lang='lat' dir='ltr'><strong>Convenienter</strong></span> <span class='ocrx_word' id='word_1_31' title='bbox 1634 705 1811 747; x_wconf 84' lang='lat' dir='ltr'><strong>autem</strong></span> <span class='ocrx_word' id='word_1_32' title='bbox 1857 697 1979 751; x_wconf 83' lang='lat' dir='ltr'><strong>huic</strong></span> <span class='ocrx_word' id='word_1_33' title='bbox 2027 700 2364 770; x_wconf 71' lang='lat' dir='ltr'><strong>inscriptinni</strong></span> 
     </span>
    </p>
   </div>
   <div class='ocr_carea' id='block_1_7' title="bbox 799 772 2366 846">
    <p class='ocr_par' dir='ltr' id='par_1_7' title="bbox 799 772 2366 846">
     <span class='ocr_line' id='line_1_7' title="bbox 799 772 2366 846; baseline 0.013 -23"><span class='ocrx_word' id='word_1_34' title='bbox 799 772 867 823; x_wconf 90' lang='lat' dir='ltr'><strong>de</strong></span> <span class='ocrx_word' id='word_1_35' title='bbox 912 772 1260 840; x_wconf 70' lang='lat' dir='ltr'><strong>simplicitate</strong></span> <span class='ocrx_word' id='word_1_36' title='bbox 1295 777 1477 832; x_wconf 88' lang='lat' dir='ltr'><strong>divina</strong></span> <span class='ocrx_word' id='word_1_37' title='bbox 1521 789 1630 834; x_wconf 91' lang='lat' dir='ltr'><strong>tota</strong></span> <span class='ocrx_word' id='word_1_38' title='bbox 1661 782 1829 838; x_wconf 88' lang='lat' dir='ltr'><strong>Decas</strong></span> <span class='ocrx_word' id='word_1_39' title='bbox 1859 788 1924 840; x_wconf 90' lang='lat' dir='ltr'><strong>ad</strong></span> <span class='ocrx_word' id='word_1_40' title='bbox 1962 789 2199 844; x_wconf 79' lang='lat' dir='ltr'><strong>divinam</strong></span> <span class='ocrx_word' id='word_1_41' title='bbox 2232 795 2366 846; x_wconf 86' lang='lat' dir='ltr'><strong>sim-</strong></span> 
     </span>
    </p>
   </div>
   <div class='ocr_carea' id='block_1_8' title="bbox 802 859 2368 948">
    <p class='ocr_par' dir='ltr' id='par_1_8' title="bbox 802 859 2368 948">
     <span class='ocr_line' id='line_1_8' title="bbox 802 859 2368 948; baseline 0.018 -37"><span class='ocrx_word' id='word_1_42' title='bbox 802 859 1094 925; x_wconf 87' lang='lat' dir='ltr'><strong>plieitatem</strong></span> <span class='ocrx_word' id='word_1_43' title='bbox 1149 873 1400 919; x_wconf 80' lang='lat' dir='ltr'><strong>contexta</strong></span> <span class='ocrx_word' id='word_1_44' title='bbox 1448 878 1532 923; x_wconf 92' lang='lat' dir='ltr'><strong>est</strong></span> <span class='ocrx_word' id='word_1_45' title='bbox 1567 880 1688 938; x_wconf 85' lang='lat' dir='ltr'><strong>apte</strong></span> <span class='ocrx_word' id='word_1_46' title='bbox 1732 875 1796 927; x_wconf 91' lang='lat' dir='ltr'><strong>ad</strong></span> <span class='ocrx_word' id='word_1_47' title='bbox 1845 877 1981 932; x_wconf 88' lang='lat' dir='ltr'><strong>duas</strong></span> <span class='ocrx_word' id='word_1_48' title='bbox 2018 890 2368 948; x_wconf 78' lang='lat' dir='ltr'><strong>antegressas</strong></span> 
     </span>
    </p>
   </div>
   <div class='ocr_carea' id='block_1_9' title="bbox 799 951 2366 1023">
    <p class='ocr_par' dir='ltr' id='par_1_9' title="bbox 799 951 2366 1023">
     <span class='ocr_line' id='line_1_9' title="bbox 799 951 2366 1023; baseline 0.014 -21"><span class='ocrx_word' id='word_1_49' title='bbox 799 951 1056 1016; x_wconf 76' lang='lat' dir='ltr'><strong>decedes,</strong></span> <span class='ocrx_word' id='word_1_50' title='bbox 1094 969 1188 1020; x_wconf 89' lang='lat' dir='ltr'><strong>per</strong></span> <span class='ocrx_word' id='word_1_51' title='bbox 1218 959 1620 1023; x_wconf 80' lang='lat' dir='ltr'><strong>propositiones</strong></span> <span class='ocrx_word' id='word_1_52' title='bbox 1648 964 1998 1021; x_wconf 82' lang='lat' dir='ltr'><strong>enuntiantes</strong></span> <span class='ocrx_word' id='word_1_53' title='bbox 2030 969 2098 1022; x_wconf 92' lang='lat' dir='ltr'><strong>ad</strong></span> <span class='ocrx_word' id='word_1_54' title='bbox 2127 970 2366 1023; x_wconf 89' lang='lat' dir='ltr'><strong>inﬁnita-</strong></span> 
     </span>
    </p>
   </div>
   <div class='ocr_carea' id='block_1_10' title="bbox 801 1043 2368 1118">
    <p class='ocr_par' dir='ltr' id='par_1_10' title="bbox 801 1043 2368 1118">
     <span class='ocr_line' id='line_1_10' title="bbox 801 1043 2368 1118; baseline 0.013 -24"><span class='ocrx_word' id='word_1_55' title='bbox 801 1051 909 1096; x_wconf 91' lang='lat' dir='ltr'><strong>tem</strong></span> <span class='ocrx_word' id='word_1_56' title='bbox 938 1043 1026 1098; x_wconf 85' lang='lat' dir='ltr'><strong>Dei</strong></span> <span class='ocrx_word' id='word_1_57' title='bbox 1055 1047 1355 1112; x_wconf 82' lang='lat' dir='ltr'><strong>procedens</strong></span> <span class='ocrx_word' id='word_1_58' title='bbox 1388 1066 1402 1102; x_wconf 88' lang='lat'><strong>:</strong></span> <span class='ocrx_word' id='word_1_59' title='bbox 1435 1049 1703 1118; x_wconf 76' lang='lat' dir='ltr'><strong>siquidem</strong></span> <span class='ocrx_word' id='word_1_60' title='bbox 1747 1055 1892 1108; x_wconf 90' lang='lat' dir='ltr'><strong>nulla</strong></span> <span class='ocrx_word' id='word_1_61' title='bbox 1931 1056 2176 1113; x_wconf 90' lang='lat' dir='ltr'><strong>inﬁnitas</strong></span> <span class='ocrx_word' id='word_1_62' title='bbox 2204 1075 2269 1114; x_wconf 75' lang='lat' dir='ltr'><strong>ex</strong></span> <span class='ocrx_word' id='word_1_63' title='bbox 2303 1062 2368 1115; x_wconf 89' lang='lat' dir='ltr'><strong>iis</strong></span> 
     </span>
    </p>
   </div>
   <div class='ocr_carea' id='block_1_11' title="bbox 799 1135 2368 1214">
    <p class='ocr_par' dir='ltr' id='par_1_11' title="bbox 799 1135 2368 1214">
     <span class='ocr_line' id='line_1_11' title="bbox 799 1135 2368 1214; baseline 0.011 -28"><span class='ocrx_word' id='word_1_64' title='bbox 799 1149 921 1202; x_wconf 72' lang='lat' dir='ltr'><strong>qua:</strong></span> <span class='ocrx_word' id='word_1_65' title='bbox 953 1135 1226 1199; x_wconf 90' lang='lat' dir='ltr'><strong>dicuntur,</strong></span> <span class='ocrx_word' id='word_1_66' title='bbox 1275 1152 1395 1190; x_wconf 89' lang='lat' dir='ltr'><strong>cum</strong></span> <span class='ocrx_word' id='word_1_67' title='bbox 1443 1138 1714 1196; x_wconf 90' lang='lat' dir='ltr'><strong>inﬁnitate</strong></span> <span class='ocrx_word' id='word_1_68' title='bbox 1760 1143 1853 1198; x_wconf 90' lang='lat' dir='ltr'><strong>Dei</strong></span> <span class='ocrx_word' id='word_1_69' title='bbox 1899 1147 2222 1214; x_wconf 64' lang='lat' dir='ltr'><strong>aequabitur,</strong></span> <span class='ocrx_word' id='word_1_70' title='bbox 2269 1165 2368 1204; x_wconf 89' lang='lat' dir='ltr'><strong>nec</strong></span> 
     </span>
    </p>
   </div>
   <div class='ocr_carea' id='block_1_12' title="bbox 760 1223 2368 1294">
    <p class='ocr_par' dir='ltr' id='par_1_12' title="bbox 760 1223 2368 1294">
     <span class='ocr_line' id='line_1_12' title="bbox 760 1223 2368 1294; baseline 0.012 -19"><span class='ocrx_word' id='word_1_71' title='bbox 760 1223 947 1285; x_wconf 79' lang='lat' dir='ltr'><strong>enim</strong></span> <span class='ocrx_word' id='word_1_72' title='bbox 1001 1225 1240 1280; x_wconf 90' lang='lat' dir='ltr'><strong>inﬁnitas</strong></span> <span class='ocrx_word' id='word_1_73' title='bbox 1289 1228 1554 1293; x_wconf 60' lang='lat' dir='ltr'><strong>materias,</strong></span> <span class='ocrx_word' id='word_1_74' title='bbox 1591 1240 1646 1284; x_wconf 92' lang='lat' dir='ltr'><strong>et</strong></span> <span class='ocrx_word' id='word_1_75' title='bbox 1688 1246 1873 1286; x_wconf 88' lang='lat' dir='ltr'><strong>carere</strong></span> <span class='ocrx_word' id='word_1_76' title='bbox 1922 1250 2040 1288; x_wconf 88' lang='lat' dir='ltr'><strong>eam</strong></span> <span class='ocrx_word' id='word_1_77' title='bbox 2093 1238 2263 1293; x_wconf 85' lang='lat' dir='ltr'><strong>forma</strong></span> <span class='ocrx_word' id='word_1_78' title='bbox 2315 1251 2368 1294; x_wconf 88' lang='lat' dir='ltr'><strong>et</strong></span> 
     </span>
    </p>
   </div>
   <div class='ocr_carea' id='block_1_13' title="bbox 800 1315 2369 1394">
    <p class='ocr_par' dir='ltr' id='par_1_13' title="bbox 800 1315 2369 1394">
     <span class='ocr_line' id='line_1_13' title="bbox 800 1315 2369 1394; baseline 0.011 -28"><span class='ocrx_word' id='word_1_79' title='bbox 800 1315 1001 1382; x_wconf 87' lang='lat' dir='ltr'><strong>specie.</strong></span> <span class='ocrx_word' id='word_1_80' title='bbox 1035 1329 1156 1368; x_wconf 92' lang='lat' dir='ltr'><strong>cum</strong></span> <span class='ocrx_word' id='word_1_81' title='bbox 1199 1315 1467 1372; x_wconf 89' lang='lat' dir='ltr'><strong>inﬁnitate</strong></span> <span class='ocrx_word' id='word_1_82' title='bbox 1503 1320 1594 1374; x_wconf 91' lang='lat' dir='ltr'><strong>Dei</strong></span> <span class='ocrx_word' id='word_1_83' title='bbox 1639 1321 2027 1378; x_wconf 80' lang='lat' dir='ltr'><strong>conferendum</strong></span> <span class='ocrx_word' id='word_1_84' title='bbox 2064 1339 2144 1380; x_wconf 88' lang='lat' dir='ltr'><strong>est</strong></span> <span class='ocrx_word' id='word_1_85' title='bbox 2171 1329 2369 1394; x_wconf 86' lang='lat' dir='ltr'><strong>(mate-</strong></span> 
     </span>
    </p>
   </div>
   <div class='ocr_carea' id='block_1_14' title="bbox 801 1405 2370 1487">
    <p class='ocr_par' dir='ltr' id='par_1_14' title="bbox 801 1405 2370 1487">
     <span class='ocr_line' id='line_1_14' title="bbox 801 1405 2370 1487; baseline 0.012 -32"><span class='ocrx_word' id='word_1_86' title='bbox 801 1406 879 1456; x_wconf 85' lang='lat' dir='ltr'><strong>ria</strong></span> <span class='ocrx_word' id='word_1_87' title='bbox 914 1405 1058 1458; x_wconf 89' lang='lat' dir='ltr'><strong>enitn</strong></span> <span class='ocrx_word' id='word_1_88' title='bbox 1092 1405 1278 1460; x_wconf 89' lang='lat' dir='ltr'><strong>ﬁnitur</strong></span> <span class='ocrx_word' id='word_1_89' title='bbox 1309 1418 1363 1462; x_wconf 90' lang='lat' dir='ltr'><strong>et</strong></span> <span class='ocrx_word' id='word_1_90' title='bbox 1394 1412 1715 1466; x_wconf 85' lang='lat' dir='ltr'><strong>terminatur</strong></span> <span class='ocrx_word' id='word_1_91' title='bbox 1736 1416 1940 1481; x_wconf 87' lang='lat' dir='ltr'><strong>specie,</strong></span> <span class='ocrx_word' id='word_1_92' title='bbox 1971 1428 2022 1470; x_wconf 91' lang='lat' dir='ltr'><strong>et</strong></span> <span class='ocrx_word' id='word_1_93' title='bbox 2053 1418 2222 1471; x_wconf 81' lang='lat' dir='ltr'><strong>forma</strong></span> <span class='ocrx_word' id='word_1_94' title='bbox 2249 1436 2370 1487; x_wconf 89' lang='lat' dir='ltr'><strong>spe-</strong></span> 
     </span>
    </p>
   </div>
   <div class='ocr_carea' id='block_1_15' title="bbox 800 1495 2370 1572">
    <p class='ocr_par' dir='ltr' id='par_1_15' title="bbox 800 1495 2370 1572">
     <span class='ocr_line' id='line_1_15' title="bbox 800 1495 2370 1572; baseline 0.011 -26"><span class='ocrx_word' id='word_1_95' title='bbox 800 1495 921 1558; x_wconf 89' lang='lat' dir='ltr'><strong>ciei,</strong></span> <span class='ocrx_word' id='word_1_96' title='bbox 944 1503 996 1548; x_wconf 91' lang='lat' dir='ltr'><strong>et</strong></span> <span class='ocrx_word' id='word_1_97' title='bbox 1022 1496 1156 1559; x_wconf 65' lang='lat' dir='ltr'><strong>hac,</strong></span> <span class='ocrx_word' id='word_1_98' title='bbox 1188 1500 1400 1565; x_wconf 86' lang='lat' dir='ltr'><strong>species</strong></span> <span class='ocrx_word' id='word_1_99' title='bbox 1425 1501 1658 1566; x_wconf 85' lang='lat' dir='ltr'><strong>scilicet,</strong></span> <span class='ocrx_word' id='word_1_100' title='bbox 1698 1512 1752 1556; x_wconf 93' lang='lat' dir='ltr'><strong>et</strong></span> <span class='ocrx_word' id='word_1_101' title='bbox 1785 1519 1973 1558; x_wconf 89' lang='lat' dir='ltr'><strong>earum</strong></span> <span class='ocrx_word' id='word_1_102' title='bbox 2007 1506 2214 1572; x_wconf 69' lang='lat' dir='ltr'><strong>formae,</strong></span> <span class='ocrx_word' id='word_1_103' title='bbox 2241 1521 2370 1563; x_wconf 90' lang='lat' dir='ltr'><strong>sunt</strong></span> 
     </span>
    </p>
   </div>
   <div class='ocr_carea' id='block_1_16' title="bbox 801 1588 2368 1663">
    <p class='ocr_par' dir='ltr' id='par_1_16' title="bbox 801 1588 2368 1663">
     <span class='ocr_line' id='line_1_16' title="bbox 801 1588 2368 1663; baseline 0.01 -25"><span class='ocrx_word' id='word_1_104' title='bbox 801 1588 1013 1639; x_wconf 87' lang='lat' dir='ltr'><strong>termini</strong></span> <span class='ocrx_word' id='word_1_105' title='bbox 1064 1599 1121 1640; x_wconf 92' lang='lat' dir='ltr'><strong>et</strong></span> <span class='ocrx_word' id='word_1_106' title='bbox 1173 1590 1305 1643; x_wconf 87' lang='lat' dir='ltr'><strong>ﬁnes</strong></span> <span class='ocrx_word' id='word_1_107' title='bbox 1354 1592 1638 1656; x_wconf 76' lang='lat' dir='ltr'><strong>tnaterise),</strong></span> <span class='ocrx_word' id='word_1_108' title='bbox 1673 1608 1771 1646; x_wconf 90' lang='lat' dir='ltr'><strong>nec</strong></span> <span class='ocrx_word' id='word_1_109' title='bbox 1831 1595 2072 1651; x_wconf 88' lang='lat' dir='ltr'><strong>inﬁnitas</strong></span> <span class='ocrx_word' id='word_1_110' title='bbox 2102 1600 2368 1663; x_wconf 88' lang='lat' dir='ltr'><strong>corporis,</strong></span> 
     </span>
    </p>
   </div>
   <div class='ocr_carea' id='block_1_17' title="bbox 798 1679 2366 1752">
    <p class='ocr_par' dir='ltr' id='par_1_17' title="bbox 798 1679 2366 1752">
     <span class='ocr_line' id='line_1_17' title="bbox 798 1679 2366 1752; baseline 0.011 -26"><span class='ocrx_word' id='word_1_111' title='bbox 798 1679 924 1739; x_wconf 86' lang='lat' dir='ltr'><strong>quia</strong></span> <span class='ocrx_word' id='word_1_112' title='bbox 965 1693 1163 1745; x_wconf 92' lang='lat' dir='ltr'><strong>corpus</strong></span> <span class='ocrx_word' id='word_1_113' title='bbox 1199 1680 1248 1732; x_wconf 94' lang='lat' dir='ltr'><strong>in</strong></span> <span class='ocrx_word' id='word_1_114' title='bbox 1295 1680 1564 1734; x_wconf 90' lang='lat' dir='ltr'><strong>inﬁnitum</strong></span> <span class='ocrx_word' id='word_1_115' title='bbox 1597 1683 1765 1736; x_wconf 81' lang='lat' dir='ltr'><strong>dividi</strong></span> <span class='ocrx_word' id='word_1_116' title='bbox 1811 1694 2006 1752; x_wconf 87' lang='lat' dir='ltr'><strong>potest,</strong></span> <span class='ocrx_word' id='word_1_117' title='bbox 2043 1687 2366 1743; x_wconf 85' lang='lat' dir='ltr'><strong>inﬁnitatem</strong></span> 
     </span>
    </p>
   </div>
   <div class='ocr_carea' id='block_1_18' title="bbox 804 1768 2370 1842">
    <p class='ocr_par' dir='ltr' id='par_1_18' title="bbox 804 1768 2370 1842">
     <span class='ocr_line' id='line_1_18' title="bbox 804 1768 2370 1842; baseline 0.009 -23"><span class='ocrx_word' id='word_1_118' title='bbox 804 1769 894 1820; x_wconf 82' lang='lat' dir='ltr'><strong>Dei</strong></span> <span class='ocrx_word' id='word_1_119' title='bbox 929 1768 1158 1831; x_wconf 87' lang='lat' dir='ltr'><strong>dirimit,</strong></span> <span class='ocrx_word' id='word_1_120' title='bbox 1191 1772 1388 1839; x_wconf 86' lang='lat' dir='ltr'><strong>quippe</strong></span> <span class='ocrx_word' id='word_1_121' title='bbox 1422 1786 1545 1825; x_wconf 93' lang='lat' dir='ltr'><strong>cum</strong></span> <span class='ocrx_word' id='word_1_122' title='bbox 1579 1773 1629 1826; x_wconf 91' lang='lat' dir='ltr'><strong>in</strong></span> <span class='ocrx_word' id='word_1_123' title='bbox 1663 1787 1860 1842; x_wconf 86' lang='lat' dir='ltr'><strong>corpus</strong></span> <span class='ocrx_word' id='word_1_124' title='bbox 1890 1777 2179 1842; x_wconf 86' lang='lat' dir='ltr'><strong>dimensio,</strong></span> <span class='ocrx_word' id='word_1_125' title='bbox 2207 1789 2262 1832; x_wconf 92' lang='lat' dir='ltr'><strong>et</strong></span> <span class='ocrx_word' id='word_1_126' title='bbox 2290 1781 2370 1833; x_wconf 81' lang='lat' dir='ltr'><strong>di—</strong></span> 
     </span>
    </p>
   </div>
   <div class='ocr_carea' id='block_1_19' title="bbox 2471 615 4032 692">
    <p class='ocr_par' dir='ltr' id='par_1_19' title="bbox 2471 615 4032 692">
     <span class='ocr_line' id='line_1_19' title="bbox 2471 615 4032 692; baseline 0.008 -27"><span class='ocrx_word' id='word_1_127' title='bbox 2471 615 2679 668; x_wconf 87' lang='lat' dir='ltr'><strong>inﬁnita</strong></span> <span class='ocrx_word' id='word_1_128' title='bbox 2735 617 2989 673; x_wconf 78' lang='lat' dir='ltr'><strong>facultate</strong></span> <span class='ocrx_word' id='word_1_129' title='bbox 3041 631 3221 676; x_wconf 89' lang='lat' dir='ltr'><strong>motus</strong></span> <span class='ocrx_word' id='word_1_130' title='bbox 3256 625 3501 688; x_wconf 81' lang='lat' dir='ltr'><strong>corporis</strong></span> <span class='ocrx_word' id='word_1_131' title='bbox 3553 626 3878 692; x_wconf 77' lang='lat' dir='ltr'><strong>gubernare,</strong></span> <span class='ocrx_word' id='word_1_132' title='bbox 3929 641 4032 677; x_wconf 90' lang='lat' dir='ltr'><strong>non</strong></span> 
     </span>
    </p>
   </div>
   <div class='ocr_carea' id='block_1_20' title="bbox 2473 708 4036 779">
    <p class='ocr_par' dir='ltr' id='par_1_20' title="bbox 2473 708 4036 779">
     <span class='ocr_line' id='line_1_20' title="bbox 2473 708 4036 779; baseline 0.008 -23"><span class='ocrx_word' id='word_1_133' title='bbox 2473 708 2849 774; x_wconf 75' lang='lat' dir='ltr'><strong>progredietttr</strong></span> <span class='ocrx_word' id='word_1_134' title='bbox 2875 711 2940 762; x_wconf 88' lang='lat' dir='ltr'><strong>ad</strong></span> <span class='ocrx_word' id='word_1_135' title='bbox 2975 710 3295 766; x_wconf 89' lang='lat' dir='ltr'><strong>inﬁnitatem</strong></span> <span class='ocrx_word' id='word_1_136' title='bbox 3334 713 3448 776; x_wconf 87' lang='lat' dir='ltr'><strong>Dei,</strong></span> <span class='ocrx_word' id='word_1_137' title='bbox 3483 714 3572 779; x_wconf 90' lang='lat' dir='ltr'><strong>qui</strong></span> <span class='ocrx_word' id='word_1_138' title='bbox 3617 715 3713 767; x_wconf 87' lang='lat' dir='ltr'><strong>has</strong></span> <span class='ocrx_word' id='word_1_139' title='bbox 3757 714 4036 768; x_wconf 72' lang='lat' dir='ltr'><strong>facultates</strong></span> 
     </span>
    </p>
   </div>
   <div class='ocr_carea' id='block_1_21' title="bbox 2470 798 4032 872">
    <p class='ocr_par' dir='ltr' id='par_1_21' title="bbox 2470 798 4032 872">
     <span class='ocr_line' id='line_1_21' title="bbox 2470 798 4032 872; baseline 0.006 -24"><span class='ocrx_word' id='word_1_140' title='bbox 2470 798 2667 849; x_wconf 78' lang='lat' dir='ltr'><strong>animm</strong></span> <span class='ocrx_word' id='word_1_141' title='bbox 2731 799 2963 859; x_wconf 85' lang='lat' dir='ltr'><strong>inscvit.</strong></span> <span class='ocrx_word' id='word_1_142' title='bbox 3024 817 3125 856; x_wconf 89' lang='lat' dir='ltr'><strong>nec</strong></span> <span class='ocrx_word' id='word_1_143' title='bbox 3187 803 3657 858; x_wconf 84' lang='lat' dir='ltr'><strong>innumerabilitas</strong></span> <span class='ocrx_word' id='word_1_144' title='bbox 3721 807 4032 872; x_wconf 74' lang='lat' dir='ltr'><strong>angelorum</strong></span> 
     </span>
    </p>
   </div>
   <div class='ocr_carea' id='block_1_22' title="bbox 2472 886 4035 954">
    <p class='ocr_par' dir='ltr' id='par_1_22' title="bbox 2472 886 4035 954">
     <span class='ocr_line' id='line_1_22' title="bbox 2472 886 4035 954; baseline 0.006 -17"><span class='ocrx_word' id='word_1_145' title='bbox 2472 886 2660 954; x_wconf 88' lang='lat' dir='ltr'><strong>(millia</strong></span> <span class='ocrx_word' id='word_1_146' title='bbox 2699 890 2846 942; x_wconf 88' lang='lat' dir='ltr'><strong>enim</strong></span> <span class='ocrx_word' id='word_1_147' title='bbox 2907 891 3157 953; x_wconf 88' lang='lat' dir='ltr'><strong>millium,</strong></span> <span class='ocrx_word' id='word_1_148' title='bbox 3203 903 3256 946; x_wconf 92' lang='lat' dir='ltr'><strong>et</strong></span> <span class='ocrx_word' id='word_1_149' title='bbox 3307 893 3488 946; x_wconf 79' lang='lat' dir='ltr'><strong>decies</strong></span> <span class='ocrx_word' id='word_1_150' title='bbox 3532 904 3759 946; x_wconf 86' lang='lat' dir='ltr'><strong>centena</strong></span> <span class='ocrx_word' id='word_1_151' title='bbox 3805 896 4035 946; x_wconf 88' lang='lat' dir='ltr'><strong>millium</strong></span> 
     </span>
    </p>
   </div>
   <div class='ocr_carea' id='block_1_23' title="bbox 2471 979 4038 1053">
    <p class='ocr_par' dir='ltr' id='par_1_23' title="bbox 2471 979 4038 1053">
     <span class='ocr_line' id='line_1_23' title="bbox 2471 979 4038 1053; baseline 0.004 -26"><span class='ocrx_word' id='word_1_152' title='bbox 2471 985 2649 1030; x_wconf 81' lang='lat' dir='ltr'><strong>astant</strong></span> <span class='ocrx_word' id='word_1_153' title='bbox 2689 979 2885 1035; x_wconf 82' lang='lat' dir='ltr'><strong>throno</strong></span> <span class='ocrx_word' id='word_1_154' title='bbox 2915 982 3327 1049; x_wconf 76' lang='lat' dir='ltr'><strong>magniﬁcentize</strong></span> <span class='ocrx_word' id='word_1_155' title='bbox 3359 984 3475 1052; x_wconf 84' lang='lat' dir='ltr'><strong>ejus</strong></span> <span class='ocrx_word' id='word_1_156' title='bbox 3497 984 3602 1053; x_wconf 82' lang='grc'><strong>⁸⁸),</strong></span> <span class='ocrx_word' id='word_1_157' title='bbox 3637 999 3808 1052; x_wconf 82' lang='lat' dir='ltr'><strong>neque</strong></span> <span class='ocrx_word' id='word_1_158' title='bbox 3841 1000 4038 1049; x_wconf 75' lang='lat' dir='ltr'><strong>percn-</strong></span> 
     </span>
    </p>
   </div>
   <div class='ocr_carea' id='block_1_24' title="bbox 2471 1065 4034 1135">
    <p class='ocr_par' dir='ltr' id='par_1_24' title="bbox 2471 1065 4034 1135">
     <span class='ocr_line' id='line_1_24' title="bbox 2471 1065 4034 1135; baseline 0.004 -19"><span class='ocrx_word' id='word_1_159' title='bbox 2471 1065 2612 1118; x_wconf 89' lang='lat' dir='ltr'><strong>nitas</strong></span> <span class='ocrx_word' id='word_1_160' title='bbox 2636 1066 2753 1120; x_wconf 88' lang='lat' dir='ltr'><strong>sine</strong></span> <span class='ocrx_word' id='word_1_161' title='bbox 2782 1067 3141 1134; x_wconf 85' lang='lat' dir='ltr'><strong>dimensione,</strong></span> <span class='ocrx_word' id='word_1_162' title='bbox 3173 1085 3234 1121; x_wconf 88' lang='lat' dir='ltr'><strong>ac</strong></span> <span class='ocrx_word' id='word_1_163' title='bbox 3266 1072 3487 1135; x_wconf 89' lang='lat' dir='ltr'><strong>perinde</strong></span> <span class='ocrx_word' id='word_1_164' title='bbox 3519 1073 3759 1127; x_wconf 89' lang='lat' dir='ltr'><strong>inﬁnitas</strong></span> <span class='ocrx_word' id='word_1_165' title='bbox 3786 1074 3909 1126; x_wconf 71' lang='lat' dir='ltr'><strong>vita:</strong></span> <span class='ocrx_word' id='word_1_166' title='bbox 3943 1087 4034 1124; x_wconf 89' lang='lat' dir='ltr'><strong>eo-</strong></span> 
     </span>
    </p>
   </div>
   <div class='ocr_carea' id='block_1_25' title="bbox 2472 1157 4037 1230">
    <p class='ocr_par' dir='ltr' id='par_1_25' title="bbox 2472 1157 4037 1230">
     <span class='ocr_line' id='line_1_25' title="bbox 2472 1157 4037 1230; baseline 0.004 -22"><span class='ocrx_word' id='word_1_167' title='bbox 2472 1171 2588 1208; x_wconf 87' lang='lat' dir='ltr'><strong>rum</strong></span> <span class='ocrx_word' id='word_1_168' title='bbox 2621 1165 2673 1209; x_wconf 95' lang='lat' dir='ltr'><strong>et</strong></span> <span class='ocrx_word' id='word_1_169' title='bbox 2707 1157 3147 1221; x_wconf 85' lang='lat' dir='ltr'><strong>immortalitatis,</strong></span> <span class='ocrx_word' id='word_1_170' title='bbox 3183 1160 3502 1214; x_wconf 85' lang='lat' dir='ltr'><strong>inﬁnitatem</strong></span> <span class='ocrx_word' id='word_1_171' title='bbox 3534 1163 3649 1222; x_wconf 89' lang='lat' dir='ltr'><strong>Dei.</strong></span> <span class='ocrx_word' id='word_1_172' title='bbox 3675 1178 3792 1230; x_wconf 60' lang='lat' dir='ltr'><strong>quae</strong></span> <span class='ocrx_word' id='word_1_173' title='bbox 3823 1177 4037 1215; x_wconf 89' lang='lat' dir='ltr'><strong>omnem</strong></span> 
     </span>
    </p>
   </div>
   <div class='ocr_carea' id='block_1_26' title="bbox 2472 1249 4036 1318">
    <p class='ocr_par' dir='ltr' id='par_1_26' title="bbox 2472 1249 4036 1318">
     <span class='ocr_line' id='line_1_26' title="bbox 2472 1249 4036 1318; baseline 0.006 -23"><span class='ocrx_word' id='word_1_174' title='bbox 2472 1257 2756 1296; x_wconf 84' lang='lat' dir='ltr'><strong>numerum</strong></span> <span class='ocrx_word' id='word_1_175' title='bbox 2813 1254 2867 1298; x_wconf 91' lang='lat' dir='ltr'><strong>et</strong></span> <span class='ocrx_word' id='word_1_176' title='bbox 2900 1260 3118 1299; x_wconf 88' lang='lat' dir='ltr'><strong>omnem</strong></span> <span class='ocrx_word' id='word_1_177' title='bbox 3171 1249 3552 1318; x_wconf 73' lang='lat' dir='ltr'><strong>cogitationem</strong></span> <span class='ocrx_word' id='word_1_178' title='bbox 3596 1252 3721 1303; x_wconf 78' lang='lat' dir='ltr'><strong>vita:</strong></span> <span class='ocrx_word' id='word_1_179' title='bbox 3764 1252 4036 1305; x_wconf 81' lang='lat' dir='ltr'><strong>continnze</strong></span> 
     </span>
    </p>
   </div>
   <div class='ocr_carea' id='block_1_27' title="bbox 2471 1333 4042 1403">
    <p class='ocr_par' dir='ltr' id='par_1_27' title="bbox 2471 1333 4042 1403">
     <span class='ocr_line' id='line_1_27' title="bbox 2471 1333 4042 1403; baseline 0.003 -21"><span class='ocrx_word' id='word_1_180' title='bbox 2471 1341 2712 1394; x_wconf 89' lang='lat' dir='ltr'><strong>superat,</strong></span> <span class='ocrx_word' id='word_1_181' title='bbox 2747 1333 3098 1398; x_wconf 82' lang='lat' dir='ltr'><strong>pertransibit</strong></span> <span class='ocrx_word' id='word_1_182' title='bbox 3133 1350 3147 1386; x_wconf 90' lang='lat'><strong>:</strong></span> <span class='ocrx_word' id='word_1_183' title='bbox 3184 1349 3282 1389; x_wconf 88' lang='lat' dir='ltr'><strong>nec</strong></span> <span class='ocrx_word' id='word_1_184' title='bbox 3321 1336 3496 1403; x_wconf 90' lang='lat' dir='ltr'><strong>ipsum</strong></span> <span class='ocrx_word' id='word_1_185' title='bbox 3529 1350 3724 1399; x_wconf 60' lang='lat' dir='ltr'><strong>arvum,</strong></span> <span class='ocrx_word' id='word_1_186' title='bbox 3767 1347 3822 1389; x_wconf 90' lang='lat' dir='ltr'><strong>et</strong></span> <span class='ocrx_word' id='word_1_187' title='bbox 3861 1334 4042 1388; x_wconf 89' lang='lat' dir='ltr'><strong>inﬁni-</strong></span> 
     </span>
    </p>
   </div>
   <div class='ocr_carea' id='block_1_28' title="bbox 2472 1421 4038 1493">
    <p class='ocr_par' dir='ltr' id='par_1_28' title="bbox 2472 1421 4038 1493">
     <span class='ocr_line' id='line_1_28' title="bbox 2472 1421 4038 1493; baseline 0.003 -21"><span class='ocrx_word' id='word_1_188' title='bbox 2472 1421 2601 1472; x_wconf 91' lang='lat' dir='ltr'><strong>tudo</strong></span> <span class='ocrx_word' id='word_1_189' title='bbox 2648 1421 2764 1486; x_wconf 76' lang='lat' dir='ltr'><strong>eius</strong></span> <span class='ocrx_word' id='word_1_190' title='bbox 2811 1423 3060 1476; x_wconf 88' lang='lat' dir='ltr'><strong>omnibus</strong></span> <span class='ocrx_word' id='word_1_191' title='bbox 3116 1434 3236 1477; x_wconf 90' lang='lat' dir='ltr'><strong>nota</strong></span> <span class='ocrx_word' id='word_1_192' title='bbox 3271 1435 3323 1477; x_wconf 92' lang='lat' dir='ltr'><strong>et</strong></span> <span class='ocrx_word' id='word_1_193' title='bbox 3367 1424 3610 1493; x_wconf 77' lang='lat' dir='ltr'><strong>vulgata.</strong></span> <span class='ocrx_word' id='word_1_194' title='bbox 3655 1438 3776 1491; x_wconf 67' lang='lat' dir='ltr'><strong>qum</strong></span> <span class='ocrx_word' id='word_1_195' title='bbox 3819 1438 4038 1478; x_wconf 88' lang='lat' dir='ltr'><strong>omnem</strong></span> 
     </span>
    </p>
   </div>
   <div class='ocr_carea' id='block_1_29' title="bbox 2471 1508 4041 1582">
    <p class='ocr_par' dir='ltr' id='par_1_29' title="bbox 2471 1508 4041 1582">
     <span class='ocr_line' id='line_1_29' title="bbox 2471 1508 4041 1582; baseline 0.006 -24"><span class='ocrx_word' id='word_1_196' title='bbox 2471 1508 2790 1559; x_wconf 57' lang='lat' dir='ltr'><strong>inﬁnitatem</strong></span> <span class='ocrx_word' id='word_1_197' title='bbox 2818 1510 3212 1564; x_wconf 79' lang='lat' dir='ltr'><strong>intellectilium</strong></span> <span class='ocrx_word' id='word_1_198' title='bbox 3251 1513 3518 1576; x_wconf 87' lang='lat' dir='ltr'><strong>continet,</strong></span> <span class='ocrx_word' id='word_1_199' title='bbox 3546 1526 3699 1582; x_wconf 60' lang='lat' dir='ltr'><strong>atque</strong></span> <span class='ocrx_word' id='word_1_200' title='bbox 3735 1515 4041 1582; x_wconf 77' lang='lat' dir='ltr'><strong>porrigetur</strong></span> 
     </span>
    </p>
   </div>
   <div class='ocr_carea' id='block_1_30' title="bbox 2472 1597 4037 1669">
    <p class='ocr_par' dir='ltr' id='par_1_30' title="bbox 2472 1597 4037 1669">
     <span class='ocr_line' id='line_1_30' title="bbox 2472 1597 4037 1669; baseline 0.004 -19"><span class='ocrx_word' id='word_1_201' title='bbox 2472 1607 2530 1650; x_wconf 89' lang='lat' dir='ltr'><strong>ut</strong></span> <span class='ocrx_word' id='word_1_202' title='bbox 2572 1597 2810 1652; x_wconf 85' lang='lat' dir='ltr'><strong>inﬁnitas</strong></span> <span class='ocrx_word' id='word_1_203' title='bbox 2843 1599 2960 1661; x_wconf 87' lang='lat' dir='ltr'><strong>Dei,</strong></span> <span class='ocrx_word' id='word_1_204' title='bbox 2989 1601 3080 1668; x_wconf 91' lang='lat' dir='ltr'><strong>qui</strong></span> <span class='ocrx_word' id='word_1_205' title='bbox 3112 1600 3245 1654; x_wconf 89' lang='lat' dir='ltr'><strong>illud</strong></span> <span class='ocrx_word' id='word_1_206' title='bbox 3287 1603 3541 1669; x_wconf 81' lang='lat' dir='ltr'><strong>produxit</strong></span> <span class='ocrx_word' id='word_1_207' title='bbox 3563 1613 3861 1669; x_wconf 89' lang='lat' dir='ltr'><strong>;-creatum</strong></span> <span class='ocrx_word' id='word_1_208' title='bbox 3892 1605 4037 1657; x_wconf 90' lang='lat' dir='ltr'><strong>enim</strong></span> 
     </span>
    </p>
   </div>
   <div class='ocr_carea' id='block_1_31' title="bbox 2472 1687 4043 1762">
    <p class='ocr_par' dir='ltr' id='par_1_31' title="bbox 2472 1687 4043 1762">
     <span class='ocr_line' id='line_1_31' title="bbox 2472 1687 4043 1762; baseline 0.008 -25"><span class='ocrx_word' id='word_1_209' title='bbox 2472 1702 2500 1737; x_wconf 89' lang='lat' dir='ltr'><strong>a</strong></span> <span class='ocrx_word' id='word_1_210' title='bbox 2548 1687 2804 1742; x_wconf 78' lang='lat' dir='ltr'><strong>Creatore</strong></span> <span class='ocrx_word' id='word_1_211' title='bbox 2841 1688 3071 1744; x_wconf 89' lang='lat' dir='ltr'><strong>inﬁnitis</strong></span> <span class='ocrx_word' id='word_1_212' title='bbox 3105 1692 3379 1746; x_wconf 82' lang='lat' dir='ltr'><strong>mensuris</strong></span> <span class='ocrx_word' id='word_1_213' title='bbox 3421 1695 3669 1762; x_wconf 89' lang='lat' dir='ltr'><strong>superari</strong></span> <span class='ocrx_word' id='word_1_214' title='bbox 3713 1703 3901 1748; x_wconf 91' lang='lat' dir='ltr'><strong>notum</strong></span> <span class='ocrx_word' id='word_1_215' title='bbox 3934 1706 4043 1750; x_wconf 89' lang='lat' dir='ltr'><strong>est.</strong></span> 
     </span>
    </p>
   </div>
   <div class='ocr_carea' id='block_1_32' title="bbox 2475 1778 4038 1852">
    <p class='ocr_par' dir='ltr' id='par_1_32' title="bbox 2475 1778 4038 1852">
     <span class='ocr_line' id='line_1_32' title="bbox 2475 1778 4038 1852; baseline 0.003 -20"><span class='ocrx_word' id='word_1_216' title='bbox 2475 1778 2528 1832; x_wconf 90' lang='lat' dir='ltr'><strong>Si</strong></span> <span class='ocrx_word' id='word_1_217' title='bbox 2566 1779 2731 1847; x_wconf 72' lang='lat' dir='ltr'><strong>igitur</strong></span> <span class='ocrx_word' id='word_1_218' title='bbox 2764 1779 3005 1834; x_wconf 87' lang='lat' dir='ltr'><strong>inﬁnitas</strong></span> <span class='ocrx_word' id='word_1_219' title='bbox 3037 1779 3130 1834; x_wconf 90' lang='lat' dir='ltr'><strong>Dei</strong></span> <span class='ocrx_word' id='word_1_220' title='bbox 3179 1796 3509 1852; x_wconf 85' lang='lat' dir='ltr'><strong>supraquam</strong></span> <span class='ocrx_word' id='word_1_221' title='bbox 3556 1783 3766 1837; x_wconf 89' lang='lat' dir='ltr'><strong>inﬁnita</strong></span> <span class='ocrx_word' id='word_1_222' title='bbox 3809 1784 3936 1837; x_wconf 91' lang='lat' dir='ltr'><strong>nulli</strong></span> <span class='ocrx_word' id='word_1_223' title='bbox 3974 1799 4038 1838; x_wconf 79' lang='lat' dir='ltr'><strong>ex</strong></span> 
     </span>
    </p>
   </div>
   <div class='ocr_carea' id='block_1_33' title="bbox 801 1849 4041 1944">
    <p class='ocr_par' dir='ltr' id='par_1_33' title="bbox 801 1849 4041 1944">
     <span class='ocr_line' id='line_1_33' title="bbox 801 1849 4041 1944; baseline 0.007 -37"><span class='ocrx_word' id='word_1_224' title='bbox 801 1857 938 1910; x_wconf 65' lang='lat' dir='ltr'><strong>visio</strong></span> <span class='ocrx_word' id='word_1_225' title='bbox 970 1852 1202 1922; x_wconf 87' lang='lat' dir='ltr'><strong>primum</strong></span> <span class='ocrx_word' id='word_1_226' title='bbox 1234 1861 1425 1927; x_wconf 86' lang='lat' dir='ltr'><strong>cadat;</strong></span> <span class='ocrx_word' id='word_1_227' title='bbox 1456 1876 1631 1929; x_wconf 92' lang='lat' dir='ltr'><strong>neque</strong></span> <span class='ocrx_word' id='word_1_228' title='bbox 1662 1864 1956 1917; x_wconf 88' lang='lat' dir='ltr'><strong>secundum</strong></span> <span class='ocrx_word' id='word_1_229' title='bbox 1990 1868 2193 1933; x_wconf 87' lang='lat' dir='ltr'><strong>primas</strong></span> <span class='ocrx_word' id='word_1_230' title='bbox 2230 1883 2364 1936; x_wconf 89' lang='lat' dir='ltr'><strong>qna-</strong></span> <span class='ocrx_word' id='word_1_231' title='bbox 2397 1849 2442 1907; x_wconf 73' lang='grc' dir='ltr'><strong>Β</strong></span> <span class='ocrx_word' id='word_1_232' title='bbox 2476 1873 2591 1924; x_wconf 82' lang='lat' dir='ltr'><strong>istis</strong></span> <span class='ocrx_word' id='word_1_233' title='bbox 2632 1871 2992 1926; x_wconf 89' lang='lat' dir='ltr'><strong>inﬁnitatibus</strong></span> <span class='ocrx_word' id='word_1_234' title='bbox 3033 1872 3197 1927; x_wconf 87' lang='lat' dir='ltr'><strong>simili</strong></span> <span class='ocrx_word' id='word_1_235' title='bbox 3251 1876 3514 1938; x_wconf 89' lang='lat' dir='ltr'><strong>cernitur,</strong></span> <span class='ocrx_word' id='word_1_236' title='bbox 3548 1876 3702 1930; x_wconf 83' lang='lat' dir='ltr'><strong>solus</strong></span> <span class='ocrx_word' id='word_1_237' title='bbox 3749 1877 3911 1944; x_wconf 75' lang='lat' dir='ltr'><strong>igitur</strong></span> <span class='ocrx_word' id='word_1_238' title='bbox 3956 1888 4041 1929; x_wconf 87' lang='lat' dir='ltr'><strong>est</strong></span> 
     </span>
    </p>
   </div>
   <div class='ocr_carea' id='block_1_34' title="bbox 798 1949 2365 2018">
    <p class='ocr_par' dir='ltr' id='par_1_34' title="bbox 798 1949 2365 2018">
     <span class='ocr_line' id='line_1_34' title="bbox 798 1949 2365 2018; baseline 0.007 -17"><span class='ocrx_word' id='word_1_239' title='bbox 798 1949 999 2012; x_wconf 87' lang='lat' dir='ltr'><strong>litates,</strong></span> <span class='ocrx_word' id='word_1_240' title='bbox 1049 1965 1166 2015; x_wconf 61' lang='lat' dir='ltr'><strong>qure</strong></span> <span class='ocrx_word' id='word_1_241' title='bbox 1203 1951 1254 2003; x_wconf 93' lang='lat' dir='ltr'><strong>in</strong></span> <span class='ocrx_word' id='word_1_242' title='bbox 1293 1952 1503 2006; x_wconf 89' lang='lat' dir='ltr'><strong>inﬁnito</strong></span> <span class='ocrx_word' id='word_1_243' title='bbox 1542 1954 1748 2018; x_wconf 90' lang='lat' dir='ltr'><strong>insunt,</strong></span> <span class='ocrx_word' id='word_1_244' title='bbox 1792 1956 2036 2010; x_wconf 89' lang='lat' dir='ltr'><strong>inﬁnitas</strong></span> <span class='ocrx_word' id='word_1_245' title='bbox 2072 1955 2164 2011; x_wconf 89' lang='lat' dir='ltr'><strong>Dei</strong></span> <span class='ocrx_word' id='word_1_246' title='bbox 2221 1973 2365 2012; x_wconf 90' lang='lat' dir='ltr'><strong>com-</strong></span> 
     </span>
    </p>
   </div>
   <div class='ocr_carea' id='block_1_35' title="bbox 801 2041 2368 2116">
    <p class='ocr_par' dir='ltr' id='par_1_35' title="bbox 801 2041 2368 2116">
     <span class='ocr_line' id='line_1_35' title="bbox 801 2041 2368 2116; baseline 0.009 -28"><span class='ocrx_word' id='word_1_247' title='bbox 801 2041 1037 2106; x_wconf 73' lang='lat' dir='ltr'><strong>paranda</strong></span> <span class='ocrx_word' id='word_1_248' title='bbox 1079 2051 1182 2106; x_wconf 91' lang='lat' dir='ltr'><strong>est,</strong></span> <span class='ocrx_word' id='word_1_249' title='bbox 1241 2042 1369 2108; x_wconf 87' lang='lat' dir='ltr'><strong>quia</strong></span> <span class='ocrx_word' id='word_1_250' title='bbox 1427 2043 1478 2096; x_wconf 94' lang='lat' dir='ltr'><strong>in</strong></span> <span class='ocrx_word' id='word_1_251' title='bbox 1538 2045 1669 2111; x_wconf 90' lang='lat' dir='ltr'><strong>ipsis</strong></span> <span class='ocrx_word' id='word_1_252' title='bbox 1704 2048 1937 2108; x_wconf 89' lang='lat' dir='ltr'><strong>primum</strong></span> <span class='ocrx_word' id='word_1_253' title='bbox 1972 2048 2218 2101; x_wconf 90' lang='lat' dir='ltr'><strong>cernitur</strong></span> <span class='ocrx_word' id='word_1_254' title='bbox 2248 2050 2368 2116; x_wconf 90' lang='lat' dir='ltr'><strong>plus</strong></span> 
     </span>
    </p>
   </div>
   <div class='ocr_carea' id='block_1_36' title="bbox 797 2118 2368 2210">
    <p class='ocr_par' dir='ltr' id='par_1_36' title="bbox 797 2118 2368 2210">
     <span class='ocr_line' id='line_1_36' title="bbox 797 2118 2368 2210; baseline 0.006 -26"><span class='ocrx_word' id='word_1_255' title='bbox 797 2139 851 2184; x_wconf 90' lang='lat' dir='ltr'><strong>et</strong></span> <span class='ocrx_word' id='word_1_256' title='bbox 891 2133 1070 2185; x_wconf 90' lang='lat' dir='ltr'><strong>minus</strong></span> <span class='ocrx_word' id='word_1_257' title='bbox 1101 2149 1116 2193; x_wconf 86' lang='lat'><strong>;</strong></span> <span class='ocrx_word' id='word_1_258' title='bbox 1150 2118 1334 2200; x_wconf 47' lang='lat' dir='ltr'><strong>&#39;neque</strong></span> <span class='ocrx_word' id='word_1_259' title='bbox 1363 2150 1550 2190; x_wconf 89' lang='lat' dir='ltr'><strong>rursus</strong></span> <span class='ocrx_word' id='word_1_260' title='bbox 1581 2137 1848 2190; x_wconf 88' lang='lat' dir='ltr'><strong>intinitunt</strong></span> <span class='ocrx_word' id='word_1_261' title='bbox 1880 2140 2177 2194; x_wconf 87' lang='lat' dir='ltr'><strong>secundum</strong></span> <span class='ocrx_word' id='word_1_262' title='bbox 2205 2156 2368 2210; x_wconf 73' lang='lat' dir='ltr'><strong>gene-</strong></span> 
     </span>
    </p>
   </div>
   <div class='ocr_carea' id='block_1_37' title="bbox 799 2225 2367 2298">
    <p class='ocr_par' dir='ltr' id='par_1_37' title="bbox 799 2225 2367 2298">
     <span class='ocr_line' id='line_1_37' title="bbox 799 2225 2367 2298; baseline 0.007 -25"><span class='ocrx_word' id='word_1_263' title='bbox 799 2225 1090 2288; x_wconf 88' lang='lat' dir='ltr'><strong>rationem,</strong></span> <span class='ocrx_word' id='word_1_264' title='bbox 1118 2235 1168 2275; x_wconf 89' lang='lat' dir='ltr'><strong>e.t</strong></span> <span class='ocrx_word' id='word_1_265' title='bbox 1201 2228 1564 2294; x_wconf 79' lang='lat' dir='ltr'><strong>generationis</strong></span> <span class='ocrx_word' id='word_1_266' title='bbox 1596 2231 1929 2298; x_wconf 86' lang='lat' dir='ltr'><strong>perpetuitas</strong></span> <span class='ocrx_word' id='word_1_267' title='bbox 1969 2233 2209 2285; x_wconf 90' lang='lat' dir='ltr'><strong>retundit</strong></span> <span class='ocrx_word' id='word_1_268' title='bbox 2246 2233 2367 2284; x_wconf 84' lang='lat' dir='ltr'><strong>inﬁ-</strong></span> 
     </span>
    </p>
   </div>
   <div class='ocr_carea' id='block_1_38' title="bbox 800 2311 2362 2386">
    <p class='ocr_par' dir='ltr' id='par_1_38' title="bbox 800 2311 2362 2386">
     <span class='ocr_line' id='line_1_38' title="bbox 800 2311 2362 2386; baseline 0.008 -24"><span class='ocrx_word' id='word_1_269' title='bbox 800 2311 1024 2362; x_wconf 78' lang='lat' dir='ltr'><strong>nitatem</strong></span> <span class='ocrx_word' id='word_1_270' title='bbox 1061 2311 1150 2365; x_wconf 87' lang='lat' dir='ltr'><strong>Dei</strong></span> <span class='ocrx_word' id='word_1_271' title='bbox 1177 2313 1523 2378; x_wconf 86' lang='lat' dir='ltr'><strong>simpliciter,</strong></span> <span class='ocrx_word' id='word_1_272' title='bbox 1543 2325 1594 2368; x_wconf 92' lang='lat' dir='ltr'><strong>et</strong></span> <span class='ocrx_word' id='word_1_273' title='bbox 1628 2316 2099 2386; x_wconf 87' lang='lat' dir='ltr'><strong>incircuntscripte</strong></span> <span class='ocrx_word' id='word_1_274' title='bbox 2121 2320 2362 2375; x_wconf 84' lang='lat' dir='ltr'><strong>circnm-</strong></span> 
     </span>
    </p>
   </div>
   <div class='ocr_carea' id='block_1_39' title="bbox 803 2402 2366 2467">
    <p class='ocr_par' dir='ltr' id='par_1_39' title="bbox 803 2402 2366 2467">
     <span class='ocr_line' id='line_1_39' title="bbox 803 2402 2366 2467; baseline 0.011 -17"><span class='ocrx_word' id='word_1_275' title='bbox 803 2402 1060 2465; x_wconf 82' lang='lat' dir='ltr'><strong>tneautis,</strong></span> <span class='ocrx_word' id='word_1_276' title='bbox 1091 2413 1142 2454; x_wconf 90' lang='lat' dir='ltr'><strong>et</strong></span> <span class='ocrx_word' id='word_1_277' title='bbox 1179 2419 1283 2456; x_wconf 91' lang='lat' dir='ltr'><strong>non</strong></span> <span class='ocrx_word' id='word_1_278' title='bbox 1312 2405 1376 2456; x_wconf 92' lang='lat' dir='ltr'><strong>ad</strong></span> <span class='ocrx_word' id='word_1_279' title='bbox 1407 2405 1584 2458; x_wconf 88' lang='lat' dir='ltr'><strong>instar</strong></span> <span class='ocrx_word' id='word_1_280' title='bbox 1608 2407 1796 2462; x_wconf 91' lang='lat' dir='ltr'><strong>circuli</strong></span> <span class='ocrx_word' id='word_1_281' title='bbox 1829 2411 2126 2465; x_wconf 91' lang='lat' dir='ltr'><strong>motionem</strong></span> <span class='ocrx_word' id='word_1_282' title='bbox 2162 2413 2366 2467; x_wconf 84' lang='lat' dir='ltr'><strong>haben-</strong></span> 
     </span>
    </p>
   </div>
   <div class='ocr_carea' id='block_1_40' title="bbox 801 2490 2367 2573">
    <p class='ocr_par' dir='ltr' id='par_1_40' title="bbox 801 2490 2367 2573">
     <span class='ocr_line' id='line_1_40' title="bbox 801 2490 2367 2573; baseline 0.013 -35"><span class='ocrx_word' id='word_1_283' title='bbox 801 2490 890 2550; x_wconf 82' lang='lat' dir='ltr'><strong>tis,</strong></span> <span class='ocrx_word' id='word_1_284' title='bbox 917 2506 1039 2558; x_wconf 77' lang='lat' dir='ltr'><strong>qua:</strong></span> <span class='ocrx_word' id='word_1_285' title='bbox 1067 2493 1411 2548; x_wconf 88' lang='lat' dir='ltr'><strong>solummodo</strong></span> <span class='ocrx_word' id='word_1_286' title='bbox 1449 2504 1531 2550; x_wconf 90' lang='lat' dir='ltr'><strong>est</strong></span> <span class='ocrx_word' id='word_1_287' title='bbox 1559 2512 1679 2550; x_wconf 92' lang='lat' dir='ltr'><strong>cum</strong></span> <span class='ocrx_word' id='word_1_288' title='bbox 1721 2500 1814 2565; x_wconf 91' lang='lat' dir='ltr'><strong>ﬁt;</strong></span> <span class='ocrx_word' id='word_1_289' title='bbox 1867 2516 2039 2569; x_wconf 89' lang='lat' dir='ltr'><strong>neque</strong></span> <span class='ocrx_word' id='word_1_290' title='bbox 2073 2505 2367 2573; x_wconf 86' lang='lat' dir='ltr'><strong>quidquam</strong></span> 
     </span>
    </p>
   </div>
   <div class='ocr_carea' id='block_1_41' title="bbox 799 2584 2370 2664">
    <p class='ocr_par' dir='ltr' id='par_1_41' title="bbox 799 2584 2370 2664">
     <span class='ocr_line' id='line_1_41' title="bbox 799 2584 2370 2664; baseline 0.013 -35"><span class='ocrx_word' id='word_1_291' title='bbox 799 2585 942 2648; x_wconf 83' lang='lat' dir='ltr'><strong>quod</strong></span> <span class='ocrx_word' id='word_1_292' title='bbox 980 2584 1030 2635; x_wconf 93' lang='lat' dir='ltr'><strong>in</strong></span> <span class='ocrx_word' id='word_1_293' title='bbox 1065 2585 1225 2648; x_wconf 75' lang='lat' dir='ltr'><strong>cmlo,</strong></span> <span class='ocrx_word' id='word_1_294' title='bbox 1261 2595 1312 2638; x_wconf 90' lang='lat' dir='ltr'><strong>et</strong></span> <span class='ocrx_word' id='word_1_295' title='bbox 1349 2586 1400 2638; x_wconf 90' lang='lat' dir='ltr'><strong>itt</strong></span> <span class='ocrx_word' id='word_1_296' title='bbox 1445 2599 1590 2640; x_wconf 92' lang='lat' dir='ltr'><strong>motu</strong></span> <span class='ocrx_word' id='word_1_297' title='bbox 1621 2590 1734 2652; x_wconf 82' lang='lat' dir='ltr'><strong>eius</strong></span> <span class='ocrx_word' id='word_1_298' title='bbox 1772 2597 2000 2644; x_wconf 87' lang='lat' dir='ltr'><strong>rutundo</strong></span> <span class='ocrx_word' id='word_1_299' title='bbox 2035 2595 2226 2647; x_wconf 87' lang='lat' dir='ltr'><strong>accidit</strong></span> <span class='ocrx_word' id='word_1_300' title='bbox 2254 2596 2370 2664; x_wconf 86' lang='lat' dir='ltr'><strong>(Ita-</strong></span> 
     </span>
    </p>
   </div>
   <div class='ocr_carea' id='block_1_42' title="bbox 803 2677 2364 2750">
    <p class='ocr_par' dir='ltr' id='par_1_42' title="bbox 803 2677 2364 2750">
     <span class='ocr_line' id='line_1_42' title="bbox 803 2677 2364 2750; baseline 0.008 -23"><span class='ocrx_word' id='word_1_301' title='bbox 803 2677 890 2728; x_wconf 87' lang='lat' dir='ltr'><strong>bet</strong></span> <span class='ocrx_word' id='word_1_302' title='bbox 923 2677 1066 2729; x_wconf 82' lang='lat' dir='ltr'><strong>enim</strong></span> <span class='ocrx_word' id='word_1_303' title='bbox 1119 2679 1206 2729; x_wconf 92' lang='lat' dir='ltr'><strong>hic</strong></span> <span class='ocrx_word' id='word_1_304' title='bbox 1242 2690 1421 2734; x_wconf 89' lang='lat' dir='ltr'><strong>tnottts</strong></span> <span class='ocrx_word' id='word_1_305' title='bbox 1468 2681 1790 2735; x_wconf 86' lang='lat' dir='ltr'><strong>inﬁnitatem</strong></span> <span class='ocrx_word' id='word_1_306' title='bbox 1841 2693 2060 2750; x_wconf 88' lang='lat' dir='ltr'><strong>propter</strong></span> <span class='ocrx_word' id='word_1_307' title='bbox 2098 2687 2364 2740; x_wconf 88' lang='lat' dir='ltr'><strong>inﬁnitam</strong></span> 
     </span>
    </p>
   </div>
   <div class='ocr_carea' id='block_1_43' title="bbox 800 2769 2365 2835">
    <p class='ocr_par' dir='ltr' id='par_1_43' title="bbox 800 2769 2365 2835">
     <span class='ocr_line' id='line_1_43' title="bbox 800 2769 2365 2835; baseline 0.008 -17"><span class='ocrx_word' id='word_1_308' title='bbox 800 2769 1090 2831; x_wconf 86' lang='lat' dir='ltr'><strong>potentiam</strong></span> <span class='ocrx_word' id='word_1_309' title='bbox 1157 2771 1244 2823; x_wconf 90' lang='lat' dir='ltr'><strong>Dei</strong></span> <span class='ocrx_word' id='word_1_310' title='bbox 1286 2774 1599 2835; x_wconf 86' lang='lat' dir='ltr'><strong>tnoventisl,</strong></span> <span class='ocrx_word' id='word_1_311' title='bbox 1654 2775 1984 2830; x_wconf 89' lang='lat' dir='ltr'><strong>immobilem</strong></span> <span class='ocrx_word' id='word_1_312' title='bbox 2041 2778 2365 2833; x_wconf 86' lang='lat' dir='ltr'><strong>inﬁnitatem</strong></span> 
     </span>
    </p>
   </div>
   <div class='ocr_carea' id='block_1_44' title="bbox 802 2856 2367 2937">
    <p class='ocr_par' dir='ltr' id='par_1_44' title="bbox 802 2856 2367 2937">
     <span class='ocr_line' id='line_1_44' title="bbox 802 2856 2367 2937; baseline 0.012 -30"><span class='ocrx_word' id='word_1_313' title='bbox 802 2856 892 2908; x_wconf 86' lang='lat' dir='ltr'><strong>Dei</strong></span> <span class='ocrx_word' id='word_1_314' title='bbox 936 2857 1223 2912; x_wconf 81' lang='lat' dir='ltr'><strong>excludit:</strong></span> <span class='ocrx_word' id='word_1_315' title='bbox 1271 2875 1447 2928; x_wconf 89' lang='lat' dir='ltr'><strong>neque</strong></span> <span class='ocrx_word' id='word_1_316' title='bbox 1505 2862 1747 2917; x_wconf 68' lang='lat' dir='ltr'><strong>infinitas</strong></span> <span class='ocrx_word' id='word_1_317' title='bbox 1793 2869 2032 2919; x_wconf 87' lang='lat' dir='ltr'><strong>universi</strong></span> <span class='ocrx_word' id='word_1_318' title='bbox 2088 2872 2367 2937; x_wconf 86' lang='lat' dir='ltr'><strong>temporis.</strong></span> 
     </span>
    </p>
   </div>
   <div class='ocr_carea' id='block_1_45' title="bbox 797 2947 2370 3029">
    <p class='ocr_par' dir='ltr' id='par_1_45' title="bbox 797 2947 2370 3029">
     <span class='ocr_line' id='line_1_45' title="bbox 797 2947 2370 3029; baseline 0.01 -31"><span class='ocrx_word' id='word_1_319' title='bbox 797 2947 922 3013; x_wconf 90' lang='lat' dir='ltr'><strong>quia</strong></span> <span class='ocrx_word' id='word_1_320' title='bbox 973 2951 1303 3016; x_wconf 85' lang='lat' dir='ltr'><strong>actus.ejtts,</strong></span> <span class='ocrx_word' id='word_1_321' title='bbox 1339 2967 1444 3018; x_wconf 88' lang='lat' dir='ltr'><strong>quo</strong></span> <span class='ocrx_word' id='word_1_322' title='bbox 1482 2956 1702 3008; x_wconf 90' lang='lat' dir='ltr'><strong>metitur</strong></span> <span class='ocrx_word' id='word_1_323' title='bbox 1738 2957 1989 3022; x_wconf 88' lang='lat' dir='ltr'><strong>periodos</strong></span> <span class='ocrx_word' id='word_1_324' title='bbox 2019 2975 2203 3012; x_wconf 92' lang='lat' dir='ltr'><strong>eorum</strong></span> <span class='ocrx_word' id='word_1_325' title='bbox 2253 2978 2370 3029; x_wconf 75' lang='lat' dir='ltr'><strong>qum</strong></span> 
     </span>
    </p>
   </div>
   <div class='ocr_carea' id='block_1_46' title="bbox 2469 1962 4041 2034">
    <p class='ocr_par' dir='ltr' id='par_1_46' title="bbox 2469 1962 4041 2034">
     <span class='ocr_line' id='line_1_46' title="bbox 2469 1962 4041 2034; baseline 0.004 -22"><span class='ocrx_word' id='word_1_326' title='bbox 2469 1962 2732 2023; x_wconf 88' lang='lat' dir='ltr'><strong>inﬁnitus,</strong></span> <span class='ocrx_word' id='word_1_327' title='bbox 2766 1963 2885 2016; x_wconf 78' lang='lat' dir='ltr'><strong>fons</strong></span> <span class='ocrx_word' id='word_1_328' title='bbox 2916 1962 3202 2018; x_wconf 89' lang='lat' dir='ltr'><strong>inﬁnitatis</strong></span> <span class='ocrx_word' id='word_1_329' title='bbox 3234 1963 3475 2031; x_wconf 70' lang='lat' dir='ltr'><strong>eﬁ’ector,</strong></span> <span class='ocrx_word' id='word_1_330' title='bbox 3512 1966 3602 2034; x_wconf 87' lang='lat' dir='ltr'><strong>qui</strong></span> <span class='ocrx_word' id='word_1_331' title='bbox 3635 1976 3717 2020; x_wconf 89' lang='lat' dir='ltr'><strong>est</strong></span> <span class='ocrx_word' id='word_1_332' title='bbox 3752 1981 3916 2018; x_wconf 77' lang='lat' dir='ltr'><strong>unum</strong></span> <span class='ocrx_word' id='word_1_333' title='bbox 3953 1981 4041 2020; x_wconf 84' lang='lat' dir='ltr'><strong>so-</strong></span> 
     </span>
    </p>
   </div>
   <div class='ocr_carea' id='block_1_47' title="bbox 2472 2054 4036 2120">
    <p class='ocr_par' dir='ltr' id='par_1_47' title="bbox 2472 2054 4036 2120">
     <span class='ocr_line' id='line_1_47' title="bbox 2472 2054 4036 2120; baseline 0.003 -16"><span class='ocrx_word' id='word_1_334' title='bbox 2472 2054 2577 2105; x_wconf 92' lang='lat' dir='ltr'><strong>lum</strong></span> <span class='ocrx_word' id='word_1_335' title='bbox 2613 2055 2909 2109; x_wconf 89' lang='lat' dir='ltr'><strong>secundum</strong></span> <span class='ocrx_word' id='word_1_336' title='bbox 2959 2056 3318 2110; x_wconf 84' lang='lat' dir='ltr'><strong>substantiam</strong></span> <span class='ocrx_word' id='word_1_337' title='bbox 3368 2057 3570 2112; x_wconf 90' lang='lat' dir='ltr'><strong>bonum</strong></span> <span class='ocrx_word' id='word_1_338' title='bbox 3624 2068 3678 2109; x_wconf 91' lang='lat' dir='ltr'><strong>et</strong></span> <span class='ocrx_word' id='word_1_339' title='bbox 3731 2057 4036 2120; x_wconf 84' lang='lat' dir='ltr'><strong>inﬁnitum,</strong></span> 
     </span>
    </p>
   </div>
   <div class='ocr_carea' id='block_1_48' title="bbox 2469 2147 4039 2212">
    <p class='ocr_par' dir='ltr' id='par_1_48' title="bbox 2469 2147 4039 2212">
     <span class='ocr_line' id='line_1_48' title="bbox 2469 2147 4039 2212; baseline 0.002 -16"><span class='ocrx_word' id='word_1_340' title='bbox 2469 2147 2558 2212; x_wconf 85' lang='lat' dir='ltr'><strong>qui</strong></span> <span class='ocrx_word' id='word_1_341' title='bbox 2595 2161 2810 2199; x_wconf 92' lang='lat' dir='ltr'><strong>omnem</strong></span> <span class='ocrx_word' id='word_1_342' title='bbox 2857 2147 3177 2203; x_wconf 88' lang='lat' dir='ltr'><strong>inﬁnitatem</strong></span> <span class='ocrx_word' id='word_1_343' title='bbox 3212 2164 3276 2202; x_wconf 77' lang='lat' dir='ltr'><strong>ex</strong></span> <span class='ocrx_word' id='word_1_344' title='bbox 3333 2149 3501 2203; x_wconf 87' lang='lat' dir='ltr'><strong>nihilo</strong></span> <span class='ocrx_word' id='word_1_345' title='bbox 3554 2149 3702 2203; x_wconf 80' lang='lat' dir='ltr'><strong>fecit.</strong></span> <span class='ocrx_word' id='word_1_346' title='bbox 3749 2149 3859 2202; x_wconf 88' lang='lat' dir='ltr'><strong>Etsi</strong></span> <span class='ocrx_word' id='word_1_347' title='bbox 3896 2150 4039 2202; x_wconf 89' lang='lat' dir='ltr'><strong>enim</strong></span> 
     </span>
    </p>
   </div>
   <div class='ocr_carea' id='block_1_49' title="bbox 2471 2237 4046 2304">
    <p class='ocr_par' dir='ltr' id='par_1_49' title="bbox 2471 2237 4046 2304">
     <span class='ocr_line' id='line_1_49' title="bbox 2471 2237 4046 2304; baseline 0.002 -15"><span class='ocrx_word' id='word_1_348' title='bbox 2471 2237 2572 2289; x_wconf 79' lang='lat' dir='ltr'><strong>illae</strong></span> <span class='ocrx_word' id='word_1_349' title='bbox 2626 2247 2749 2304; x_wconf 89' lang='lat' dir='ltr'><strong>post</strong></span> <span class='ocrx_word' id='word_1_350' title='bbox 2803 2239 2973 2292; x_wconf 92' lang='lat' dir='ltr'><strong>Deum</strong></span> <span class='ocrx_word' id='word_1_351' title='bbox 3035 2239 3330 2295; x_wconf 90' lang='lat' dir='ltr'><strong>inﬁnitates</strong></span> <span class='ocrx_word' id='word_1_352' title='bbox 3379 2240 3654 2304; x_wconf 87' lang='lat' dir='ltr'><strong>dicuntur,</strong></span> <span class='ocrx_word' id='word_1_353' title='bbox 3699 2255 3806 2293; x_wconf 93' lang='lat' dir='ltr'><strong>non</strong></span> <span class='ocrx_word' id='word_1_354' title='bbox 3871 2249 4046 2294; x_wconf 92' lang='lat' dir='ltr'><strong>tamen</strong></span> 
     </span>
    </p>
   </div>
   <div class='ocr_carea' id='block_1_50' title="bbox 2470 2330 4045 2393">
    <p class='ocr_par' dir='ltr' id='par_1_50' title="bbox 2470 2330 4045 2393">
     <span class='ocr_line' id='line_1_50' title="bbox 2470 2330 4045 2393; baseline 0 -12"><span class='ocrx_word' id='word_1_355' title='bbox 2470 2337 2598 2381; x_wconf 91' lang='lat' dir='ltr'><strong>sunt</strong></span> <span class='ocrx_word' id='word_1_356' title='bbox 2623 2330 2922 2383; x_wconf 86' lang='lat' dir='ltr'><strong>secundum</strong></span> <span class='ocrx_word' id='word_1_357' title='bbox 2956 2331 3314 2384; x_wconf 74' lang='lat' dir='ltr'><strong>substantiam</strong></span> <span class='ocrx_word' id='word_1_358' title='bbox 3367 2331 3681 2393; x_wconf 88' lang='lat' dir='ltr'><strong>inﬁnitates,</strong></span> <span class='ocrx_word' id='word_1_359' title='bbox 3709 2333 3803 2384; x_wconf 88' lang='lat' dir='ltr'><strong>sed</strong></span> <span class='ocrx_word' id='word_1_360' title='bbox 3849 2345 4045 2384; x_wconf 81' lang='lat' dir='ltr'><strong>secun-</strong></span> 
     </span>
    </p>
   </div>
   <div class='ocr_carea' id='block_1_51' title="bbox 2471 2418 4044 2491">
    <p class='ocr_par' dir='ltr' id='par_1_51' title="bbox 2471 2418 4044 2491">
     <span class='ocr_line' id='line_1_51' title="bbox 2471 2418 4044 2491; baseline 0.001 -19"><span class='ocrx_word' id='word_1_361' title='bbox 2471 2420 2598 2473; x_wconf 89' lang='lat' dir='ltr'><strong>dttm</strong></span> <span class='ocrx_word' id='word_1_362' title='bbox 2629 2418 2940 2476; x_wconf 83' lang='lat' dir='ltr'><strong>mensuram</strong></span> <span class='ocrx_word' id='word_1_363' title='bbox 2985 2430 3216 2484; x_wconf 88' lang='lat' dir='ltr'><strong>tantum,</strong></span> <span class='ocrx_word' id='word_1_364' title='bbox 3257 2431 3310 2476; x_wconf 90' lang='lat' dir='ltr'><strong>et</strong></span> <span class='ocrx_word' id='word_1_365' title='bbox 3346 2423 3842 2491; x_wconf 80' lang='lat' dir='ltr'><strong>participationem,</strong></span> <span class='ocrx_word' id='word_1_366' title='bbox 3871 2429 3928 2474; x_wconf 92' lang='lat' dir='ltr'><strong>et</strong></span> <span class='ocrx_word' id='word_1_367' title='bbox 3957 2421 4044 2473; x_wconf 90' lang='lat' dir='ltr'><strong>in-</strong></span> 
     </span>
    </p>
   </div>
   <div class='ocr_carea' id='block_1_52' title="bbox 2471 2511 4045 2574">
    <p class='ocr_par' dir='ltr' id='par_1_52' title="bbox 2471 2511 4045 2574">
     <span class='ocr_line' id='line_1_52' title="bbox 2471 2511 4045 2574; baseline -0.001 -10"><span class='ocrx_word' id='word_1_368' title='bbox 2471 2511 2676 2565; x_wconf 90' lang='lat' dir='ltr'><strong>ﬁnitam</strong></span> <span class='ocrx_word' id='word_1_369' title='bbox 2726 2513 3150 2574; x_wconf 87' lang='lat' dir='ltr'><strong>multitudinem,</strong></span> <span class='ocrx_word' id='word_1_370' title='bbox 3184 2523 3238 2568; x_wconf 90' lang='lat' dir='ltr'><strong>et</strong></span> <span class='ocrx_word' id='word_1_371' title='bbox 3278 2515 3577 2567; x_wconf 85' lang='lat' dir='ltr'><strong>secundum</strong></span> <span class='ocrx_word' id='word_1_372' title='bbox 3627 2513 3792 2566; x_wconf 88' lang='lat' dir='ltr'><strong>vitam</strong></span> <span class='ocrx_word' id='word_1_373' title='bbox 3829 2513 4045 2565; x_wconf 91' lang='lat' dir='ltr'><strong>dimen-</strong></span> 
     </span>
    </p>
   </div>
   <div class='ocr_carea' id='block_1_53' title="bbox 2473 2603 4041 2670">
    <p class='ocr_par' dir='ltr' id='par_1_53' title="bbox 2473 2603 4041 2670">
     <span class='ocr_line' id='line_1_53' title="bbox 2473 2603 4041 2670; baseline 0.001 -16"><span class='ocrx_word' id='word_1_374' title='bbox 2473 2603 2624 2657; x_wconf 90' lang='lat' dir='ltr'><strong>sione</strong></span> <span class='ocrx_word' id='word_1_375' title='bbox 2654 2615 2951 2667; x_wconf 89' lang='lat' dir='ltr'><strong>carentem,</strong></span> <span class='ocrx_word' id='word_1_376' title='bbox 2977 2613 3031 2658; x_wconf 92' lang='lat' dir='ltr'><strong>et</strong></span> <span class='ocrx_word' id='word_1_377' title='bbox 3052 2604 3350 2657; x_wconf 84' lang='lat' dir='ltr'><strong>secundum</strong></span> <span class='ocrx_word' id='word_1_378' title='bbox 3379 2613 3543 2658; x_wconf 90' lang='lat' dir='ltr'><strong>totam</strong></span> <span class='ocrx_word' id='word_1_379' title='bbox 3583 2606 3662 2657; x_wconf 89' lang='lat' dir='ltr'><strong>sui</strong></span> <span class='ocrx_word' id='word_1_380' title='bbox 3698 2603 4041 2670; x_wconf 66' lang='lat' dir='ltr'><strong>praesentiam</strong></span> 
     </span>
    </p>
   </div>
   <div class='ocr_carea' id='block_1_54' title="bbox 2473 2694 4042 2765">
    <p class='ocr_par' dir='ltr' id='par_1_54' title="bbox 2473 2694 4042 2765">
     <span class='ocr_line' id='line_1_54' title="bbox 2473 2694 4042 2765; baseline -0.001 -17"><span class='ocrx_word' id='word_1_381' title='bbox 2473 2697 2529 2748; x_wconf 91' lang='lat' dir='ltr'><strong>itt</strong></span> <span class='ocrx_word' id='word_1_382' title='bbox 2568 2695 2715 2757; x_wconf 89' lang='lat' dir='ltr'><strong>totis,</strong></span> <span class='ocrx_word' id='word_1_383' title='bbox 2754 2705 2806 2748; x_wconf 87' lang='lat' dir='ltr'><strong>et</strong></span> <span class='ocrx_word' id='word_1_384' title='bbox 2839 2697 2889 2747; x_wconf 89' lang='lat' dir='ltr'><strong>id</strong></span> <span class='ocrx_word' id='word_1_385' title='bbox 2919 2697 3010 2764; x_wconf 89' lang='lat' dir='ltr'><strong>qui</strong></span> <span class='ocrx_word' id='word_1_386' title='bbox 3040 2697 3258 2765; x_wconf 89' lang='lat' dir='ltr'><strong>quidem</strong></span> <span class='ocrx_word' id='word_1_387' title='bbox 3283 2711 3310 2749; x_wconf 92' lang='lat' dir='ltr'><strong>a</strong></span> <span class='ocrx_word' id='word_1_388' title='bbox 3345 2710 3507 2750; x_wconf 88' lang='lat' dir='ltr'><strong>causa</strong></span> <span class='ocrx_word' id='word_1_389' title='bbox 3533 2696 3646 2749; x_wconf 86' lang='lat' dir='ltr'><strong>sola</strong></span> <span class='ocrx_word' id='word_1_390' title='bbox 3670 2694 3961 2753; x_wconf 79' lang='lat' dir='ltr'><strong>eﬁ‘ectriee.</strong></span> <span class='ocrx_word' id='word_1_391' title='bbox 3987 2702 4042 2747; x_wconf 92' lang='lat' dir='ltr'><strong>et</strong></span> 
     </span>
    </p>
   </div>
   <div class='ocr_carea' id='block_1_55' title="bbox 2474 2783 4041 2852">
    <p class='ocr_par' dir='ltr' id='par_1_55' title="bbox 2474 2783 4041 2852">
     <span class='ocr_line' id='line_1_55' title="bbox 2474 2783 4041 2852; baseline -0.001 -16"><span class='ocrx_word' id='word_1_392' title='bbox 2474 2800 2578 2836; x_wconf 92' lang='lat' dir='ltr'><strong>non</strong></span> <span class='ocrx_word' id='word_1_393' title='bbox 2618 2783 2724 2837; x_wconf 90' lang='lat' dir='ltr'><strong>alio</strong></span> <span class='ocrx_word' id='word_1_394' title='bbox 2758 2784 2916 2838; x_wconf 90' lang='lat' dir='ltr'><strong>modo</strong></span> <span class='ocrx_word' id='word_1_395' title='bbox 2957 2785 3174 2840; x_wconf 84' lang='lat' dir='ltr'><strong>habent.</strong></span> <span class='ocrx_word' id='word_1_396' title='bbox 3219 2784 3597 2839; x_wconf 88' lang='lat' dir='ltr'><strong>Consentanee</strong></span> <span class='ocrx_word' id='word_1_397' title='bbox 3644 2785 3808 2852; x_wconf 83' lang='lat' dir='ltr'><strong>igitur</strong></span> <span class='ocrx_word' id='word_1_398' title='bbox 3838 2784 4041 2836; x_wconf 86' lang='lat' dir='ltr'><strong>dictum</strong></span> 
     </span>
    </p>
   </div>
   <div class='ocr_carea' id='block_1_56' title="bbox 2472 2876 4048 2941">
    <p class='ocr_par' dir='ltr' id='par_1_56' title="bbox 2472 2876 4048 2941">
     <span class='ocr_line' id='line_1_56' title="bbox 2472 2876 4048 2941; baseline 0.003 -16"><span class='ocrx_word' id='word_1_399' title='bbox 2472 2885 2555 2927; x_wconf 85' lang='lat' dir='ltr'><strong>est</strong></span> <span class='ocrx_word' id='word_1_400' title='bbox 2588 2876 2756 2929; x_wconf 89' lang='lat' dir='ltr'><strong>Deum</strong></span> <span class='ocrx_word' id='word_1_401' title='bbox 2788 2891 2906 2930; x_wconf 89' lang='lat' dir='ltr'><strong>esse</strong></span> <span class='ocrx_word' id='word_1_402' title='bbox 2936 2877 3071 2929; x_wconf 91' lang='lat' dir='ltr'><strong>ttltra</strong></span> <span class='ocrx_word' id='word_1_403' title='bbox 3096 2891 3306 2930; x_wconf 90' lang='lat' dir='ltr'><strong>omnem</strong></span> <span class='ocrx_word' id='word_1_404' title='bbox 3337 2876 3695 2941; x_wconf 86' lang='lat' dir='ltr'><strong>inﬁnitatem;</strong></span> <span class='ocrx_word' id='word_1_405' title='bbox 3736 2876 3883 2930; x_wconf 82' lang='lat' dir='ltr'><strong>solus</strong></span> <span class='ocrx_word' id='word_1_406' title='bbox 3905 2876 4048 2929; x_wconf 91' lang='lat' dir='ltr'><strong>enim</strong></span> 
     </span>
    </p>
   </div>
   <div class='ocr_carea' id='block_1_57' title="bbox 2475 2966 4044 3032">
    <p class='ocr_par' dir='ltr' id='par_1_57' title="bbox 2475 2966 4044 3032">
     <span class='ocr_line' id='line_1_57' title="bbox 2475 2966 4044 3032; baseline 0.003 -14"><span class='ocrx_word' id='word_1_407' title='bbox 2475 2966 2615 3019; x_wconf 84' lang='lat' dir='ltr'><strong>Deus</strong></span> <span class='ocrx_word' id='word_1_408' title='bbox 2653 2974 2736 3019; x_wconf 90' lang='lat' dir='ltr'><strong>est</strong></span> <span class='ocrx_word' id='word_1_409' title='bbox 2781 2967 3013 3020; x_wconf 88' lang='lat' dir='ltr'><strong>essentia</strong></span> <span class='ocrx_word' id='word_1_410' title='bbox 3055 2967 3321 3031; x_wconf 73' lang='lat' dir='ltr'><strong>inﬁnitus,</strong></span> <span class='ocrx_word' id='word_1_411' title='bbox 3357 2977 3411 3022; x_wconf 91' lang='lat' dir='ltr'><strong>et</strong></span> <span class='ocrx_word' id='word_1_412' title='bbox 3459 2968 3571 3021; x_wconf 93' lang='lat' dir='ltr'><strong>sola</strong></span> <span class='ocrx_word' id='word_1_413' title='bbox 3623 2968 3880 3032; x_wconf 85' lang='lat' dir='ltr'><strong>essentia,</strong></span> <span class='ocrx_word' id='word_1_414' title='bbox 3929 2969 4044 3022; x_wconf 87' lang='lat' dir='ltr'><strong>sive</strong></span> 
     </span>
    </p>
   </div>
   <div class='ocr_carea' id='block_1_58' title="bbox 801 3039 4047 3126">
    <p class='ocr_par' dir='ltr' id='par_1_58' title="bbox 801 3039 4047 3126">
     <span class='ocr_line' id='line_1_58' title="bbox 801 3039 4047 3126; baseline 0.007 -38"><span class='ocrx_word' id='word_1_415' title='bbox 801 3039 851 3088; x_wconf 88' lang='lat' dir='ltr'><strong>itt</strong></span> <span class='ocrx_word' id='word_1_416' title='bbox 886 3048 1128 3107; x_wconf 88' lang='lat' dir='ltr'><strong>tempore</strong></span> <span class='ocrx_word' id='word_1_417' title='bbox 1180 3051 1324 3106; x_wconf 90' lang='lat' dir='ltr'><strong>sunt,</strong></span> <span class='ocrx_word' id='word_1_418' title='bbox 1377 3061 1646 3112; x_wconf 87' lang='lat' dir='ltr'><strong>nunquam</strong></span> <span class='ocrx_word' id='word_1_419' title='bbox 1684 3046 1890 3113; x_wconf 86' lang='lat' dir='ltr'><strong>deﬁcit,</strong></span> <span class='ocrx_word' id='word_1_420' title='bbox 1921 3061 1973 3103; x_wconf 92' lang='lat' dir='ltr'><strong>et</strong></span> <span class='ocrx_word' id='word_1_421' title='bbox 2019 3068 2243 3106; x_wconf 87' lang='lat' dir='ltr'><strong>numero</strong></span> <span class='ocrx_word' id='word_1_422' title='bbox 2290 3063 2370 3106; x_wconf 80' lang='lat' dir='ltr'><strong>est</strong></span> <span class='ocrx_word' id='word_1_423' title='bbox 2474 3058 2777 3111; x_wconf 77' lang='lat' dir='ltr'><strong>substantia</strong></span> <span class='ocrx_word' id='word_1_424' title='bbox 2815 3058 2908 3111; x_wconf 88' lang='lat' dir='ltr'><strong>Dei</strong></span> <span class='ocrx_word' id='word_1_425' title='bbox 2945 3069 3026 3110; x_wconf 83' lang='lat' dir='ltr'><strong>est</strong></span> <span class='ocrx_word' id='word_1_426' title='bbox 3056 3059 3309 3123; x_wconf 80' lang='lat' dir='ltr'><strong>simplex,</strong></span> <span class='ocrx_word' id='word_1_427' title='bbox 3337 3070 3388 3112; x_wconf 91' lang='lat' dir='ltr'><strong>et</strong></span> <span class='ocrx_word' id='word_1_428' title='bbox 3425 3059 3709 3112; x_wconf 81' lang='lat' dir='ltr'><strong>uniformis</strong></span> <span class='ocrx_word' id='word_1_429' title='bbox 3734 3060 3835 3126; x_wconf 81' lang='grc' dir='ltr'><strong>(α),</strong></span> <span class='ocrx_word' id='word_1_430' title='bbox 3869 3069 3919 3111; x_wconf 82' lang='lat' dir='ltr'><strong>et</strong></span> <span class='ocrx_word' id='word_1_431' title='bbox 3949 3074 4047 3112; x_wconf 60' lang='lat' dir='ltr'><strong>ex-</strong></span> 
     </span>
    </p>
   </div>
   <div class='ocr_carea' id='block_1_59' title="bbox 801 3128 4041 3218">
    <p class='ocr_par' dir='ltr' id='par_1_59' title="bbox 801 3128 4041 3218">
     <span class='ocr_line' id='line_1_59' title="bbox 801 3128 4041 3218; baseline 0.008 -40"><span class='ocrx_word' id='word_1_432' title='bbox 801 3128 1065 3192; x_wconf 89' lang='lat' dir='ltr'><strong>inﬁnitus,</strong></span> <span class='ocrx_word' id='word_1_433' title='bbox 1119 3132 1445 3188; x_wconf 83' lang='lat' dir='ltr'><strong>inﬁnitatem</strong></span> <span class='ocrx_word' id='word_1_434' title='bbox 1502 3138 1594 3191; x_wconf 88' lang='lat' dir='ltr'><strong>Dei</strong></span> <span class='ocrx_word' id='word_1_435' title='bbox 1643 3150 1884 3199; x_wconf 83' lang='lat' dir='ltr'><strong>coercet.</strong></span> <span class='ocrx_word' id='word_1_436' title='bbox 1921 3157 2041 3208; x_wconf 76' lang='lat' dir='ltr'><strong>quae</strong></span> <span class='ocrx_word' id='word_1_437' title='bbox 2083 3153 2163 3195; x_wconf 82' lang='lat' dir='ltr'><strong>est</strong></span> <span class='ocrx_word' id='word_1_438' title='bbox 2208 3159 2368 3210; x_wconf 81' lang='lat' dir='ltr'><strong>supra</strong></span> <span class='ocrx_word' id='word_1_439' title='bbox 2477 3164 2596 3215; x_wconf 87' lang='lat' dir='ltr'><strong>pers</strong></span> <span class='ocrx_word' id='word_1_440' title='bbox 2634 3149 2930 3216; x_wconf 82' lang='lat' dir='ltr'><strong>qualitatis.</strong></span> <span class='ocrx_word' id='word_1_441' title='bbox 2958 3160 3009 3202; x_wconf 83' lang='lat' dir='ltr'><strong>et</strong></span> <span class='ocrx_word' id='word_1_442' title='bbox 3048 3151 3253 3218; x_wconf 86' lang='lat' dir='ltr'><strong>quieta,</strong></span> <span class='ocrx_word' id='word_1_443' title='bbox 3290 3159 3344 3206; x_wconf 92' lang='lat' dir='ltr'><strong>et</strong></span> <span class='ocrx_word' id='word_1_444' title='bbox 3377 3151 3642 3205; x_wconf 86' lang='lat' dir='ltr'><strong>seditione</strong></span> <span class='ocrx_word' id='word_1_445' title='bbox 3674 3166 3888 3214; x_wconf 77' lang='lat' dir='ltr'><strong>carens,</strong></span> <span class='ocrx_word' id='word_1_446' title='bbox 3917 3151 4041 3203; x_wconf 85' lang='lat' dir='ltr'><strong>inﬁ-</strong></span> 
     </span>
    </p>
   </div>
   <div class='ocr_carea' id='block_1_60' title="bbox 799 3233 4048 3313">
    <p class='ocr_par' dir='ltr' id='par_1_60' title="bbox 799 3233 4048 3313">
     <span class='ocr_line' id='line_1_60' title="bbox 799 3233 4048 3313; baseline 0.008 -43"><span class='ocrx_word' id='word_1_447' title='bbox 799 3236 1015 3274; x_wconf 83' lang='lat' dir='ltr'><strong>omnem</strong></span> <span class='ocrx_word' id='word_1_448' title='bbox 1053 3239 1361 3290; x_wconf 88' lang='lat' dir='ltr'><strong>numerum,</strong></span> <span class='ocrx_word' id='word_1_449' title='bbox 1395 3237 1445 3281; x_wconf 89' lang='lat' dir='ltr'><strong>et</strong></span> <span class='ocrx_word' id='word_1_450' title='bbox 1481 3243 1696 3282; x_wconf 86' lang='lat' dir='ltr'><strong>omnem</strong></span> <span class='ocrx_word' id='word_1_451' title='bbox 1739 3233 2019 3298; x_wconf 83' lang='lat' dir='ltr'><strong>periodum</strong></span> <span class='ocrx_word' id='word_1_452' title='bbox 2063 3249 2076 3284; x_wconf 86' lang='lat'><strong>:</strong></span> <span class='ocrx_word' id='word_1_453' title='bbox 2112 3234 2236 3286; x_wconf 88' lang='lat' dir='ltr'><strong>item</strong></span> <span class='ocrx_word' id='word_1_454' title='bbox 2269 3236 2337 3284; x_wconf 89' lang='lat' dir='ltr'><strong>im</strong></span> <span class='ocrx_word' id='word_1_455' title='bbox 2399 3246 2442 3306; x_wconf 73' lang='grc' dir='ltr'><strong>ρ</strong></span> <span class='ocrx_word' id='word_1_456' title='bbox 2477 3239 2606 3297; x_wconf 88' lang='lat' dir='ltr'><strong>uita,</strong></span> <span class='ocrx_word' id='word_1_457' title='bbox 2640 3241 2997 3302; x_wconf 78' lang='lat' dir='ltr'><strong>omnipotens.</strong></span> <span class='ocrx_word' id='word_1_458' title='bbox 3041 3250 3094 3293; x_wconf 89' lang='lat' dir='ltr'><strong>et</strong></span> <span class='ocrx_word' id='word_1_459' title='bbox 3141 3239 3383 3295; x_wconf 79' lang='lat' dir='ltr'><strong>eﬁ&#39;eetrix</strong></span> <span class='ocrx_word' id='word_1_460' title='bbox 3422 3242 3664 3296; x_wconf 91' lang='lat' dir='ltr'><strong>omnium</strong></span> <span class='ocrx_word' id='word_1_461' title='bbox 3694 3258 3709 3307; x_wconf 88' lang='lat'><strong>;</strong></span> <span class='ocrx_word' id='word_1_462' title='bbox 3742 3242 3826 3296; x_wconf 91' lang='lat' dir='ltr'><strong>cui</strong></span> <span class='ocrx_word' id='word_1_463' title='bbox 3878 3242 4048 3313; x_wconf 73' lang='lat' dir='ltr'><strong>gloria</strong></span> 
     </span>
    </p>
   </div>
   <div class='ocr_carea' id='block_1_61' title="bbox 802 3311 3368 3391">
    <p class='ocr_par' dir='ltr' id='par_1_61' title="bbox 802 3311 3368 3391">
     <span class='ocr_line' id='line_1_61' title="bbox 802 3311 3368 3391; baseline 0.011 -32"><span class='ocrx_word' id='word_1_464' title='bbox 802 3311 1113 3364; x_wconf 89' lang='lat' dir='ltr'><strong>ntntabiletu</strong></span> <span class='ocrx_word' id='word_1_465' title='bbox 1142 3329 1263 3369; x_wconf 81' lang='lat' dir='ltr'><strong>esse</strong></span> <span class='ocrx_word' id='word_1_466' title='bbox 1291 3329 1524 3371; x_wconf 88' lang='lat' dir='ltr'><strong>tuentem</strong></span> <span class='ocrx_word' id='word_1_467' title='bbox 1551 3330 1605 3372; x_wconf 91' lang='lat' dir='ltr'><strong>et</strong></span> <span class='ocrx_word' id='word_1_468' title='bbox 1633 3323 1868 3374; x_wconf 85' lang='lat' dir='ltr'><strong>animant</strong></span> <span class='ocrx_word' id='word_1_469' title='bbox 1891 3323 2121 3391; x_wconf 82' lang='lat' dir='ltr'><strong>(scilicet</strong></span> <span class='ocrx_word' id='word_1_470' title='bbox 2155 3341 2177 3373; x_wconf 88' lang='lat' dir='ltr'><strong>a</strong></span> <span class='ocrx_word' id='word_1_471' title='bbox 2221 3325 2378 3377; x_wconf 89' lang='lat' dir='ltr'><strong>liher-</strong></span> <span class='ocrx_word' id='word_1_472' title='bbox 2486 3331 2537 3382; x_wconf 90' lang='lat' dir='ltr'><strong>itt</strong></span> <span class='ocrx_word' id='word_1_473' title='bbox 2571 3332 2764 3384; x_wconf 69' lang='lat' dir='ltr'><strong>saecula</strong></span> <span class='ocrx_word' id='word_1_474' title='bbox 2795 3332 3140 3387; x_wconf 76' lang='lat' dir='ltr'><strong>sa‘euloruzu.</strong></span> <span class='ocrx_word' id='word_1_475' title='bbox 3172 3333 3368 3388; x_wconf 84' lang='lat' dir='ltr'><strong>Amen.</strong></span> 
     </span>
    </p>
   </div>
   <div class='ocr_carea' id='block_1_62' title="bbox 801 3397 2375 3483">
    <p class='ocr_par' dir='ltr' id='par_1_62' title="bbox 801 3397 2375 3483">
     <span class='ocr_line' id='line_1_62' title="bbox 801 3397 2375 3483; baseline 0.008 -27"><span class='ocrx_word' id='word_1_476' title='bbox 801 3410 907 3456; x_wconf 84' lang='lat' dir='ltr'><strong>tate</strong></span> <span class='ocrx_word' id='word_1_477' title='bbox 942 3405 1198 3473; x_wconf 89' lang='lat' dir='ltr'><strong>arbitrii),</strong></span> <span class='ocrx_word' id='word_1_478' title='bbox 1238 3418 1286 3460; x_wconf 84' lang='lat' dir='ltr'><strong>et</strong></span> <span class='ocrx_word' id='word_1_479' title='bbox 1319 3419 1479 3463; x_wconf 83' lang='lat' dir='ltr'><strong>tutam</strong></span> <span class='ocrx_word' id='word_1_480' title='bbox 1509 3397 1664 3464; x_wconf 80' lang='lat' dir='ltr'><strong>simul</strong></span> <span class='ocrx_word' id='word_1_481' title='bbox 1719 3414 1770 3465; x_wconf 89' lang='lat' dir='ltr'><strong>itt</strong></span> <span class='ocrx_word' id='word_1_482' title='bbox 1805 3415 2054 3468; x_wconf 88' lang='lat' dir='ltr'><strong>omnibus</strong></span> <span class='ocrx_word' id='word_1_483' title='bbox 2083 3415 2166 3468; x_wconf 82' lang='lat' dir='ltr'><strong>sui</strong></span> <span class='ocrx_word' id='word_1_484' title='bbox 2186 3430 2375 3483; x_wconf 78' lang='lat' dir='ltr'><strong>corpo-</strong></span> 
     </span>
    </p>
   </div>
   <div class='ocr_carea' id='block_1_63' title="bbox 871 3541 1349 3609">
    <p class='ocr_par' dir='ltr' id='par_1_63' title="bbox 871 3541 1349 3609">
     <span class='ocr_line' id='line_1_63' title="bbox 871 3541 1349 3609; baseline 0.013 -14"><span class='ocrx_word' id='word_1_485' title='bbox 871 3541 915 3574; x_wconf 83' lang='grc'><strong>⁸⁵</strong></span> <span class='ocrx_word' id='word_1_486' title='bbox 971 3544 1103 3598; x_wconf 88' lang='lat' dir='ltr'><strong>Dan.</strong></span> <span class='ocrx_word' id='word_1_487' title='bbox 1142 3563 1234 3609; x_wconf 82' lang='lat' dir='ltr'><strong>vn,</strong></span> <span class='ocrx_word' id='word_1_488' title='bbox 1266 3551 1349 3601; x_wconf 85' lang='grc'><strong>10.</strong></span> 
     </span>
    </p>
   </div>
   <div class='ocr_carea' id='block_1_64' title="bbox 873 3637 4051 3761">
    <p class='ocr_par' dir='ltr' id='par_1_64' title="bbox 873 3637 4051 3761">
     <span class='ocr_line' id='line_1_64' title="bbox 873 3637 4051 3761; baseline 0.009 -74"><span class='ocrx_word' id='word_1_489' title='bbox 873 3637 953 3759; x_wconf 83' lang='lat' dir='ltr'><strong>(rt)l</strong></span> <span class='ocrx_word' id='word_1_490' title='bbox 996 3637 1128 3760; x_wconf 75' lang='lat' dir='ltr'><strong>QInia</strong></span> <span class='ocrx_word' id='word_1_491' title='bbox 1157 3650 1232 3761; x_wconf 69' lang='lat' dir='ltr'><strong>clsl</strong></span> <span class='ocrx_word' id='word_1_492' title='bbox 1269 3642 1628 3696; x_wconf 73' lang='lat' dir='ltr'><strong>immutabilis</strong></span> <span class='ocrx_word' id='word_1_493' title='bbox 1657 3645 1953 3699; x_wconf 89' lang='lat' dir='ltr'><strong>secundum</strong></span> <span class='ocrx_word' id='word_1_494' title='bbox 1982 3661 2104 3701; x_wconf 89' lang='lat' dir='ltr'><strong>esse</strong></span> <span class='ocrx_word' id='word_1_495' title='bbox 2161 3657 2216 3702; x_wconf 91' lang='lat' dir='ltr'><strong>et</strong></span> <span class='ocrx_word' id='word_1_496' title='bbox 2274 3652 2579 3705; x_wconf 81' lang='lat' dir='ltr'><strong>secundum</strong></span> <span class='ocrx_word' id='word_1_497' title='bbox 2617 3649 2930 3706; x_wconf 68' lang='lat' dir='ltr'><strong>affectiones</strong></span> <span class='ocrx_word' id='word_1_498' title='bbox 2965 3661 3021 3708; x_wconf 91' lang='lat' dir='ltr'><strong>ct</strong></span> <span class='ocrx_word' id='word_1_499' title='bbox 3053 3655 3427 3724; x_wconf 80' lang='lat' dir='ltr'><strong>operationes,</strong></span> <span class='ocrx_word' id='word_1_500' title='bbox 3475 3657 3750 3723; x_wconf 86' lang='lat' dir='ltr'><strong>quomodo</strong></span> <span class='ocrx_word' id='word_1_501' title='bbox 3789 3675 3892 3713; x_wconf 91' lang='lat' dir='ltr'><strong>non</strong></span> <span class='ocrx_word' id='word_1_502' title='bbox 3923 3673 4051 3718; x_wconf 87' lang='lat' dir='ltr'><strong>sunt</strong></span> 
     </span>
     <span class='ocr_line' id='line_1_65' title="bbox 875 3713 1434 3761; baseline 0.002 0"><span class='ocrx_word' id='word_1_503' title='bbox 875 3713 998 3761; x_wconf 78' lang='lat' dir='ltr'><strong>tzei.</strong></span> <span class='ocrx_word' id='word_1_504' title='bbox 1045 3719 1150 3761; x_wconf 85' lang='lat' dir='ltr'><strong>tcct</strong></span> <span class='ocrx_word' id='word_1_505' title='bbox 1200 3716 1434 3761; x_wconf 79' lang='lat' dir='ltr'><strong>tahcattt.</strong></span> 
     </span>
    </p>
   </div>
   <div class='ocr_carea' id='block_1_65' title="bbox 799 3713 1434 3774">
    <p class='ocr_par' dir='ltr' id='par_1_65' title="bbox 799 3713 1434 3774">
     <span class='ocr_line' id='line_1_66' title="bbox 799 3713 1434 3774; baseline 0.009 -15"><span class='ocrx_word' id='word_1_506' title='bbox 799 3713 998 3774; x_wconf 74' lang='lat' dir='ltr'><strong>angeli,</strong></span> <span class='ocrx_word' id='word_1_507' title='bbox 1025 3713 1150 3762; x_wconf 81' lang='lat' dir='ltr'><strong>licet</strong></span> <span class='ocrx_word' id='word_1_508' title='bbox 1182 3713 1434 3765; x_wconf 80' lang='lat' dir='ltr'><strong>habeant.</strong></span> 
     </span>
    </p>
   </div>
   <div class='ocr_carea' id='block_1_66' title="bbox 807 3899 2643 3926">
    <p class='ocr_par' dir='ltr' id='par_1_66' title="bbox 807 3899 2643 3926">
     <span class='ocr_line' id='line_1_67' title="bbox 807 3899 2643 3926; baseline 0.006 -11"><span class='ocrx_word' id='word_1_509' title='bbox 807 3899 2643 3926; x_wconf 52' lang='grc' dir='ltr'><strong>..Μ-⁸.,</strong></span> 
     </span>
    </p>
   </div>
   <div class='ocr_carea' id='block_1_67' title="bbox 1805 4030 3038 4123">
    <p class='ocr_par' dir='ltr' id='par_1_67' title="bbox 1805 4030 3038 4123">
     <span class='ocr_line' id='line_1_68' title="bbox 1805 4030 3038 4123; baseline 0.006 -9"><span class='ocrx_word' id='word_1_510' title='bbox 1805 4030 2186 4117; x_wconf 73' lang='lat' dir='ltr'><strong>INDEX</strong></span> <span class='ocrx_word' id='word_1_511' title='bbox 2270 4032 3038 4123; x_wconf 68' lang='lat' dir='ltr'><strong>SCRII‘TORUM</strong></span> 
     </span>
    </p>
   </div>
   <div class='ocr_carea' id='block_1_68' title="bbox 1597 4225 3225 4295">
    <p class='ocr_par' dir='ltr' id='par_1_68' title="bbox 1597 4225 3225 4295">
     <span class='ocr_line' id='line_1_69' title="bbox 1597 4225 3225 4295; baseline 0.006 -10"><span class='ocrx_word' id='word_1_512' title='bbox 1597 4227 1675 4285; x_wconf 80' lang='lat' dir='ltr'><strong>IN</strong></span> <span class='ocrx_word' id='word_1_513' title='bbox 1714 4225 2143 4284; x_wconf 80' lang='lat' dir='ltr'><strong>DECADIBUS</strong></span> <span class='ocrx_word' id='word_1_514' title='bbox 2171 4225 2730 4285; x_wconf 63' lang='lat' dir='ltr'><strong>CYI‘:\llI.~&#39;-SIOT.I§</strong></span> <span class='ocrx_word' id='word_1_515' title='bbox 2762 4230 3225 4295; x_wconf 74' lang='lat' dir='ltr'><strong>CITATORUM.</strong></span> 
     </span>
    </p>
   </div>
   <div class='ocr_carea' id='block_1_69' title="bbox 1761 4361 3086 4426">
    <p class='ocr_par' dir='ltr' id='par_1_69' title="bbox 1761 4361 3086 4426">
     <span class='ocr_line' id='line_1_70' title="bbox 1761 4361 3086 4426; baseline 0.003 -14"><span class='ocrx_word' id='word_1_516' title='bbox 1761 4364 1912 4425; x_wconf 83' lang='lat' dir='ltr'><strong>Major</strong></span> <span class='ocrx_word' id='word_1_517' title='bbox 1937 4376 2172 4412; x_wconf 79' lang='lat' dir='ltr'><strong>numerus</strong></span> <span class='ocrx_word' id='word_1_518' title='bbox 2206 4361 2468 4416; x_wconf 83' lang='lat' dir='ltr'><strong>Decadem,</strong></span> <span class='ocrx_word' id='word_1_519' title='bbox 2505 4363 2665 4410; x_wconf 87' lang='lat' dir='ltr'><strong>minor</strong></span> <span class='ocrx_word' id='word_1_520' title='bbox 2695 4371 2838 4426; x_wconf 87' lang='lat' dir='ltr'><strong>caput</strong></span> <span class='ocrx_word' id='word_1_521' title='bbox 2862 4367 3086 4418; x_wconf 79' lang='lat' dir='ltr'><strong>denotat.</strong></span> 
     </span>
    </p>
   </div>
   <div class='ocr_carea' id='block_1_70' title="bbox 871 4579 3182 4654">
    <p class='ocr_par' dir='ltr' id='par_1_70' title="bbox 871 4579 3182 4654">
     <span class='ocr_line' id='line_1_71' title="bbox 871 4579 3182 4654; baseline 0.001 -19"><span class='ocrx_word' id='word_1_522' title='bbox 871 4581 1120 4635; x_wconf 83' lang='lat' dir='ltr'><strong>Abttcara</strong></span> <span class='ocrx_word' id='word_1_523' title='bbox 1154 4579 1269 4632; x_wconf 77' lang='lat' dir='ltr'><strong>sive</strong></span> <span class='ocrx_word' id='word_1_524' title='bbox 1300 4579 1593 4637; x_wconf 80' lang='lat' dir='ltr'><strong>Carrarum</strong></span> <span class='ocrx_word' id='word_1_525' title='bbox 1629 4586 1933 4652; x_wconf 62' lang='lat' dir='ltr'><strong>cpicmp&#39;ts.</strong></span> <span class='ocrx_word' id='word_1_526' title='bbox 1970 4585 2106 4636; x_wconf 68' lang='lat' dir='ltr'><strong>Vide,</strong></span> <span class='ocrx_word' id='word_1_527' title='bbox 2137 4585 2302 4642; x_wconf 73' lang='lat' dir='ltr'><strong>infra.</strong></span> <span class='ocrx_word' id='word_1_528' title='bbox 2330 4585 2576 4654; x_wconf 76' lang='lat' dir='ltr'><strong>synodus</strong></span> <span class='ocrx_word' id='word_1_529' title='bbox 2603 4594 2792 4636; x_wconf 85' lang='lat' dir='ltr'><strong>contra</strong></span> <span class='ocrx_word' id='word_1_530' title='bbox 2829 4584 3182 4639; x_wconf 64' lang='lat' dir='ltr'><strong>Manichacus.</strong></span> 
     </span>
    </p>
   </div>
   <div class='ocr_carea' id='block_1_71' title="bbox 871 4668 2653 4737">
    <p class='ocr_par' dir='ltr' id='par_1_71' title="bbox 871 4668 2653 4737">
     <span class='ocr_line' id='line_1_72' title="bbox 871 4668 2653 4737; baseline 0.002 -16"><span class='ocrx_word' id='word_1_531' title='bbox 871 4668 1145 4721; x_wconf 79' lang='lat' dir='ltr'><strong>Anastasii</strong></span> <span class='ocrx_word' id='word_1_532' title='bbox 1182 4668 1405 4721; x_wconf 72' lang='lat' dir='ltr'><strong>Sina&#39;trc</strong></span> <span class='ocrx_word' id='word_1_533' title='bbox 1438 4675 1613 4725; x_wconf 86' lang='lat' dir='ltr'><strong>oratio</strong></span> <span class='ocrx_word' id='word_1_534' title='bbox 1649 4676 1714 4728; x_wconf 86' lang='lat' dir='ltr'><strong>de</strong></span> <span class='ocrx_word' id='word_1_535' title='bbox 1749 4674 2258 4737; x_wconf 55' lang='lat' dir='ltr'><strong>transﬁguratinn&quot;,</strong></span> <span class='ocrx_word' id='word_1_536' title='bbox 2291 4672 2374 4732; x_wconf 86' lang='lat' dir='ltr'><strong>VI.</strong></span> <span class='ocrx_word' id='word_1_537' title='bbox 2413 4675 2466 4730; x_wconf 73' lang='grc'>4.</span> <span class='ocrx_word' id='word_1_538' title='bbox 2510 4674 2563 4733; x_wconf 75' lang='lat'><strong>5,</strong></span> <span class='ocrx_word' id='word_1_539' title='bbox 2605 4674 2653 4724; x_wconf 81' lang='lat'><strong>7.</strong></span> 
     </span>
    </p>
   </div>
   <div class='ocr_carea' id='block_1_72' title="bbox 867 4758 4058 4832">
    <p class='ocr_par' dir='ltr' id='par_1_72' title="bbox 867 4758 4058 4832">
     <span class='ocr_line' id='line_1_73' title="bbox 867 4758 4058 4832; baseline 0.003 -23"><span class='ocrx_word' id='word_1_540' title='bbox 867 4758 1194 4812; x_wconf 80' lang='lat' dir='ltr'><strong>Anastasius</strong></span> <span class='ocrx_word' id='word_1_541' title='bbox 1227 4760 1600 4816; x_wconf 75' lang='lat' dir='ltr'><strong>Antiocheuus</strong></span> <span class='ocrx_word' id='word_1_542' title='bbox 1635 4763 1794 4818; x_wconf 82' lang='lat' dir='ltr'><strong>libro.</strong></span> <span class='ocrx_word' id='word_1_543' title='bbox 1829 4765 1973 4831; x_wconf 89' lang='lat' dir='ltr'><strong>quod</strong></span> <span class='ocrx_word' id='word_1_544' title='bbox 2009 4764 2148 4815; x_wconf 76' lang='lat' dir='ltr'><strong>Deus</strong></span> <span class='ocrx_word' id='word_1_545' title='bbox 2177 4774 2258 4818; x_wconf 79' lang='lat' dir='ltr'><strong>est</strong></span> <span class='ocrx_word' id='word_1_546' title='bbox 2287 4761 2810 4823; x_wconf 71' lang='lat' dir='ltr'><strong>incircumscriptus,</strong></span> <span class='ocrx_word' id='word_1_547' title='bbox 2851 4760 2917 4819; x_wconf 83' lang='grc' dir='ltr'><strong>Χ.</strong></span> <span class='ocrx_word' id='word_1_548' title='bbox 2947 4761 3000 4814; x_wconf 74' lang='grc'><strong>4.</strong></span> <span class='ocrx_word' id='word_1_549' title='bbox 3035 4760 3090 4813; x_wconf 92' lang='lat' dir='ltr'><strong>In</strong></span> <span class='ocrx_word' id='word_1_550' title='bbox 3123 4762 3298 4829; x_wconf 87' lang='lat' dir='ltr'><strong>primo</strong></span> <span class='ocrx_word' id='word_1_551' title='bbox 3331 4762 3470 4814; x_wconf 88' lang='lat' dir='ltr'><strong>libro</strong></span> <span class='ocrx_word' id='word_1_552' title='bbox 3506 4767 3568 4816; x_wconf 86' lang='lat' dir='ltr'><strong>de</strong></span> <span class='ocrx_word' id='word_1_553' title='bbox 3599 4765 3800 4818; x_wconf 82' lang='lat' dir='ltr'><strong>nostris</strong></span> <span class='ocrx_word' id='word_1_554' title='bbox 3832 4767 4058 4832; x_wconf 70' lang='lat' dir='ltr'><strong>dogma—</strong></span> 
     </span>
    </p>
   </div>
   <div class='ocr_carea' id='block_1_73' title="bbox 801 4847 4061 4922">
    <p class='ocr_par' dir='ltr' id='par_1_73' title="bbox 801 4847 4061 4922">
     <span class='ocr_line' id='line_1_74' title="bbox 801 4847 4061 4922; baseline 0.003 -24"><span class='ocrx_word' id='word_1_555' title='bbox 801 4847 944 4902; x_wconf 90' lang='lat' dir='ltr'><strong>tihus</strong></span> <span class='ocrx_word' id='word_1_556' title='bbox 985 4849 1253 4906; x_wconf 73' lang='lat' dir='ltr'><strong>veritatis.</strong></span> <span class='ocrx_word' id='word_1_557' title='bbox 1288 4847 1404 4910; x_wconf 84' lang='lat' dir='ltr'><strong>VII,</strong></span> <span class='ocrx_word' id='word_1_558' title='bbox 1435 4850 1505 4914; x_wconf 80' lang='lat'><strong>9;</strong></span> <span class='ocrx_word' id='word_1_559' title='bbox 1542 4851 1634 4914; x_wconf 75' lang='lat' dir='ltr'><strong>IX,</strong></span> <span class='ocrx_word' id='word_1_560' title='bbox 1675 4855 1740 4911; x_wconf 70' lang='lat'><strong>4;</strong></span> <span class='ocrx_word' id='word_1_561' title='bbox 1775 4865 1966 4907; x_wconf 82' lang='lat' dir='ltr'><strong>contra</strong></span> <span class='ocrx_word' id='word_1_562' title='bbox 2008 4853 2276 4922; x_wconf 72' lang='lat' dir='ltr'><strong>Mmmp&#39;ty</strong></span> <span class='ocrx_word' id='word_1_563' title='bbox 2312 4854 2434 4917; x_wconf 74' lang='lat' dir='ltr'><strong>itas,</strong></span> <span class='ocrx_word' id='word_1_564' title='bbox 2477 4850 2610 4912; x_wconf 87' lang='lat' dir='ltr'><strong>VIII,</strong></span> <span class='ocrx_word' id='word_1_565' title='bbox 2641 4851 2723 4906; x_wconf 90' lang='lat' dir='ltr'><strong>I0.</strong></span> <span class='ocrx_word' id='word_1_566' title='bbox 2761 4850 3067 4904; x_wconf 78' lang='lat' dir='ltr'><strong>Confutans</strong></span> <span class='ocrx_word' id='word_1_567' title='bbox 3096 4851 3412 4919; x_wconf 87' lang='lat' dir='ltr'><strong>opinionem</strong></span> <span class='ocrx_word' id='word_1_568' title='bbox 3467 4851 3892 4908; x_wconf 71' lang='lat' dir='ltr'><strong>Manichaeorum</strong></span> <span class='ocrx_word' id='word_1_569' title='bbox 3935 4857 4061 4909; x_wconf 86' lang='lat' dir='ltr'><strong>Din-</strong></span> 
     </span>
    </p>
   </div>
   <div class='ocr_carea' id='block_1_74' title="bbox 803 4935 1514 5003">
    <p class='ocr_par' dir='ltr' id='par_1_74' title="bbox 803 4935 1514 5003">
     <span class='ocr_line' id='line_1_75' title="bbox 803 4935 1514 5003; baseline 0.01 -17"><span class='ocrx_word' id='word_1_570' title='bbox 803 4935 1018 5003; x_wconf 80' lang='lat' dir='ltr'><strong>nysium</strong></span> <span class='ocrx_word' id='word_1_571' title='bbox 1063 4935 1215 4988; x_wconf 83' lang='lat' dir='ltr'><strong>Alex.</strong></span> <span class='ocrx_word' id='word_1_572' title='bbox 1250 4939 1400 4991; x_wconf 84' lang='lat' dir='ltr'><strong>citat.</strong></span> <span class='ocrx_word' id='word_1_573' title='bbox 1438 4938 1514 4993; x_wconf 93' lang='lat' dir='ltr'><strong>id.</strong></span> 
     </span>
    </p>
   </div>
   <div class='ocr_carea' id='block_1_75' title="bbox 872 5025 3040 5099">
    <p class='ocr_par' dir='ltr' id='par_1_75' title="bbox 872 5025 3040 5099">
     <span class='ocr_line' id='line_1_76' title="bbox 872 5025 3040 5099; baseline 0.006 -24"><span class='ocrx_word' id='word_1_574' title='bbox 872 5025 1122 5078; x_wconf 83' lang='lat' dir='ltr'><strong>Andreas</strong></span> <span class='ocrx_word' id='word_1_575' title='bbox 1149 5026 1428 5083; x_wconf 80' lang='lat' dir='ltr'><strong>Cretensis</strong></span> <span class='ocrx_word' id='word_1_576' title='bbox 1465 5031 1517 5083; x_wconf 88' lang='lat' dir='ltr'><strong>in</strong></span> <span class='ocrx_word' id='word_1_577' title='bbox 1552 5047 1749 5099; x_wconf 80' lang='lat' dir='ltr'><strong>magno</strong></span> <span class='ocrx_word' id='word_1_578' title='bbox 1781 5046 2012 5093; x_wconf 77' lang='lat' dir='ltr'><strong>canone,</strong></span> <span class='ocrx_word' id='word_1_579' title='bbox 2048 5031 2133 5093; x_wconf 68' lang='lat' dir='ltr'><strong>\‘I,</strong></span> <span class='ocrx_word' id='word_1_580' title='bbox 2166 5032 2215 5085; x_wconf 84' lang='lat'><strong>6.</strong></span> <span class='ocrx_word' id='word_1_581' title='bbox 3034 5082 3040 5089; x_wconf 93' lang='lat'><strong>.</strong></span> 
     </span>
    </p>
   </div>
   <div class='ocr_carea' id='block_1_76' title="bbox 870 5113 2626 5185">
    <p class='ocr_par' dir='ltr' id='par_1_76' title="bbox 870 5113 2620 5185">
     <span class='ocr_line' id='line_1_77' title="bbox 870 5113 2620 5185; baseline 0.003 -21"><span class='ocrx_word' id='word_1_582' title='bbox 870 5113 1227 5177; x_wconf 82' lang='lat' dir='ltr'><strong>Athanasius,</strong></span> <span class='ocrx_word' id='word_1_583' title='bbox 1265 5115 1301 5171; x_wconf 84' lang='lat' dir='ltr'><strong>l.</strong></span> <span class='ocrx_word' id='word_1_584' title='bbox 1332 5117 1362 5170; x_wconf 91' lang='grc'>8</span> <span class='ocrx_word' id='word_1_585' title='bbox 1395 5117 1413 5185; x_wconf 89' lang='grc'>(</span> <span class='ocrx_word' id='word_1_586' title='bbox 1445 5117 1650 5182; x_wconf 61' lang='lat' dir='ltr'><strong>Quaest.</strong></span> <span class='ocrx_word' id='word_1_587' title='bbox 1685 5121 1749 5170; x_wconf 86' lang='lat' dir='ltr'><strong>ad</strong></span> <span class='ocrx_word' id='word_1_588' title='bbox 1788 5121 2055 5173; x_wconf 67' lang='lat' dir='ltr'><strong>Aulim-hu</strong></span> <span class='ocrx_word' id='word_1_589' title='bbox 2086 5139 2138 5178; x_wconf 81' lang='grc' dir='ltr'><strong>ιι,</strong></span> <span class='ocrx_word' id='word_1_590' title='bbox 2174 5120 2306 5180; x_wconf 86' lang='lat' dir='ltr'><strong>VIII,</strong></span> <span class='ocrx_word' id='word_1_591' title='bbox 2342 5122 2371 5162; x_wconf 57' lang='grc' dir='ltr'><strong>δὲ</strong></span> <span class='ocrx_word' id='word_1_592' title='bbox 2396 5121 2453 5185; x_wconf 89' lang='grc'><strong>);</strong></span> <span class='ocrx_word' id='word_1_593' title='bbox 2494 5117 2556 5178; x_wconf 80' lang='lat' dir='ltr'><strong>il,</strong></span> <span class='ocrx_word' id='word_1_594' title='bbox 2590 5117 2620 5169; x_wconf 89' lang='lat'>8</span> 
     </span>
    </p>
   </div>
   <div class='ocr_carea' id='block_1_77' title="bbox 2295 5113 4051 5185">
    <p class='ocr_par' dir='ltr' id='par_1_77' title="bbox 2295 5114 4051 5185">
     <span class='ocr_line' id='line_1_78' title="bbox 2295 5114 4051 5185; baseline 0.006 -23"><span class='ocrx_word' id='word_1_595' title='bbox 2295 5122 2371 5180; x_wconf 60' lang='grc' dir='ltr'><strong>,κ</strong></span> <span class='ocrx_word' id='word_1_596' title='bbox 2396 5121 2453 5185; x_wconf 87' lang='grc'><strong>);</strong></span> <span class='ocrx_word' id='word_1_597' title='bbox 2494 5117 2556 5178; x_wconf 83' lang='lat' dir='ltr'><strong>tl,</strong></span> <span class='ocrx_word' id='word_1_598' title='bbox 2590 5117 2660 5169; x_wconf 89' lang='lat'><strong>8:</strong></span> <span class='ocrx_word' id='word_1_599' title='bbox 2716 5114 2806 5178; x_wconf 72' lang='lat' dir='ltr'><strong>IX,</strong></span> <span class='ocrx_word' id='word_1_600' title='bbox 2845 5117 2893 5173; x_wconf 91' lang='lat' dir='ltr'><strong>t.</strong></span> <span class='ocrx_word' id='word_1_601' title='bbox 2925 5115 2980 5169; x_wconf 70' lang='grc' dir='ltr'><strong>εὶ.</strong></span> <span class='ocrx_word' id='word_1_602' title='bbox 3032 5115 3236 5170; x_wconf 84' lang='lat' dir='ltr'><strong>Contra</strong></span> <span class='ocrx_word' id='word_1_603' title='bbox 3277 5117 3528 5181; x_wconf 75' lang='lat' dir='ltr'><strong>Arianos,</strong></span> <span class='ocrx_word' id='word_1_604' title='bbox 3564 5116 3676 5181; x_wconf 75' lang='lat' dir='ltr'><strong>VII,</strong></span> <span class='ocrx_word' id='word_1_605' title='bbox 3709 5117 3780 5178; x_wconf 86' lang='lat' dir='ltr'><strong>I;</strong></span> <span class='ocrx_word' id='word_1_606' title='bbox 3831 5118 3924 5178; x_wconf 81' lang='lat' dir='ltr'><strong>IX.</strong></span> <span class='ocrx_word' id='word_1_607' title='bbox 3986 5120 4051 5183; x_wconf 87' lang='lat'><strong>7;</strong></span> 
     </span>
    </p>
   </div>
   <div class='ocr_carea' id='block_1_78' title="bbox 798 5201 4058 5277">
    <p class='ocr_par' dir='ltr' id='par_1_78' title="bbox 798 5201 4058 5277">
     <span class='ocr_line' id='line_1_79' title="bbox 798 5201 4058 5277; baseline 0.004 -24"><span class='ocrx_word' id='word_1_608' title='bbox 798 5201 936 5256; x_wconf 90' lang='lat' dir='ltr'><strong>libro</strong></span> <span class='ocrx_word' id='word_1_609' title='bbox 969 5204 1164 5270; x_wconf 80' lang='lat' dir='ltr'><strong>primo,</strong></span> <span class='ocrx_word' id='word_1_610' title='bbox 1197 5203 1264 5266; x_wconf 83' lang='lat' dir='ltr'><strong>X,</strong></span> <span class='ocrx_word' id='word_1_611' title='bbox 1297 5206 1368 5269; x_wconf 68' lang='lat'><strong>4;</strong></span> <span class='ocrx_word' id='word_1_612' title='bbox 1412 5209 1677 5272; x_wconf 87' lang='lat' dir='ltr'><strong>secundo,</strong></span> <span class='ocrx_word' id='word_1_613' title='bbox 1721 5207 1805 5270; x_wconf 84' lang='lat' dir='ltr'><strong>Vl,</strong></span> <span class='ocrx_word' id='word_1_614' title='bbox 1842 5207 1913 5270; x_wconf 90' lang='lat'><strong>8;</strong></span> <span class='ocrx_word' id='word_1_615' title='bbox 1957 5207 2063 5269; x_wconf 87' lang='lat' dir='ltr'><strong>VII,</strong></span> <span class='ocrx_word' id='word_1_616' title='bbox 2099 5210 2129 5261; x_wconf 85' lang='grc'>5</span> <span class='ocrx_word' id='word_1_617' title='bbox 2161 5225 2173 5272; x_wconf 92' lang='grc'><strong>;</strong></span> <span class='ocrx_word' id='word_1_618' title='bbox 2206 5208 2294 5273; x_wconf 78' lang='lat' dir='ltr'><strong>IX,</strong></span> <span class='ocrx_word' id='word_1_619' title='bbox 2329 5208 2394 5271; x_wconf 88' lang='lat'><strong>6;</strong></span> <span class='ocrx_word' id='word_1_620' title='bbox 2429 5209 2610 5270; x_wconf 72' lang='lat' dir='ltr'><strong>tet-tio,</strong></span> <span class='ocrx_word' id='word_1_621' title='bbox 2643 5204 2729 5267; x_wconf 93' lang='lat' dir='ltr'><strong>Ill,</strong></span> <span class='ocrx_word' id='word_1_622' title='bbox 2764 5204 2818 5266; x_wconf 89' lang='lat'><strong>6,</strong></span> <span class='ocrx_word' id='word_1_623' title='bbox 2843 5205 2912 5269; x_wconf 86' lang='lat'><strong>7;</strong></span> <span class='ocrx_word' id='word_1_624' title='bbox 2970 5203 3085 5268; x_wconf 90' lang='lat' dir='ltr'><strong>VII,</strong></span> <span class='ocrx_word' id='word_1_625' title='bbox 3118 5204 3186 5270; x_wconf 71' lang='lat'><strong>4;</strong></span> <span class='ocrx_word' id='word_1_626' title='bbox 3225 5214 3445 5274; x_wconf 84' lang='lat' dir='ltr'><strong>quarto,</strong></span> <span class='ocrx_word' id='word_1_627' title='bbox 3501 5204 3592 5268; x_wconf 75' lang='lat' dir='ltr'><strong>IX,</strong></span> <span class='ocrx_word' id='word_1_628' title='bbox 3627 5207 3679 5271; x_wconf 91' lang='lat'><strong>8,</strong></span> <span class='ocrx_word' id='word_1_629' title='bbox 3710 5205 3778 5261; x_wconf 89' lang='lat'><strong>9:</strong></span> <span class='ocrx_word' id='word_1_630' title='bbox 3837 5209 4058 5277; x_wconf 88' lang='lat' dir='ltr'><strong>quinto.</strong></span> 
     </span>
    </p>
   </div>
   <div class='ocr_carea' id='block_1_79' title="bbox 800 5293 2556 5367">
    <p class='ocr_par' dir='ltr' id='par_1_79' title="bbox 800 5294 2556 5367">
     <span class='ocr_line' id='line_1_80' title="bbox 800 5294 2556 5367; baseline 0.001 -19"><span class='ocrx_word' id='word_1_631' title='bbox 800 5294 890 5358; x_wconf 80' lang='lat' dir='ltr'><strong>IX,</strong></span> <span class='ocrx_word' id='word_1_632' title='bbox 921 5295 973 5360; x_wconf 93' lang='lat'><strong>6,</strong></span> <span class='ocrx_word' id='word_1_633' title='bbox 1010 5294 1062 5350; x_wconf 91' lang='lat'><strong>8.</strong></span> <span class='ocrx_word' id='word_1_634' title='bbox 1103 5295 1253 5363; x_wconf 89' lang='lat' dir='ltr'><strong>Disp.</strong></span> <span class='ocrx_word' id='word_1_635' title='bbox 1292 5294 1508 5352; x_wconf 67' lang='lat' dir='ltr'><strong>Nicaena</strong></span> <span class='ocrx_word' id='word_1_636' title='bbox 1547 5308 1736 5351; x_wconf 73' lang='lat' dir='ltr'><strong>contza</strong></span> <span class='ocrx_word' id='word_1_637' title='bbox 1767 5299 2016 5363; x_wconf 64' lang='lat' dir='ltr'><strong>Arianos,</strong></span> <span class='ocrx_word' id='word_1_638' title='bbox 2049 5297 2133 5361; x_wconf 90' lang='lat' dir='ltr'><strong>Ill,</strong></span> <span class='ocrx_word' id='word_1_639' title='bbox 2166 5301 2215 5351; x_wconf 80' lang='lat' dir='ltr'><strong>ti.</strong></span> <span class='ocrx_word' id='word_1_640' title='bbox 2251 5298 2408 5367; x_wconf 63' lang='grc' dir='ltr'><strong>Λόγῳ</strong></span> <span class='ocrx_word' id='word_1_641' title='bbox 2447 5314 2556 5366; x_wconf 76' lang='grc' dir='ltr'><strong>κηρ</strong></span> 
     </span>
    </p>
   </div>
   <div class='ocr_carea' id='block_1_80' title="bbox 2300 5293 4056 5367">
    <p class='ocr_par' dir='ltr' id='par_1_80' title="bbox 2300 5293 4056 5367">
     <span class='ocr_line' id='line_1_81' title="bbox 2300 5293 4056 5367; baseline 0.002 -19"><span class='ocrx_word' id='word_1_642' title='bbox 2300 5298 2408 5367; x_wconf 63' lang='grc' dir='ltr'><strong>ιᾶγῳ</strong></span> <span class='ocrx_word' id='word_1_643' title='bbox 2447 5293 2771 5366; x_wconf 75' lang='grc' dir='ltr'><strong>κηρυκτικῷ</strong></span> <span class='ocrx_word' id='word_1_644' title='bbox 2812 5293 2865 5346; x_wconf 91' lang='lat' dir='ltr'><strong>in</strong></span> <span class='ocrx_word' id='word_1_645' title='bbox 2921 5294 3410 5348; x_wconf 85' lang='lat' dir='ltr'><strong>Annuntiationem</strong></span> <span class='ocrx_word' id='word_1_646' title='bbox 3447 5294 3507 5348; x_wconf 82' lang='grc' dir='ltr'><strong>Β.</strong></span> <span class='ocrx_word' id='word_1_647' title='bbox 3561 5293 3822 5365; x_wconf 80' lang='lat' dir='ltr'><strong>Virginis,</strong></span> <span class='ocrx_word' id='word_1_648' title='bbox 3879 5295 3946 5357; x_wconf 79' lang='grc' dir='ltr'><strong>Χ.</strong></span> <span class='ocrx_word' id='word_1_649' title='bbox 4003 5297 4056 5351; x_wconf 89' lang='lat'><strong>8.</strong></span> 
     </span>
    </p>
   </div>
   <div class='ocr_carea' id='block_1_81' title="bbox 795 5381 4059 5457">
    <p class='ocr_par' dir='ltr' id='par_1_81' title="bbox 795 5381 4059 5457">
     <span class='ocr_line' id='line_1_82' title="bbox 795 5381 4059 5457; baseline 0.001 -21"><span class='ocrx_word' id='word_1_650' title='bbox 795 5382 1076 5446; x_wconf 83' lang='lat' dir='ltr'><strong>Oratione,</strong></span> <span class='ocrx_word' id='word_1_651' title='bbox 1107 5385 1267 5453; x_wconf 82' lang='lat' dir='ltr'><strong>cujus</strong></span> <span class='ocrx_word' id='word_1_652' title='bbox 1300 5386 1554 5440; x_wconf 91' lang='lat' dir='ltr'><strong>initium:</strong></span> <span class='ocrx_word' id='word_1_653' title='bbox 1593 5387 1854 5442; x_wconf 81' lang='lat' dir='ltr'><strong>Omnibus</strong></span> <span class='ocrx_word' id='word_1_654' title='bbox 1888 5388 2048 5449; x_wconf 85' lang='lat' dir='ltr'><strong>vubt&#39;s,</strong></span> <span class='ocrx_word' id='word_1_655' title='bbox 2078 5389 2168 5457; x_wconf 86' lang='lat' dir='ltr'><strong>qui</strong></span> <span class='ocrx_word' id='word_1_656' title='bbox 2203 5390 2255 5440; x_wconf 86' lang='lat' dir='ltr'><strong>in</strong></span> <span class='ocrx_word' id='word_1_657' title='bbox 2280 5405 2438 5439; x_wconf 81' lang='lat' dir='ltr'><strong>unum</strong></span> <span class='ocrx_word' id='word_1_658' title='bbox 2475 5383 2791 5437; x_wconf 72' lang='lat' dir='ltr'><strong>convenistis</strong></span> <span class='ocrx_word' id='word_1_659' title='bbox 2817 5398 2833 5443; x_wconf 86' lang='lat'><strong>,&#39;</strong></span> <span class='ocrx_word' id='word_1_660' title='bbox 2859 5397 2969 5452; x_wconf 85' lang='lat' dir='ltr'><strong>quo</strong></span> <span class='ocrx_word' id='word_1_661' title='bbox 2999 5381 3190 5436; x_wconf 80' lang='lat' dir='ltr'><strong>Patres</strong></span> <span class='ocrx_word' id='word_1_662' title='bbox 3222 5381 3425 5436; x_wconf 64' lang='lat' dir='ltr'><strong>Nicmni</strong></span> <span class='ocrx_word' id='word_1_663' title='bbox 3457 5392 3604 5437; x_wconf 84' lang='lat' dir='ltr'><strong>recte</strong></span> <span class='ocrx_word' id='word_1_664' title='bbox 3628 5383 3712 5438; x_wconf 89' lang='lat' dir='ltr'><strong>ttsi</strong></span> <span class='ocrx_word' id='word_1_665' title='bbox 3749 5393 3879 5439; x_wconf 90' lang='lat' dir='ltr'><strong>sunt</strong></span> <span class='ocrx_word' id='word_1_666' title='bbox 3923 5400 4059 5439; x_wconf 84' lang='lat' dir='ltr'><strong>voce</strong></span> 
     </span>
    </p>
   </div>
   <div class='ocr_carea' id='block_1_82' title="bbox 797 5451 4066 5545">
    <p class='ocr_par' dir='ltr' id='par_1_82' title="bbox 797 5451 4066 5545">
     <span class='ocr_line' id='line_1_83' title="bbox 797 5451 4066 5545; baseline 0.001 -23"><span class='ocrx_word' id='word_1_667' title='bbox 797 5451 1086 5536; x_wconf 74' lang='lat' dir='ltr'><strong>Iiomonst&#39;t&#39;,</strong></span> <span class='ocrx_word' id='word_1_668' title='bbox 1124 5451 1190 5538; x_wconf 73' lang='lat' dir='ltr'><strong>X,</strong></span> <span class='ocrx_word' id='word_1_669' title='bbox 1229 5473 1279 5528; x_wconf 83' lang='lat' dir='ltr'><strong>I.</strong></span> <span class='ocrx_word' id='word_1_670' title='bbox 1335 5475 1688 5545; x_wconf 78' lang='lat' dir='ltr'><strong>Apologctieo</strong></span> <span class='ocrx_word' id='word_1_671' title='bbox 1745 5491 1843 5544; x_wconf 76' lang='lat' dir='ltr'><strong>pro</strong></span> <span class='ocrx_word' id='word_1_672' title='bbox 1878 5451 2099 5544; x_wconf 38' lang='lat' dir='ltr'><strong>sv&#39;todo&#39;</strong></span> <span class='ocrx_word' id='word_1_673' title='bbox 2146 5476 2383 5538; x_wconf 71' lang='lat' dir='ltr'><strong>Nicaena,</strong></span> <span class='ocrx_word' id='word_1_674' title='bbox 2438 5473 2524 5536; x_wconf 90' lang='lat' dir='ltr'><strong>IV,</strong></span> <span class='ocrx_word' id='word_1_675' title='bbox 2561 5475 2628 5535; x_wconf 87' lang='lat'><strong>8;</strong></span> <span class='ocrx_word' id='word_1_676' title='bbox 2665 5473 2730 5538; x_wconf 81' lang='grc' dir='ltr'><strong>Χ,</strong></span> <span class='ocrx_word' id='word_1_677' title='bbox 2770 5473 2817 5525; x_wconf 93' lang='lat' dir='ltr'><strong>I.</strong></span> <span class='ocrx_word' id='word_1_678' title='bbox 2884 5471 2955 5523; x_wconf 89' lang='lat' dir='ltr'><strong>De</strong></span> <span class='ocrx_word' id='word_1_679' title='bbox 2996 5469 3232 5522; x_wconf 85' lang='lat' dir='ltr'><strong>adventu</strong></span> <span class='ocrx_word' id='word_1_680' title='bbox 3290 5470 3383 5524; x_wconf 88' lang='lat' dir='ltr'><strong>Dei</strong></span> <span class='ocrx_word' id='word_1_681' title='bbox 3445 5470 3499 5523; x_wconf 93' lang='lat' dir='ltr'><strong>in</strong></span> <span class='ocrx_word' id='word_1_682' title='bbox 3553 5485 3736 5533; x_wconf 83' lang='lat' dir='ltr'><strong>carne,</strong></span> <span class='ocrx_word' id='word_1_683' title='bbox 3771 5469 3862 5533; x_wconf 80' lang='lat' dir='ltr'><strong>IX,</strong></span> <span class='ocrx_word' id='word_1_684' title='bbox 3901 5471 3950 5523; x_wconf 86' lang='lat'><strong>7.</strong></span> <span class='ocrx_word' id='word_1_685' title='bbox 3989 5471 4066 5524; x_wconf 87' lang='lat' dir='ltr'><strong>De</strong></span> 
     </span>
    </p>
   </div>
   <div class='ocr_carea' id='block_1_83' title="bbox 799 5555 4069 5632">
    <p class='ocr_par' dir='ltr' id='par_1_83' title="bbox 799 5555 4069 5632">
     <span class='ocr_line' id='line_1_84' title="bbox 799 5555 4069 5632; baseline 0 -20"><span class='ocrx_word' id='word_1_686' title='bbox 799 5561 1180 5615; x_wconf 77' lang='lat' dir='ltr'><strong>Incaruationo</strong></span> <span class='ocrx_word' id='word_1_687' title='bbox 1219 5561 1399 5625; x_wconf 78' lang='lat' dir='ltr'><strong>Verbi,</strong></span> <span class='ocrx_word' id='word_1_688' title='bbox 1433 5563 1496 5625; x_wconf 85' lang='lat' dir='ltr'><strong>V.</strong></span> <span class='ocrx_word' id='word_1_689' title='bbox 1532 5566 1600 5629; x_wconf 82' lang='lat'><strong>9;</strong></span> <span class='ocrx_word' id='word_1_690' title='bbox 1635 5565 1728 5625; x_wconf 72' lang='lat' dir='ltr'><strong>IX,</strong></span> <span class='ocrx_word' id='word_1_691' title='bbox 1768 5564 1821 5617; x_wconf 80' lang='lat'><strong>3.</strong></span> <span class='ocrx_word' id='word_1_692' title='bbox 1865 5565 2029 5632; x_wconf 78' lang='lat' dir='ltr'><strong>Epist.</strong></span> <span class='ocrx_word' id='word_1_693' title='bbox 2066 5564 2128 5614; x_wconf 87' lang='lat' dir='ltr'><strong>ad</strong></span> <span class='ocrx_word' id='word_1_694' title='bbox 2182 5565 2558 5632; x_wconf 79' lang='lat' dir='ltr'><strong>Serapionem,</strong></span> <span class='ocrx_word' id='word_1_695' title='bbox 2597 5561 2716 5622; x_wconf 89' lang='lat' dir='ltr'><strong>VII,</strong></span> <span class='ocrx_word' id='word_1_696' title='bbox 2769 5561 2824 5621; x_wconf 77' lang='lat'><strong>3,</strong></span> <span class='ocrx_word' id='word_1_697' title='bbox 2880 5559 2931 5621; x_wconf 63' lang='lat' dir='ltr'><strong>II,</strong></span> <span class='ocrx_word' id='word_1_698' title='bbox 2961 5558 3029 5623; x_wconf 83' lang='lat'><strong>9;</strong></span> <span class='ocrx_word' id='word_1_699' title='bbox 3090 5555 3224 5625; x_wconf 84' lang='lat' dir='ltr'><strong>VIII,</strong></span> <span class='ocrx_word' id='word_1_700' title='bbox 3279 5557 3347 5623; x_wconf 66' lang='grc' dir='ltr'><strong>Ως</strong></span> <span class='ocrx_word' id='word_1_701' title='bbox 3409 5557 3503 5623; x_wconf 83' lang='lat' dir='ltr'><strong>IX,</strong></span> <span class='ocrx_word' id='word_1_702' title='bbox 3534 5559 3587 5624; x_wconf 84' lang='lat'><strong>5,</strong></span> <span class='ocrx_word' id='word_1_703' title='bbox 3623 5558 3678 5624; x_wconf 91' lang='lat'><strong>6,</strong></span> <span class='ocrx_word' id='word_1_704' title='bbox 3724 5560 3777 5615; x_wconf 91' lang='lat'><strong>9.</strong></span> <span class='ocrx_word' id='word_1_705' title='bbox 3843 5557 4069 5627; x_wconf 69' lang='lat' dir='ltr'><strong>Dialogo</strong></span> 
     </span>
    </p>
   </div>
   <div class='ocr_carea' id='block_1_84' title="bbox 797 5649 4064 5722">
    <p class='ocr_par' dir='ltr' id='par_1_84' title="bbox 797 5649 4064 5722">
     <span class='ocr_line' id='line_1_85' title="bbox 797 5649 4064 5722; baseline -0 -20"><span class='ocrx_word' id='word_1_706' title='bbox 797 5649 1096 5703; x_wconf 81' lang='lat' dir='ltr'><strong>Urthodoxi</strong></span> <span class='ocrx_word' id='word_1_707' title='bbox 1127 5663 1180 5704; x_wconf 91' lang='lat' dir='ltr'><strong>et</strong></span> <span class='ocrx_word' id='word_1_708' title='bbox 1213 5653 1488 5716; x_wconf 78' lang='lat' dir='ltr'><strong>Anounri,</strong></span> <span class='ocrx_word' id='word_1_709' title='bbox 1524 5654 1612 5715; x_wconf 79' lang='lat' dir='ltr'><strong>IX.</strong></span> <span class='ocrx_word' id='word_1_710' title='bbox 1643 5655 1705 5716; x_wconf 68' lang='grc'><strong>4,</strong></span> <span class='ocrx_word' id='word_1_711' title='bbox 1738 5656 1766 5706; x_wconf 88' lang='grc'>7</span> <span class='ocrx_word' id='word_1_712' title='bbox 1799 5671 1812 5717; x_wconf 91' lang='lat'><strong>;</strong></span> <span class='ocrx_word' id='word_1_713' title='bbox 1846 5654 1910 5708; x_wconf 76' lang='grc' dir='ltr'><strong>Χ.</strong></span> <span class='ocrx_word' id='word_1_714' title='bbox 1938 5654 1993 5718; x_wconf 71' lang='grc'><strong>4,</strong></span> <span class='ocrx_word' id='word_1_715' title='bbox 2034 5654 2100 5710; x_wconf 84' lang='grc' dir='ltr'><strong>Ἱ;</strong></span> <span class='ocrx_word' id='word_1_716' title='bbox 2146 5653 2196 5706; x_wconf 92' lang='lat' dir='ltr'><strong>itt</strong></span> <span class='ocrx_word' id='word_1_717' title='bbox 2235 5652 2733 5722; x_wconf 67' lang='lat' dir='ltr'><strong>l£\positi0tte-Iidei</strong></span> <span class='ocrx_word' id='word_1_718' title='bbox 2765 5652 2818 5705; x_wconf 92' lang='lat' dir='ltr'><strong>in</strong></span> <span class='ocrx_word' id='word_1_719' title='bbox 2855 5651 3028 5720; x_wconf 86' lang='lat' dir='ltr'><strong>prima</strong></span> <span class='ocrx_word' id='word_1_720' title='bbox 3061 5650 3275 5720; x_wconf 88' lang='lat' dir='ltr'><strong>synodo</strong></span> <span class='ocrx_word' id='word_1_721' title='bbox 3332 5649 3350 5718; x_wconf 93' lang='lat'>(</span> <span class='ocrx_word' id='word_1_722' title='bbox 3380 5649 3691 5720; x_wconf 87' lang='lat' dir='ltr'><strong>symbolum</strong></span> <span class='ocrx_word' id='word_1_723' title='bbox 3741 5650 3992 5716; x_wconf 68' lang='lat' dir='ltr'><strong>intelligit</strong></span> <span class='ocrx_word' id='word_1_724' title='bbox 4023 5653 4064 5713; x_wconf 84' lang='grc'><strong>),</strong></span> 
     </span>
    </p>
   </div>
   <div class='ocr_carea' id='block_1_85' title="bbox 798 5737 4070 5812">
    <p class='ocr_par' dir='ltr' id='par_1_85' title="bbox 798 5737 4070 5812">
     <span class='ocr_line' id='line_1_86' title="bbox 798 5737 4070 5812; baseline -0 -21"><span class='ocrx_word' id='word_1_725' title='bbox 798 5737 881 5793; x_wconf 75' lang='lat' dir='ltr'><strong>IX,</strong></span> <span class='ocrx_word' id='word_1_726' title='bbox 927 5739 977 5791; x_wconf 77' lang='grc'><strong>3.</strong></span> <span class='ocrx_word' id='word_1_727' title='bbox 1018 5740 1166 5797; x_wconf 65' lang='lat' dir='ltr'><strong>Disp.</strong></span> <span class='ocrx_word' id='word_1_728' title='bbox 1208 5755 1400 5796; x_wconf 67' lang='lat' dir='ltr'><strong>contra</strong></span> <span class='ocrx_word' id='word_1_729' title='bbox 1437 5743 1625 5798; x_wconf 79' lang='lat' dir='ltr'><strong>Arian.</strong></span> <span class='ocrx_word' id='word_1_730' title='bbox 1661 5743 1752 5805; x_wconf 72' lang='lat' dir='ltr'><strong>IX,</strong></span> <span class='ocrx_word' id='word_1_731' title='bbox 1800 5743 1850 5796; x_wconf 84' lang='lat'><strong>6.</strong></span> <span class='ocrx_word' id='word_1_732' title='bbox 1887 5740 2090 5797; x_wconf 79' lang='lat' dir='ltr'><strong>Contra</strong></span> <span class='ocrx_word' id='word_1_733' title='bbox 2125 5759 2240 5802; x_wconf 47' lang='lat' dir='ltr'><strong>eos.</strong></span> <span class='ocrx_word' id='word_1_734' title='bbox 2277 5748 2368 5812; x_wconf 82' lang='lat' dir='ltr'><strong>qttt</strong></span> <span class='ocrx_word' id='word_1_735' title='bbox 2401 5742 2647 5799; x_wconf 83' lang='lat' dir='ltr'><strong>serviunt</strong></span> <span class='ocrx_word' id='word_1_736' title='bbox 2679 5738 2860 5795; x_wconf 74' lang='lat' dir='ltr'><strong>verbis</strong></span> <span class='ocrx_word' id='word_1_737' title='bbox 2913 5748 2963 5792; x_wconf 82' lang='lat' dir='ltr'><strong>et</strong></span> <span class='ocrx_word' id='word_1_738' title='bbox 3002 5755 3105 5792; x_wconf 92' lang='lat' dir='ltr'><strong>non</strong></span> <span class='ocrx_word' id='word_1_739' title='bbox 3149 5738 3469 5793; x_wconf 87' lang='lat' dir='ltr'><strong>nominibus</strong></span> <span class='ocrx_word' id='word_1_740' title='bbox 3514 5751 3798 5792; x_wconf 80' lang='lat' dir='ltr'><strong>sacrat-utn</strong></span> <span class='ocrx_word' id='word_1_741' title='bbox 3856 5737 4070 5791; x_wconf 74' lang='lat' dir='ltr'><strong>littera-</strong></span> 
     </span>
    </p>
   </div>
   <div class='ocr_carea' id='block_1_86' title="bbox 798 5824 1158 5892">
    <p class='ocr_par' dir='ltr' id='par_1_86' title="bbox 798 5824 1158 5892">
     <span class='ocr_line' id='line_1_87' title="bbox 798 5824 1158 5892; baseline 0.008 -14"><span class='ocrx_word' id='word_1_742' title='bbox 798 5843 939 5891; x_wconf 87' lang='lat' dir='ltr'><strong>rtttn,</strong></span> <span class='ocrx_word' id='word_1_743' title='bbox 974 5824 1062 5892; x_wconf 81' lang='lat' dir='ltr'><strong>l.\&#39;,</strong></span> <span class='ocrx_word' id='word_1_744' title='bbox 1107 5829 1158 5881; x_wconf 75' lang='grc' dir='ltr'><strong>(ἰ.</strong></span> 
     </span>
    </p>
   </div>
  </div>
