4446 6450
730 406 834 470 995
1435 405 1675 463 INDEX
1712 403 2216 477 SCRIPTORUM
2259 403 2341 462 IN
2388 401 2653 461 DECAD-
2699 402 3293 467 CYBARISSIO'I‘JE.
3884 393 3990 474 θεὴ

790 528 820 585 ,ί
851 519 1099 570 Leontius
1141 516 1267 584 Byz.
1300 527 1489 569 contra
1524 517 2050 582 Aplttliartodocetas,
2082 517 2281 568 ritatur
2310 515 2364 567 in
2391 514 2605 568 scholiia
2641 513 2905 568 Τυννὶαηὶ
2941 517 3011 569 ad
3054 515 3220 580 VIII,
3247 519 3300 577 9,
3351 529 3539 571 auctor
3585 521 3854 576 eruditiu.
3893 522 3983 575 Ito.

733 607 931 658 Contra
967 603 1275 655 Nestorium
1308 613 1356 655 et
1387 601 1684 671 Eutychen,
1714 603 1785 654 ad
1813 600 1920 663 IX,
1953 601 2008 656 9.
2037 601 2055 670 )

730 748 736 758 .
811 714 826 782 (
865 713 1081 765 Manuel
1109 711 1352 773 Calecas,
1379 711 1516 763 libro
1559 711 1634 763 De
1657 710 1923 764 Trinitate
1947 711 2146 762 citatur
2176 710 2229 762 in
2265 698 2518 763 Turrioni
2556 711 2792 772 scholiis,
2834 711 2905 764 ad
2938 711 3001 776 Χ,
3040 713 3124 766 I0.
3156 714 3172 780 )

817 801 876 853 S.
916 799 1185 851 Maxinms
1221 798 1539 867 ad‘Dimiys.
1592 798 2012 866 Areopagitam,
2054 795 2098 856 I,
2131 797 2196 862 I;
2241 795 2327 853 Ill.
2360 798 2414 860 8,
2459 798 2515 861 9,
2559 811 2667 855 etc.
2716 800 3114 870 Explanatione
3177 801 3364 856 subtili
3419 804 3775 871 precationis,
3825 806 3988 862 Pater

740 898 937 950 noster,
998 885 1089 948 IX,
1126 887 1179 939 5.
1219 886 1274 939 In
1303 885 1649 953 theologicis,
1691 884 1754 949 II,
1794 887 1847 947 3,
1884 885 1941 949 4,
1970 885 2023 948 6,
2059 885 2111 947 7,
2146 885 2214 951 9;
2250 882 2338 950 Vl,
2370 884 2424 938 9.
2448 885 2722 940 Centuria:
2761 904 2797 946 ι,
2833 889 3012 955 capite
3044 889 3296 956 septimo,
3348 888 3414 952 Χ,
3468 889 3523 944 9.
3569 891 3757 961 Capite
3811 893 3879 949 58
3933 906 3988 949 et

741 978 806 1030 59
846 974 1104 1050 centuria!
1132 974 1356 1043 quintae,
1387 971 1497 1034 VII,
1531 971 1583 1025 5.
1615 973 1761 1042 Disp.
1810 982 2002 1026 contra
2046 972 2336 1042 Pyrrhum,
2380 972 2467 1039 Ill,
2502 973 2572 1039 3;
2621 974 2680 1040 V,
2715 974 2788 1038 9;
2820 973 2890 1035 Χ,
2931 977 2984 1029 4.
3017 976 3070 1028 In
3100 977 3389 1030 sententiis
3420 977 3668 1047 Gregorii
3722 981 3986 1050 theologi,

737 1062 828 1123 Ill,
870 1061 937 1122 2;
978 1045 1113 1121 VIII,
1164 1060 1215 1111 1.
1271 1057 1660 1126 Speculatione
1685 1059 1859 1128 magis
1890 1058 2115 1112 dilatata
2151 1060 2218 1114 de
2259 1061 2766 1130 transﬂguratione,
2792 1061 2880 1124 VI,
2912 1061 2965 1115 5.
3017 1061 3254 1117 Basilius
3288 1045 3564 1119 adnotatis
3591 1081 3621 1120 a
3657 1065 3714 1120 S.
3749 1045 3989 1124 Maximo

740 1151 807 1202 de
849 1149 1068 1216 energia
1098 1158 1286 1201 contra
1331 1147 1741 1213 Monothelitas,
1787 1145 1876 1210 Ill,
1919 1147 1972 1200 4.
2013 1146 2200 1212 Libro,
2235 1146 2380 1215 quod
2415 1147 2469 1200 in
2499 1149 2722 1202 Christo
2754 1158 2838 1205 est
2876 1165 3082 1214 rerum,
3125 1149 3177 1202 id
3205 1161 3288 1205 est
3321 1152 3782 1218 substantiarum,
3825 1155 3984 1210 diIIe-

739 1237 938 1298 rentia,
963 1234 1032 1299 Χ,
1067 1235 1119 1288 8.
1157 1226 1348 1303 Capite
1378 1234 1411 1287 9
1441 1235 1702 1288 centuriae
1754 1244 1969 1302 quarta:
1999 1235 2406 1299 de,charitate,
2453 1235 2564 1301 Vll,
2617 1236 2668 1290 9.
2712 1235 2766 1290 In
2804 1237 3066 1292 centuriis
3107 1238 3456 1308 theologicis,
3507 1249 3719 1294 centur.
3769 1259 3854 1302 ιη.
3895 1259 3984 1298 ca-

737 1324 846 1392 pite
877 1322 1055 1385 tertio,
1086 1321 1156 1384 X,
1182 1319 1513 1400 8';__quarto,
1545 1320 1612 1382 Χ,
1656 1321 1726 1384 7;
1766 1321 2025 1388 septimo,
2059 1320 2169 1385 VII,
2213 1321 2305 1385 l0;
2335 1337 2459 1389 cap.
2493 1321 2586 1382 42,
2617 1322 2792 1385 ibid.;
2824 1323 3069 1376 centuria
3104 1324 3297 1392 prima,
3333 1332 3456 1394 cap.
3489 1327 3544 1390 2,
3586 1324 3723 1392 VIII,
3761 1329 3781 1380 I
3812 1345 3827 1394 ;
3858 1346 3980 1400 cap.

737 1411 827 1474 '55,
870 1409 1006 1471 VIII,
1045 1412 1113 1472 4;
1153 1395 1274 1477 cap.
1317 1409 1349 1462 6
1418 1410 1588 1462 tertiae
1628 1410 1908 1468 centuriae.
1952 1407 2090 1471 VIII,
2132 1410 2189 1463 2.
2231 1410 2432 1463 Octava
2464 1404 2747 1471 Centuria,
2785 1424 2918 1478 cap.
2951 1410 3041 1480 88,
3091 1409 3222 1475 VIII,
3262 1412 3338 1476 4;
3381 1427 3501 1481 cap.
3569 1413 3660 1478 87,
3723 1413 3864 1477 VIII,
3928 1395 3981 1471 ὲ.

735 1501 962 1550 tlcntur.
1002 1513 1059 1549 ιιι
1103 1497 1170 1550 de
1198 1496 1488 1559 charitate,
1521 1511 1644 1565 cap.
1683 1496 1774 1560 21,
1820 1493 1953 1560 Vlll,
1999 1497 2067 1562 5;
2116 1511 2239 1565 cap.
2271 1494 2553 1561 -27,'VIII,
2584 1495 2655 1560 7;
2708 1512 2829 1565 cap.
2872 1496 2963 1561 29,
3013 1497 3144 1561 VIII,
3182 1495 3238 1554 9.
3292 1498 3553 1555 Centuria
3597 1518 3674 1560 vt.
3720 1518 3841 1571 cap.
3889 1504 3981 1561 84.

738 1583 872 1644 VIII,
918 1584 972 1638 6.
1016 1585 1272 1638 Centuria
1306 1601 1384 1649 IV,
1424 1599 1546 1653 cap.
1599 1584 1706 1638 let
1739 1583 1794 1645 4,
1827 1581 1920 1647 IX,
1956 1583 2058 1649 10;
2090 1597 2212 1654 cap.
2253 1583 2308 1652 8,
2339 1585 2409 1651 X,
2449 1585 2522 1651 I;
2572 1584 2924 1638 adnotatione
2951 1603 2956 1607 ‘
2982 1586 3325 1641 extrinsecus
3382 1589 3558 1657 posita
3619 1591 3686 1644 ad
3748 1581 3910 1659 caput
3953 1592 3987 1644 2

737 1672 1011 1724 Ccnturiaa
1038 1670 1247 1738 primae,
1292 1671 1358 1734 Χ,
1394 1672 1448 1724 4.
2470 1722 2482 1736 ,
4021 1695 4024 1697 λ

812 1777 1011 1832 Phaedo
1049 1778 1426 1847 philosophus,
1473 1776 1612 1832 infra
1644 1778 1698 1831 in
1742 1776 1978 1847 synodo.

812 1866 1039 1922 Photius
1078 1868 1387 1935 patriarcha
1418 1866 1814 1937 qumstionihus
1861 1864 1928 1917 ad
1974 1864 2424 1935 Amphilochium
2460 1879 2655 1940 qumst.
2693 1870 2781 1932 73;,
2832 1867 2944 1933 VII,
2995 1869 3040 1923 ι.
3102 1868 3330 1925 Easdem
3371 1869 3502 1926 citat
3589 1871 3894 1928 Turrianus
3928 1874 3983 1927 in

744 1955 970 2010 scholiis
1010 1955 1076 2008 ad
1112 1953 1252 2018 VIII,
1287 1956 1342 2009 4.
1755 1972 1758 1975 ·

815 2042 1124 2104 Sadducaai,
1167 2040 1236 2107 X,
1273 2044 1324 2096 1.

815 2128 1018 2184 Sextus
1042 2130 1445 2187 ecclesiasticus
1484 2132 1873 2203 philosorihus,
1906 2137 1975 2199 X,
2014 2137 2098 2190 I0.

813 2217 1176 2286 Sophronius.
1206 2216 1752 2289 Hierosolymitanus,
1789 2222 1884 2286 IX,
1909 2224 1964 2277 2.

816 2306 1070 2374 Synodus
1099 2321 1118 2358 ι
1163 2308 1501 2362 mcumenica
1533 2323 1598 2362 ex
1632 2311 1996 2378 responsione
2034 2309 2260 2366 Patrum
2286 2311 2352 2368 ad
2378 2311 2786 2383 philosophum,
2821 2325 2983 2382 quam
3023 2311 3291 2367 Eusebius
3322 2310 3519 2367 litteris
3567 2311 3863 2377 mandavit.
3895 2312 3984 2376 IlI.

740 2395 792 2444 4.
835 2393 1368 2461 Disputatio-contra
1395 2394 1733 2470 Phaedonem
1767 2399 2186 2469 phiIOSOphum,
2223 2416 2345 2470 quae
2379 2408 2464 2454 est
2495 2400 2550 2452 in
2587 2399 2760 2468 prima
2796 2399 3030 2469 synodo,
3065 2398 3164 2464 IX,
3194 2402 3250 2454 2.
3637 2451 3641 2457 .

818 2479 1073 2550 Synodus
1117 2481 1301 2535 habita
1338 2469 1530 2538 contra
1594 2483 1926 2551 Manichqos
1965 2485 2035 2539 ab
2083 2469 2337 2541 Abucara
2373 2487 2485 2542 sive
2512 2487 2768 2557 episcopo
2797 2490 3085 2543 Carrarum
3127 2489 3156 2556 .(
3182 2486 3240 2542 S.
3274 2486 3584 2556 Archelao)
3624 2502 3689 2542 ex
3738 2486 3985 2543 Panariis

743 2573 758 2636 (
793 2570 849 2624 S.
880 2571 1167 2639 Epiphanii
1194 2572 1235 2639 ),
1275 2571 1361 2636 IlI,
1405 2573 1581 2638 Δις-γ,
1613 2575 1669 2626 2.

814 2661 1070 2728 Synodus
1104 2677 1133 2714 a
1184 2661 1474 2716 Theodoro
1500 2663 1758 2717 Abucara
1804 2674 1996 2719 contra
2032 2664 2361 2719 Manicba'os
2403 2663 2611 2727 habita,
2647 2679 2767 2734 quae
2796 2664 2970 2718 fertur
3010 2663 3062 2716 in
3097 2662 3165 2717 iis
3191 2677 3310 2732 qua:
3350 2671 3539 2717 contra
3581 2679 3769 2721 omnes
3809 2666 3982 2721 haere-

741 2751 841 2800 scs'
869 2749 1069 2816 scripta
1105 2756 1253 2808 sunt,
1297 2746 1383 2809 IIII
1422 2749 1474 2801 5.
1518 2748 1794 2816 Suspicor,
1836 2748 2099 2806 Theodori
2130 2742 2319 2805 nomen
2349 2751 2616 2820 adjectum
2666 2767 2774 2805 esse
2807 2750 2872 2804 ab
2905 2750 3081 2804 aliena
3117 2765 3297 2814 manu,
3332 2759 3379 2802 et
3414 2753 3650 2804 eumdem
3669 2752 3984 2806 Archelaum

739 2847 895 2904 atque
920 2836 1205 2903 Epiplmnii
1237 2833 1476 2888 Pomaria
1511 2837 1752 2906 intelligi.
2124 2849 2130 2854 '

815 2920 993 2974 Editin
1038 2934 1238 2977 sanctae
1271 2933 1321 2976 et
1352 2925 1707 2978 aecumenicaa
1742 2925 1919 2979 tertiae
1952 2925 2168 2996 synodi,
2209 2925 2302 2989 IX,
2332 2926 2389 2980 2.

814 3008 1102 3063 Confessio
1133 3019 1335 3079 sancta:
1376 3017 1432 3064 et
1469 3012 1823 3064 mcumenicaa
1850 3020 2019 3066 sexta:
2064 3011 2379 3083 synodi-IX,
2408 3013 2464 3068 2.

816 3096 1058 3150 Tenthes
1089 3097 1532 3165 antiquissimus,
1567 3097 1661 3166 qui
1701 3099 1927 3152 nomina
1979 3101 2144 3152 rebus
2174 3100 2453 3169 imposuit,
2485 3099 2576 3167 IV,
2610 3099 2663 3155 6.

815 3176 1139 3236 Theodorus
1165 3185 1442 3246 Abucara,
1486 3198 1649 3253 supra
1690 3185 1744 3237 in
1813 3184 2024 3255 synodo
2052 3196 2241 3240 contra
2279 3185 2626 3240 Manichmos.

813 3265 1136 3323 Theodorus
1179 3268 1437 3337 Graptus,
1477 3268 1564 3334 Ill,
1597 3269 1648 3323 7.
1685 3267 1946 3326 Oratione
1983 3283 2172 3327 contra
2209 3273 2531 3336 Eusebium,
2581 3271 2666 3338 VI,
2704 3275 2759 3328 4.
2793 3275 3071 3330 Adversus
3117 3275 3533 3338 lconomachos,
3566 3273 3657 3336 VI,
3701 3275 3776 3338 5;
3821 3272 3891 3336 X,
3927 3276 3980 3327 4.

714 3414 715 3417 η
746 3353 1015 3409 Tractans’
1047 3357 1254 3429 dictum
1283 3355 1491 3423 Basilii,
1533 3357 1604 3411 Χ.
1643 3361 1696 3414 4.

819 3443 1033 3496 Dictum
1070 3453 1216 3498 esta
1274 3445 1544 3515 theologis
1598 3447 1649 3500 in
1694 3449 1886 3517 quinta
1937 3459 1991 3503 et
2038 3459 2232 3517 quarta
2299 3450 2501 3506 decade
2561 3451 2809 3506 initiariae
2864 3455 3225 3523 expositionis
3287 3453 3598 3509 divinorum
3675 3451 3987 3516 nominum,

748 3530 859 3591 vn,
902 3529 955 3584 6.

818 3617 1042 3671 Divinus
1066 3616 1446 3688 TheOphanes,
1482 3620 1550 3678 Χ.
1588 3622 1641 3676 3.
1677 3624 1735 3676 In
1781 3626 2010 3681 canticis
2043 3627 2180 3690 suis,
2231 3625 2349 3694 Vll,
2384 3626 2441 3683 2.

816 3702 1142 3762 Valentinus
1167 3709 1486 3772 haereticus,
1523 3708 1616 3774 IX,
1663 3710 1714 3762 7.
