4446 6450
767 362 899 422 1035

1915 364 2270 423 ΜΑΤΤΗίΕΙ
2313 365 2841 428 CANTACUZENI

3852 379 3986 444 1'03'6

761 473 1044 536 Videlicet,
1077 488 1183 526 non
1226 475 1460 542 amplius
1485 478 1751 537 sterilem,
1837 477 2316 543 successionisque
2347 479 2391 535 Α
2419 479 2517 543 anc

2227 490 2316 543 lue
2347 479 2391 535 Α
2419 479 2614 543 ϐησαν
2633 479 2750 532 ἀπὸ
2778 471 2890 531 τοῦ
2906 480 3164 548 λουτροῦ
3185 496 3197 510 ο
3226 483 3286 534 al
3306 482 3494 536 πᾶσαι
3515 485 3948 553 διδυμεύουσαι
3970 508 3983 522 ·

753 565 892 616 serit:
925 576 1200 628 expertem
1230 567 1436 619 sortita:
1463 567 1659 630 vitam;
1693 577 1862 619 tonsa:
1893 567 2060 631 enim,
2091 577 2142 619 et
2171 568 2319 618 lava-

752 672 847 708 iro
894 657 1019 710 lotae
1053 658 1260 722 dlvino,
1306 657 1598 712 fecundum
1626 658 1741 727 jugi
1801 671 2028 712 suorum
2085 658 2316 711 ﬁliorum

750 747 892 800 sci-ie
914 747 1055 801 sacri
1091 747 1436 817 baptismatis
1464 748 1752 802 reddidere
1788 747 2017 812 fontem,
2079 763 2321 814 semper-

748 852 854 904 que
890 847 1106 892 exstaut
1131 839 1374 909 gemellae
1399 880 1414 904 ,
1447 839 1762 908 praeclaram
1790 837 1957 894 animi
1984 837 2320 906 contempla-

751 931 972 992 tionem,
1005 939 1464 998 prarstautemque
1489 929 1692 996 pariter
1732 927 2102 997 operationem
2160 942 2316 982 exer-

749 1029 956 1073 CCIIleS.

1427 1197 1633 1252 CANT.

816 1289 868 1342 5.
901 1287 1066 1340 Veluti
1089 1288 1226 1340 linea
1245 1287 1385 1355 fabri
1410 1290 1648 1341 coccinea
1677 1288 1818 1341 labia
1846 1297 1963 1351 tua,
1981 1297 2026 1341 et
2051 1288 2314 1356 eloquium

748 1390 893 1432 tuum
919 1379 1189 1433 decorum.

1369 1467 1684 1523 SCHOLIA.

825 1563 940 1618 lloc
967 1573 1070 1628 est,
1098 1577 1205 1616 non
1236 1576 1331 1628 per
1353 1561 1850 1629 intemperantiam,
1884 1560 2001 1614 sine
2035 1574 2312 1622 mensura,

746 1672 846 1711 uec
905 1669 1000 1724 per
1059 1654 1502 1723 imprudentiam,
1549 1652 1743 1705 inscite
1801 1652 2157 1716 loquebatur;
2220 1651 2314 1704 sed

2423 570 2520 620 καί
2560 570 2904 622 ἀτεκνοῦσα
2934 573 3042 622 οὐκ
3083 572 3253 623 ἐστιν
3278 574 3349 624 ἐν
3377 576 3621 640 αὐτοῖς·
3660 577 3848 646 ἧγουν,
3887 581 3988 632 οὐκ

2421 656 2502 708 [rt
2523 658 2614 708 τὸν
2635 657 2858 710 ἄτεκνον
2885 660 2979 710 καὶ
3006 659 3286 727 ἁδιάδοχον
3312 661 3426 728 βίον
3451 663 3710 732 λαχοῦσαι
3734 682 3748 696 ’
3800 670 3987 737 καρτί-

2422 763 2510 800 σαι
2557 747 2688 816 γὰρ,
2729 750 2820 800 καὶ
2848 748 3123 801 λουθείσαι
3150 751 3228 820 τῷ
3256 751 3387 821 θείῳ
3417 752 3647 823 λουτρῷ,
3688 757 3987 823 πολύγονον

2420 835 2520 903 τὴν
2569 836 2779 887 ἑαυτῶν
2819 837 2881 890 ὲκ
2905 837 3159 906 διαδοχῆς
3198 839 3584 910 κολυμϐήθραν
3634 845 3984 912 εἰργάσαντο,

2421 928 2508 978 ἀεὶ
2559 928 2882 996 φαινόμεναι
2932 930 3348 998 διδυμεύουσαι,
3404 930 3470 982 τὸ
3518 932 3854 1003 θεωρητικὸν
3887 937 3986 1004 τῆς

2419 1017 2593 1084 ψυχῆς
2636 1017 2771 1085 ὁμοῦ
2811 1023 2905 1073 καὶ
2939 1022 3240 1089 πρακτικὸν
3272 1023 3656 1089 άπογεννῶσαι
3685 1028 3984 1094 περιφανέ-

2422 1124 2614 1161 στατα.

3081 1197 3316 1272 manu.

2498 1287 2597 1351 Ὦς
2623 1292 2919 1356 σπαρτίυν
2940 1292 3225 1344 κόκκινον
3256 1293 3430 1361 χείλη
3464 1295 3715 1356 σου,και
3738 1296 3775 1361 ἠ
3797 1297 3988 1350 λαλιά

2419 1393 2537 1431 σου
2565 1379 2768 1445 ὡραία.

3071 1476 3340 1530 ΣΧΟΛΙΑ.

2490 1561 2797 1625 Τουτέστιν,
2819 1564 2918 1614 οὐκ
2943 1566 3219 1634 ἀμέτρως,
3236 1567 3346 1619 οὐδ’
3369 1570 3644 1631 ἀσυνέτως
3667 1568 3986 1637 ἐφθέγγετο,

2418 1649 2533 1703 ἀλλ’
2561 1649 2635 1712 ὡς
2656 1649 2722 1702 ἄν
2748 1651 2834 1703 διά
2868 1653 3114 1721 σπάρτης
3145 1655 3580 1726 κοκκινιξούσης,
3605 1659 3632 1710 b
3663 1657 3769 1711 τοῦ
3789 1658 3988 1710 τέκτο-

746 1763 854 1801 uon
885 1762 1045 1801 secus
1073 1761 1137 1800 ac
1177 1760 1274 1814 per
1325 1745 1634 1798 coccineam
1695 1742 1833 1795 fabri
1869 1743 2069 1796 lineam
2113 1742 2179 1804 is,
2221 1742 2312 1806 qui
2351 1805 2388 1818 _
2418 1758 2502 1805 νος

2229 1742 2312 1806 [ιυί
2351 1805 2388 1818 _
2418 1758 2525 1806 νος
2560 1744 3023 1813 προσαγορευθεὶς
3057 1747 3207 1811 υίὸς,
3254 1749 3280 1798 ό
3317 1749 3413 1816 τῆς
3455 1749 3784 1818 Ἐκκλησίας
3813 1750 3985 1818 δομή-

746 1839 889 1907 fabri
931 1830 1278 1906 nuncupatur
1326 1837 1472 1904 ﬁlius
1507 1837 1577 1897 ",
1628 1834 1882 1888 Ecclesia:
1937 1833 2114 1901 opifex
2156 1832 2315 1886 Clu-i-

745 1941 889 1993 stus,
920 1944 1013 1998 per
1035 1929 1185 1983 beata
1207 1929 1494 1997 inculpata:
1547 1926 1784 1995 Virginis
1838 1923 2000 1988 labia,
2061 1924 2310 1978 decoram

747 2021 890 2074 illam
920 2020 1102 2074 emisit
1133 2034 1317 2074 vocem
1360 2039 1372 2075 :
1401 2020 1532 2074 Ecce
1565 2020 1723 2084 enim,
1760 2030 1823 2070 ex
1850 2017 1945 2068 hoc
1975 2017 2181 2069 beatam
2236 2032 2315 2069 me

742 2115 912 2166 dicent
971 2128 1146 2166 omnes
1191 2113 1550 2182 generationes
1581 2112 1647 2163 ⁸⁸.

1420 2202 1623 2258 CANT.

814 2295 966 2350 Sicut
998 2294 1236 2364 fragmen
1307 2294 1436 2347 ntali
1469 2295 1646 2363 punici
1681 2294 1824 2347 mala
1850 2303 1966 2361 tua,
2022 2299 2176 2345 extra
2233 2289 2312 2343 si-

738 2390 959 2445 lentium
989 2401 1161 2442 tuum.

1363 2477 1676 2533 SCllOLIA.
1735 2530 1743 2540 ,

810 2575 1087 2629 Ruborem
1125 2569 1342 2625 scilicet
1379 2567 1562 2621 vultus
1611 2567 1728 2638 ejus
1778 2565 1970 2620 cortici
2025 2564 2152 2619 mali
2210 2580 2309 2634 pu-

739 2669 846 2721 nici
871 2667 1104 2720 similem
1133 2677 1253 2717 esse
1285 2660 1572 2730 perhibet;
1605 2658 1743 2711 mala
1780 2659 1926 2711 enim
1969 2658 2146 2712 media
2182 2672 2310 2727 pars

734 2769 818 2811 cst
841 2760 1044 2811 vultus.
1078 2754 1194 2818 Vel,
1223 2768 1289 2806 ex
1333 2749 1554 2820 Virgine
1603 2759 1789 2804 natum
1848 2749 2042 2814 lilium,
2095 2747 2305 2803 Jesum.

734 2844 878 2896 sicut
902 2843 1067 2897 etiam
1102 2841 1262 2912 paulo
1291 2848 1437 2904 ante,
1469 2839 1524 2891 in
1556 2838 1734 2892 medio
1756 2838 2025 2908 lignorum
2051 2838 2198 2890 silvae
2216 2853 2310 2907 po-

736 2952 885 2989 mum
925 2951 1048 2990 esse
1113 2934 1450 2998 declaravit;
1489 2941 1544 2985 ct
1587 2931 1727 2986 sicut
1755 2932 1966 2985 coccini
2018 2931 2148 2984 mali
2203 2945 2307 3000 pu-

735 3030 841 3083 nici
879 3029 1098 3081 rubram
1135 3027 1373 3082 induunt
1417 3025 1716 3088 corticem,
1752 3026 1830 3077 sic
1893 3024 2054 3078 etiam
2104 3023 2199 3077 Dei
2253 3029 2306 3075 et

2418 1850 2529 1900 τωρ
2594 1835 2855 1902 Χριστὸς,
2920 1836 3007 1890 διὰ
3070 1838 3180 1889 τῶν
3249 1839 3536 1911 μακαρίων
3600 1841 3822 1911 χειλέων
3888 1842 3987 1908 τῆς

2420 1922 2650 1992 ἀμώμου
2703 1926 2978 1994 Παρθένου
3023 1927 3122 1995 τὴν
3181 1929 3390 1998 ὡραίαν
3445 1932 3697 2001 ἐπαφῆκε
3761 1932 3984 2000 φωνήν·

2431 2014 2575 2069 Ἰδοὺ
2626 2017 2735 2085 γὰρ
2762 2018 2878 2071 ἀπὸ
2911 2020 3015 2073 τοῦ
3045 2020 3162 2074 νῦν
3191 2022 3552 2090 μακαριοῦσι
3580 2039 3658 2091 με
3705 2022 3892 2078 πᾶσαι
3926 2025 3986 2074 at

2419 2108 2639 2175 γενεαί.

3074 2200 3314 2274 ’ᾼΣΜΛ.

2495 2290 2593 2362 Ὠς
2614 2295 2882 2364 λέπυρον
2895 2293 3046 2364 ῥοᾶς
3061 2296 3265 2366 μῆλόν
3285 2314 3424 2364 σου,
3439 2299 3613 2365 ἐκτὸς
3632 2297 3986 2366 σιωπήσεώς

2413 2400 2552 2441 σου.

3065 2481 3336 2535 ΣΧΟΛΙΑ.

2486 2575 2714 2640 Ἠγουν,
2732 2575 2794 2627 τὸ
2817 2575 2909 2627 τοῦ
2941 2574 3236 2644 προσώπου
3268 2591 3361 2627 σου
3383 2574 3636 2644 ἐρύθημα
3668 2575 3794 2642 ῥοᾶς
3813 2572 3981 2641 φλοιῷ

2413 2667 2791 2735 προσεοικέναι
2840 2667 3002 2741 φησί·
3039 2666 3207 2735 μῆλον
3236 2665 3344 2734 γὰρ
3401 2665 3462 2717 τὸ
3506 2663 3827 2734 μεσαίτατόν
3865 2665 3982 2715 ἔστι

2410 2759 2506 2812 τοῦ
2529 2757 2840 2830 προσώπου’
2870 2760 2904 2828 ἢ
2927 2759 3019 2812 τὸν
3048 2759 3108 2823 ἐξ
3136 2758 3308 2828 αὐτῆς
3338 2758 3598 2828 τεχθέντα
3627 2757 3740 2810 υίδν
3771 2756 3985 2826 Ἰησοῦν

2409 2853 2484 2915 ὡς
2522 2853 2617 2906 καὶ
2654 2853 2912 2922 ἀνωτέρω
2948 2853 3118 2922 μῆλον
3161 2853 3218 2905 ιν
3250 2853 3361 2914 τοῖς
3413 2852 3592 2917 ξύλοις
3644 2849 3739 2903 τοῦ
3776 2849 3981 2919 δρυμοῦ

2408 2944 2705 3013 δεδήλωκεο
2735 2943 2827 2996 καὶ
2851 2944 3039 3013 ὥσπερ
3066 2943 3116 2995 oi
3150 2942 3338 2995 κόκκοι
3357 2942 3456 3008 τῆς
3493 2942 3647 3011 ῥοιᾶς
3677 2939 3983 3008 τὸλέπυρον

2410 3031 2641 3101 ἐρυθρὸν
2687 3031 3146 3101 περιϐάλλονται,
3179 3031 3326 3085 οὕτω
3376 3032 3470 3083 καὶ
3503 3033 3530 3084 ό
3569 3030 3660 3085 τοῦ
3709 3029 3845 3083 Θεοῦ
3891 3030 3983 3082 καὶ

735 3123 913 3176 Patris
951 3121 1262 3189 uuigenitus
1293 3115 1487 3183 Filius,
1521 3115 1697 3170 induit
1731 3114 2021 3170 formatam
2053 3130 2118 3168 ex
2179 3131 2300 3170 san-
2330 3126 2376 3190 ο
2412 3122 2491 3175 [ια

2224 3131 2300 3168 m-
2330 3126 2376 3190 C
2412 3122 2626 3191 [ἰατρὸς
2679 3121 2806 3184 Υίὸς
2865 3121 3158 3190 μονογενὴς
3196 3121 3518 3190 ἡμφιάσατο
3556 3121 3655 3189 τὴν
3701 3116 3980 3188 αἱματώδη

731 3217 894 3284 gnine
911 3227 1161 3275 carnem,
1185 3211 1251 3266 de
1281 3226 1387 3280 qua
1416 3207 1847 3263 admirabundus
1867 3205 2033 3261 Isaias
2060 3208 2304 3261 dixerat:

732 3305 997 3369 Quorsum
1032 3305 1193 3356 rubra
1232 3303 1326 3355 tibi
1390 3309 1513 3354 sunt
1570 3300 1900 3363 vestimenta,
1958 3308 2208 3366 tanquam
2244 3311 2309 3351 ea:

733 3395 946 3448 Bosar.’
971 3395 1205 3449 Carnem
1243 3394 1429 3461 utique
1476 3407 1572 3461 per
1607 3390 1930 3444 vestimenta
1967 3388 2154 3452 rubra,
2209 3388 2306 3442 ob-

731 3502 897 3541 scuro
920 3487 1021 3540 sub
1060 3486 1345 3538 iuvolucro
1378 3482 1668 3552 expressit.
1694 3478 1864 3532 Extra
1896 3481 2035 3549 quod
2060 3477 2122 3532 de
2157 3487 2204 3532 te
2231 3479 2306 3531 si-

729 3583 889 3644 letur,
925 3577 1433 3646 incompreheusam
1451 3574 1659 3628 scilicet
1690 3583 1880 3641 partus
1909 3571 1986 3625 tui
2015 3570 2303 3625 rationem.

1401 3686 1613 3744 CANT.

806 3814 860 3866 4.
890 3799 1105 3866 Collum
1144 3819 1292 3861 tuum
1334 3807 1468 3859 sicut
1522 3805 1685 3858 turris
1730 3802 1902 3858 David
1936 3805 2205 3874 aediﬁcata
2249 3808 2305 3859 in

733 3903 1013 3972 Tlialpiotli
1038 3919 1056 3968 ;
1084 3902 1230 3954 mille
1261 3899 1428 3968 clypei
1454 3898 1678 3967 pendent
1728 3913 1876 3966 super
1922 3912 2074 3961 .eam,
2125 3898 2305 3952 omnia

727 3998 953 4055 missilia
993 3995 1238 4064 fortium.

1364 4102 1674 4161 SCHOLIA.

797 4226 1129 4286 Nominatim
1160 4235 1340 4277 autem
1358 4219 1660 4284 recensuit,
1690 4218 1929 4286 Virginis
1953 4233 2174 4289 quoque
2189 4218 2306 4273 col-

726 4327 838 4380 lum
872 4321 1099 4392 perinde
1130 4331 1254 4371 esse
1285 4329 1348 4368 ac
1380 4311 1563 4366 Turris
1587 4311 1756 4365 David
1771 4311 2043 4378 aediﬁcata
2068 4311 2126 4365 in
2145 4309 2307 4365 Thal-

724 4417 888 4485 piotlt.
927 4411 1096 4465 Porro
1135 4405 1417 4474 T/ialpioth
1462 4412 1545 4457 est
1576 4417 1674 4456 arx
1706 4401 2008 4465 Bethleem,
2057 4416 2178 4470 quae
2205 4402 2303 4454 do-

2412 3214 2593 3282 σάρκα
2617 3228 2633 3244 ·
2667 3213 2804 3282 πρὸς
2856 3213 2922 3282 ἢν
2968 3213 3195 3274 Ἡσαΐας
3234 3211 3666 3281 ἐκπληττόμενος
3699 3211 3937 3278 ἔφασκεν
3965 3226 3978 3238 ·

2413 3307 2545 3360 Ἵνα
2576 3306 2632 3358 τί
2668 3318 2795 3359 σου
2811 3304 3029 3373 ἐρυθρὰ
3054 3303 3127 3357 τὰ
3155 3304 3356 3372 ἱμάτια
3389 3303 3470 3369 ὡς
3498 3303 3567 3356 ἐκ
3595 3302 3802 3370 Βοσὼρ
3823 3319 3845 3366 ;
3882 3302 3982 3369 τὴν

2411 3398 2588 3467 σάρκα
2607 3397 2828 3466 δηλαδὴ,
2854 3397 2944 3449 διὰ
2973 3396 3030 3466 rb
3055 3396 3306 3465 ἐρύθημα
3334 3395 3443 3448 τῶν
3469 3397 3720 3464 ἱματίων,
3751 3395 3984 3448 αίνιττό-

2412 3506 2590 3560 μενος.
2635 3488 2837 3553 Ἐκτός
2876 3486 2984 3555 τῆς
3017 3486 3376 3554 σιωπήσεώς
3422 3501 3538 3540 σου
3565 3502 3580 3517 °
3617 3485 3982 3556 τουτίστιτῆς

2407 3581 2788 3650 ἀκαταληψίας
2814 3579 2906 3632 τοῦ
2934 3580 3096 3633 τόκου
3131 3596 3250 3632 σου.

3075 3690 3314 3765 ’ᾼΣΜΑ.

2495 3814 2588 3878 Ὠς
2621 3813 2848 3880 πύργος
2866 3801 3374 3878 Δαϐίδῖράχηλός
3393 3824 3509 3863 σου
3529 3808 3986 3877 ᾠκοδομημένος

2405 3909 2477 3960 ἐν
2508 3904 2785 3960 Θαλπιώθ
2813 3921 2826 3933 ·
2861 3905 3040 3970 χίλιοι
3065 3903 3259 3968 θυρεοὶ
3293 3901 3613 3970 κρέμανται
3645 3902 3738 3954 ἐπ’
3763 3902 3978 3955 αὐτόν·

2407 3999 2600 4058 πᾶσαι
2629 4001 2687 4053 al
2705 3996 2952 4062 βολιδες
2979 3993 3096 4047 τῶν
3125 3993 3422 4048 δυνατῶν.

3072 4110 3346 4164 ΣΧΟΛΙΔ.

2491 4223 2755 4293 Ὠνόμασε
2804 4221 2862 4274 δὲ
2897 4219 3109 4274 καὶτὸν
3149 4219 3320 4288 αὐτῆς
3347 4217 3618 4288 τράχηλον
3648 4217 3722 4280 ὡς
3750 4219 3982 4287 πύργον

2406 4314 2586 4368 Δαόὶδ
2640 4310 3107 4381 ᾠκοδομημένον
3146 4309 3214 4364 ἐν
3254 4309 3553 4364 summa.
3587 4309 3699 4362 Καὶ
3726 4308 3979 4361 Θαλπιὼθ

2412 4407 2509 4476 μὲν
2543 4407 2575 4476 ή
2603 4405 2700 4474 τῆς
2735 4403 2970 4471 Βιθλεέμ
2992 4405 3138 4454 ἐστιν
3173 4401 3465 4469 ἀκρόπολις
3491 4416 3504 4429 ·
3524 4395 3693 4454 οἷκον
3720 4401 3774 4453 δὲ
3798 4402 3981 4468 ἄρτου

726 4466 841 4563 inus
869 4504 1048 4575 panis,
1091 4499 1321 4554 llebrceo
1373 4495 1767 4563 interpretatur
1815 4492 2068 4546 sermone
2097 4507 2112 4557 ;
2141 4491 2300 4561 panis
2334 4466 2382 4526 Ῐ)
2408 4466 2477 4566 Ῑπῇ

2225 4491 2300 4547 nis
2334 4466 2382 4526 ῃ
2408 4466 2477 4566 τῇ
2532 4466 2778 4563 ’ἐδραῖδι
2817 4466 3074 4562 σημαίνει
3116 4466 3410 4559 διαλέκτῳ·
3450 4491 3614 4561 ἄρτος
3650 4491 3706 4544 δέ
3765 4466 3913 4544 ἐστιν
3955 4493 3981 4544 δ

725 4613 905 4657 autem
945 4605 1029 4652 est
1057 4594 1312 4648 Salvator
1343 4597 1532 4643 noster
1557 4585 1740 4650 Jesus,
1763 4593 1822 4639 ut
1853 4586 1969 4655 ipse
1992 4585 2167 4640 dixit:
2192 4579 2299 4655 Ερο

721 4708 838 4748 sum
886 4689 1042 4757 panis
1075 4687 1164 4755 qui
1212 4683 1275 4735 de
1301 4679 1428 4734 mlo
1476 4678 1722 4731 descendi
1752 4677 1819 4728 “.
1855 4676 2060 4730 Domus
2115 4685 2300 4730 autem

721 4781 895 4851 ipsius
916 4774 1102 4836 vocari
1154 4773 1351 4843 poterit
1411 4769 1575 4838 Virgo
1636 4767 1827 4822 Maria.
1878 4765 2073 4821 Merito
2115 4767 2300 4836 itaque

721 4873 965 4942 Virginis
1018 4867 1214 4922 collum
1274 4863 1470 4918 turrim
1524 4863 1576 4914 in
1626 4859 1919 4929 Thalpiotli
1980 4859 2294 4928 appellavit.

717 4965 861 5018 Mille
909 4961 1075 5033 clypei
1112 4958 1511 5028 peudentsuper
1538 4969 1674 5016 eam,
1707 4952 1885 5005 omnia
1917 4951 2135 5019 [artium
2168 4952 2299 5004 mis-

716 5058 840 5111 silia
869 5076 882 5110 :
917 5070 1014 5124 per
1048 5056 1164 5107 haec
1188 5065 1295 5104 non
1343 5050 1580 5103 obscure
1634 5046 1872 5100 ostendit
1901 5059 2084 5098 arcem
2121 5046 2173 5098 in
2212 5054 2298 5097 tu-

715 5161 771 5204 to
807 5150 940 5214 fore,
976 5146 1220 5214 undique
1253 5140 1561 5195 munitione
1603 5139 1883 5202 vallatam,
1913 5144 2076 5206 atque
2106 5135 2297 5205 praesi-

712 5244 805 5297 dio
846 5239 1111 5295 munitam
1141 5254 1154 5302 ;
1187 5250 1286 5290 nec
1300 5248 1419 5288 eain
1435 5231 1660 5285 omnino
1680 5228 1918 5283 hostium
1944 5238 2134 5296 patere
2154 5228 2292 5282 insi-

711 5337 837 5391 diis.
877 5328 1160 5403 Ejusmodi
1188 5341 1354 5399 porro
1390 5333 1510 5380 erat
1533 5324 1626 5378 illa
1649 5337 1869 5392 quoque
1893 5318 2140 5377 sanctibr
2164 5322 2292 5376 uui-

713 5426 886 5481 ve’rsis
919 5422 1089 5478 Mater
1123 5421 1282 5482 Virgo
1310 5436 1322 5472 :
1355 5431 1476 5486 quae
1508 5415 1671 5469 nullis
1701 5428 1942 5483 unquam
1978 5411 2081 5467 fuit
2113 5427 2292 5483 ιιξιρυ-

709 5521 816 5575 sita
840 5516 1077 5576 insidiis.
1113 5523 1276 5584 atque
1301 5512 1369 5566 ab
1388 5510 1535 5565 omni
1565 5521 1798 5579 prorsus
1827 5506 2054 5561 subdola
2089 5508 2302 5561 vcrsuti‘

705 5613 852 5669 illius
883 5609 1071 5664 fraude
1108 5607 1284 5662 aliena
1322 5604 1584 5676 perstitit.

2412 4586 2602 4656 Σωτὴρ
2635 4586 2792 4654 ἡμῶν
2833 4583 3071 4656 Ἰησοῦς,
3111 4583 3186 4646 ὡς
3235 4584 3396 4645 αὐτὸς
3429 4585 3747 4654 ἀπεφήνατο
3772 4598 3785 4611 '
3836 4583 3983 4651 Ἐγώ

2411 4681 2528 4748 ειμι
2554 4681 2586 4733 ό
2621 4660 2822 4746 ἄρτος,
2858 4679 2890 4731 ό
2912 4677 2980 4731 ἐκ
3008 4676 3115 4731 τοῦ
3139 4677 3400 4744 οὐρανοῦ
3431 4675 3711 4741 καταϐάς.
3744 4672 3903 4739 Οἶκος
3937 4676 3982 4729 δ’

2412 4773 2480 4826 ἂν
2511 4769 2677 4823 αὐτοῦ
2725 4769 2944 4822 καλοῖτο
2979 4771 3011 4839 ὴ
3048 4769 3321 4837 Παρθένος
3375 4767 3579 4837 Μαρία.
3613 4768 3852 4833 Εἰκότως
3888 4765 3982 4824 οὖν

2406 4864 2500 4917 τδν
2529 4863 2744 4932 ἐκείνης
2773 4848 3045 4931 τράχηλον
3093 4861 3298 4931 πύργον
3325 4861 3383 4913 ὲν
3415 4860 3672 4913 eamea
3705 4863 3982 4930 προσηγόο

2407 4973 2500 5028 ρευ
2513 4972 2590 5009 σε.
2618 4956 2810 5007 Χίλιοι
2837 4953 3035 5022 θυρεοὶ
3061 4953 3384 5021 κρέμανται
3411 4953 3505 5005 ἐπ’
3529 4953 3719 5006 αὐτόν
3739 4969 3755 4984 ’
3788 4953 3982 5009 πᾶσαι

2401 5050 2461 5101 al
2480 5047 2732 5111 βολιδες
2765 5043 2880 5098 τῶν
2907 5043 3212 5098 δυνατῶν·
3250 5044 3348 5114 τὴν
3375 5043 3714 5114 πανταχόθεν
3738 5043 3827 5098 διὰ
3855 5045 3981 5097 τού-

2399 5155 2508 5190 των
2544 5138 2642 5205 τῆς
2681 5133 3031 5203 ἀκροπόλεως
3064 5133 3365 5202 ἀσφάλειαν
3412 5133 3715 5204 δεδήλωκε,
3772 5135 3867 5188 καὶ
3920 5135 3982 5188 τὸ

2399 5229 2595 5298 ἐχυρόν
2648 5242 2710 5279 τε
2741 5228 2834 5279 καὶ
2859 5225 3309 5295 ἀπροσπέλαστον
3342 5227 3455 5288 τίς
3499 5227 3672 5297 ταύτῃ
3716 5227 3976 5297 βιδουὶηο

2404 5323 2587 5390 μένοις
2611 5317 3005 5373 ἐπιδου).εύειν.
3033 5317 3270 5389 Τοιαύτη
3291 5317 3347 5370 δὲ
3378 5318 3473 5371 καὶ
3505 5319 3536 5388 ή
3570 5319 3788 5371 πάντων
3814 5319 3983 5385 ἁγιω-

2405 5413 2538 5482 τέρα
2562 5415 2746 5482 μήτηρ
2780 5410 3053 5476 Παρθένος
3076 5424 3090 5439 ⁸
3115 5408 3566 5471 ἀνεπιὸούλευτος
3589 5409 3695 5479 γὰρ
3723 5407 3982 5473 καθάπαξ

2405 5506 2500 5559 καὶ
2518 5503 2974 5571 ἀπροσπέλαστος
3008 5502 3187 5571 πάσης
3213 5500 3536 5573 ἡστινοσοῦν
3558 5499 3854 5571 ἐπιϐουλῆς
3877 5501 3974 5554 τοῦ

2401 5597 2640 5667 πονηροῦ
2670 5594 2754 5648 δια
2764 5612 2831 5664 με
2840 5596 3094 5664 μένηκεν.

787 5797 836 5830 ⁸⁹
860 5792 1053 5850 Matth.
1090 5807 1206 5858 xui,
1239 5789 1330 5846 55.
1407 5789 1450 5819 ⁸ο
1501 5787 1635 5842 Luc.
1668 5801 1707 5853 ι,
1743 5784 1833 5840 68.
1911 5785 1952 5816 ⁸¹
1989 5781 2095 5837 lsa.
2123 5795 2278 5850 mu,
2316 5779 2370 5835 2.
2449 5780 2493 5810 ⁸·
2529 5776 2543 5831 ι

1172 5809 1206 5858 ι,
1239 5789 1330 5846 55.
1407 5789 1450 5819 ⁸ο
1501 5787 1635 5842 Luc.
1668 5801 1707 5853 ι,
1743 5784 1833 5840 68.
1911 5785 1952 5816 ⁸¹
1989 5781 2095 5837 lsa.
2123 5795 2278 5850 mu,
2316 5779 2370 5835 2.
2449 5780 2493 5810 ⁸·
2529 5776 2786 5843 10am“,
2843 5777 2928 5830 41.
