4446 6450
782 420 914 486 1051

1923 408 2290 474 ΜΑΤἸἮΒῙ
2309 406 2836 469 CANTACUZENI

3855 398 3996 462 1'05!

759 543 835 584 tes
869 534 922 583 in
962 528 1173 581 civitate
1200 543 1217 580 .-
1245 532 1616 595 percusserunt
1643 539 1744 590 me,
1789 520 2190 578 vulneraverunt
2224 534 2326 584 ιιιε,
2357 521 2403 578 Α
2430 518 2488 571 οι

2241 534 2326 584 ιιε,
2357 521 2403 578 Α
2430 518 2488 571 οι
2520 519 2811 586 φύλακες,
2869 498 2925 569 δι
2974 513 3351 578 κυκλοῦντες
3379 511 3447 564 ἐν
3498 510 3571 578 τᾶ
3609 511 3819 564 πόλει·
3854 508 3997 562 ἐκά-

757 620 986 671 tulerunt
1017 618 1319 670 theristrum
1351 633 1520 669 meum
1549 612 1790 668 custodes
1824 613 2090 666 mnium.

1285 801 1290 805 '
1375 789 1664 846 SCHOLIA
1686 829 1701 844 .

831 886 1062 948 Qutrsivi
1097 901 1236 947 eum,
1269 895 1318 936 et
1375 899 1474 935 non
1515 883 1684 934 inveni
1715 896 1854 933 eum.
1884 877 2159 933 Percurrit
2200 889 2328 945 pro-

754 977 913 1045 pheta
958 986 1068 1028 tum
1109 976 1214 1037 hic,
1255 983 1366 1027 tum
1407 973 1538 1026 alibi
1586 971 1804 1026 concise
1844 984 2003 1038 pene,
2039 967 2330 1039 mysterio-

755 1083 876 1119 rum
906 1067 1080 1134 capita
1111 1065 1307 1118 futura:
1337 1062 1498 1117 Verbi
1538 1061 1629 1115 Dei
1660 1061 1713 1114 in
1758 1074 1923 1115 carne
1967 1058 2330 1127 dispensatio-

756 1161 862 1212 nis.
889 1156 1157 1223 iit-petens
1187 1168 1407 1224 quoque
1437 1153 1504 1207 de
1534 1153 1742 1218 integro
1777 1165 1872 1218 per
1910 1149 2088 1217 capita
2123 1160 2330 1202 sermo-

754 1260 902 1315 nem,
941 1255 1198 1310 tanquam
1231 1258 1293 1297 es
1317 1255 1549 1310 persona
1579 1249 1744 1295 castae
1773 1239 1962 1294 Matris
1985 1236 2220 1297 Domini,
2247 1234 2332 1286 di-

754 1335 830 1386 cit
866 1351 880 1387 :
925 1333 1156 1397 Qua'sivi
1197 1348 1337 1396 eum,
1361 1343 1425 1385 ἐι
1474 1348 1574 1384 non
1618 1331 1792 1383 inveni
1829 1345 1968 1384 eum.
2013 1326 2165 1394 Quod
2197 1339 2332 1380 sane

756 1425 1099 1492 interpretari
1128 1424 1342 1492 quidem
1364 1423 1579 1490 poterit,
1605 1420 2064 1491 quemadmodum
2093 1429 2221 1471 ante
2243 1416 2333 1469 di-

755 1527 901 1569 ctum
936 1524 1038 1577 est,
1071 1515 1176 1567 hoc
1223 1515 1512 1568 verborum
1546 1513 1827 1567 involucro
1857 1509 2113 1566 eximiam
2145 1508 2334 1563 Salva-

755 1605 895 1659 toris
940 1605 994 1657 in
1038 1605 1291 1673 sepulcro
1332 1605 1571 1672 requiem
1627 1602 1944 1671 signiﬁcari.
1991 1600 2144 1654 Tunc
2189 1598 2333 1652 enim

755 1710 880 1748 cum
903 1711 1152 1762 quaerens
1173 1694 1538 1749 sacratissima
1569 1697 1762 1751 mater.
1793 1707 1900 1744 non
1926 1691 2152 1747 invenit.
2177 1688 2335 1742 Pote-

757 1783 829 1834 rit
850 1783 900 1834 id
922 1782 1085 1835 etiam
1107 1783 1232 1851 quis
1252 1783 1552 1852 intelligere
1572 1782 1637 1836 de
1653 1778 2115 1836 salutari'Christi
2134 1778 2334 1832 Ascen-

757 1875 932 1934 sioue,
969 1884 1091 1942 post
1134 1883 1568 1933 consummatam
1621 1886 1836 1925 omnem
1876 1869 2058 1925 carnis
2103 1869 2323 1938 dispen-

755 1967 1044 2020 sationem.
1075 1969 1209 2019 Cum
1237 1967 1381 2019 enim
1416 1980 1538 2018 eum
1573 1977 1628 2018 ut
1656 1964 1926 2018 hominem
1955 1972 2073 2031 post
2119 1967 2327 2017 Ascen-

757 2057 966 2110 sionem
999 2065 1289 2127 quaereret,
1324 2065 1383 2110 ut
1432 2066 1627 2125 przesto
1671 2061 1839 2118 esset,
1886 2053 2178 2122 purissima
2232 2051 2326 2106 Dei

756 2143 1051 2212 Puerpera,
1098 2160 1206 2198 non
1250 2144 1454 2197 invenit
1502 2159 1648 2207 eum,
1693 2158 1865 2213 neque
1910 2143 2084 2212 ipsam
2121 2141 2331 2196 audivit

756 2243 1078 2299 vocantem;
1121 2235 1372 2303 quamvis
1404 2245 1460 2288 ut
1497 2233 1641 2288 Deus
1669 2249 1792 2288 cum
1827 2234 1945 2304 ipsa
1985 2234 2147 2295 ioret,
2190 2232 2331 2286 illia-

760 2327 907 2393 lique
934 2325 1110 2379 simul
1134 2333 1189 2380 et
1231 2336 1458 2394 paterno
1506 2326 1725 2390 aﬂ‘ectu,
1777 2341 1899 2396 qua:
1934 2325 2107 2395 ipsius
2151 2332 2331 2390 erant,

762 2418 1107 2486 gubernaret.
1173 2418 1487 2472 Invenerunt
1512 2435 1590 2472 me
1611 2420 1850 2473 custodes
1873 2412 2252 2472 circumeuntes
2278 2418 2330 2470 in

761 2510 990 2563 civitate.
1030 2508 1314 2575 Videlicet,
1349 2526 1470 2564 cum
1503 2526 1801 2580 quaererem
1833 2524 2066 2580 eumque
2111 2510 2335 2564 invoca-

763 2615 898 2656 rem.
935 2610 990 2654 et
1023 2601 1188 2657 Deum
1221 2617 1286 2657 ex
1320 2617 1405 2655 me
1447 2601 1566 2658 sine
1595 2603 1803 2657 semine
1837 2609 2023 2656 uatum
2053 2613 2175 2656 esse
2203 2615 2335 2655 con-

761 2691 1038 2742 tenderent
1073 2705 1088 2743 :
1128 2689 1180 2743 id
1213 2705 1322 2745 non
1351 2689 1657 2745 ferentibus
1701 2705 1767 2745 ex
1805 2689 2098 2744 invidentia
2131 2689 2334 2758 princi-

762 2779 923 2845 pilius
945 2780 1310 2842 sacerdotum.
1330 2781 1422 2851 qui
1453 2781 1774 2836 videbantur
1799 2782 1902 2850 legi
1929 2796 2184 2849 praeesse,
2214 2796 2336 2848 gra-

2424 605 2616 668 ταεάν
2637 621 2732 673 με,
2755 602 3199 673 έτρσυμάτισὰν
3247 620 3323 670 με
3345 617 3360 631 ⁶
3384 597 3537 668 ἦραν
3573 601 3640 654 τὸ
3681 599 3997 666 θέρισερον

2425 692 2529 749 ἀπ’
2559 693 2708 762 ἐμοῦ
2738 693 3008 761 φύλακες
3032 692 3151 746 τῶν
3181 691 3445 759 τειχέων.
3580 714 3583 719 ι

2789 795 2792 797 ’
3060 783 3336 836 ΣΧΟΛΙᾹ.

2509 879 2806 946 Ἔζήτησα
2842 877 3029 932 αὑτὸν
3057 877 3153 929 καὶ
3183 876 3298 942 οὐχ
3325 869 3507 940 εὗρον
3537 872 3740 924 αὐτόν.
3789 867 4000 930 Διεξελ-

2431 971 2541 1024 Θὼν
2570 973 2600 1024 ό
2629 969 2918 1040 προφήτης
2949 972 3043 1020 καὶ
3067 967 3184 1030 νῦν,
3208 965 3305 1018 καὶ
3335 965 3392 1016 έν
3422 963 3654 1030 ἑτέροις,
3688 957 3764 1021 ὥς
3791 961 3851 1012 ιν
3874 960 4000 1010 επι-

2429 1063 2596 1130 τομῇ,
2628 1063 2696 1114 τὰ
2723 1060 2864 1114 κατά
2907 1059 3007 1128 τὴν
3052 1059 3319 1125 ενσαρκον
3363 1053 3678 1120 οἰκονομίαν
3733 1049 3828 1102 τοῦ
3867 1045 4002 1100 Θεοῦ

2431 1151 2607 1217 Λόγου
2649 1149 2990 1218 γενησόμενα
3024 1147 3323 1216 μυστήρια,
3359 1138 4003 1209 ἐπανακεφαλαιούμενος

2432 1241 2530 1293 καὶ
2578 1236 2734 1300 αὖθις
2765 1238 2856 1290 τὸν
2899 1236 3078 1302 λόγον,
3112 1235 3187 1298 ὥς
3223 1237 3286 1286 εκ
3333 1233 3432 1300 τῆς
3456 1230 3630 1298 άγνῆς
3659 1227 3753 1282 τοῦ
3803 1223 4004 1294 Κυρίου

2437 1327 2645 1398 μητρός
2691 1343 2894 1396 φησιν·
2943 1325 3243 1392 Ἑζήτησα
3293 1323 3506 1387 αὐτὸν,
3538 1320 3637 1373 καὶ
3684 1320 3797 1385 οὐχ
3827 1311 4010 1383 εὖρον

2434 1420 2654 1472 αὐτόν’
2712 1418 2869 1471 τοῦτο
2928 1419 3028 1486 μὶν
3075 1417 3142 1470 ἄν
3189 1433 3274 1479 τις
3321 1414 3470 1466 ὡσάν
3499 1414 3712 1482 εἴρηται
3743 1409 4007 1478 πρότερον

2435 1508 2680 1575 ιιιλάσοι,
2725 1508 2825 1579 τὴν
2873 1508 2933 1560 εν
2963 1505 3041 1575 τῷ
3078 1508 3236 1575 τάφῳ
3263 1504 3358 1558 τοῦ
3389 1503 3638 1570 Σωτῆρος
3677 1494 4009 1553 αἰνίττεσθαι

2438 1601 2696 1669 ὑπερφυᾶ
2722 1599 3018 1652 κατάθεσιν
3039 1615 3053 1629 ⁸
3085 1590 3388 1666 τηνικαῦτα
3424 1594 3534 1661 γὰρ
3563 1590 3801 1659 ζητοῦσα
3822 1585 4012 1640 τοῦτον

2437 1694 2472 1762 ἡ
2503 1692 2776 1759 πάναγνος
2806 1691 3003 1761 Μήτηρ
3051 1689 3149 1758 οὺχ
3181 1681 3362 1756 εὗρεν.
3402 1683 3576 1738 Τοῦτο
3606 1681 3665 1734 δ’·
3690 1680 3757 1734 ἀν
3789 1694 3873 1739 τις
3917 1674 4012 1728 καὶ

2439 1783 2522 1844 είς
2546 1782 2646 1850 τὴν
2681 1783 2950 1850 σωτήριον
2983 1781 3121 1849 μετὰ
3155 1779 3217 1832 τὸ
3247 1780 3429 1830 πᾶσαν
3457 1770 3775 1840 οἰκονομίαν
3803 1765 4014 1834 πεπλη-

2364 1835 2402 1889 B
2435 1835 2640 1941 ριῦσθιιι
2687 1872 2782 1925 τοῦ
2811 1835 3067 1941 ⁸ίίριιινειτοῦ
3120 1867 3434 1936 ἀνάληψινο
3488 1835 3856 1933 ἀνθρωπικῶς
3905 1857 4015 1925 γάρ

2432 1966 2570 2034 μετά
2593 1962 2765 2017 ταῦτα
2786 1962 2980 2016 τοῦτον
3006 1960 3248 2030 ζητοῦσα
3281 1957 3539 2027 παρεῖναι
3577 1955 3610 2022 ἡ
3633 1950 4016 2019 ὑπεράμωμος

2429 2053 2523 2106 τοῦ
2579 2052 2715 2106 Θεοῦ
2769 2052 3091 2122 λοχεύτρια,
3118 2052 3218 2120 οὐχ
3249 2048 3509 2117 εὖρισκεν
3548 2043 3714 2097 αὐτόν
3738 2055 3752 2070 ⁸
3783 2039 3880 2093 καὶ
3917 2053 4019 2091 κα-

2429 2144 2598 2197 λοῦσα
2628 2145 2726 2214 οὐχ
2757 2145 3060 2213 ὑπήκουεν.
3096 2137 3172 2213 τῌ
3224 2140 3280 2193 δὶ
3335 2138 3469 2199 Θεὸς
3521 2134 3690 2203 συνῆν
3716 2133 3855 2200 αὐτῇ
3878 2146 3896 2164 ο
3919 2127 4017 2182 καὶ

2431 2237 2626 2299 υἱῖκῶς
2650 2236 2786 2304 ὁμοῦ
2837 2236 2932 2287 καὶ
2963 2234 3245 2304 πατρικῶς
3271 2231 3338 2284 τὰ
3366 2228 3490 2283 κατ’
3533 2225 3702 2296 αὐτὴν
3725 2221 4018 2288 ικυσέρνα.

2433 2328 2715 2395 Εὗροσάν
2761 2342 2840 2395 με
2885 2328 2940 2380 οι
2993 2325 3289 2394 φύλακες,
3327 2327 3378 2378 al
3427 2319 3806 2383 κυκλοῦντες
3833 2317 3905 2370 ἐν
3945 2312 4019 2380 τῇ

2435 2421 2646 2472 πόλει·
2687 2417 2879 2488 ἧγουν,
2917 2415 3155 2486 ζητοῦσα
3195 2415 3403 2478 τοῦτον,
3452 2413 3546 2466 καὶ
3582 2408 4018 2478 ιπικαλονμένη,

2435 2511 2531 2562 καὶ
2587 2507 2721 2561 Θεὸν
2770 2508 2829 2571 ἐξ
2881 2505 3016 2578 ἐμοῦ
3066 2506 3194 2560 ἀνευ
3252 2506 3461 2577 σπορᾶς
3492 2501 3900 2572 ἀνομολογοῦσα
3931 2516 4021 2552 ἰε-

2435 2598 2632 2666 χθέντα
2651 2638 2667 2663 ,
2730 2597 2805 2668 μὴ
2860 2597 3198 2663 ἐνεγκόντων
3224 2595 3314 2647 τὸν
3344 2594 3540 2663 φθόνον
3581 2592 3691 2646 τῶν
3715 2590 4021 2643 δοκούντων

2439 2690 2744 2762 ἀρχιερέων
2761 2689 3056 2758 τοῦ’“νόμου
3079 2689 3436 2759 προεστάναι,
3458 2687 3701 2756 ὑπέστην
3726 2685 3816 2738 ὑπ’
3839 2681 4023 2736 αὐτῶν

2439 2783 2607 2838 δεινά.
2645 2783 2918 2847 Φύλακος
2961 2783 3007 2834 δ’
3058 2782 3125 2835 ἂν
3179 2782 3430 2834 καλοῖντο
3460 2779 3553 2832 τοῦ
3579 2779 3748 2847 νόμου
3784 2779 3832 2829 οι
3861 2792 4020 2843 τηνιο

761 2872 847 2922 via
884 2871 950 2923 ab
986 2871 1092 2925 illis
1140 2886 1300 2940 passa
1348 2888 1494 2928 sum.
1545 2872 1798 2927 Custodes
1851 2884 2028 2927 autem
2077 2875 2339 2942 appellari
2442 2892 2512 2928 κα

2265 2875 2339 2928 ari
2442 2873 2617 2928 καῦτα
2671 2873 2779 2926 τῶν
2826 2873 3096 2928 Ἰουδαίων
3143 2874 3416 2943 ἀρχιερεῖς
3445 2913 3459 2937 ,
3503 2871 3578 2931 ὡς
3625 2869 3703 2938 τῷ
3733 2869 4021 2939 γράμματι

761 2971 995 3030 ροςδιιιιι
1023 2962 1156 3033 legis
1199 2965 1481 3031 pontitices
1511 2964 1824 3020 Iudaeorum
1861 2975 2010 3031 tunc,
2041 2975 2223 3033 utpote
2246 2972 2338 3035 qui
2445 2967 2515 3037 μό

2267 2972 2338 3035 lui
2445 2967 2592 3037 μόνῳ
2651 2967 3106 3035 προσανέχοντες,
3147 2965 3337 3036 πόρρω
3399 2963 3456 3017 δι
3518 2962 3628 3014 τῶν
3690 2959 4023 3027 ἐγκειμένων

762 3052 863 3106 soli
896 3053 1084 3107 litterae
1113 3055 1574 3121 adlimrescentes,
1603 3056 1761 3128 longe
1799 3058 2016 3126 quidem
2062 3058 2286 3112 aberant
2310 3072 2339 3110 a
2444 3061 2518 3111 tm

2268 3067 2339 3112 ta
2444 3058 2666 3112 ἐννοιῶν
2707 3057 2935 3120 ἑαυτοὺς
2965 3058 3388 3119 ἀπελαύνοντες.
3423 3059 3490 3110 οι
3535 3052 3908 3117 κυκλοῦντες
3955 3052 4024 3104 ἐν

763 3157 952 3206 sensu,
982 3144 1074 3214 qui
1108 3145 1161 3199 iu
1189 3145 1300 3200 illis
1329 3147 1525 3202 inerat.
1557 3147 1956 3203 Circumeuntes
2001 3150 2055 3201 in
2088 3149 2336 3214 civitate;
2365 3161 2407 3218 (ς
2439 3151 2514 3219 τῆ

2267 3163 2336 3214 ‘e;
2365 3161 2407 3218 (ς
2439 3151 2514 3219 τῆ
2547 3152 2742 3214 πόλει,
2794 3151 3097 3212 τουτέστιν,
3146 3151 3196 3204 oi
3245 3151 3374 3220 περὶ
3413 3149 3480 3202 s&
3525 3149 3664 3201 αύτά
3696 3147 3789 3200 καὶ
3823 3143 4023 3216 ὲν,τοϊς

764 3232 868 3287 hoc
909 3243 1011 3297 est,
1067 3234 1161 3304 qui
1216 3237 1361 3291 circa
1413 3237 1677 3306 litteram,
1731 3239 1868 3294 etin
1908 3240 2087 3293 littora
2124 3231 2338 3308 sem‘per
2445 3243 2512 3296 αὐ

2269 3254 2338 3294 ter
2445 3243 2628 3306 αὐτοῖς
2678 3243 2764 3296 ἀεὶ
2794 3243 3248 3313 συστρεφόμενοι,
3287 3244 3378 3295 καὶ
3436 3240 3606 3310 μηδὲν
3643 3237 3848 3307 ὑψηλὸν
3899 3234 4025 3302 περὶ

764 3336 1067 3390 versantes,
1111 3326 1245 3382 nihil
1269 3328 1550 3385 excelsum
1579 3331 1646 3386 de
1677 3330 1787 3386 Deo
1817 3332 2080 3387 sentiunt.
2114 3331 2340 3386 Percus-

761 3427 942 3469 serunt
977 3435 1080 3485 me,
1127 3421 1396 3487 videlicet,
1443 3423 1591 3492 gravi
1641 3437 1729 3477 me
1783 3423 1971 3478 dolore
2020 3422 2336 3488 aﬂ‘ecerunt,

764 3518 888 3556 cum
923 3509 1060 3560 mala
1095 3510 1270 3578 palam
1309 3511 1573 3568 inferrent
1601 3511 1693 3568 Dei
1732 3511 2010 3578 Ecclesiae,
2066 3515 2340 3582 expellen-

767 3605 849 3649 tes
911 3598 1225 3668 discipulos,
1250 3611 1304 3656 et
1338 3601 1621 3672 Evangelii
1650 3605 1963 3674 progressui
1988 3606 2336 3662 obsistentes.

771 3685 1024 3760 Tulerunt
1065 3691 1366 3745 theristrum
1400 3709 1568 3747 meum
1598 3735 1613 3759 ,
1652 3693 1848 3763 capitis
1893 3694 2141 3748 videlicet
2177 3707 2340 3748 orna-

769 3791 1037 3844 mentum,
1089 3782 1231 3849 piam
1284 3785 1544 3839 nimirum
1591 3785 1658 3840 de
1711 3785 1842 3853 Deo;
1868 3785 2338 3857 intelligentiam:

765 3891 929 3940 quam
972 3874 1192 3942 quidem
1222 3891 1439 3932 summo
1474 3877 1658 3933 studio
1688 3879 2090 3934 contenderunt
2116 3894 2182 3933 ex
2211 3879 2339 3933 ulti-

767 3966 874 4018 mis
901 3973 1056 4018 ιρι-ιω
1085 3965 1308 4030 ﬁnibus,
1334 3968 1570 4034 auferre,
1609 3968 1704 4023 sed
1741 3983 1848 4023 non
1877 3969 2186 4034 valuerunt,
2212 3984 2338 4023 cum

768 4056 963 4125 majori
999 4056 1050 4110 vi
1080 4057 1373 4113 obsisteret
1416 4059 1590 4115 virtus
1618 4059 1874 4128 praeconii
1909 4059 2112 4116 Christi
2155 4060 2343 4116 Salva-

767 4150 920 4203 toris.
957 4149 1210 4203 Custodes
1242 4153 1511 4215 manium,
1563 4151 1816 4206 videlicet
1848 4153 2022 4222 legem
2058 4155 2237 4223 specie
2264 4163 2344 4210 ιε-

769 4256 873 4292 nus
903 4251 1202 4296 servantes.
1273 4241 1388 4296 Non
1427 4243 1573 4296 enim
1614 4243 1841 4312 dignum
1883 4243 2038 4298 duxit
2082 4245 2204 4299 illos
2248 4260 2346 4300 cu-

767 4332 956 4385 stmlcs
984 4347 1104 4386 csse
1147 4333 1407 4398 civitatis,
1444 4334 1537 4390 sed
1574 4343 1780 4389 tantum
1840 4336 2124 4400 mcenium,
2147 4339 2228 4393 sic
2262 4348 2346 4393 ut-

770 4436 988 4489 cunque
1021 4422 1344 4490 positorum,
1377 4433 1432 4478 et
1468 4440 1577 4479 non
1610 4439 1674 4479 ex
1707 4423 1800 4480 Dei
1840 4433 2042 4480 mente.

1435 4515 1619 4571 CANT
1651 4559 1666 4574 .

842 4603 894 4656 8.
937 4603 1191 4668 Atliuravi
1226 4623 1335 4669 vos,
1369 4609 1496 4674 lilia:
1522 4607 1844 4678 Jerusalem,
1881 4617 1935 4670 in
1978 4617 2262 4671 virtutibus
2291 4625 2342 4671 et

771 4697 824 4747 in
863 4696 1058 4749 viribus
1089 4698 1227 4766 agri,
1254 4701 1299 4751 si
1323 4701 1624 4756 inveneritis
1661 4716 1894 4772 nepotem
1921 4724 2114 4775 meum,
2151 4725 2345 4763 renun-

774 4789 900 4841 tiate
926 4789 974 4840 ei
1007 4792 1145 4856 quod
1175 4789 1454 4844 vulnerata
1481 4809 1661 4847 amore
1691 4811 1784 4864 ego
1815 4812 1955 4850 sum.

1396 4970 1690 5028 SCHOLIA
1709 5013 1725 5027 .

841 5063 960 5119 Non
991 5063 1180 5119 eodem
1230 5079 1422 5129 sensu,
1467 5077 1814 5122 sacramento
1868 5067 2007 5122 tilias
2065 5069 2355 5138 compellat

768 5157 1095 5222 Jerusalem,
1139 5172 1249 5226 quo
1279 5167 1332 5211 et
1370 5159 1523 5227 prius
1545 5158 1909 5229 jurejurando
1946 5161 2227 5230 adegerat,
2257 5162 2352 5217 sed

775 5249 860 5302 hic
927 5248 1068 5301 tilias
1122 5244 1430 5302 Jerusalem
1487 5257 1782 5318 sequentes
1852 5249 2142 5305 Dominum
2193 5262 2354 5306 vocat

774 5338 1070 5407 discipulae
1109 5357 1122 5393 :
1165 5354 1288 5408 quae
1322 5355 1418 5408 per
1464 5342 1788 5412 martyrium
1839 5345 1964 5397 vitae
2009 5343 2349 5399 curriculum

777 5432 1140 5504 petiuerunt.
1185 5431 1244 5485 Si
1286 5434 1586 5488 inveneritis
1648 5447 1888 5506 nepotem
1921 5452 2115 5500 meum,
2164 5453 2358 5489 renun-

769 5527 897 5577 tiate
931 5525 978 5577 ei
1005 5524 1145 5593 quod
1180 5524 1456 5580 vulnerata
1504 5542 1686 5581 amore
1724 5542 1818 5597 ego
1852 5544 1990 5581 sum.
2039 5528 2154 5581 Non
2205 5526 2353 5597 quod

770 5614 1039 5683 ejusmodi
1068 5615 1146 5670 rei
1175 5631 1338 5672 suum
1363 5617 1537 5688 ipsius
1558 5617 1759 5673 Filium
1784 5628 1838 5675 et
1868 5619 2160 5674 Dominum
2193 5617 2352 5690 igna-

776 5723 898 5762 rum
929 5707 1045 5763 fore
1087 5710 1502 5776 existimaterit,
1536 5713 1781 5782 praecipit
1837 5713 2161 5768 mulieribus
2192 5728 2350 5768 Suum

769 5815 896 5872 erga
933 5813 1182 5874 nepotem
1230 5807 1542 5863 renuntient
1595 5823 1875 5864 amorem:
1911 5809 2007 5878 qui
2040 5809 2184 5864 enim
2238 5806 2355 5863 ﬁeri

2443 3333 2579 3388 Θεοῦ
2595 3333 2998 3402 διανοούμενοι.
3037 3331 3383 3396 Ἔπὰταεὰν
3419 3345 3520 3398 με·
3562 3331 3750 3398 ἠγουν,
3783 3326 4026 3396 ἧλγυνάν

2447 3440 2535 3491 με,
2588 3426 2646 3475 ἐν
2691 3416 2772 3485 οἷς
2811 3421 3159 3491 ιπεδείκυντο
3220 3420 3414 3482 δεινοῖς
3464 3418 3601 3487 πρδς
3632 3416 3732 3486 τὴν
3764 3412 3859 3467 τοῦ
3891 3411 4027 3466 Θεοῦ

2456 3513 2806 3582 Ἐκκλησίαν,
2857 3511 3258 3572 ἀπελαύνοντες
3311 3508 3438 3571 τοὺς
3479 3508 3753 3576 μαθητάς,
3792 3505 3886 3557 καὶ
3937 3504 4031 3556 τὸν

2442 3604 2644 3673 δρόμον
2692 3603 2788 3657 τοῦ
2825 3603 3162 3671 Εὑαγγελῑου
3216 3601 3544 3661 κωλύοντες.
3577 3594 3775 3665 Ἦραν
3818 3596 3882 3649 τὸ
3934 3595 4030 3648 θέ-

2435 3712 2689 3764 ριστρον
2718 3696 2820 3750 ἀπ’
2854 3695 3025 3765 ἐμοῦ,
3063 3696 3153 3749 τὸν
3182 3696 3279 3762 τῆς
3313 3692 3554 3762 κεφαλῆς
3581 3690 3787 3759 κόσμον
3812 3686 4030 3757 δηλονό-

2440 3803 2517 3851 τι,
2554 3787 2654 3855 την
2705 3784 2907 3854 εὐσεϐῆ
2939 3785 3068 3855 περὶ
3113 3783 3251 3838 Θεοῦ
3280 3783 3544 3847 διάνοιαν,
3579 3781 3648 3852 ἣν
3675 3777 4030 3833 ὶσπουδάκει-

2445 3893 2542 3930 σαν
2575 3877 2674 3946 μὲν
2699 3877 2764 3932 ὲκ
2795 3876 2906 3928 τῶν
2939 3877 3194 3946 περάτων
3222 3874 3319 3943 τῆς
3352 3873 3456 3943 γῆς
3484 3872 3727 3940 ἀφελεῖν,
3772 3871 3872 3923 οὑκ
3903 3869 4028 3937 ἡδυ-

2447 3967 2695 4036 νήΘησαν
2728 3967 2783 4020 δὲ
2814 3967 3236 4040 ὑπερσαλλούσῃ
3280 3965 3512 4032 δυνάμει
3560 3963 3656 4017 τοῦ
3681 3963 4031 4033 κηρυττομέ-

2443 4076 2535 4112 νου
2598 4059 2848 4129 Σωτῆρος
2907 4059 3166 4130 Χριστοῦ.
3227 4059 3503 4122 min/taxat:
3562 4055 3680 4108 τῶν
3744 4054 4027 4122 τειχέων

2446 4153 2636 4218 ῆγουν,
2692 4155 2758 4220 τῇ
2803 4152 3025 4221 δοκήσει
3083 4151 3177 4204 τοῦ
3232 4150 3531 4216 φυλάσσειν
3589 4147 3681 4200 τὸν
3722 4146 3922 4214 νόμονο
3967 4145 4030 4195 οὐ

2447 4243 2554 4314 γάρ
2583 4244 2725 4308 ἀξιοῖ
2745 4244 2971 4308 τούτους
3001 4245 3252 4314 φύλακας
3272 4238 3409 4295 εἶναι
3432 4241 3637 4303 πόλεως
3658 4256 3671 4272 ·
3707 4238 3823 4292 ἀλλ’
3845 4237 4032 4299 ἀπλῶς

2446 4337 2556 4392 τῶν
2587 4338 2812 4407 τειχέων
2845 4337 2952 4390 τῶν
2982 4336 3126 4390 οὕτω
3165 4353 3281 4399 πως
3321 4337 3593 4405 κειμένων
3613 4350 3627 4366 ο
3679 4332 3777 4386 καὶ
3803 4331 3865 4384 ού
3904 4333 4034 4401 περὶ

2447 4428 2556 4482 τῶν
2589 4429 2686 4481 τοῦ
2711 4427 2850 4480 Θεοῦ
2879 4427 3120 4482 ἐννοιῶν.

3111 4514 3348 4591 ’ᾼΣΜΑ.

2522 4613 2775 4679 Ὠρκισα
2803 4608 2982 4679 ὑμᾶς,
3004 4610 3326 4678 θυγατέρες
3362 4606 3790 4676 Ἰερουσαλὴμ,
3809 4606 3881 4659 ἐν·
3907 4604 4036 4670 ταῖς
4067 4684 4069 4686 η

2449 4704 2748 4772 δυνάμεσι
2776 4688 2874 4756 udi
2915 4702 2986 4754 ἐν
3031 4700 3163 4766 ταῖς
3194 4701 3486 4769 ισχύσεσι
3526 4698 3633 4752 τοῦ
3663 4697 3885 4765 ἀγροῦ·
3928 4699 4039 4751 ἐὰν

2449 4795 2663 4862 εὕρητε
2706 4792 2814 4847 τὸν
2869 4777 3200 4860 ἀδελφιδόν
3224 4808 3366 4859 μου,
3390 4791 3798 4860 ἀπαγγείλατε
3849 4793 4039 4844 at'vtc‘r

2453 4884 2896 4955 ὅτιτετρωμένη
2925 4884 3166 4954 ἀγάπης
3199 4882 3315 4952 ειμι
3346 4883 3481 4953 ἐγώ.

3106 4975 3385 5031 ΣΧΟΛΙΑ.

2529 5070 2644 5122 Οὐκ
2674 5070 2770 5121 ἐπὶ
2796 5069 2896 5138 τὴν
2929 5069 3103 5138 αὐτὴν
3149 5069 3361 5125 ἔννοιαν
3395 5071 3488 5125 τὸν
3513 5072 3677 5126 αὐτὸν
3713 5074 4040 5143 παρήγαγεν

2455 5162 2639 5231 ὅρκον,
2679 5160 2740 5213 δν
2766 5161 2862 5214 καὶ
2891 5160 3160 5230 πρότερον
3180 5163 3320 5224 ’ταῖς
3349 5160 3660 5233 θυγατράσι
3692 5162 3795 5232 τῆς
3834 5162 4038 5231 Ἰερου-

2459 5252 2671 5322 σαλήμ·
2717 5251 2836 5304 ἀλλ’
2876 5249 3114 5305 ἐνταῦθα
3162 5251 3478 5321 θυγατέρας
3529 5255 3629 5321 τῆς
3681 5251 4039 5322 Ἰερουσαλὴμ

2457 5344 2557 5407 τὰς
2599 5342 3046 5412 ἀκολουθησάσας
3093 5344 3174 5414 τῷ
3215 5345 3464 5416 Δεσπότῃ
3499 5347 3656 5398 καλεῖ
3691 5345 3998 5416 μαθητρίας
4022 5361 4036 5374 ο

2457 5438 2515 5491 αἶ
2579 5437 2672 5490 καὶ
2712 5437 2804 5490 διὰ
2862 5437 3184 5507 μαρτυρίου⁵
3211 5437 3306 5491 τὸν
3342 5438 3546 5508 δρόμον
3574 5439 3861 5508 ὴνύκασιν.
3896 5437 4044 5491 Ἐὰν

2452 5528 2668 5594 εὕρητε
2692 5526 2800 5580 τὸν
2828 5525 3165 5596 άδελφιδόν
3203 5544 3348 5596 μου,
3379 5527 3784 5598 ἀπαγγείλατε
3827 5529 4040 5594 αὐτὸν,

2453 5622 2546 5676 ὅτι
2573 5619 2910 5689 τετριμμένη
2944 5619 3183 5690 ἀγάπης
3212 5620 3332 5690 ειμι
3351 5621 3486 5691 ἐγώ.
3509 5623 3623 5692 οὐχ
3650 5623 3727 5687 ὡς
3746 5621 4046 5693 ἀγνοοῦντα

2455 5715 2547 5766 τὶν
2587 5711 2791 5781 ἑαυτῆς
2839 5711 2969 5764 Υἰὸν
3004 5716 3098 5765 καὶ
3147 5715 3446 5784 Δεσπότην,
3497 5717 3882 5784 παρεγγυᾶται
3920 5716 4040 5774 ταῖς

2461 5807 2674 5876 γυναιξδ
2727 5805 2827 5876 τὴν
2875 5806 3080 5878 ταύτης
3135 5808 3359 5881 ἀγάπην
3391 5809 3528 5880 πρὸς
3565 5808 3736 5865 αὐτὸν
3775 5808 4044 5877 ἀπσγγεῐο
