4446 6450
813 387 956 453 1067

1949 399 2317 485 ΜΑΤτιιΑιι
2361 359 2909 474 οΑΝΤΑουΖΕΝι,

3890 372 4049 480 1068‘

805 499 950 556 clare
975 501 1327 569 signiﬁcavit,
1352 505 1516 573 idque
1549 506 1676 559 olim
1727 507 2050 574 patriarchae
2097 507 2262 562 Jacob
2288 509 2381 562 de-
2405 520 2453 575 Α
2482 511 2561 580 τῆ,

2288 509 2381 562 de-
2405 520 2453 575 Α
2482 511 2622 580 τῆρα
2654 510 2922 578 δεδήλωκε
2944 526 2958 540 ·
3006 508 3162 565 τοῦτο
3200 513 3292 564 καὶ
3335 515 3363 564 6
3399 514 3562 566 πάλαι
3597 512 3675 581 τῷ
3716 516 4034 584 πατριάρχῃ

805 600 1163 645 monstratum
1212 592 1310 645 l‘uit
1342 594 1410 648 ab
1455 595 1683 664 angelo“
1707 633 1722 658 ,
1757 596 1884 664 quid
1923 596 2071 648 illum
2105 597 2170 649 ad
2202 606 2375 650 certa-

802 697 923 735 men
955 683 1118 736 luctze
1150 686 1398 738 excitans
1429 688 1553 752 ejus
1600 685 1803 738 femina
1838 687 2010 754 tetigit
2038 687 2285 739 indicans
2308 703 2370 739 es

799 772 890 825 illa
922 788 1087 826 carne
1128 775 1465 827 nasciturum
1504 775 1596 828 Dei
1649 775 1845 828 Filium
1881 777 2246 844 unigenitum.
2278 775 2370 828 Di-

798 861 872 914 cit
906 863 1121 931 itaque:
1178 863 1385 916 Moduli
1437 865 1687 930 feminum
1739 876 1951 917 tuorum
2001 866 2200 917 similes
2250 873 2372 918 sunt

799 953 1118 1016 monilibus;
1150 954 1408 1016 videlicet,
1439 955 1543 1018 Qui
1575 969 1792 1008 carnem
1823 971 1888 1008 ex
1923 966 1973 1008 te
2018 963 2371 1021 suscepturus

793 1052 875 1096 est
918 1044 1080 1105 Deus,
1111 1045 1389 1098 immobile
1419 1046 1656 1113 sigillum
1685 1056 1765 1100 est
1811 1047 1928 1109 Dei,
1962 1057 2014 1099 et
2058 1045 2256 1099 Patris.
2287 1044 2372 1098 Si-

793 1142 888 1186 cut
914 1135 1057 1187 euim
1091 1134 1267 1203 inquit
1298 1135 1494 1204 optimi
1524 1135 1765 1190 artiﬁces
1791 1135 2069 1204 signacula
2093 1134 2369 1203 ellingunt,

764 1262 765 1265 η
792 1221 1196 1291 exemplaribus
1236 1241 1499 1294 perquam
1532 1227 1806 1280 simillima
1835 1243 1848 1290 ;
1907 1227 2095 1279 eodem
2126 1225 2288 1277 modo
2316 1233 2370 1276 et

795 1317 1111 1384 unigenitus
1148 1317 1241 1370 Dei
1274 1315 1468 1380 Filius,
1501 1317 1777 1370 immobile
1805 1317 2067 1386 sigillum,
2102 1329 2366 1384 perquam

791 1405 1067 1460 simillima
1097 1405 1258 1474 plane
1286 1417 1387 1469 est,
1422 1406 1600 1460 l’atris
1631 1407 1830 1473 imago.
2144 1392 2161 1404 ’

1469 1584 1604 1638 CAN
1613 1584 1667 1636 Τ.

853 1679 909 1732 9.
971 1676 1264 1730 Umbilicus
1297 1687 1414 1729 tuus
1477 1686 1650 1728 crater
1717 1673 2005 1733 tornalilis,
2063 1685 2165 1724 non
2209 1684 2360 1738 egens

787 1773 980 1837 misto;
1011 1780 1188 1823 venter
1221 1781 1340 1821 tuus
1386 1768 1630 1819 cumulus
1682 1758 2153 1828 tritisifvallalus
2197 1763 2247 1813 in
2298 1759 2360 1811 li-

782 1863 892 1916 liis.

1405 1945 1726 2004 SCllOLlA.

854 2044 934 2098 Ad
970 2057 1223 2112 magnum
1255 2055 1353 2110 pro
1385 2040 1541 2094 nobis
1595 2035 2018 2106 dispensationis
2053 2035 2367 2105 mysterium

785 2135 1112 2198 Salvatoris,
1145 2134 1410 2203 propheta
1445 2133 1634 2185 oculos
1667 2130 1986 2198 eonjieieus,
2020 2131 2094 2182 ait
2122 2131 2190 2182 ad
2248 2125 2366 2180 Vir-

779 2230 960 2298 ginem
992 2241 1008 2279 :
1041 2223 1334 2300 Umbilicus
1389 2234 1507 2275 tuus
1539 2232 1715 2274 crater
1743 2220 2051 2285 tornatilis;
2089 2219 2365 2283 videlicet,

778 2317 858 2372 Ex
891 2327 941 2372 te
975 2329 1142 2371 natus
1199 2315 1292 2369 Dei
1339 2315 1530 2380 Filius,
1562 2323 1740 2367 crater
1778 2321 1883 2376 est,
1926 2327 2084 2366 suum
2117 2326 2213 2380 pro
2268 2324 2365 2364 no-

777 2422 892 2466 διε-τι
929 2411 1126 2472 salute,
1160 2407 1442 2463 ellundcus
1469 2407 1806 2475 sanguinem.
1838 2403 1957 2456 Non
1988 2418 2141 2472 egens
2174 2403 2362 2464 mislo;

776 2517 842 2555 ex
867 2516 977 2570 quo
1036 2502 1179 2553 enim
1211 2497 1459 2551 Salvator
1514 2505 1697 2549 noster
1725 2493 1962 2548 Verbum
1997 2509 2125 2548 caro
2153 2494 2359 2548 factum

777 2604 879 2656 est.
914 2601 966 2646 ct
1002 2607 1163 2646 suum
1199 2593 1522 2660 sanguinem
1571 2589 1625 2642 iu
1660 2601 1845 2659 potum
1883 2588 2135 2642 ﬁdelibus
2169 2586 2358 2640 dedit:

783 2702 850 2740 ex
880 2699 969 2749 eo,
1007 2684 1256 2752 inquam,
1298 2694 1562 2749 tempore,
1594 2692 1774 2735 crater
1801 2697 1907 2734 non
1940 2680 2112 2734 deluit
2167 2680 2220 2732 iu
2255 2680 2359 2733 Ec-

775 2777 985 2838 clesiis,
1021 2790 1143 2844 qua:
1197 2784 1327 2828 sunt
1379 2774 1577 2842 ubique
1630 2782 1921 2826 terrarum.
1976 2771 2362 2837 Quinimoim-

775 2873 958 2938 pletur
994 2868 1246 2937 quotidie
1282 2867 1456 2921 sacris
1510 2867 1811 2920 incruentis
1843 2865 2146 2929 sacriﬁciis,
2183 2864 2356 2924 vitali,

771 2975 824 3018 et
854 2963 1042 3016 di\iuo
1075 2962 1362 3030 sanguine.
1416 2959 1602 3014 Venter
1636 2971 1754 3011 tuus
1783 2958 2022 3009 cumulus
2045 2968 2117 3010 est
2154 2956 2355 3020 tritici;

769 3070 961 3110 revera
1001 3054 1169 3118 enim,
1211 3054 1324 3121 ipSu
1358 3053 1636 3106 caelestem
1685 3050 1844 3104 nobis
1876 3063 2067 3118 panem
2103 3047 2352 3116 peperit;

2388 1830 2435 1891 Β
2462 1830 2769 1927 ἐρρηγμέκη
2793 1830 2871 1910 ’ἐν
2909 1857 3156 1924 κρίνοις.

2491 599 2684 652 Ἰακὼὸ
2704 599 2887 665 ὀφθεὶς
2925 599 3178 666 ἄγγελος,
3228 603 3322 653 καὶ
3359 603 3492 669 πρὸς
3521 602 3838 673 συμπλοκὴν
3872 605 4034 656 αὑτὸν

2474 687 2784 754 ἀναστήσας
2813 687 2989 756 πάλης
3009 727 3024 751 ,
3057 687 3234 756 ἥψατο
3260 689 3367 740 τῶν
3422 691 3632 741 ικείνου
3677 690 3889 758 μηρῶν,
3934 689 4034 758 τὴν

2475 774 2536 837 ἐξ
2561 775 2767 827 ἐκείνου
2803 777 3082 843 σάρκωσιν
3109 776 3203 828 τοῦ
3235 779 3559 844 μονογενοῦς
3591 780 3868 846 ιμφαινων
3901 779 4030 830 Υῑοῦ

2472 863 2567 916 τοῦ
2602 863 2762 918 Θεοῦ.
2788 867 2924 934 Φησὶ
2941 869 3122 920 τοίνυν
3141 880 3156 895 ⁶
3204 867 3440 935 Ῥυθμοὶ
3465 869 3672 936 μηρῶν
3697 886 3813 921 σου
3844 869 4035 934 ὅμοιοι

2475 954 2822 1022 όρμίσκοιςο
2896 956 3084 1024 ἤγουν,
3142 955 3202 1008 '0
3261 959 3324 1008 ὲκ
3387 956 3482 1009 σοῦ
3547 958 4035 1025 σαρκωθησόμενος

2473 1043 2604 1106 Θεὸς
2641 1046 2672 1112 ή
2708 1045 2784 1114 μὴ
2838 1046 3127 1116 κινουμένη
3166 1047 3401 1115 σφραγίς
3452 1048 3567 1098 ἐστι
3613 1047 3707 1098 τοῦ
3756 1047 3892 1097 Θεοῦ
3943 1045 4036 1096 καὶ

2473 1137 2707 1203 Πατρός.
2745 1137 2954 1205 Ὠσπερ
3001 1139 3130 1208 γὰρ,
3163 1139 3348 1206 φησιν,
3395 1138 3442 1189 οἱ
3473 1137 3582 1189 τῶν
3631 1137 3889 1206 τεχνιτῶν
3919 1136 4037 1203 ἄρι-

2475 1243 2588 1279 στοι
2621 1228 3077 1296 ἀπαραλλάκτους
3103 1227 3197 1288 τὰς
3223 1228 3531 1296 σφραγῖδας
3566 1227 3677 1280 τῶν
3711 1226 4034 1294 ἁρχετύπων

2472 1315 2789 1379 ποιοῦνται,
2819 1315 2961 1367 οὕτω
2991 1320 3082 1368 καὶ
3110 1318 3138 1368 6
3177 1317 3470 1384 μονογενὴς
3508 1316 3631 1376 Υἱὸς
3671 1315 3764 1368 τοῦ
3793 1315 3928 1366 Θεοῦ
3949 1355 3964 1377 ,
4001 1316 4034 1382 ἡ

2473 1404 2547 1472 μὴ
2573 1404 2865 1474 κινούμενη
2924 1406 3183 1474 σφραγὶς,
3231 1404 3653 1473 ἀπαράλλακτός
3685 1406 3833 1457 ιστιν
3872 1389 4048 1456 εἰκὼν

2469 1493 2563 1545 τοῦ
2602 1493 2835 1562 Πατρός.

3125 1579 3366 1652 ᾊΣΜΔ.

2539 1675 2842 1742 Ὀμφαλός
2879 1689 2994 1727 σου
3015 1673 3239 1741 κρατὴρ
3266 1674 3603 1742 τορνευτός,
3635 1673 3721 1741 μὴ
3749 1670 4034 1737 ὑστερούο

2462 1783 2644 1835 μενος
2681 1764 2910 1834 κρᾶμαο
2967 1766 3167 1824 κοιλία
3204 1780 3321 1818 σου
3361 1765 3628 1834 θημωνια
3677 1765 3874 1829 σίτου,
3927 1775 4032 1813 as-

3109 1947 3384 2001 ΣΧΟΛΙΔ.

2533 2042 2675 2110 Πρὸς
2705 2040 2765 2092 τὸ
2802 2039 2945 2108 μέγα
2969 2039 3066 2110 τῆς
3104 2041 3244 2109 ὑπὲρ
3295 2039 3450 2109 ἡμῶν
3478 2035 3788 2104 οἰκονομίας
3823 2034 4032 2104 μυστή-

2462 2149 2575 2202 ριον
2607 2131 2702 2184 τοῦ
2761 2133 3008 2200 Σωτῆρος
3063 2131 3285 2198 ἀφορῶν
3333 2133 3358 2182 ό
3416 2129 3709 2199 Προφήτης
3759 2126 3894 2194 πρὸς
3928 2123 4029 2194 τὴν

2460 2224 2735 2293 Παρθένον
2770 2225 2932 2292 φησιν
2956 2238 2969 2250 ο
3015 2222 3320 2288 Ὀμφαλός
3378 2235 3494 2272 σου
3532 2216 3755 2285 κρατὴρ
3791 2231 4030 2283 τορνευ-

2458 2320 2593 2383 τόςο
2640 2318 2828 2386 ἧγουν,
2865 2315 2924 2367 ὐ
2957 2317 3020 2366 ἐκ
3061 2313 3154 2366 σοῦ
3191 2315 3409 2382 saxosi;
3434 2312 3560 2374 Υἱὸς
3595 2310 3690 2363 τοῦ
3719 2310 3856 2363 Θεοῦ
3897 2325 4030 2377 κρα-

2455 2412 2562 2479 τήρ
2594 2413 2710 2462 ἔστι
2743 2409 2992 2476 προχέων
3029 2407 3092 2458 τὸ
3127 2407 3322 2458 ἑαυτοῦ
3373 2402 3515 2473 αἷμα
3562 2405 3702 2472 ὑπὲρ
3748 2404 3844 2471 τῆς
3872 2402 4028 2472 ἡμῶν

2458 2503 2752 2571 σωτηρίας.
2788 2498 2885 2563 Μὴ
2921 2498 3364 2565 ὑστερούμενος
3396 2495 3612 2564 κρᾶμα.
3667 2495 3882 2557 Ἐξότου
3923 2493 4028 2561 γὰρ

2453 2593 2480 2644 6
2515 2591 2706 2661 Σωτὴρ
2745 2591 2900 2658 ἡμῶν
2930 2587 3321 2658 ὲνηνθρώπησε
3367 2588 3562 2654 Λόγος,
3614 2586 3706 2637 καὶ
3741 2585 3799 2636 τὸ
3830 2581 4026 2636 ἑαυτοῦ

2452 2680 2594 2752 αἷμα
2615 2685 2692 2742 εις
2717 2681 2874 2733 πόσιν
2907 2679 3105 2733 δέδωκε
3147 2683 3258 2741 τοῖς
3290 2681 3500 2740 πιστοῖς
3525 2694 3539 2709 ·
3583 2677 3642 2740 ἐξ
3663 2679 3872 2730 ἐκείνου
3905 2693 4029 2728 και-

2456 2775 2548 2841 ροῦ
2588 2774 2648 2826 οὐ
2680 2773 2921 2824 διέλιπεν
2954 2773 2981 2822 6
3034 2771 3245 2840 κρατὴρ
3280 2772 3337 2821 ὲν
3386 2771 3507 2831 ταῖς
3559 2767 3877 2836 ἁπανταχοῦ
3922 2769 4026 2835 γῆς

2465 2865 2813 2928 Ἐκκὶησίαις
2839 2864 2913 2932 μὴ
2942 2861 3279 2930 πληροῦσθαι
3301 2863 3417 2923 ταῖς
3441 2861 3563 2913 καθ’
3585 2863 3797 2928 ἡμέραν
3825 2858 3929 2909 τῶν
3955 2861 4030 2908 ιε-

2451 2961 2592 3026 ρέων
2627 2954 2986 3022 ἀναιμάκτοις
3036 2952 3250 3013 θυσίαις
3297 2949 3392 3002 τοῦ
3443 2950 3709 3013 ζωοποιοῦ
3755 2950 3850 3000 καὶ
3883 2950 4028 3000 θείου

2449 3050 2696 3118 αἵματος.
2725 3047 2936 3099 Κοιλία
2979 3060 3094 3097 σου
3143 3043 3409 3110 θημωνία
3441 3041 3616 3093 σίτου
3646 3055 3658 3069 ·
3715 3041 3883 3101 όντως
3919 3046 4027 3106 γαρ

768 3152 835 3205 de
867 3166 977 3219 quo
1006 3151 1321 3218 quicunque
1353 3146 1655 3200 comederit
1687 3160 1792 3198 non
1845 3146 2105 3197 morietur
2128 3141 2146 3171 '
2179 3179 2192 3193 .
2230 3139 2348 3204 Quo
2375 3154 2418 3211 ο
2453 3141 2520 3195 αὖ

2268 3146 2348 3203 [uo
2375 3154 2418 3211 ο
2453 3141 2593 3209 αῦτη
2644 3139 2734 3190 τὸν
2769 3139 3020 3206 οὐράνιον
3082 3137 3214 3204 ἡμῖν
3249 3136 3413 3203 ἄρτον
3465 3134 3800 3184 ἁποτέτοκεν
3823 3150 3835 3162 °
3878 3133 3936 3197 ἐξ
3965 3127 4024 3185 οὗ

767 3252 950 3298 autem
984 3241 1146 3293 modo
1178 3254 1285 3292 non
1319 3238 1420 3292 erit
1453 3235 1620 3290 tritici
1652 3235 1926 3300 cumulus,
1959 3247 2082 3302 qua:
2115 3230 2347 3298 singulis

766 3335 983 3395 diebus,
1050 3331 1237 3384 fideles
1309 3329 1479 3396 replet
1537 3328 1750 3382 abunde
1803 3325 2202 3396 supernaturali
2254 3325 2346 3379 illo

768 3440 926 3492 pane,
985 3424 1076 3492 qui
1107 3423 1356 3476 absolute
1387 3423 1453 3474 ab
1489 3423 1602 3489 ipsa
1640 3420 1957 3473 emanavit?
2013 3417 2253 3471 Vallatus
2289 3417 2343 3468 in

766 3518 920 3581 liliis,
955 3517 1194 3585 undique
1229 3515 1429 3567 divinis
1461 3514 1666 3566 munita
1719 3512 2088 3581 dogmatibus,
2139 3509 2342 3564 doctri-

767 3613 960 3680 nisque
1017 3609 1221 3663 Lbristi
1287 3607 1401 3671 Dei,
1464 3608 1557 3675 qui
1614 3621 1832 3659 carnem
1889 3620 1958 3658 ex
2022 3605 2134 3672 ipsa
2191 3617 2341 3658 sum-

763 3702 892 3771 pSit.

1448 3789 1653 3845 CANT.

830 3890 886 3943 5.
921 3889 1038 3939 Duo
1089 3885 1248 3940 ubera
1299 3895 1414 3951 tua,
1465 3887 1602 3938 sicut
1635 3885 1736 3936 duo
1778 3881 1981 3936 hinnuli
2011 3881 2217 3952 gemelli
2253 3897 2343 3933 ca-

756 3997 916 4048 prece.

1387 4058 1695 4123 SCIIOLIA.

832 4167 909 4222 De
939 4163 1254 4235 huiusmodi
1295 4179 1461 4232 supra
1503 4161 1742 4216 dilucide
1773 4171 1956 4237 actum
1981 4170 2086 4216 est.

1439 4255 1646 4310 CANT.

825 4350 878 4403 Δ.
908 4347 1115 4404 Collum
1142 4357 1290 4400 tuum
1324 4349 1457 4399 sicut
1494 4348 1657 4398 turris
1687 4347 1937 4400 eburnea.

1395 4439 1710 4493 SGIIOLIA.

2459 3237 2566 3296 πᾶς
2597 3236 2624 3286 ὁ
2655 3231 2882 3300 τρώγων
2919 3231 2979 3282 οὐ
3011 3228 3258 3298 Θνήσκει.
3300 3228 3421 3288 ιΙῶς
3455 3227 3511 3279 δὲ
3561 3228 3621 3279 οὐ
3663 3227 3914 3298 θημωνία
3951 3227 4028 3277 σί-

2457 3345 2552 3381 του
2589 3328 2621 3397 ὴ
2657 3324 2778 3378 καθ’
2829 3326 3040 3393 ἡμέραν
3091 3323 3394 3392 ἀρδεύουσα
3435 3323 3545 3382 τοῖς
3581 3324 3792 3381 πιστοῖς
3836 3321 3928 3372 τοῦ
3968 3321 4028 3383 ἐξ

2460 3421 2627 3488 αὐτῆς
2658 3415 3150 3488 τελεσφορηθέντος
3178 3415 3488 3484 ὑπερφυοῦς
3525 3413 3724 3482 ἄρτους
3763 3415 4028 3480 Περραγ-

2452 3485 2604 3583 ﬁeri;
2657 3511 2725 3562 ἐν
2775 3485 3069 3576 κρίνας’κ
3100 3507 3441 3574 πανταχόθεν
3507 3509 4025 3575 περιφρουρουμένη

2455 3609 2569 3666 τοῖς
2606 3605 2769 3664 θείοις
2793 3603 3029 3669 δόγμασι
3063 3602 3154 3652 καὶ
3178 3602 3470 3667 διδάγμασι
3494 3601 3585 3650 τοῦ
3613 3600 3670 3662 ἐξ
3697 3600 3864 3668 αὐτῆς
3897 3616 4026 3666 σαρ-

2458 3696 2726 3756 κωθέντος
2756 3691 2990 3764 Χριστοῦ
3018 3691 3111 3744 τοῦ
3158 3691 3316 3744 Θεοῦ.

3101 3779 3342 3854 ’ᾼΣΜΑ.

2524 3881 2637 3934 Δύο
2674 3877 2898 3948 μαστυί
2924 3892 3064 3940 σου,
3099 3877 3179 3941 ὠς
3222 3875 3332 3928 δύο
3368 3875 3564 3943 νεϐροὶ
3609 3875 3842 3946 δίδυμοι
3887 3876 4025 3946 δορ-

2452 3973 2656 4039 κάδος.

3096 4064 3342 4117 ΣΧΟΛΙΑ
3357 4101 3370 4116 .

2525 4160 2664 4230 Περὶ
2693 4157 2887 4210 τούτου
2920 4156 3178 4226 ἀνωτέρω
3210 4157 3524 4223 δεδήλωται.

3035 4238 3042 4246 ’
3112 4246 3352 4321 ’ᾼΣΜΑ.

2530 4346 2839 4417 Τράχηλός
2869 4361 2985 4399 σου
3017 4345 3096 4409 ῶς
3130 4345 3356 4410 πύργος
3387 4341 3802 4410 ἐλεφάντινος.

3109 4437 3382 4489 ΣΧυΛΙΔ.

829 4533 1014 4586 Turris
1071 4532 1292 4600 quidem
1352 4531 1605 4593 eburnea,
1635 4531 1789 4597 juxta
1818 4529 2126 4593 historiam,
2175 4527 2340 4580 iuter-
2373 4505 2421 4566 D
2521 4536 2585 4588 [ιε

2264 4541 2340 4578 er-
2373 4505 2421 4566 D
2521 4535 2732 4605 Πύργος
2761 4531 3047 4602 ἱστορικῶς
3081 4529 3178 4598 μὲν
3227 4530 3569 4596 ἐλεφάντινός
3616 4531 3763 4584 ἐστιν
3808 4533 3837 4582 ό
3866 4517 4020 4599 μεσι-

748 4625 892 4692 jeclu
944 4635 1030 4677 est
1070 4625 1212 4676 inter
1267 4621 1543 4674 civitatem
1595 4619 1926 4684 Jerusalem,
1974 4616 2340 4686 etiutertjus

751 4717 990 4771 civitatis
1041 4730 1247 4778 arcem,
1285 4714 1582 4777 Bethleem,
1617 4729 1733 4766 eam
1761 4728 1991 4780 tnaguus
2021 4713 2197 4764 erexit
2231 4711 2336 4785 Da-

752 4810 836 4862 vid
871 4828 882 4873 ;
913 4813 1002 4862 cui
1051 4805 1296 4876 Virginis
1322 4805 1521 4858 collum
1552 4807 1730 4858 simile
1750 4806 1910 4866 dixit,
1953 4814 2176 4872 propter
2212 4815 2336 4870 pro-

749 4900 998 4964 bitatem,
1033 4907 1086 4950 ct
1111 4897 1514 4957 rectituditteui,
1542 4907 1594 4948 et
1630 4896 1778 4965 quod
1813 4895 1964 4947 omni
1997 4898 2138 4947 iuret
2176 4890 2337 4945 undi-

746 5008 852 5062 que
890 4992 1065 5060 gratia
1103 4987 1414 5059 pet-lusum.

1438 5081 1641 5134 CANT.

819 5176 974 5231 Oculi
1026 5177 1102 5227 tui
1135 5176 1274 5228 sicut
1331 5184 1519 5243 stagna
1555 5177 1608 5227 in
1664 5173 1888 5241 Escbon,
1925 5175 1977 5226 in
2009 5176 2177 5242 portis
2207 5175 2334 5244 ﬁlice

743 5268 1057 5320 multorum.

825 5431 832 5440 I
1373 5360 1698 5416 scuoua.

819 5456 1022 5509 lfsebon
1046 5471 1188 5527 apuu
1220 5454 1502 5518 llebrwos,
1532 5456 1885 5524 cogitationes
1913 5454 2203 5522 signiﬁcat.
2233 5451 2326 5506 Di-

741 5554 815 5603 cit
850 5551 1049 5622 igitur:
1085 5551 1236 5606 Oculi
1270 5553 1346 5602 tui
1373 5561 1626 5618 tanquam
1663 5558 1855 5616 stagna
1884 5549 1935 5599 in
1968 5545 2175 5600 Escbon
2203 5563 2215 5600 :
2247 5547 2326 5600 vi-

743 5646 941 5698 dCIiCt'l
996 5662 1191 5714 purum
1223 5653 1411 5713 putum
1449 5653 1557 5697 tua:
1619 5643 1955 5711 virginitatis
1980 5643 2324 5711 mysterium,

811 5827 831 5856 ‘
863 5825 1179 5890 (Senum,
1213 5825 1234 5878 l
1271 5841 1424 5895 seqq.
1505 5829 1522 5858 τ
1568 5822 1727 5877 Joau.
1764 5841 1836 5891 vt,
1871 5825 1958 5878 50.

2446 4630 2619 4682 τεῦων
2669 4630 2743 4695 τῇ·
2793 4641 2852 4676 τε
2914 4624 3067 4676 πόλει
3128 4623 3486 4690 Ἰερουσαλὴμ
3542 4623 3636 4674 καὶ
3684 4624 3748 4692 τῇ
3804 4625 4021 4692 ἐκείνης

2447 4719 2742 4791 ἀκροπόλει
2783 4715 3054 4785 Βηθλεὲμ,
3102 4715 3160 4766 όν
3201 4721 3226 4766 6
3279 4715 3457 4781 μέγας
3505 4715 3772 4783 ἀνέστησε
3817 4717 4017 4768 Δαὸίδο

2443 4814 2620 4881 τούτῳ
2649 4810 2740 4862 τὸν
2785 4809 2882 4878 τῆς
2937 4807 3210 4877 Παρθένου
3251 4808 3550 4874 παρείκασε
3601 4810 3887 4876 τράχηλον,
3935 4810 4022 4861 διὰ

2448 4904 2508 4956 τὸ
2554 4901 2805 4968 εὐεργὸν,
2856 4899 2947 4950 καὶ
2987 4896 3209 4966 δρθιον,
3262 4904 3355 4950 καί
3407 4899 3538 4965 πρὸς
3590 4898 3808 4950 ἅπαντα,
3858 4918 4021 4970 κεχι-

2451 4994 2729 5064 ρισμένον.

3117 5075 3358 5154 ᾊΣΜΑ.

2529 5176 2850 5246 Ὀφθαλμοί
2891 5189 3006 5228 σου
3039 5177 3118 5240 ὡς
3148 5178 3354 5242 λίμναι
3385 5176 3453 5228 ἑν
3498 5177 3780 5250 Ἐσεόῲν,
3806 5179 3874 5232 ἐν
3913 5183 4022 5234 πύ-

2443 5257 2580 5337 λαις
2605 5272 2898 5340 θυγατρὸς
2928 5270 3198 5323 πολλῶν.

3095 5365 3372 5418 ΣΧΟΛΙΑ.

2527 5457 2762 5511 Ἐσεὸὼν
2816 5458 2948 5527 παρ’
2984 5459 3261 5528 Ἑϐραίοις
3319 5461 3443 5519 τοὺς
3503 5459 3796 5528 λογισμοὺς
3844 5459 4016 5526 δηλοῖ.

2437 5554 2574 5622 Φησὶ
2609 5555 2810 5618 τοίνυν,
2835 5555 2898 5604 Ol
2924 5554 3222 5621 ὀφθαλμοί
3251 5570 3368 5605 σου
3400 5555 3480 5618 ῶς
3505 5558 3711 5621 λίμναι
3728 5555 3797 5606 ἐν
3849 5555 4020 5606 Ἐσε-

2440 5646 2557 5700 ab},
2581 5665 2595 5682 .
2634 5648 2823 5717 ἤγουνν
2847 5648 2918 5700 Τὸ
2951 5647 3194 5717 καθαρὸν
3221 5652 3314 5718 τῆς
3352 5647 3450 5717 σῆς
3480 5647 3776 5718 παρθενίας
3811 5650 4020 5720 μυστή-
