4446 6450
414 431 551 499 1077

1426 430 1821 490 COMMENT.
1862 431 1943 489 IN
1985 428 2308 489 CANTICA
2354 428 2647 487 CANTIC.

3493 426 3631 488 1078

412 543 901 615 ὶπιστηριζρμένην
929 561 985 597 τε
1014 546 1099 596 ἐπ’
1140 544 1317 597 αὐτόν.
1375 543 1517 596 Ὑπὸ
1567 545 1771 611 μῆλον
1812 542 1953 609 ἐξή-
1986 548 2031 601 Α
2060 545 2168 593 arbt

1890 542 1953 609 ή-
1986 548 2031 601 Α
2060 545 2245 594 arbore
2269 542 2492 593 excitavi
2529 548 2615 601 te;
2647 553 2740 606 pro
2769 552 2834 592 co
2868 536 3011 606 quod
3046 547 3148 601 cst,
3181 537 3383 591 Idcirco
3410 555 3473 592 ex
3498 540 3640 592 lum"

412 636 576 704 τισιρά
611 636 726 688 σε’·
757 635 878 687 ἀντὶ
907 634 1023 696 τοῦ,
1085 633 1163 686 Δι’
1214 634 1346 684 αὐτὸ
1389 634 1546 685 τοῦτο
1592 634 1656 685 ἐκ
1692 633 1791 700 τῆς
1842 632 1979 700 ιμῆς

412 726 610 795 ὀσφύος
638 725 939 792 γεγέννηκά
965 740 1046 785 σε,
1083 725 1165 776 ἵνα
1188 724 1369 791 τὸτῆς
1401 721 1544 790 ζωῆς
1594 721 1834 791 ἀνθήσῃς
1875 722 1977 788 μῆ-

414 819 525 871 λον.
566 815 731 869 Ἐκεῖ
761 814 1025 881 ὠδίνησό
1067 831 1142 867 σε
1176 815 1213 880 ἡ
1252 813 1512 867 τεκοῦσά
1552 830 1625 866 σε
1648 828 1661 842 ³
1700 815 1839 879 ἦτοι.
1895 813 1981 863 διά

416 908 513 976 τὴν
535 907 704 969 αὐτὴν
736 905 935 957 αἰτίαν.
973 905 1178 972 Θέςμε
1231 905 1310 968 ὡς
1359 903 1657 970 σφραγῖδα
1717 902 1813 953 ἐπὶ
1872 901 1983 967 τὴν

418 994 669 1062 καρδίαν
714 1009 853 1048 σου.
879 993 1188 1058 Τουτέστιν,
1220 996 1341 1046 Eilis
1369 994 1754 1058 άνεξάλειπτον
1805 992 1980 1053 ἄγοις,

419 1088 519 1147 ἐμὲ
549 1087 851 1154 κατέχουσα
884 1089 940 1138 ἐν
967 1090 1032 1155 τῇ
1099 1086 1296 1155 καρδίᾳ.
1354 1102 1469 1137 σου.
1537 1085 1633 1145 Ὠς
1688 1081 1985 1149 σφραγῖδα

421 1173 519 1229 ἐπὶ
551 1175 993 1242 τὸν-βραχίονά
1032 1192 1147 1229 σου
1174 1191 1187 1205 °
1234 1178 1289 1227 ὲν
1317 1178 1384 1244 τῇ
1416 1175 1640 1242 δυνάμει
1690 1190 1802 1233 σου,
1834 1172 1987 1238 δηλο-

424 1269 559 1328 νότι,
594 1267 696 1335 ἐμὲ
741 1267 1061 1335 συνέχουσα,
1115 1269 1276 1319 οἱονεί
1313 1284 1365 1319 τι
1406 1267 1497 1318 σὺν
1554 1262 1988 1333 ὲσφραγισμέκον

427 1357 719 1425 πρόϐατον.
792 1359 920 1410 Ὀτι
978 1358 1222 1422 separata
1278 1359 1356 1421 ὼς
1438 1356 1689 1417 θάνατος
1743 1351 1985 1427 ἀγάπηο

416 1447 614 1515 ἤγουν,
648 1446 713 1497 Ἥ
755 1444 820 1515 σὴ
850 1445 981 1515 πρὸς
1041 1446 1143 1512 ἐμὲ
1207 1446 1397 1513 ἀγάπη
1465 1443 1827 1510 κραταιοτέρα
1875 1438 2025 1489 ἐστὶ·

425 1540 518 1591 καὶ
539 1538 790 1590 θανάτου.
834 1538 1041 1605 Ὠσπερ
1078 1537 1184 1605 γὰρ
1236 1537 1285 1587 οἱ
1315 1539 1393 1596 εἰς
1454 1535 1585 1603 ᾅδην
1651 1530 1991 1598 πεμφθέντες

426 1628 487 1679 οὐ
515 1629 713 1697 ῥᾳδίως
736 1626 1167 1687 παλινοστοῦσιν,
1198 1625 1332 1677 ἀλλὰ
1391 1623 1661 1693 κράταιῶς
1695 1622 1823 1687 παρ’
1853 1620 1992 1671 ἑκεί-

427 1734 519 1770 νου
547 1719 866 1786 κατέχονται
889 1733 905 1748 ⁶
938 1717 1083 1769 οὕτω
1116 1716 1359 1784 δηλονότι
1392 1720 1486 1767 καὶ
1522 1716 1553 1783 ἡ
1606 1712 1671 1781 σὴ
1711 1711 1846 1779 πρὸς
1894 1710 1993 1778 ἐμὲ

426 1806 611 1874 ἀγάπη
645 1806 921 1875 κραταιῶς
956 1807 1170 1873 συνέχει
1231 1804 1420 1872 ὥσπερ
1479 1803 1725 1861 θάνατος.
1757 1802 1826 1851 Ἢ
1871 1801 1985 1861 καὶ,

428 1895 533 1950 Τοῦ
564 1896 795 1950 θανάτου
838 1913 904 1965 με
933 1895 1232 1965 ἐξαρπάζει
1257 1896 1393 1963 πρὸς
1422 1894 1615 1963 ἀγήρω
1656 1890 1801 1959 ζωὴν
1856 1891 1993 1941 ἐπα--

428 1991 685 2059 νάγουσα.
716 1990 987 2057 Σκληρός
1024 1989 1106 2052 ὠς
1161 1988 1309 2055 ᾅδης
1371 1985 1581 2054 ζῆλος·
1622 1987 1650 2036 6
1696 1983 1754 2035 δὲ
1807 1981 2013 2065 ζῆλος.ζ

429 2085 549 2137 ἀντὶ
577 2082 691 2144 τοῦ,
730 2083 763 2150 ἡ
791 2083 1107 2151 ἀποστροφή
1141 2098 1237 2133 σου
1271 2080 1364 2132 καὶ
1406 2080 1466 2130 τὸ
1527 2076 1824 2144 νεμεσῆσαι
1878 2076 1990 2134 τοῖς

429 2177 604 2243 ιμοις,
634 2160 1142 2244 σκληρδνῡπάρχεί.
1189 2173 1286 2237 Ὠς
1334 2172 1503 2239 ᾅδης,
1540 2170 1679 2242 qni,
1735 2167 1794 2220 τδ
1827 2166 1995 2238 χειρι.

431 2282 556 2320 στον
578 2266 672 2318 καὶ
701 2265 1103 2319 ὲπωδυνότατον
1130 2265 1364 2333 ὑπάρχει
1400 2280 1524 2331 μου.

1096 2351 1337 2425 metu.

504 2449 829 2516 ιΙερΙπτε-ρα
866 2449 1057 2515 αὐτῆς
1072 2450 1396 2515 περίπτερα
1421 2448 1611 2515 πυρὸς
1642 2447 1863 2515 φλόγες
1892 2446 1995 2497 αὺ-

433 2538 563 2607 τῆς.
595 2538 789 2605 Ὕδωρ
817 2530 977 2592 πολὺ
1013 2540 1085 2591 οὐ
1119 2537 1446 2605 δυνήσεται
1480 2539 1693 2591 σϐέσαι
1720 2538 1833 2602 τὴν
1857 2534 1999 2605 ἀτά-

434 2645 559 2695 πην
582 2645 597 2659 ο
628 2629 726 2681 καὶ
747 2628 993 2695 ποταμοὶ
1015 2629 1086 2681 οὐ
1106 2630 1587 2693 συγκλείσουσιν
1607 2625 1820 2693 αὐτήν.
1866 2624 2001 2677 Ἐὰν
2024 2661 2033 2671 .

436 2720 519 2785 δῷ
556 2721 711 2787 ἀνὴρ
735 2722 843 2772 τὸν
878 2718 1076 2771 πάντα
1106 2719 1251 2781 βίον
1283 2719 1469 2773 αὐτοῦ
1530 2720 1599 2772 ἐν
1654 2717 1730 2805 τῇ
1778 2718 1997 2787 ἀγάπῃ,

436 2808 826 2874 ἐξουδενώσει
862 2806 1385 2871 ἐξουδενώσουσιν
1407 2806 1613 2860 αὐτόν.

1086 2899 1355 2951 ΣΧΟΛΙΔ.

508 2992 620 3046 Kal.
646 2994 702 3044 ἐν
735 2994 945 3052 τούτοις
972 2990 1032 3043 τὸ
1051 2989 1254 3059 ὑψηλὸν
1278 2990 1371 3041 καὶ
1406 2989 1678 3059 μετέωρον
1744 2990 1843 3059 τῆς
1903 3006 2004 3041 πα·

442 3081 706 3153 ναμὼμου
740 3082 1015 3149 Παρθένου
1049 3080 1321 3134 δείκνυσιν
1349 3082 1375 3132 6
1412 3081 1701 3150 Προφήτης
1726 3096 1741 3114 ι
1773 3080 1867 3132 καὶ
1903 3081 2001 3148 οὐχ

2083 632 2164 684 bis
2212 633 2346 684 meis
2381 640 2427 681 te
2453 631 2728 697 genui,‘ut
2759 630 2879 681 vita:
2909 644 3127 696 pomum
3165 631 3517 697 produceres.
3550 630 3636 683 Ibi

2081 723 2275 789 peperit
2316 732 2364 773 te
2416 728 2578 771 mater
2644 729 2768 782 tua;
2835 727 3053 786 propter
3082 722 3327 771 eamdem
3379 718 3636 771 nimirum

2083 825 2322 863 causam.
2369 808 2509 861 Pone
2545 825 2622 860 me
2671 810 2745 859 uti
2776 809 3129 876 signaculum,
3171 824 3326 874 super
3359 825 3449 860 cor
3473 819 3642 869 tuum,

2085 901 2134 951 id
2162 909 2283 955 est;
2317 897 2530 950 Utinam
2585 899 2656 950 ita
2695 914 2843 964 agas,
2879 909 2934 949 ut
2968 898 3244 950 indelebili
3287 897 3448 948 modo
3479 911 3561 947 me
3588 898 3639 946 in

2087 997 2178 1039 tuo
2253 986 2494 1039 detineas
2544 985 2725 1038 corde.
2775 985 2923 1037 Sicut
2980 988 3307 1054 signaculum
3342 1002 3495 1050 super
3529 984 3650 1034 bra-

2086 1078 2260 1130 chium
2288 1089 2457 1137 tuum,
2492 1079 2543 1129 in
2581 1089 2666 1129 tua
2694 1078 2940 1130 vide'icct
2969 1079 3206 1145 potentia
3235 1091 3317 1129 me
3343 1076 3645 1140 contineas,

2087 1181 2195 1219 nun
2230 1182 2388 1221 secus
2426 1182 2489 1219 ac
2522 1184 2689 1220 unum
2734 1168 2947 1235 aliquod
2988 1169 3305 1236 cx-signatis
3347 1170 3454 1221 tuis
3482 1184 3647 1235 pecu-

2087 1254 2269 1309 dibus.
2304 1257 2441 1321 Quia
2471 1266 2646 1321 potens
2675 1269 2747 1309 est
2784 1270 2840 1309 ut
2874 1274 3009 1310 mors
3058 1259 3306 1311 dilectio:
3334 1257 3483 1311 Tuus
3505 1259 3649 1310 vide-

2091 1347 2217 1401 licet
2250 1349 2300 1399 in
2336 1362 2421 1400 me
2473 1362 2648 1409 amor,
2683 1357 2855 1400 morte
2879 1350 3040 1400 etiam
3080 1351 3192 1414 ipsa
3229 1349 3501 1416 potentior
3530 1360 3650 1411 est;

2090 1436 2549 1504 quemadmodum
2575 1438 2720 1489 enim
2764 1437 2854 1504 qui
2894 1438 2946 1489 in
2990 1438 3199 1489 inferna
3252 1448 3377 1490 s-int
3405 1438 3648 1499 demissi,

2091 1528 2234 1580 haud
2262 1527 2416 1580 facile
2439 1538 2804 1586 revertuntur,
2836 1530 2929 1580 sed
2963 1543 3153 1595 magna
3182 1530 3227 1579 vi
3261 1538 3412 1581 arcte
3435 1529 3651 1581 stricte—

2093 1635 2199 1687 que
2258 1626 2399 1688 apud
2470 1621 2671 1674 inferos
2707 1622 3055 1673 detinentur:
3099 1624 3177 1674 sic
3226 1621 3505 1681 nimirum,
3562 1630 3654 1673 tua

2094 1713 2384 1780 quoquein
2427 1726 2512 1764 tne
2543 1711 2781 1771 dilectio,
2828 1727 2933 1764 non
2989 1726 3148 1765 secus
3182 1727 3243 1763 ac
3276 1726 3421 1765 mors
3464 1726 3654 1777 magna

2083 1820 2181 1858 -mc
2209 1804 2257 1857 vi
2290 1814 2436 1856 arcte
2461 1804 2725 1856 continet.
2756 1803 2846 1855 Vel
2875 1810 3076 1855 etiam:
3109 1805 3149 1855 Α
3186 1813 3359 1855 morte
3394 1818 3478 1856 me
3510 1804 3656 1875 abri-

2097 1898 2232 1965 pias,
2276 1895 2340 1947 ad
2376 1895 2539 1946 vitam
2567 1894 2843 1948 deducens
2889 1896 3285 1963 incorruptam.
3316 1894 3493 1946 Durus
3521 1897 3656 1946 sicut

2094 1987 2329 2054 infernus
2361 1987 2542 2048 zelus;
2578 1989 2727 2038 zelus
2759 2001 2906 2049 vero,
2941 1987 2993 2038 id
3030 1997 3135 2047 est,
3167 1994 3217 2039 te
3249 2002 3275 2037 a
3311 2001 3430 2038 meo
3462 2000 3655 2038 averso

2094 2076 2314 2146 populo,
2353 2076 2512 2143 eique
2538 2085 2892 2129 succensentc
2922 2078 3056 2129 dura
3084 2092 3169 2130 res
3196 2086 3296 2131 est.
3331 2075 3477 2129 Sicut
3496 2076 3663 2143 infer-

2095 2183 2230 2229 nus;
2295 2167 2564 2230 videlicet,
2632 2169 2957 2235 gravissima
3023 2185 3109 2222 res
3145 2176 3335 2233 est,ct
3362 2183 3659 2230 summum,

2096 2259 2483 2328 ingentemque
2512 2259 2642 2311 mihi
2672 2258 2937 2322 dolorem,
2963 2258 3137 2312 allert.

2774 2347 2977 2403 (ΣᾹΝΤ.

2167 2439 2220 2504 6,
2251 2440 2305 2493 7.
2340 2439 2526 2493 Ρίιιιιω
2553 2440 2715 2507 ipsius
2748 2455 2864 2507 qua:
2890 2441 2941 2491 in
2966 2442 3139 2491 orbem
3169 2450 3311 2501 sunt,
3343 2441 3667 2508 pinnmignis

2098 2522 2480 2599 ﬂammte‘ejus.
2511 2534 2659 2600 Aqua
2679 2533 2846 2583 multa
2877 2548 2976 2583 non
3005 2534 3193 2599 poterit
3224 2535 3553 2602 exstinguere
3581 2534 3669 2585 di-

2101 2624 2390 2687 lectionem,
2430 2632 2480 2676 ει
2518 2623 2741 2690 ﬂumina
2779 2640 2877 2676 non
2904 2624 3215 2678 concludant
3251 2642 3364 2679 eam
3394 2643 3412 2690 ;
3446 2626 3489 2676 si
3514 2624 3671 2677 dede-

2103 2717 2170 2768 rit
2202 2717 2283 2768 vir
2310 2730 2513 2787 omnem
2546 2731 2693 2768 suam
2720 2718 2886 2769 vitam
2940 2732 3033 2783 pro
3066 2717 3364 2780 dilectione,
3410 2717 3563 2768 illum
3589 2717 3674 2770 ni-

2102 2807 2200 2859 ltili
2226 2808 2446 2874 pendent
2462 2848 2473 2861 .

2730 2896 3038 2953 SCllOLlA.

2177 2985 2232 3041 in
2273 2988 2357 3042 his
2416 3002 2637 3056 quoque
2662 2991 2977 3049 sublimem,
3011 2989 3326 3059 celsamque
3377 2990 3673 3059 inculpatae

2108 3080 2344 3149 Virginis
2417 3080 2813 3147 pnestantiam,
2846 3082 3103 3149 propheta
3162 3082 3543 3147 demonstrat;
3578 3098 3679 3137 nec

442 3171 632 3237 ἁπλῶς
663 3174 824 3243 μέχρι
855 3173 999 3235 τινὸς
1024 3172 1237 3225 ἵσταται
1264 3186 1278 3201 ⁶
1311 3172 1447 3224 ἀλλὰ
1476 3172 1571 3225 καὶ
1597 3173 1703 3225 τῶν
1761 3172 2009 3241 Σεραφὶμ
2038 3173 2081 3231 C
2113 3170 2198 3222 sin

1922 3172 2009 3238 ρὶμ
2038 3173 2081 3231 c
2113 3169 2428 3237 simpliciter
2460 3169 2511 3220 in
2566 3170 2751 3239 aliquo
2783 3172 3015 3238 quodam
3057 3170 3196 3235 loco,
3223 3186 3341 3224 eam
3372 3172 3678 3236 constituit,

443 3266 718 3318 δείκνυσιν
740 3264 909 3333 αὐτὴν
941 3263 1246 3332 ἁγιωτέραν
1279 3277 1293 3292 ’
1336 3264 1430 3315 και
1467 3278 1605 3332 φησι
1638 3278 1653 3293 '
1682 3264 2009 3329 Περίπτερα

442 3354 632 3422 αὐτῆς
682 3356 1005 3422 περίπτερα
1055 3352 1244 3419 πυρὸς
1294 3354 1516 3421 φλόγες
1545 3367 1560 3384 ·
1590 3353 1708 3405 ἀντὶ
1766 3351 1880 3413 τοῦ,
1950 3350 2012 3405 Ἡ

442 3446 646 3515 ταύτης
674 3445 999 3514 δωροφορὶα,
1072 3444 1167 3495 καὶ
1206 3444 1578 3514 προσκύνησις
1609 3458 1624 3473 ο
1680 3442 1851 3494 ταῦτα
1906 3440 2014 3509 γὰρ

444 3536 615 3605 αὐτῆς
649 3536 717 3589 τὰ
741 3535 1048 3607 περίπτερα
1086 3535 1258 3605 πυρὸς
1313 3535 1511 3605 φλόγες
1565 3535 1702 3587 εἰσιν
1728 3549 1742 3563 ’
1792 3532 2013 3596 ὡσανεὶ,

444 3630 493 3681 εἰ
537 3614 743 3694 ἔλεγεν,
808 3627 1169 3696 Ἐπικάθηται
1222 3627 1331 3679 τῶν
1379 3626 1646 3695 Σεραφὶμ,
1698 3626 1793 3678 καὶ
1836 3626 2015 3677 αὐτῶν

445 3719 553 3773 τῶν
587 3718 908 3789 ύπερτάτων
940 3720 1096 3785 νόων,
1148 3717 1433 3785 ὶγκόλπιον
1483 3718 1722 3787 φέρουσα
1784 3716 1875 3769 τὸν
1914 3716 2018 3783 Δη-

449 3812 731 3881 μιουργδν,
762 3812 855 3863 καὶ
882 3810 1123 3878 κτίστην
1149 3808 1244 3862 τοῦ
1272 3809 1493 3871 παντός.
1526 3807 1709 3875 ’Ὑδωρ
1748 3806 1905 3860 πολὺ
1944 3808 2016 3860 οὐ

440 3902 772 3971 δυνήσεται
797 3899 1011 3955 σϐέσαι
1052 3899 1168 3967 τὴν
1220 3899 1483 3968 ἀγάπην.
1537 3900 1713 3962 ἸΙτοι,
1771 3899 1870 3968 τῆς
1929 3898 2021 3952 (ad.

447 3996 540 4049 καὶ
578 3993 696 4063 θεῷ
726 3993 1199 4063 δορυφορουμένης
1237 3991 1341 4043 ὑπὸ
1392 3990 1503 4043 τῶν
1564 3990 2018 4060 λειτουργούντων

447 4086 595 4154 αύτῷ
631 4103 644 4117 ⁸
677 4084 822 4138 οὗτοι
847 4085 954 4153 γὰρ
987 4083 1054 4138 ἂν
1092 4078 1201 4136 εἷεν
1226 4083 1315 4135 καὶ
1377 4081 1547 4151 πυρὸς
1611 4081 1825 4149 φλόγες,
1878 4081 1952 4142 ὡς
1991 4079 2019 4131 6

448 4178 614 4231 Δαὸίδ
672 4194 836 4247 φησιν
866 4193 878 4206 ·
924 4176 988 4229 '0
1036 4172 1222 4229 ποιῶν
1294 4172 1436 4238 τοὺς
1479 4173 1773 4242 ἀγγέλους
1832 4173 2019 4227 αὐτοῦ

449 4270 784 4336 πνεύματα,
818 4265 916 4321 καὶ
969 4267 1110 4331 τοὺς
1146 4265 1533 4335 λειτουργοὺς
1566 4265 1775 4328 αυτοῦ,
1831 4265 2021 4331 πυρὸς

448 4364 668 4432 φλόγα.
737 4361 847 4428 Τὴν
907 4357 1003 4411 οὖν
1060 4358 1283 4426 ἀγάπην
1323 4359 1522 4426 ταύτην
1574 4358 1646 4409 οὐ
1695 4355 2021 4421 δυνήσεται

2113 3260 2205 3314 sed
2238 3258 2556 3324 Scrapliinis
2583 3262 2909 3314 sanctiorem
2932 3277 3053 3316 che
3083 3263 3420 3330 pronuntiat,
3446 3264 3677 3318 etdicit:

2118 3350 2301 3405 Pinna:
2324 3370 2437 3422 qua:
2454 3354 2616 3421 ipsius
2642 3355 2693 3405 in
2719 3354 2893 3406 orbem
2917 3364 3057 3417 sunt,
3083 3352 3257 3421 pinna:
3277 3355 3506 3421 ﬂammae
3524 3356 3679 3423 ignis.

2114 3444 2191 3498 Ac
2219 3444 2266 3498 si
2298 3444 2528 3497 diceret:
2567 3444 2918 3509 Satellitium,
2974 3447 3120 3515 quod
3184 3462 3305 3500 eam
3368 3450 3677 3512 comitatur,

2114 3547 2169 3588 et
2188 3536 2404 3602 cultus;
2466 3536 2549 3590 ba:
2588 3552 2822 3605 namque
2860 3538 3033 3605 pinna:
3077 3546 3205 3593 sunt
3250 3538 3363 3606 ejus
3422 3540 3475 3591 in
3507 3542 3683 3591 orbem

2115 3627 2345 3693 ﬂumina:
2387 3629 2548 3695 ignis.
2591 3627 2821 3682 Perinde
2853 3645 2917 3682 ac
2950 3630 3177 3692 diceret,
3212 3628 3365 3683 Sedit
3394 3644 3556 3697 super
3588 3630 3688 3683 Se-

2118 3719 2352 3786 rapliim,
2385 3727 2438 3772 et
2466 3734 2629 3788 super
2663 3721 2810 3789 ipsas
2861 3735 3150 3788 supremas
3178 3722 3592 3793 intelligetrtias,
3630 3722 3686 3776 in

2119 3811 2242 3864 sinu
2267 3810 2446 3865 ferens
2470 3811 2743 3881 Opilicem,
2787 3820 2839 3866 et
2864 3813 3201 3866 conditorem
3232 3813 3499 3865 universi.
3532 3814 3688 3881 Aqua

2120 3900 2287 3954 multa
2311 3918 2411 3954 non
2445 3904 2632 3968 poterit
2665 3904 2994 3971 exstinguere
3023 3904 3379 3956 dilectionem.
3404 3905 3695 3971 Tanquam,

2119 3994 2313 4061 aequali
2375 4008 2501 4047 cum
2534 3993 2645 4047 Deo
2672 3994 2931 4049 satellitio
2971 3996 3199 4063 stipata,
3237 3995 3305 4048 ab
3330 3995 3572 4062 ejusdem
3600 3997 3692 4049 ni-

2120 4086 2318 4139 mirum
2354 4084 2527 4154 ipsius
2562 4084 2953 4140 ministristti
2980 4103 3085 4140 non
3124 4098 3248 4142 sunt
3274 4088 3500 4142 ﬂamma:
3527 4089 3689 4158 ignis,

2120 4177 2576 4244 quemadmodum
2644 4176 2812 4231 David
2842 4194 3061 4248 quoque
3091 4179 3258 4233 dicit:
3305 4181 3408 4245 Qui
3434 4181 3564 4245 facit
3592 4200 3693 4234 an-

2122 4267 2262 4336 gelos
2321 4283 2466 4331 suos,
2519 4270 2762 4334 spiritus.
2828 4268 2893 4322 Et
2945 4272 3214 4324 ministros
3239 4290 3383 4337 suos,
3418 4274 3695 4340 ﬂammant

2123 4359 2257 4428 ignis
2284 4358 2351 4412 ⁸⁸.
2381 4358 2532 4413 lianc
2568 4361 2736 4429 igitur
2775 4362 2892 4428 ejus
2955 4363 3304 4418 dilectionem
3361 4382 3459 4419 non
3502 4371 3693 4433 poterit

449 4451 668 4506 σϐέσαι
709 4450 866 4518 ὕδωρ
906 4450 1065 4503 πο.ιύ
1092 4466 1106 4481 ·
1145 4450 1442 4513 τουτέστιν,
1501 4450 1556 4504 αἱ
1584 4449 1819 4502 ἐναντίαι
1862 4449 2019 4503 δυνάρ
2051 4495 2097 4550 D
2126 4466 2205 4505 ext

1937 4450 2019 4503 ιάρ
2051 4495 2097 4550 D
2126 4452 2453 4520 exstinguere
2488 4469 2625 4520 aqua
2653 4454 2823 4507 multa
2847 4470 2866 4518 ,°
2892 4454 2993 4509 hoc
3032 4465 3113 4509 est
3143 4458 3431 4511 contraria:
3457 4470 3693 4527 potesta-

429 4560 597 4616 ,μεις.
633 4544 693 4595 El
719 4542 827 4612 γὰρ
855 4545 903 4595 οἱ
944 4542 1023 4610 τῷ
1054 4541 1175 4610 Θεῷ
1199 4540 1638 4611 λειτουργοῦντες
1691 4533 1859 4611 mpii:
1911 4542 2020 4595 eius
2053 4533 2095 4550 ν
2127 4553 2185 4598 te:

1934 4542 2020 4595 lat
2053 4533 2095 4550 ν
2127 4553 2222 4599 tes.
2264 4543 2321 4598 Si
2354 4544 2499 4598 enim
2544 4543 2637 4597 Dei
2673 4546 2908 4600 ministri
2956 4546 3187 4600 ﬂanima:
3235 4561 3358 4601 sunt
3408 4550 3568 4619 ignis,
3597 4553 3690 4620 qui

450 4638 668 4706 φλόγες,
728 4637 776 4689 οἱ
833 4636 1199 4704 ἀντικείμενοι
1250 4633 1328 4703 τῷ
1382 4634 1572 4686 τούτου
1635 4634 2019 4702 προστάγματι

450 4728 595 4797 ὕδωρ
617 4726 683 4778 ἂν
712 4720 825 4777 εἷεν
846 4716 1071 4785 τούτους
1100 4740 1113 4753 ο
1145 4724 1239 4775 καὶ
1269 4725 1296 4776 6
1328 4722 1493 4775 Δασὶδ
1541 4722 1684 4792 ὕδωρ
1716 4724 2022 4776 ἀνυπόστα-

449 4836 541 4873 τον
570 4816 743 4877 καλεῖ,
774 4814 850 4877 ὥς
884 4830 1051 4884 φησιο
1089 4815 1238 4881 Ἀρά
1263 4813 1514 4881 διῆλθεν
1543 4814 1582 4881 ὴ
1629 4815 1801 4884 ψυχὴ
1856 4814 2025 4884 ἡμῶν

449 4908 519 4962 τὸ
554 4907 709 4974 ὕδωρ
740 4906 808 4959 τὸ
834 4906 1282 4960 ἀνυπόστατον.
1312 4906 1421 4959 Καὶ
1455 4906 1708 4975 ποταμοὶ
1746 4908 1817 4961 οὐ
1874 4922 2023 4976 συγ-

452 5000 812 5053 κλείσουσιν
843 4994 1058 5062 αὑτήν.
1093 4995 1210 5049 Κᾶν
1243 4996 1551 5067 ῥᾳδιουργοὶ
1581 5013 1724 5058 τινες
1757 4990 1856 5048 ὦσι
1880 4997 2035 5067 δηλο-

454 5093 588 5157 νότι,
617 5090 713 5144 καὶ
744 5089 986 5159 σφοδρῶς
1018 5090 1151 5158 ἡμῖν
1182 5089 1576 5158 ἐπιτιθέμενοι,
1623 5090 1672 5141 οι
1735 5089 1833 5159 τῆς
1885 5089 2031 5159 ζωῆς

454 5184 611 5253 ἡμῶν
638 5182 923 5236 ἀντίπαλοι
953 5180 1223 5252 δαίμονες.
1261 5181 1443 5244 Οὕτως
1460 5182 1601 5237 ἑάλω
1621 5182 1720 5252 τῆς
1766 5184 1901 5250 πρὸς
1930 5181 2032 5252 τὴν

455 5276 729 5346 Παρθένον
767 5276 988 5347 ἀγάπης
1032 5275 1061 5328 6
1131 5277 1447 5347 Προφήτης,
1506 5276 1601 5331 καὶ
1632 5275 1815 5339 ὀὕτως
1862 5276 2029 5347 αὐτὴν

458 5369 703 5437 ἠγάσατο
729 5384 743 5399 °
777 5366 1074 5420 καὶταῦτα
1137 5371 1276 5438 μετὰ
1326 5369 1591 5432 τοσαύτας
1632 5367 1779 5436 αὐτῷ
1836 5368 2028 5435 γενεάς

458 5457 683 5529 ὕστερον
706 5457 1166 5528 προσδοκωμένην
1195 5459 1363 5529 αὐτὴν
1428 5446 1809 5529 τεχθήσεσθιι.
1889 5458 2029 5511 Ἐὰν

457 5548 541 5614 δῷ
572 5548 727 5617 ἀνὴρ
752 5550 856 5604 τὸν
888 5549 1086 5605 πάντα
1136 5551 1284 5615 βίον
1324 5552 1511 5605 αὑτοῦ
1575 5552 1645 5623 ἐν
1696 5550 1770 5619 τῇ
1827 5550 2028 5621 ἀγάπῃ

458 5642 853 5705 ἑξουόενώσει
887 5644 1412 5708 ἐξουδενώσουσιν
1439 5646 1648 5699 αὐτόν.
1712 5645 1858 5699 Ἀντὶ
1910 5645 2028 5714 τοῦ,

534 5817 876 5884 “Psal.cm,
918 5819 971 5873 l.
1051 5820 1091 5849 "
1117 5818 1259 5875 Psal.
1286 5832 1474 5887 cum,
1510 5822 1562 5876 5.

2128 4633 2221 4688 Dei
2274 4634 2636 4690 adversantur
2660 4638 2669 4645 '
2692 4637 2942 4705 imperio,
2973 4653 3110 4707 aqua
3134 4638 3239 4692 dici
3278 4652 3523 4707 possunt,
3555 4659 3694 4711 quos

2130 4739 2260 4779 sane
2281 4726 2627 4780 adversarios
2654 4738 2849 4797 aquam
2882 4729 3280 4784 intolerabilem
3312 4732 3483 4787 Datid
3516 4747 3696 4797 vocat,

2134 4833 2258 4872 cum
2320 4818 2495 4873 dicit:
2565 4802 2824 4875 Forsitan
2886 4825 3467 4889 pertransissetanima
3518 4841 3702 4881 nostra

2131 4925 2327 4978 aquam
2390 4910 2774 4965 intolerabilem
2814 4913 2875 4966 ".
2911 4914 2973 4965 Et
3010 4914 3354 4981 ﬂuminanon
3390 4920 3702 4972 concludent

2131 5004 2321 5071 ipsam.
2374 5001 2524 5056 Licet
2556 5003 2853 5060 facinerosi
2889 5006 3077 5069 utique
3111 5017 3164 5060 ct
3216 5018 3552 5065 veteratores
3583 5012 3706 5079 qui-

2133 5091 2256 5145 dam
2291 5092 2421 5151 sint,
2471 5104 2525 5146 et
2553 5094 2710 5148 valde
2739 5095 2898 5150 nobis
2932 5096 3287 5161 insidientur,
3336 5099 3569 5168 \‘iltnquc
3608 5119 3705 5153 no-

2133 5197 2258 5241 stra:
2320 5187 2681 5243 adversentur
2718 5189 3016 5243 dmmones.
3076 5192 3225 5244 Adeo
3285 5191 3552 5260 Propheta
3590 5206 3709 5249 erat

2133 5276 2376 5348 Virginis
2429 5294 2614 5334 amore
2649 5294 2863 5348 Captus.
2890 5281 3080 5348 sicque
3111 5285 3284 5351 ipsam
3318 5286 3705 5339 venerabatur.

2134 5367 2299 5436 quue
2320 5381 2444 5420 cum
2480 5377 2603 5435 post
2646 5370 2961 5423 innumeras
2991 5372 3057 5423 ab
3094 5372 3207 5438 ipso
3236 5374 3448 5425 futuras
3485 5391 3709 5442 genera.-

2136 5460 2339 5522 tiones,
2390 5461 2665 5513 nascitura
2716 5471 3132 5529 exspectaretur
3193 5461 3381 5534 Virgo.
3415 5463 3472 5517 Si
3503 5466 3709 5520 dederit

2135 5552 2219 5605 vir
2239 5568 2391 5604 suam
2422 5568 2623 5605 onmem
2661 5557 2821 5606 vitam
2852 5570 2946 5621 pro
2979 5555 3280 5620 dilectione,
3318 5555 3453 5609 nihil
3489 5560 3711 5624 pendent

2137 5645 2331 5711 illum;
2358 5646 2459 5700 hoc
2493 5655 2596 5711 est,
2633 5657 2759 5701 sunt
2785 5650 2921 5703 adeo
2941 5649 3359 5704 cacodazmoncs
3391 5648 3582 5714 invidi,
3612 5649 3713 5702 lio-
