4446 6450
746 417 879 480 1099

1687 415 2006 478 JOANNIS
2047 416 2316 478 GLYCIS
2355 417 2466 478 CP.
2505 417 3009 478 ΡΛΤΗΙΑΠΟῙῙΕ

3827 382 3962 476 ιιοο

737 551 873 594 σεως
927 543 1022 582 και
1082 528 1410 592 συνδικάσας
1469 530 1598 598 ἡμῖν
1631 530 1722 581 καὶ
1753 531 2294 600 συναποφηνάμενος.
2330 537 2372 591 Δ
2401 531 2554 598 ἀγίου
2585 548 2686 599 μου
2711 531 3133 598 αὐτοκράτορος,
3167 527 3378 598 μεγάλη
3407 527 3698 589 παπίαινα,
3723 546 3960 597 γνησιωο

735 623 938 675 Τούτου
970 621 1079 688 γὰρ
1106 622 1269 688 χάριν
1299 621 1601 672 ἐπιδέδοται
1636 621 1712 687 τῷ
1745 620 2096 688 διαληφθέντι
2144 621 2298 672 Κων-

2404 623 2537 688 τάτη
2571 621 2712 672 κατὰ
2743 619 2960 688 πνεῦμα
2988 620 3235 687 Θυγάτηρ
3274 619 3373 686 τῆς
3395 619 3554 686 ἡμῶν
3587 619 3960 687 μετριότητος,

735 715 999 782 σταντίνῳ
1048 713 1126 778 τῷ
1175 710 1392 780 Παλάτῃ
1451 710 1541 761 καὶ
1599 710 1659 762 τὸ
1692 709 1864 778 παρὸν
1911 710 2149 778 γράμμα
2197 709 2298 778 τῆς
2402 709 2764 777 εὐγενεστάτη
2820 711 2962 778 κυρά
3019 709 3242 761 Εὐδοκία
3275 709 3308 776 ἠ
3357 707 3803 774 Νεστογγόνισσα
3831 710 3961 777 ἀνή-

733 804 890 872 ημῶν
924 803 1302 872 μετριότητος.

731 917 867 970 V'Ill.
920 914 1233 984 Episcopum
1267 913 1404 994 Chii.
1433 930 1462 964 (ι
1504 912 1704 994 δίει-ἰώ
1739 913 1848 966 suis
1893 918 2198 965 accusatum
2244 911 2298 963 in

1375 999 1469 1052 lus
1501 993 1666 1036 vocat.

804 1100 842 1167 -ξο
873 1097 1268 1164 (θεοφιλέστατε
1304 1095 1566 1146 ἐπίσκοπε
1601 1096 1757 1154 Χίου,
1803 1095 1963 1161 χάρις
1989 1094 2073 1160 εἴη
2100 1094 2195 1145 καί⁵
2223 1092 2301 1142 εἰ·

734 1195 872 1259 ρῆνη
907 1190 1054 1257 παρά
1083 1189 1218 1240 Θεοῦ
1265 1191 1328 1256 τῇ
1367 1192 1429 1257 σῇ
1467 1189 1732 1256 ἰερότητι.
1792 1186 1982 1254 Γραφὴ
2012 1184 2300 1250 ἀπεστάλη

736 1281 889 1348 παρὰ
932 1280 1037 1329 τῶν
1060 1280 1340 1346 κληρικῶν
1376 1281 1470 1345 τῆς
1506 1277 1646 1329 κατά
1693 1277 1753 1329 σε
1784 1277 2040 1344 τοιαύτης
2067 1275 2304 1341 ἁγιωτά-

731 1390 830 1440 της
863 1371 1190 1438 ἐπισκοπῆς,
1216 1371 1518 1438 αἰτιάματα
1547 1369 1992 1436 διαλαμϐάνουσα
2022 1367 2303 1419 καθαπτό-

737 1480 872 1529 μενα
928 1461 1029 1528 τῆς
1090 1459 1394 1526 θεοφιλείας
1455 1476 1548 1510 σου
1586 1461 1680 1511 καὶ
1747 1459 2033 1528 συνοδικῆς
2075 1459 2306 1529 δεόμενα

732 1554 1031 1618 ἐξετάσεώς
1056 1569 1112 1601 τε
1145 1551 1240 1602 καὶ
1267 1551 1632 1615 διαγνώσεως.
1673 1551 2063 1618 Παρεγγυᾶται
2107 1551 2200 1603 οῦν
2238 1554 2302 1621 τῇ

733 1645 1008 1710 θεοφιλεία
1031 1659 1125 1694 σου
1153 1643 1184 1710 ὴ
1219 1641 1509 1709 μετριότης
1541 1642 1695 1708 ἡμῶν
1716 1642 2049 1696 καταλαϐεῖν
2071 1643 2306 1696 ἐνταῦθα

734 1737 831 1785 ἐπὶ
867 1733 943 1802 τῷ
979 1731 1423 1799 ἀπολογήσασθαι
1449 1730 1626 1783 ταῦτα
1648 1733 1710 1801 δὴ
1753 1732 1819 1783 τά
1861 1733 2151 1801 κινηθέντα
2180 1734 2307 1787 κατ’

733 1827 902 1892 αὐτῆς
928 1826 1252 1891 αἰτιάματα,
1305 1823 1409 1883 ἕως
1444 1821 1667 1880 εὔθετός
1719 1824 1834 1874 ἐστι
1867 1825 1991 1892 περὶ
2013 1824 2106 1874 τὸν
2135 1825 2303 1876 πλοῦν
2334 1851 2378 1910 Β

735 1916 828 1965 καὶ
857 1913 1162 1980 ἐπιτήδειος
1193 1911 1221 1960 ό
1246 1912 1457 1979 καιρός.
1498 1911 1558 1962 Ιῖί
1593 1911 1704 1980 γὰρ
1731 1912 1806 1980 μὴ
1841 1911 2188 1982 ἀπαντήσῃς,
2208 1913 2303 1964 καὶ

739 2005 890 2072 μόνοι
916 2005 961 2055 οι
995 2005 1062 2056 τά
1113 2002 1339 2055 τοιαῦτα
1375 2002 1678 2069 αἰτιάματα
1735 2001 2010 2064 κινοῦντες
2049 2003 2303 2071 κληρικοὶ

732 2094 1135 2155 καταλάϐιρισιν,
1161 2093 1346 2144 οὐκέτι
1375 2092 1607 2159 γράμμα
1631 2091 1756 2160 δέξῃ
1783 2095 1875 2158 τῆς
1897 2091 2055 2160 ἡμῶν
2089 2091 2305 2160 μετριό-

733 2201 892 2254 τητος
925 2183 1111 2252 ἕτερόν
1135 2200 1193 2235 σε
1221 2183 1359 2252 πρὸς
1384 2185 1450 2235 τά
1481 2177 1585 2236 ὧδε
1635 2183 2133 2250 μετακαλούμενον,
2168 2182 2303 2234 ἀλλά

732 2291 792 2326 το
822 2273 992 2340 παρὸν
1026 2273 1179 2324 ἔσται
1241 2289 1324 2324 σοι
1374 2273 1470 2324 καὶ
1505 2274 1628 2324 ἀντὶ
1687 2274 1942 2341 δευτέρου
1995 2275 2088 2326 καὶ
2115 2275 2300 2342 τρίτου

735 2366 1076 2434 μηνύματος,
1133 2365 1227 2416 καὶ
1261 2365 1516 2433 συνοδικὴ
1565 2365 1838 2431 ἀπόφασις
1889 2364 2302 2433 ἐξενεχθήσεται

732 2459 822 2509 ἐπὶ
854 2459 938 2509 σοὶ
963 2457 1037 2519 ὡς
1072 2455 1479 2523 φυγοδικοῦντι,
1515 2459 1656 2510 κατᾶ
1686 2457 1784 2524 τὴν
1809 2456 1918 2508 τῶν
1948 2457 2107 2526 ἰερῶν
2140 2455 2301 2507 κανό-

732 2569 837 2603 νων
860 2550 1067 2619 ἀκριϐῆ
1097 2551 1508 2619 παρατήρησιν.
1538 2550 1636 2601 Διά
1669 2549 1827 2601 τοῦτο
1851 2549 1913 2615 δὴ
1941 2550 2032 2600 καὶ
2067 2547 2304 2601 καταλα-

735 2643 877 2695 ϐέτω
912 2644 942 2713 ὴ
977 2643 1042 2708 σὴ
1081 2641 1356 2709 θεοφὶλεια
1389 2639 1770 2708 προσλαϐοῦσα
1807 2640 1925 2708 μεθ’
1974 2639 2178 2707 ἐαυτῆς
2211 2639 2303 2690 καὶ

731 2737 823 2789 τὸν
851 2734 1237 2804 χαρτοφύλακα
1293 2734 1392 2801 τῆς
1445 2736 1540 2802 σῆς
1583 2733 1895 2799 ἁγιωτάτης
1946 2731 2300 2797 Ἐκκλησὶας,

732 2827 808 2886 ώς
858 2826 923 2877 ἂν
975 2824 1068 2875 καὶ
1105 2822 1258 2884 οὗτος
1295 2821 1731 2890 ἀπολογήσηται,
1790 2820 1932 2887 άπερ
1989 2818 2108 2871 κατ’
2140 2817 2303 2870 αὑτοῦ

734 2919 882 2986 παρὰ
906 2917 1012 2968 τῶν
1031 2916 1290 2967 τοιούτων
1313 2913 1595 2983 κληρικῶν
1617 2912 1950 2980 ἐκινήθησαν
1974 2913 2299 2979 αἰτιάματα.

746 3007 810 3058 'll
838 3007 993 3075 χάρις
1026 3004 1118 3057 τοῦ
1149 3001 1284 3055 Θεοῦ
1309 3002 1395 3069 εῐη
1425 3001 1565 3070 μετὰ
1598 3000 1698 3069 τῆς
1728 2998 2038 3066 θεοφιλεὶας
2079 3014 2200 3050 σου.

732 3142 822 3195 ΙΧ.
861 3142 1086 3195 Clericos
1117 3139 1304 3192 insula!
1334 3138 1450 3192 Chii
1473 3139 1525 3190 in
1559 3139 1816 3207 synodum
1843 3144 2012 3198 vocat,
2042 3142 2117 3207 uti
2142 3150 2300 3198 arcu-

778 3216 1033 3266 salionem
1069 3222 1252 3263 contra
1286 3206 1971 3275 episropum'comparalam
2003 3206 2240 3274 probent.

798 3325 838 3395 -ι-
872 3323 1274 3375 Εὐλαϐἐστατοι
1336 3321 1594 3390 κληρικοὶ
1650 3320 1750 3388 τῆς
1805 3319 1947 3372 κατὰ
1983 3319 2080 3389 τὴν
2139 3319 2303 3387 νῆσον

728 3421 859 3472 Χίον
892 3417 1202 3485 ἁγιωτάτης
1227 3415 1560 3482 ἐπισκοπῆς,
1587 3411 1650 3465 σύ
1677 3429 1734 3464 τε
1757 3411 2035 3479 οἰκονόμε,
2065 3411 2128 3462 σύ
2152 3427 2304 3479 πρω-

726 3511 963 3572 τέκδικε,
1002 3509 1064 3560 σὺ
1099 3507 1444 3576 πρεσϐύτερε
1489 3505 1707 3573 Νικῆτα
1762 3502 2060 3572 βεστάρχα,
2097 3501 2192 3554 καὶ
2235 3503 2300 3554 σὺ

727 3605 863 3656 Λέον
897 3600 1188 3660 Καλόθετε,
1250 3598 1514 3664 ἀγαπητά
1569 3596 1712 3647 κατὰ
1772 3594 1977 3663 Κύριον
2007 3594 2174 3645 τέκνα
2202 3595 2304 3661 τῆς

728 3695 885 3763 ἡμῶν
913 3690 1285 3759 μετριότητος,
1316 3689 1348 3756 ἡ
1380 3687 1567 3756 γραφὴ
1617 3684 1772 3754 ὑμῶν
1829 3683 2152 3752 διεκομίσθη
2206 3684 2304 3736 καὶ

725 3784 1044 3852 ἀνεγνώσθη
1073 3785 1138 3851 τῇ
1174 3779 1331 3848 ἡμῶν
1366 3780 1703 3847 μετριότητι,
1728 3777 1846 3845 ἥτις
1877 3776 1971 3827 καὶ
1998 3773 2293 3842 διελάμϐα-

729 3896 817 3930 νεν
850 3875 1151 3941 αἰτιάματα
1194 3871 1334 3923 κατὰ
1386 3869 1477 3920 τοῦ
1534 3867 1956 3935 θεοφιλεστάτου
1992 3865 2301 3918 ἐπισκόπου

725 3971 828 4038 τῆς
858 3967 977 4020 καθ’
1009 3967 1152 4033 ὑμᾶς
1183 3963 1438 4031 τοιαύτης
1471 3959 1786 4029 ἁγιωτάτης
1836 3957 2173 4028 Ἑκκλησίας
2208 3960 2303 4009 καὶ

726 4062 819 4113 τοῦ
856 4058 1272 4129 χαρτοφύλακος
1291 4053 1382 4106 τοῦ
1413 4053 1806 4120 Πετζιμέντου,
1835 4051 2067 4119 δεόμενα
2094 4050 2306 4102 συνοδι-

730 4156 834 4222 κῆς
868 4151 1166 4215 ὲξετάσεώς
1198 4165 1255 4199 τε
1290 4149 1382 4199 καὶ
1415 4145 1786 4212 διαγνώσεως.
1831 4144 2113 4212 Ἔγραψεν
2150 4141 2244 4195 οῦν
2271 4145 2304 4212 ἡ

732 4245 1021 4314 μετριότης
1057 4242 1233 4308 ἡμῶν,
1274 4239 1359 4291 ἴια
1388 4236 1672 4305 καταλάϐῃ
1723 4234 1956 4287 ἐνταῦθα
1998 4236 2025 4286 ό
2057 4235 2301 4298 τοιοῦτος

731 4337 885 4404 ὐμῶν
919 4335 1211 4404 ἀρχιερεὺς
1244 4332 1383 4399 μετὰ
1415 4329 1506 4381 τοῦ
1540 4329 1705 4382 αὐτοῦ
1736 4329 2176 4399 χαρτοφύλακος,
2210 4333 2304 4383 καὶ

726 4431 1163 4496 ἀπολογήσονται
1215 4428 1563 4494 ἀμφότεροι,
1617 4426 1745 4494 περὶ
1801 4419 1876 4478 ὧν
1924 4425 2302 4491 ἐγκαλοῦνται.

728 4519 1176 4589 Παρακελεύεται
1214 4518 1268 4570 δέ
1303 4517 1637 4569 καταλαϐεῖν
1665 4519 1758 4568 καὶ
1803 4517 1948 4585 ὑμᾶς
1983 4517 2076 4568 ἐπὶ
2098 4517 2176 4585 τῷ
2203 4518 2307 4570 ἀπο
2343 4544 2385 4597 ο

727 4614 940 4680 ελέγξαι
967 4613 1061 4664 καὶ
1100 4611 1454 4680 παραστῆσαι
1490 4609 1702 4671 τούτοις
1727 4610 1793 4662 τά
1837 4610 2064 4662 τοιαῦτα
2098 4610 2301 4679 ἐγκλή-

731 4722 876 4774 ματα
898 4719 912 4733 °
948 4707 996 4756 εἰ
1029 4703 1072 4754 δ’
1108 4703 1240 4762 ἴσως
1271 4703 1330 4752 οὐ
1373 4700 1654 4768 βούλονται
1679 4702 2017 4767 ἀπαντῆσαι,
2059 4699 2305 4752 καταλά-

726 4801 850 4848 ϐετε
883 4797 1063 4862 ὑμεῖς,
1096 4793 1182 4844 ἵνα
1220 4791 1476 4859 συνοδικὴ
1532 4790 1811 4856 ἀπόφασις
1846 4790 1939 4839 ἐπὶ
1994 4788 2206 4850 τούτοις
2233 4788 2309 4850 ὡς

729 4886 1116 4956 φυγοδικοῦσιν
1142 4883 1394 4952 ἐξενεχθῇ
1429 4882 1570 4934 κατά
1605 4883 1701 4951 τὴν
1735 4881 1846 4933 τῶν
1879 4881 2043 4950 ιερῶν
2067 4883 2308 4935 κανόνων

728 4977 936 5047 ἀκριϐῆ
965 4978 1374 5044 παρατήρησιν.
1421 4973 1483 5025 Ἥ
1523 4974 1683 5043 χάρις
1731 4972 1827 5024 τοῦ
1878 4971 2014 5025 Θεοῦ
2050 4972 2135 5040 εἴη
2185 4973 2308 5042 μεθ’

733 5074 762 5123 ὑ
772 5073 909 5138 μῶν.

731 5206 801 5260 Χ.
852 5205 1094 5274 Synodm
1149 5205 1496 5270 metropolin
1543 5203 1908 5271 Philipporum
1951 5203 2205 5260 mandat.
2255 5212 2309 5256 ιιι

799 5276 960 5328 simul
985 5292 1100 5327 cum
1127 5276 1512 5343 archiepiscopo
1543 5275 1756 5328 Dramw
1779 5289 1992 5326 causam
2024 5274 2310 5343 quamdam

799 5348 1072 5415 dijudicet.

801 5454 840 5527 f
885 5458 1173 5524 Ἰερώτατε
1238 5459 1612 5528 μητροπολῖτα
1655 5457 1971 5524 Φιλίππων,
2009 5457 2306 5528 ὐπέρτιμε,

731 5553 983 5620 ἀγαπητέ
1017 5552 1156 5604 κατά
1190 5552 1396 5620 Κύριον
1438 5553 1634 5621 ἀδελφέ
1667 5553 1766 5622 τῆς
1824 5552 1984 5623 ἡμῶν
2019 5554 2313 5624 μετριότη-

729 5659 823 5702 τος
880 5646 973 5695 καὶ
1027 5643 1432 5714 συλλειτονργέ,
1472 5647 1634 5715 χάρις
1677 5647 1762 5714 εῐη
1799 5647 1894 5699 καὶ
1936 5648 2126 5715 εἰρήνη
2163 5645 2315 5715 παρὰ

729 5735 867 5789 Θεοῦ
899 5737 963 5805 τῇ
1019 5739 1082 5807 σῇ
1127 5739 1393 5811 ὶερότητι.
1474 5740 1538 5792 Ἰι
1575 5742 1692 5794 θεία
1741 5741 1834 5794 τοῦ
1888 5742 2184 5811 κρατίστου
2219 5741 2315 5794 καὶ

2405 817 2563 867 νεγκε
2597 799 2885 861 συνοδικῶς
2916 802 2980 868 τῇ
3016 801 3175 868 ἡμῶν
3204 801 3545 868 μετριότητι,
3570 800 3643 860 ὡς
3678 801 3970 864 ἀνεδέξατο

2406 893 2500 946 καὶ
2533 893 2918 964 εἰσεποιήσατό
2941 910 3059 944 τινα
3083 895 3250 962 κόρην
3273 894 3530 960 ἑπταετῆ,
3565 893 3661 944 καὶ
3687 893 3970 959 ἐπιμελῶς

2405 972 2665 1055 ἀνέτρεφε
2699 985 2901 1053 ταύτην
2931 985 3026 1035 ἐπὶ
3064 986 3278 1052 χρόνοις
3307 987 3535 1046 ἱκανοῖς,
3585 985 3678 1036 καλ⁵
3704 978 3792 1034 οἷα
3833 999 3968 1048 γνη⁸

2409 1078 2528 1129 σίαν
2563 1077 2720 1128 παῖδα
2748 1077 2933 1143 σχεδὸν
2961 1075 3240 1142 ἔστεργεν,
3262 1077 3337 1136 ὼς
3360 1079 3455 1128 καὶ
3483 1077 3579 1127 οὐκ
3607 1073 3764 1138 ὀλίγα
3791 1072 3972 1138 πράγ-

2410 1183 2554 1234 ματα
2599 1165 3027 1218 καταπιστεῦσαι
3072 1165 3230 1233 αὐτῇ,
3248 1170 3317 1219 τὰ
3343 1167 3442 1234 μέν
3471 1167 3549 1225 εἰς
3577 1161 3974 1231 παρακαταθή-

2408 1273 2530 1322 κην,
2569 1256 2720 1310 τάδέ
2770 1257 2856 1307 ἴνι
2913 1256 3055 1323 ὺπέρ
3102 1257 3327 1324 προικός
3382 1257 3523 1322 αὐτῇ
3562 1253 3750 1312 δώσει,
3807 1251 3968 1318 ἡνίκα

2408 1348 2641 1420 συζεύξῃ
2685 1350 2889 1417 ταύτην
2949 1350 3087 1401 κατά
3127 1349 3325 1415 νόμους
3361 1346 3547 1415 ἀνδρί·
3605 1345 3638 1412 ἡ
3673 1343 3750 1408 δὲ,
3780 1341 3971 1409 ὥσπερ

2407 1439 2772 1506 ἐπιλαθομένη
2827 1439 2936 1490 τῶν
2967 1439 3102 1508 πρός
3133 1437 3305 1505 αὐτὴν
3356 1435 3574 1499 ἐκείνης
3612 1432 3970 1500 εὐεργεσιῶν,

2409 1532 2522 1592 τοῖς
2555 1529 2818 1590 ἐναντίοις
2845 1530 3016 1596 αὐτὴν
3043 1527 3339 1596 ἠμείψατο,
3369 1527 3463 1578 καὶ
3488 1523 3974 1581 ἀπαυθαδειάσασα

2407 1621 2467 1672 οὐ
2501 1622 2664 1685 μόνον
2690 1621 2906 1673 διέϐαλε
2936 1620 3138 1686 ταύτην
3169 1621 3260 1671 καὶ
3291 1621 3584 1688 περιέσυρε
3612 1617 3711 1669 καὶ
3752 1613 3976 1668 ἐπιϐού-

2407 1708 2511 1770 λως
2561 1707 2936 1774 ἐξουθένησεν,
2997 1708 3134 1759 ἀλλὰ
3197 1709 3290 1759 καῖ⁵
3337 1706 3509 1774 ἀνδρα
3546 1705 3698 1773 παρὰ
3748 1703 3974 1772 γνώμην

2407 1799 2575 1865 αὐτῆς
2599 1798 2857 1866 ἠγάγετο,
2895 1799 2990 1849 καὶ
3020 1799 3085 1850 τά
3110 1797 3336 1851 τοιαῦτα
3381 1799 3685 1865 πράγματα
3723 1795 3804 1847 ἔτι
3832 1811 3969 1846 κατ-

2405 1893 2519 1957 έχει
2557 1889 2683 1958 παρ’
2717 1890 2910 1957 ἑαυτῇ.
2959 1883 3061 1942 Ὧν
3091 1889 3254 1959 χάριν
3285 1889 3381 1942 καὶ
3411 1887 3602 1957 ἐδεήθη
3638 1889 3671 1955 ἠ
3701 1885 3844 1954 αὐτὴ
3879 1901 3971 1953 με·

2405 1981 2544 2048 γάλη
2575 1983 2839 2034 παπίαινα
2869 1981 2970 2048 τῆς
3003 1982 3160 2050 ἡμῶν
3199 1981 3552 2050 μετριότητος
3606 1972 3974 2030 ὦστεέπανα-

2407 2071 2648 2139 σωθῆναι
2712 2070 2874 2122 πάλιν
2925 2071 3100 2124 ταῦτα
3159 2072 3321 2141 αὐτῇ,
3353 2071 3425 2123 δι’
3475 2074 3539 2140 ἣν
3590 2068 3969 2138 ἐπεδείξατοή

2406 2163 2675 2231 εἰρημένη
2725 2162 3052 2230 ἀχαριστίαν
3104 2163 3197 2213 καὶ
3227 2163 3510 2216 ἐπίϐουλον
3564 2164 3792 2228 γνώμην
3837 2161 3975 2228 πρὸς

2403 2257 2593 2325 αὐτήν.
2648 2243 2858 2323 Διέγνω
2906 2255 3086 2306 τοίνυν
3117 2256 3148 2322 ὴ
3182 2255 3472 2322 μετριότης
3514 2253 3675 2322 ἡμῶν
3701 2252 3840 2322 μετά
3861 2253 3970 2304 τῶν

2403 2349 2532 2416 περὶ
2560 2349 2731 2416 αὐτὴν
2764 2347 3073 2414 ἱερωτάτων
3108 2344 3433 2415 ἀρχιερέων,
3477 2345 3574 2396 τοῦ
3615 2343 3971 2412 Ἡρακλείας,

2402 2439 2494 2492 τοῦ
2529 2440 2800 2510 Σάρδεων,
2847 2438 2939 2491 τοῦ
2975 2438 3369 2507 Νικομηδείας,
3417 2435 3512 2488 τοῦ
3553 2435 3816 2496 Νικαίας,
3879 2435 3974 2488 τοῦ

2415 2533 2778 2600 Χαλκηδόνος,
2833 2531 2926 2584 τοῦ
2956 2525 3378 2599 Θεσσαλονίκης,
3426 2530 3522 2582 τοῦ
3553 2530 3973 2598 Μονεμϐασίας,

2403 2627 2496 2678 τοῦ
2527 2625 3018 2694 Ποντοηρακλείας,
3066 2623 3158 2674 τοῦ
3212 2624 3491 2692 Προύσης,
3517 2623 3610 2675 τοῦ
3652 2625 3978 2691 Περγάμου,

2402 2717 2494 2768 τοῦ
2525 2714 2779 2768 Παλαιῶν
2803 2713 3056 2784 Πατρῶν,
3082 2715 3175 2766 τοῦ
3208 2715 3454 2785 Σερῤὦ-ι,
3493 2716 3587 2768 τοῦ
3623 2715 3973 2786 Χριστουπό-

2403 2809 2558 2870 λεως,
2617 2805 2711 2858 τοῦ
2760 2807 3087 2875 Δυρῤαχίου,
3141 2806 3237 2857 τοῦ
3265 2806 3604 2877 Μυτιλήνης,
3657 2809 3752 2862 τοῦ
3785 2810 3975 2879 Μηθύ-

2407 2917 2567 2968 μνης,
2601 2897 2695 2950 τοῦ
2722 2897 3127 2966 Διδυμοτείχου,
3177 2899 3271 2951 τοῦ
3302 2897 3522 2970 Βιζύης,
3566 2902 3662 2954 τοῦ
3695 2903 3852 2968 Κίου,
3885 2903 3982 2957 τοῦ

2404 2990 2685 3059 Γαρέλλης
2715 2991 2810 3042 καὶ
2841 2989 2935 3041 τοῦ
2967 2990 3233 3058 Μηδείας,
3267 2993 3488 3046 δικαίαν
3515 2989 3660 3046 εἶναι
3699 2995 3801 3067 τὴν
3826 2996 3980 3064 αἴτη-

2407 3102 2491 3136 σιν
2523 3084 2622 3152 τῆς
2643 3083 2900 3152 τοιαύτης
2933 3084 3179 3154 μεγάλης
3212 3087 3542 3155 παπιαίνης,
3574 3087 3696 3140 ὅθεν
3741 3090 3834 3140 καὶ
3870 3088 3978 3140 ἐδι-

2327 3189 2372 3253 C
2408 3176 2632 3235 καίωσε,
2692 3173 3123 3242 προηγουμένως
3158 3175 3257 3244 μὲν
3304 3176 3490 3228 λαϐεῖν
3543 3177 3644 3246 τὴν
3676 3178 3980 3248 εἰρημένην

2410 3267 2652 3335 μεγάλην
2698 3267 3000 3319 παπίαιναν
3033 3266 3096 3316 ἐκ
3126 3266 3226 3334 τῆς
3270 3268 3531 3338 τοιαύτης
3564 3272 3843 3337 γυναικὸς,
3878 3272 3978 3323 ὅσα

2410 3358 2888 3427 παρακαταθήκης
2929 3359 3023 3411 καὶ
3053 3362 3301 3430 φυλακῆς
3331 3362 3492 3429 χάριν
3526 3363 3700 3434 ταύτῃ
3751 3379 3982 3415 κατεπιο

2412 3451 2697 3514 στεύσατο,
2750 3449 2868 3502 εἶτα
2922 3452 3168 3516 ἐξέτασιν
3203 3453 3492 3520 γενέσθαι,
3522 3454 3570 3506 εἰ
3618 3454 3803 3517 κακῶς
3836 3453 3980 3506 οὕτω

2409 3544 2622 3613 διετέθη
2656 3545 2793 3614 πρὸς
2820 3544 2991 3614 αὐτὴν
3033 3546 3237 3614 ἐκείνη,
3283 3547 3372 3597 καὶ
3404 3545 3578 3599 ταῦτα
3615 3547 3773 3616 δῆτά
3803 3547 3976 3614 άτιμι

2410 3639 2501 3690 καὶ
2530 3637 2800 3706 ἀχάριστα
2854 3640 3161 3707 ἐτόλμησεν
3203 3637 3289 3689 ἐπ’
3317 3639 3457 3706 αὐτῇ
3493 3639 3613 3690 ἀντὶ
3639 3642 3737 3706 τῆς
3763 3639 3984 3708 ὀφειλο-

2413 3730 2578 3798 μένης
2608 3727 3054 3797 εὐγνωμοσύνης,
3082 3728 3176 3780 καὶ
3200 3727 3407 3780 τούτων
3431 3729 3646 3797 ἀληθῶς
3671 3726 3818 3797 ἔχειν
3849 3727 3979 3780 ἀνα-

2409 3825 2687 3890 φανέντων
2723 3823 3020 3876 ἀπολαϐεῖν
3053 3823 3224 3888 αὐτὴν
3259 3823 3353 3875 καὶ
3387 3824 3489 3876 ὅσα
3520 3825 3600 3886 εἰς
3632 3829 3834 3892 προῖκα
3859 3824 3979 3875 δοῦ-

2409 3934 2493 3969 ναι
2554 3918 2690 3986 προς
2744 3917 2959 3984 ἐκείνην
3020 3916 3307 3985 προέθετο,
3373 3917 3498 3970 ἐπεὶ
3555 3919 3708 3988 παρά
3746 3918 3977 3985 γνώμην

2411 4009 2600 4078 αὐτῆς,
2641 4009 2777 4076 μετά
2809 4007 2900 4059 τοῦ
2955 4007 3122 4070 δεῖξαι
3158 4008 3252 4060 καὶ
3285 4007 3385 4078 τὴν
3420 4009 3691 4076 τοσαύτην
3719 4010 3978 4076 ἀγνωμοο

2412 4102 2597 4168 σύνην,
2627 4100 2784 4152 ἔλαϐε
2817 4100 2907 4150 τὸν
2931 4099 3121 4166 ἄνδρα,
3146 4100 3204 4153 ὃν
3236 4101 3578 4162 αὐτοϐούλως
3606 4101 3753 4168 ἔσχε.
3789 4103 3972 4170 Παρα-

2410 4194 2559 4262 δηλοῖ
2594 4209 2686 4245 σου
2739 4192 2921 4244 τοίνυν
2989 4194 3053 4262 τῇ
3104 4193 3344 4261 ίερότητι
3404 4194 3437 4262 ὴ
3488 4186 3783 4264 μετριότης
3819 4194 3975 4264 ἡμῶν

2413 4286 2813 4357 προσλαϐέσθαι
2864 4288 2958 4338 καὶ
3009 4288 3098 4339 τὸν
3178 4286 3476 4356 ἱερώτατον
3540 4289 3974 4356 ἀρχιεπίσκοπον

2413 4380 2657 4448 Δράμας,
2686 4380 2967 4446 ἀγαπητὸν
2996 4380 3151 4448 ἡμῶν
3187 4381 3334 4433 κατά
3365 4381 3572 4448 Κύριον
3608 4381 3835 4449 ἀδελφὸν
3887 4383 3980 4433 καὶ

2414 4469 2849 4536 συλλειτουργδν,
2886 4468 2978 4519 καὶ
3001 4467 3118 4536 ἅμα
3164 4469 3338 4536 τούτῳ
3366 4468 3464 4522 τὴν
3513 4466 3770 4520 ὑπόθεσιν
3799 4466 3982 4530 ἐξετά-

2414 4578 2523 4621 σαι,
2559 4565 2654 4613 καὶ
2684 4560 2916 4630 ἐχούσης
2951 4563 3178 4630 ταύτης,
3218 4563 3294 4625 ὡς
3325 4561 3619 4633 ἀνηνέχθη,
3655 4562 3860 4631 πρᾶξαι
3891 4560 3986 4613 καὶ

2415 4652 2791 4720 οἰκονομῆσαι,
2816 4651 2962 4704 ὥστε
2997 4654 3294 4706 ἀπολαϐεῖν
3327 4654 3535 4722 ταύτην
3583 4653 3648 4723 δὴ
3683 4653 3783 4721 τὴν
3805 4653 3981 4719 μεγά-

2415 4745 2514 4812 λην
2545 4743 2850 4796 παπίαιναν
2883 4745 2980 4795 καὶ
3036 4745 3136 4798 ὅσα
3164 4744 3393 4814 προικὸς
3425 4745 3587 4814 χάριν
3637 4743 3822 4796 δοῦναι
3853 4743 3989 4810 πρὸς

2416 4835 2636 4902 ἐκείνην
2669 4835 2938 4903 ὑπέσχετο
2960 4851 2975 4865 ο
3021 4835 3449 4898 καταδικάζεται
3495 4835 3603 4903 γὰρ
3635 4834 3739 4885 ὑπὸ
3772 4833 3880 4884 τῶν
3907 4834 3998 4884 νός

2420 4943 2534 4994 μων
2575 4929 2607 4994 ἡ
2637 4927 2863 4992 τοιαύτη
2887 4926 3026 4995 γυνὴ
3055 4927 3310 4977 ἐκπεσεῖν
3335 4927 3430 4993 τῆς
3471 4924 3728 4990 τοιαύτης
3761 4925 3986 4992 χάριτος

2417 5018 2512 5069 καὶ
2549 5018 2772 5082 δόσεως,
2805 5019 2865 5069 τὸ
2905 5019 3002 5088 μὲν
3032 5018 3106 5080 ὡς
3159 5019 3254 5069 ἐπὶ
3284 5017 3538 5069 τοσοῦτον
3581 5017 3989 5086 ἐξουθενήσασα

2415 5108 2515 5175 τὴν
2549 5109 2750 5178 ἑαυτῆς
2802 5110 3105 5179 εὐεργέτιν,
3140 5111 3200 5162 τὸ
3253 5110 3308 5163 δέ
3359 5111 3452 5163 καὶ
3507 5110 3581 5172 ὡς
3614 5110 3745 5179 παρ’
3789 5110 3992 5176 εἴδησιν

2418 5200 2590 5269 αὐτῆς
2621 5203 2940 5272 ἀγαγομένη
2970 5203 3062 5256 τὸν
3083 5204 3272 5272 ἄνδρα.
3305 5203 3549 5256 Γενέσθω
3575 5204 3779 5265 τοίνυν,
3805 5204 3988 5264 καθὼς
4009 5179 4032 5198 ’

2418 5291 2451 5356 ἡ
2494 5292 2784 5361 μετριότης
2831 5293 2989 5362 ἡμῶν
3041 5295 3351 5365 παραδηλοῖ
3406 5313 3500 5348 σου
3530 5298 3596 5367 τῇ
3629 5297 3864 5369 ίερότητι
3905 5297 3993 5350 διά

2421 5384 2515 5436 τοῦ
2548 5387 2816 5456 παρόντος
2871 5387 3226 5457 γράμματος,
3260 5389 3287 5441 ὃ
3319 5390 3412 5442 καὶ
3450 5391 3876 5462 ἀντιστραφήτω
3917 5393 3996 5462 τῷ

2424 5477 2577 5546 μέρει
2635 5478 2734 5547 τῆς
2770 5479 3163 5553 διαληφθείσης
3218 5481 3372 5543 θείας
3422 5481 3515 5534 τοῦ
3571 5484 3866 5551 κρατίστου
3903 5487 3997 5538 καὶ

2423 5570 2581 5635 ἀγίου
2625 5587 2728 5640 μου
2786 5573 3227 5645 αὐτοκράτορος,
3285 5573 3533 5643 μεγάλης
3576 5575 3879 5644 παπιαίνης
3925 5577 3996 5630 δι’

2423 5662 2751 5728 ἀσφάλειαν.
2820 5664 2883 5717 Ἦ
2942 5666 3101 5736 χάρις
3158 5665 3251 5719 τοῦ
3283 5666 3418 5720 Θεοῦ
3442 5666 3526 5734 εἴη
3567 5669 3706 5737 μετὰ
3756 5667 3855 5738 τῆς
3896 5667 3998 5738 σῆς

2427 5750 2730 5821 ίερότητος.
