4446 6450
454 449 583 511 1101

1522 443 1910 503 ΞΥΝΟΒΙΟᾹΞ
1948 443 2630 504 CONSTITUTIONES.

3545 443 3695 511 1109..

451 559 535 612 ᾹΙ.
561 557 798 628 Synodus
824 554 1162 628 ηιεζνοροίίιω
1191 555 1540 628 Antiquarum
1578 557 1860 628 Palrarrrm
1887 573 2009 608 con-
2036 563 2085 619 Α
2112 558 2207 609 δικ

1931 573 2009 608 m-
2036 563 2085 619 Α
2112 558 2237 624 δικῆ
2263 557 2462 625 πρᾶξις
2493 557 2592 622 τῆς
2643 555 2800 623 ἡμῶν
2876 555 3251 622 μετριότητος,
3291 557 3354 622 τῇ
3389 556 3687 623 ὑπογραφῇ

517 624 620 694 feri
673 625 1000 694 metropolim
1041 624 1561 680 Lacedwmoniorum
1594 642 1684 693 per
1714 627 2011 692 adjuncn'o-

519 712 633 748 nem
642 735 654 750 .

516 831 557 900 1-
588 831 701 884 Ούκ
727 832 1092 901 ἀνεγκλήτους
1120 834 1296 900 κρινεῖ
1317 848 1397 893 τις
1421 831 1528 885 τῶν
1550 831 1807 884 ἀπάντων
1834 828 2009 896 ἡμᾶς,

450 923 525 991 μὴ
593 923 771 974 πάντα
836 922 1044 991 τρόπον
1132 921 1618 991 προθυμουμένους
1669 916 2012 987 προμηθείας

445 1013 629 1076 ἀξιοῦν
662 1013 786 1074 τούς
834 1011 893 1064 τε
922 1012 1115 1074 ἀλλους
1143 1013 1201 1064 ἐν
1234 1012 1395 1081 χρείᾳ
1427 1012 1586 1074 ὄντας
1612 1011 1712 1078 τῆς
1757 1009 2012 1075 δυνατῆς,

445 1107 540 1156 καὶ
594 1103 830 1168 μάλιστά
865 1119 928 1170 γε
981 1104 1098 1156 ὅσοι
1131 1102 1231 1171 τῆς
1261 1103 1448 1172 χρείας
1473 1103 1573 1153 οὐκ
1623 1101 1728 1164 έξω
1763 1099 2015 1168 μένουσιν

445 1197 511 1248 ἐκ
536 1196 642 1248 τῶν
673 1194 1136 1263 συμπληρούντων
1171 1195 1268 1263 τήν
1325 1193 1443 1246 καθ’
1480 1193 1625 1262 ἡμᾶς
1670 1192 1822 1260 ίεράν
1859 1191 2017 1242 σύνο-

444 1286 553 1349 δον,
581 1287 877 1353 ἀγαπητῶν
897 1286 1056 1354 ήμῶν
1085 1285 1226 1336 κατά
1258 1282 1463 1352 Κύριον
1493 1281 1742 1350 ἀδελφῶν
1766 1281 1859 1335 καὶ
1887 1282 2016 1334 συλ-

445 1376 795 1445 λειτουργῶν.
837 1377 902 1432 El
934 1378 1044 1447 γάρ
1101 1377 1257 1430 αὐτοὶ
1293 1377 1392 1443 μέν
1451 1374 1601 1444 πάσῃ
1663 1375 1805 1428 κατά
1858 1373 2018 1444 χρέος

448 1468 649 1536 σπουδῇ
673 1465 782 1518 τῶν
825 1465 1208 1532 πνευματικῶν
1262 1465 1491 1532 ἀγώνων
1545 1463 1641 1517 καλ⁴
1679 1464 1882 1528 πόνων,
1932 1464 2020 1540 ἐφ’
2055 1465 2057 1467 ’

445 1554 523 1622 οἷς
557 1561 624 1612 ἂν
655 1559 785 1619 δέοι.
803 1559 935 1627 ήμῖν
959 1556 1468 1625 συναντιλήψονται,
1497 1557 1657 1624 ήμεῖς
1685 1556 1742 1608 δέ
1773 1557 1850 1624 μὴ
1879 1557 2021 1608 κατὰ

443 1652 504 1703 τὸ
532 1650 680 1712 είκός
736 1650 884 1703 ἀπαν
941 1649 1124 1700 αὐτῶν
1187 1647 1631 1717 προνοησόμεθα,
1697 1648 1916 1708 πάντως
1951 1645 2018 1699 ἀν

447 1742 620 1811 μικρά
672 1739 975 1811 φροντίζειν
1028 1739 1280 1807 δόξαιμεν
1340 1737 1433 1790 τοῦ
1484 1737 1671 1803 καλοῦ,
1704 1738 1772 1790 τά
1818 1738 2021 1807 προσή·

444 1849 607 1885 κοντα
639 1833 850 1893 τούτοις
892 1829 966 1900 μὴ
1004 1829 1472 1897 ἀντεισφέροντες.
1511 1828 1752 1895 Δηλοὶδέ
1781 1830 1809 1881 ό
1841 1827 2019 1895 λόγος,

2116 647 2214 713 τῆς
2239 646 2399 714 ήμῶν
2427 645 2786 712 μετριότητος
2853 647 3210 708 πιστωθεῖςα,
3248 647 3327 707 εἰς
3388 646 3694 712 ἀσφάλειαν

2117 736 2449 789 ἐπιδέδοται.

2117 845 2232 899 Χιι.
2269 844 2574 915 Gregorius,
2634 848 2940 916 patriarcha
2991 847 3360 908 Alexandria,
3418 846 3697 914 proﬁtetur

2652 918 2995 968 orthodoxam
3024 916 3199 980 ﬁdem.

2189 1009 2396 1078 -ι-Ἐπεὶ
2430 1008 2692 1077 κρίμασιν
2749 1003 2830 1068 οἷς
2874 1002 2984 1058 οἶδε
3023 1008 3157 1068 θεδς
3194 1008 3272 1067 εἷς
3305 1007 3365 1058 τδ
3409 1007 3552 1075 μέγα
3603 1009 3702 1075 τῆς

2119 1100 2486 1168 πατριαρχίας
2566 1099 2808 1167 ἀνήχοην
2887 1099 3124 1167 ἀξίωμα,
3203 1100 3296 1150 καί
3353 1101 3703 1168 πατριάρχης

2133 1190 2542 1260 Ἀλεξανδρείας
2566 1191 2887 1258 τετίμημαι,
2921 1190 3014 1242 τὸν
3043 1191 3144 1258 τῆς
3194 1190 3353 1256 ἡμῶν
3402 1190 3701 1258 ὁμολογίας

2121 1280 2383 1348 ἐκτίθημι
2414 1279 2679 1345 λίὸελλον,
2711 1281 2806 1333 καὶ
2839 1279 2976 1350 πρὸς
3008 1280 3101 1331 τὸν
3153 1281 3444 1349 κράτιστον
3486 1283 3702 1348 ἐκπέμ-

2123 1388 2210 1425 πω
2233 1371 2422 1425 τοῦτον
2445 1372 2543 1424 καὶ
2574 1372 2731 1438 ἀγιόν
2758 1389 2859 1440 μου
2891 1371 3293 1440 αὐτοκράτορα,
3323 1370 3381 1423 δν
3416 1371 3512 1423 καὶ
3534 1387 3708 1440 προσ-

2121 1461 2279 1529 τάξαι
2336 1461 2637 1532 παρακαλῶ
2666 1462 2744 1530 τῷ
2802 1462 3104 1530 ἁγιωτάτῳ
3167 1461 3566 1531 ἐμφανισθῆναι
3612 1463 3710 1514 καὶ

2125 1546 2493 1616 οίκουμενικῷ
2556 1547 2872 1618 πατριάρχῃ
2906 1549 3001 1602 καὶ
3050 1551 3118 1619 τῇ
3183 1550 3314 1619 περὶ
3369 1549 3535 1601 αὐτὸν
3583 1550 3706 1618 θείᾳ

2128 1637 2218 1688 καὶ
2247 1638 2367 1706 ίερᾷ
2404 1639 2628 1706 συνόδῳ·
2663 1639 2805 1691 οῦτω
2839 1640 2949 1707 γάρ
2988 1641 3051 1692 ἂν
3084 1639 3182 1692 καλ⁵
3213 1643 3292 1703 είς
3319 1641 3443 1702 τοὺς
3475 1641 3704 1709 ἐτέρους

2125 1729 2334 1793 πάντας
2367 1730 2433 1782 τὰ
2458 1729 2558 1798 τῆς
2589 1731 2726 1799 ἐμῆς
2745 1731 2979 1800 ἀληθοῦς
3003 1732 3295 1801 ὁμολογίας
3319 1735 3414 1787 καὶ
3430 1733 3707 1801 ἀσφαλοῦς

2125 1818 2461 1888 διαϐήσεται.

445 1923 525 1976 ὅτι
568 1923 633 1992 δὴ
662 1924 762 1992 τὴν
786 1887 966 1990 αὐτήν
992 1921 1088 1988 μέν
1108 1887 1220 1982 τοῖς
1255 1887 1459 1981 λοιποῖς
1486 1887 1608 1972 κατ’
1642 1919 1805 1973 αὐτὸν
1831 1887 2018 1991 ἀρχιεζ
2049 1887 2094 1946 Β
2192 1910 2233 1979 ἰ’
2253 1887 2497 1965 Πιστεύω
2535 1915 2615 1976 είς
2675 1915 2773 1968 ἕνα
2801 1916 2934 1968 Θεὸν
2985 1919 3202 1988 Πατέρα
3262 1899 3705 1988 παντοκράτορα.

451 2013 600 2084 ρεῦσι
643 2013 879 2082 σπουδήν
916 2011 1358 2082 συμϐαλλόμενός
1406 2012 1554 2063 ἐστιν
1592 2011 1689 2063 ἐπὶ
1719 2011 1833 2074 τοῖς
1886 2027 2036 2081 προ-ς

446 2105 723 2174 κειμένοις
750 2105 881 2173 ήμῖν
909 2104 1074 2171 ίεροῖς
1104 2101 1286 2170 ἔργοις
1308 2101 1402 2153 καὶ
1432 2097 1720 2169 πράγμασι
1749 2100 1884 2169 πρὸς
1908 2102 2021 2162 τοῖς

446 2195 627 2258 ἄλλοις
655 2194 764 2247 τῶν
817 2192 1066 2262 ἀδελφῶν
1096 2192 1189 2245 καὶ
1222 2192 1251 2245 δ
1292 2191 1584 2262 ἱερώτατος
1619 2190 2023 2261 μητροπολίτης

448 2286 701 2340 Παλαιῶν
744 2284 973 2354 Πατρῶν
1027 2283 1124 2336 καὶ
1154 2282 1457 2352 ὐπέρτιμος
1482 2323 1496 2348 ,
1546 2282 1648 2335 οὐκ
1679 2283 1926 2352 εὐπόρως
1963 2284 2022 2336 δέ

447 2381 595 2450 ὅμως
624 2380 731 2433 τῶν
765 2380 901 2450 πρὸς
929 2378 1264 2449 αὐτάρκειαν
1309 2378 1448 2448 ἔχων
1478 2379 1729 2450 εὓρηται,
1763 2381 1918 2435 ἐνθεν
1943 2398 2023 2433 τοι

448 2472 545 2523 καὶ⁵
576 2471 871 2558 ἀναγὶιαῖον
901 2471 936 2540 ή
989 2470 1282 2541 μετριότης
1310 2468 1467 2538 ήμῶν
1514 2466 1656 2522 εἷναι
1687 2471 1783 2524 καὶ
1816 2469 2024 2540 προσῆο

447 2581 544 2618 κον
577 2565 814 2634 ἐνόμισε,
844 2563 1130 2632 φροντίσαι
1152 2560 1343 2615 τούτου
1371 2562 1466 2614 καὶ
1511 2561 2021 2632 προμηθεύσασθαι.

447 2656 557 2708 Καί
581 2671 646 2722 γε
689 2656 841 2724 κοινῇ
873 2653 1039 2723 ψήφῳ
1087 2669 1146 2705 τε
1189 2653 1286 2706 καὶ
1317 2651 1514 2722 γνώμῃ
1553 2655 1654 2721 τῆς
1700 2653 2048 2724 όμηγύρεως·

446 2747 556 2800 τῶν
583 2749 713 2817 περὶ
757 2747 907 2816 ἡμᾶς
965 2745 1278 2814 ίερωτάτων
1317 2744 1644 2814 ἀρχιερέων,
1702 2743 1799 2797 τοῦ
1851 2746 2023 2816 Ἥρα-

447 2837 655 2903 κλείας,
676 2835 772 2890 τοῦ
795 2836 1066 2905 Σάρδεων,
1094 2834 1189 2887 τοῦ
1212 2835 1608 2904 Νικομηδείας,
1644 2836 1738 2889 τοῦ
1768 2835 2022 2902 Νικαίας,

446 2915 542 2981 τοῦ
595 2927 961 2996 Χαλκηδόνος,
1012 2925 1107 2979 τοῦ
1140 2925 1564 2995 Θεσσαλονίκης,
1600 2925 1695 2979 τοῦ
1726 2927 2024 2994 Μονεμόα-

449 3020 589 3084 σίας,
615 3017 710 3072 τοῦ
738 3017 1230 3088 Ποντοηρακλείας,
1254 3017 1349 3070 τοῦ
1382 3019 1653 3086 Προύσης,
1685 3018 1778 3071 τοῦ
1814 3020 2027 3089 Περγά-

450 3128 578 3180 μου,
633 3108 731 3163 τοῦ
772 3108 1012 3181 Σερῤῶν,
1045 3107 1141 3160 τοῦ
1189 3108 1568 3177 ’Δμάστριδος,
1597 3107 1690 3161 τοῦ
1719 3110 2022 3176 Φιλίππων,

2125 2001 2354 2070 ποιητὴν
2389 2002 2621 2072 ούρανοῦ
2683 2010 2776 2060 καὶ
2818 2009 2942 2075 γῆς,
2979 2010 3192 2077 ὁρατῶν
3235 2027 3293 2062 τε
3326 2011 3549 2062 πάντων
3613 2014 3708 2065 καὶ

2121 2092 2394 2161 ἀοράτων,
2423 2098 2517 2148 καὶ
2541 2099 2620 2160 είς
2653 2099 2750 2151 ἕνα
2788 2101 3003 2170 Κύριον
3041 2101 3250 2171 Ἰησοῦν
3303 2102 3557 2171 Χριστὸν,
3615 2103 3706 2154 τὸν

2123 2180 2251 2232 Υίδν
2308 2179 2401 2235 τοῦ
2437 2184 2572 2238 Θεοῦ
2619 2188 2711 2240 τὸν
2761 2192 3048 2260 μονογενῆ,
3082 2191 3173 2244 τὸν
3218 2196 3283 2244 ἐκ
3339 2192 3432 2244 τοῦ
3491 2193 3706 2260 Πατρός

2122 2274 2451 2342 γεννηθέντα
2481 2277 2586 2348 πρὸ
2617 2283 2834 2333 πάντων
2865 2281 2974 2334 τῶν
2999 2283 3230 2350 αίώνων,
3258 2283 3374 2351 φῶς
3412 2289 3475 2336 ἐκ
3505 2284 3702 2351 φωτὸς.

2122 2364 2254 2417 Θεὸν
2282 2367 2539 2437 ἀληθινὸν
2599 2371 2664 2424 ἐκ
2697 2372 2834 2424 Θεοῦ
2884 2373 3175 2442 ἀληθινοῦ,
3231 2375 3581 2444 γεννηθέντα,
3642 2378 3703 2426 οὐ

2125 2457 2446 2525 ποιηθέντα,
2485 2464 2768 2534 όμοούσιον
2791 2465 2866 2535 τῷ
2897 2465 3092 2536 Πατρὶ,
3113 2465 3182 2519 δι’
3205 2465 3264 2519 οῦ
3287 2468 3354 2519 τά
3383 2467 3560 2520 πάντα
3590 2468 3712 2533 ἐγέ-

2125 2565 2265 2616 νετο,
2295 2553 2383 2605 τὸν
2409 2555 2476 2607 δι’
2501 2557 2649 2624 ήμᾶς
2673 2558 2801 2620 τοὺς
2835 2550 3159 2627 ἀνθρώπους
3185 2563 3281 2613 καὶ
3327 2559 3413 2611 διὰ
3442 2561 3540 2629 τὴν
3573 2561 3708 2629 ήμε-

2123 2643 2293 2712 τέραν
2327 2648 2602 2716 σωτηρίαν
2661 2650 2994 2704 κατελθόντα
3037 2653 3100 2704 ἐκ
3149 2653 3260 2704 τῶν
3319 2653 3567 2722 οὐρανῶν
3612 2655 3707 2704 καὶ

2127 2735 2482 2804 σαρκωθέντα
2529 2739 2594 2792 ἐκ
2625 2741 2943 2810 Πνεύματος
3005 2744 3163 2809 ἀγίου
3198 2745 3292 2796 καὶ
3339 2744 3559 2812 Μαρίας
3609 2745 3709 2811 τῆς

2129 2826 2417 2895 Παρθένου
2475 2830 2574 2882 καὶ
2628 2832 3158 2903 ἐνανθρωπήσαντα,
3215 2835 3599 2904 σταυρωθέντα
3651 2852 3713 2886 τε

2129 2917 2269 2986 ὑπὲρ
2304 2920 2463 2990 ήμῶν
2496 2923 2589 2976 ἐπὶ
2615 2923 2842 2976 Ποντίου
2898 2925 3159 2990 Πιλάτου,
3211 2927 3308 2980 καὶ
3351 2927 3594 2979 παθόντα
3622 2929 3714 2978 καὶ

2127 3011 2369 3077 ταφέντα
2408 3015 2500 3065 καὶ
2529 3016 2833 3069 ἀναστάντα
2856 3018 2920 3070 ἐκ
2959 3019 3169 3087 νεκρῶν
3218 3021 3283 3088 τῇ
3315 3020 3477 3090 τρίτῃ
3530 3019 3714 3089 ήμέρᾳ

2131 3102 2270 3154 κατά
2295 3103 2392 3164 τὰς
2429 3105 2672 3173 Γραφάς,
2708 3108 2802 3159 καὶ
2844 3106 3140 3159 ἀνελθόντα
3172 3110 3251 3170 είς
3295 3110 3420 3170 τοὺς
3450 3110 3715 3179 οὐρανοὺς

445 3202 539 3256 τοῦ
563 3201 1038 3270 Χριστουπόλεως,
1064 3199 1158 3252 τοῦ
1191 3199 1531 3270 Μιτυλήνης,
1569 3199 1665 3253 τοῦ
1689 3201 2022 3272 Μηθύμνης,
2054 3234 2098 3296 C
2137 3193 2229 3245 καὶ
2253 3195 2615 3266 καθεζόμενον
2649 3201 2712 3251 ὲκ
2755 3199 2945 3263 δεξιῶν
3010 3200 3108 3252 τοῦ
3147 3201 3358 3270 Πατρδς
3400 3203 3493 3254 καὶ
3548 3203 3712 3255 πάλιν

445 3291 540 3347 τοῦ
570 3294 902 3365 Δυρραχίου,
935 3291 1029 3345 τοῦ
1075 3291 1485 3360 Διδυμοτείχου,
1525 3289 1619 3343 τοῦ
1654 3291 1878 3361 Βιζύης,
1925 3291 2026 3344 τοῦ
2062 3287 2098 3296 ”
2135 3287 2427 3375 ἐρχόμενον
2461 3291 2598 3358 μετὰ
2619 3293 2778 3362 δόξης
2834 3295 3014 3360 κρῖναι
3050 3295 3261 3375 ζῶντας
3314 3295 3410 3346 καὶ
3460 3296 3712 3364 νεκροὺς,

447 3386 603 3450 Κίου,
636 3385 731 3439 τοῦ
764 3385 1054 3450 Λοπαδίου,
1077 3383 1170 3439 τοῦ
1195 3383 1484 3452 Νυμφαίου
1516 3383 1610 3435 καὶ
1637 3384 1731 3436 τοῦ
1759 3383 2027 3452 Μηδείας,

443 3476 641 3544 διέγνω
690 3478 784 3530 καὶ
813 3474 1198 3544 κατεπράξατο
1259 3475 1377 3543 μετ’
1438 3474 1640 3536 αὐτῶν,
1677 3475 1822 3527 κατά
1870 3475 2031 3543 λόγον

445 3569 737 3631 ἐπιδόσεως
786 3570 1090 3638 παρασχεῖν
1118 3566 1290 3635 τούτῳ
1331 3567 1396 3636 δὴ
1433 3566 1510 3636 τῷ
1540 3565 1821 3636 ἱερωτάτῳ
1846 3567 2033 3636 ἀρχιε-

448 3661 534 3730 ρεῖ
562 3659 659 3730 τὴν
695 3661 1006 3728 ἀγιωτάτην
1035 3659 1143 3712 τῶν
1191 3659 1635 3727 Λακεδαιμονίων
1664 3660 2026 3727 μητρόπολιν,

444 3752 505 3804 τὸ
537 3751 635 3820 μέν
661 3768 713 3804 τι
743 3750 818 3812 ὡς
875 3749 1262 3821 σχολάζουσαν,
1297 3749 1357 3802 τδ
1387 3749 1443 3801 δέ
1474 3767 1526 3801 τι
1581 3751 1676 3802 καὶ
1703 3750 1765 3802 οὐ
1811 3751 2030 3821 μακρὰν

445 3844 826 3914 ἀφισταμένην
863 3844 964 3913 τῆς
1016 3845 1134 3898 κατ’
1195 3843 1356 3898 αὐτὸν
1414 3842 1676 3912 τοιαύτης
1713 3828 2028 3912 ἁγιωτάτης

459 3937 803 4006 Ἐκκλησίας,
831 3935 898 3988 ἵν’
921 3935 1066 3988 οὕτω
1094 3939 1190 3991 καὶ
1239 3935 1438 4006 ῥᾳδίως
1475 3935 1591 4005 ἔχοι
1623 3936 1715 3989 τὸν
1748 3937 1806 3990 ἐν
1851 3939 2028 4006 ἀμφο-

444 4029 631 4099 τέραις
669 4026 1067 4098 Χριστώνυμον
1101 4025 1197 4079 τοῦ
1226 4027 1437 4096 Κυρίου
1467 4027 1594 4078 λαδν
1633 4027 1896 4080 διιθύνειν
1932 4028 2027 4080 καὶ

444 4125 580 4192 πρὸς
602 4123 701 4191 τήν
737 4120 1014 4190 σωτηρίαν
1057 4121 1443 4189 χειραγωγεῖν.
1503 4118 1740 4183 Καθέξει
1785 4120 1968 4172 τοίνυν
1996 4122 2026 4173 ό

445 4214 628 4285 ῥηθεὶς
681 4213 975 4285 ἱερώτατος
1032 4210 1436 4281 μητροπολίτης
1483 4209 1738 4262 Παλαιῶν
1768 4209 2022 4279 Πατρῶν,

442 4307 744 4376 ὐπέρτιμος
796 4306 891 4358 καὶ
924 4302 1148 4373 ἔξαρχος
1185 4301 1369 4370 πάσης
1425 4301 1671 4369 Ἀχαΐας,
1703 4302 1908 4371 ταύτην
1958 4302 2024 4373 δή

441 4398 538 4464 τήν
583 4396 894 4464 ἀγιωτάτην
935 4392 1266 4462 Ἐκκλησίαν
1298 4391 1494 4444 καὶτὰ
1540 4393 1595 4443 ἐν
1627 4391 1765 4462 αὐτῇ
1815 4392 2018 4458 πάντα,

442 4486 538 4540 καὶ
563 4484 652 4537 ἐπ’
690 4483 875 4544 ἀδείας
918 4481 1032 4545 ἐξει
1067 4481 1372 4550 ίερουργείν
1426 4482 1485 4532 ἐν
1521 4480 1660 4551 αὐτῇ
1716 4482 1814 4543 καὶ
1842 4481 2021 4535 διακό-

420 4583 565 4638 ’νους
590 4570 944 4643 προϐιϐάζειν
973 4570 1066 4624 καὶ
1096 4569 1524 4640 πρεσϐυτέρους,
1559 4571 1714 4625 ἐτιδέ
1742 4573 1836 4624 καὶ
1861 4574 2025 4642 ήγου-
2057 4569 2102 4622 D

447 4666 639 4737 μένους
669 4663 1085 4732 ἐγκαθιστάναι,
1119 4662 1215 4714 καὶ
1257 4661 1447 4722 ἀπλῶς
1476 4661 1585 4714 τῶν
1615 4663 1834 4731 ἐκείνης
1885 4666 2021 4717 πάνο
2056 4675 2068 4683 ·

441 4773 550 4811 των
586 4755 824 4825 μεθέξει,
866 4755 968 4807 ὅσα
1017 4770 1083 4820 γε
1134 4754 1230 4806 καὶ
1279 4754 1505 4822 γνήσιος
1536 4753 1854 4824 ἀρχιερεὺς,
1890 4755 2018 4809 ἀνευ

445 4849 629 4919 μέντοι
682 4848 777 4916 τῆς
839 4845 933 4898 τοῦ
998 4843 1146 4910 ῖεροῦ
1209 4830 1501 4914 συνθρόνου
1560 4845 2015 4915 ἐγκαθιδρύσεως.

442 4941 609 4993 Ὅθεν
648 4939 959 5007 ὀφείλουσιν
991 4937 1048 4989 οἵ
1098 4953 1164 4988 τε
1210 4936 1465 5006 κληρικοὶ
1527 4939 1628 5005 τῆς
1682 4937 2018 5008 δηλωθείσης

441 5033 753 5103 ἁγιωτάτης
785 5031 1114 5100 Ἐκκλησίας
1134 5030 1240 5083 τῶν
1264 5031 1712 5099 Λακεδαιμονίων
1738 5032 1832 5084 καὶ
1848 5033 1898 5084 οί
1917 5033 2020 5085 ὑπὸ

439 5127 537 5196 τήν
565 5125 782 5194 ἐνορίαν
807 5122 1010 5191 ταύτης
1038 5121 1320 5185 τελοῦντες
1356 5125 1451 5176 καὶ
1489 5129 1870 5193 πνευματικήν
1904 5125 2022 5177 ἐπι-

440 5220 700 5290 κράτειαν
729 5218 1041 5287 ίερωμένοι,
1085 5215 1412 5285 μονάζοντες
1446 5216 1543 5268 καὶ
1575 5216 1635 5268 τὸ
1655 5216 1856 5270 ’λοιπὸν
1886 5215 2022 5287 Χρι-

443 5314 725 5382 στώνυμον
751 5310 1028 5379 πλήρωμα
1057 5307 1423 5370 ὐποδέξασθαι
1476 5308 1692 5372 τοῦτον,
1745 5309 1820 5371 ώς
1853 5290 2024 5379 προσ-

441 5407 585 5475 ήκει,
613 5403 708 5457 καὶ
731 5401 821 5455 διά
857 5401 1037 5471 πάσης
1061 5401 1216 5469 ἀγειν
1241 5398 1427 5462 αίδούς
1458 5400 1555 5451 καὶ
1602 5400 1814 5467 τιμῆς,⁸
1840 5403 1934 5454 καί
1957 5419 2020 5470 γε

440 5495 540 5565 τὴν
578 5495 928 5563 καθήκουσαν
971 5492 1257 5560 ὑποταγὴν
1315 5491 1495 5560 τούτῳ
1552 5492 1647 5544 καὶ
1705 5493 2020 5547 εὐπείθειαν

440 5587 737 5655 ἀπονέμειν
765 5626 780 5650 ,
804 5585 880 5648 ώς
911 5586 1159 5655 ἀρχιερεῖ
1192 5583 1376 5638 αὐτῶν
1431 5585 1525 5636 καὶ
1561 5587 1730 5654 πατρὶ
1747 5587 1840 5638 καὶ
1870 5587 2016 5639 διδα-

440 5681 625 5750 σκάλῳ
642 5679 1022 5755 πνευματικῷ,
1057 5678 1143 5748 ἐφ’
1172 5672 1252 5740 οἷς
1276 5677 1342 5730 ἂν
1374 5677 1466 5731 ὑπ’
1493 5678 1659 5731 αὐτοῦ
1685 5681 2020 5735 νονθετοῖντο

440 5777 532 5829 καὶ
557 5773 929 5828 ἐπιτάττοιντο
988 5771 1127 5843 πρὸς
1184 5770 1463 5840 σωτηρίαν
1514 5772 1851 5826 συντείνουσι
1906 5774 2016 5828 τῶν

438 5865 624 5936 ψυχῶν
651 5865 853 5922 αὐτῶν.
890 5865 1018 5919 Ἐπὶ
1048 5863 1225 5934 τούτῳ
1253 5863 1361 5934 γὰρ
1394 5864 1487 5918 καὶ
1518 5865 1550 5932 ἡ
1580 5863 1832 5935 παροῦσα
1861 5883 2018 5922 συνο-

2132 3373 2193 3432 οῦ
2222 3380 2321 3447 τῆς
2350 3380 2625 3448 βασιλείας
2660 3385 2760 3436 οὐκ
2790 3385 2945 3438 ἔσται
2975 3373 3148 3451 τέλος,
3172 3388 3267 3440 καὶ
3299 3386 3377 3448 είς
3411 3387 3471 3437 τὸ
3489 3383 3713 3454 Πνεῦμα

2132 3472 2193 3524 τὸ
2231 3472 2408 3540 ἅγιον,
2434 3475 2496 3528 τὸ
2523 3476 2746 3546 Κύριον,
2800 3479 2861 3530 τὸ
2894 3477 3214 3544 ζωοποιοῦν,
3249 3481 3310 3532 τὸ
3347 3481 3432 3532 ’ἐκ
3477 3478 3572 3531 τοῦ
3603 3481 3715 3530 Πα-

2132 3565 2260 3634 τρδς
2287 3568 2744 3637 ἐκπορευόμενον,
2775 3573 2835 3623 τὸ
2893 3572 2991 3625 σὺν
3048 3573 3221 3643 Πατρλ.
3257 3573 3351 3627 καὶ
3405 3572 3519 3641 Υίῷ
3574 3590 3714 3642 συμο

2135 3657 2616 3728 προσκυνούμενον
2677 3667 2772 3714 καὶ
2821 3664 3296 3732 συνδοξαζόμενον,
3354 3664 3414 3717 τὸ
3471 3664 3710 3733 λαλῆσαν

2131 3750 2344 3804 διάτῶν
2374 3759 2690 3823 προφητῶν·
2753 3758 2832 3819 εἰς
2864 3759 2993 3826 μίαν
3047 3758 3209 3825 ἁγίαν
3260 3759 3556 3829 καθολικὴν
3611 3765 3727 3824 καὶ,

2130 3843 2494 3916 ἀποστολικὴν
2535 3848 2890 3917 Ἐκκλησίαν.
2959 3851 3241 3920 Ὀμολογῶ
3298 3853 3354 3906 ἓν
3420 3853 3707 3923 βάπτισμα

2130 3934 2208 3996 είς
2243 3933 2435 4002 ἄφεσιν
2463 3938 2768 4009 ἀμαρτιῶν,
2820 3943 3104 4011 προσδοκῶ
3156 3946 3454 3999 ἀνάστασιν
3502 3947 3712 4016 νεκρῶν

2130 4029 2222 4080 καὶ
2249 4028 2393 4099 ζωὴν
2422 4030 2515 4082 τοῦ
2552 4031 2838 4098 μέλλοντος
2871 4035 3091 4099 αἰῶνος.
3135 4037 3333 4108 Ἀμή-ν.
3399 4040 3546 4109 Πρὸς
3581 4040 3713 4095 τού-

2129 4135 2240 4182 τοις
2271 4122 2517 4190 ὁμολογῶ
2550 4123 2683 4176 Θεὸν
2712 4126 2804 4176 τὸν
2841 4127 3083 4196 Πατέρα,
3117 4129 3250 4182 Θεὸν
3273 4130 3364 4182 τὸν
3399 4132 3550 4198 Υίὸν,
3576 4134 3714 4188 Θεὸν

2126 4211 2184 4263 τὸ
2219 4212 2442 4283 Πνεῦμα
2469 4213 2529 4265 τὸ
2555 4215 2729 4282 ἅγιον,
2765 4219 2822 4268 ἐν
2874 4222 3023 4287 τρισὶ
3079 4223 3316 4286 τελείαις
3376 4225 3713 4279 ὑποστάσεσι

2127 4304 2223 4356 ἐνα
2254 4305 2388 4358 Θεὸν
2430 4309 2765 4373 παντέλειον,
2788 4311 2846 4362 ἐν
2878 4314 2974 4380 μιᾷ
3007 4313 3165 4384 οὐσία
3197 4317 3293 4367 καὶ
3325 4315 3539 4386 θεῦτητι
3562 4320 3712 4383 τρεῖς

2127 4396 2457 4463 ὑποστάσεις
2487 4402 2805 4470 ὑφεστώσας
2841 4404 2962 4456 καθ’
2981 4407 3203 4469 έαυτάς,
3249 4409 3326 4470 εἰς
3361 4407 3427 4472 ἃς
3478 4413 3570 4461 καὶ
3623 4410 3714 4480 βε-

2127 4492 2430 4561 σάπτισμαι
2454 4497 2550 4547 καὶ
2616 4487 2976 4567 τετελείωμαι
3024 4499 3119 4552 καὶ
3153 4506 3545 4570 πνευματικῶς
3568 4508 3715 4559 ἀνα-

2130 4583 2490 4652 γεγέννημαι,
2561 4587 2652 4638 τὸν
2715 4589 2772 4639 δέ
2844 4590 2975 4643 Υίὸν
3018 4590 3114 4643 τοῦ
3151 4591 3287 4644 Θεοῦ
3319 4594 3409 4646 τὸν
3466 4597 3710 4664 ττροαιώ⁴

2131 4690 2246 4728 νιον
2281 4677 2476 4741 Λόγον,
2518 4678 2608 4728 τὸν
2643 4677 2848 4746 Κύριον
2881 4680 3039 4748 ήμῶν
3093 4681 3301 4749 Ἰησοῦν
3331 4684 3589 4752 Χριστὸν,
3623 4688 3715 4737 τὸν

2128 4767 2219 4818 διά
2236 4767 2518 4836 σπλάγχνα
2554 4770 2857 4838 οἰκτιρμῶν
2889 4771 2982 4822 καὶ
3019 4773 3454 4842 φιλανθρωπίαν·
3473 4777 3715 4848 ἄμετρον

2134 4861 2227 4912 καὶ
2254 4861 2575 4917 ἀνείκαστον
2604 4863 2823 4933 εὐδοκία
2854 4866 3070 4935 Πατρὸς
3097 4868 3267 4922 ἀϊδίου
3304 4873 3400 4924 καὶ
3448 4891 3572 4927 συνε
3586 4877 3716 4947 ργία

2132 4953 2229 5006 τοῦ
2262 4955 2530 5021 παναγίου
2580 4959 2900 5025 Πνεύματος
2952 4961 3045 5012 ἐπὶ
3083 4965 3330 5035 σωτηρίᾳ
3357 4967 3715 5022 ’κατελθόντα

2132 5038 2227 5092 τοῦ
2266 5042 2457 5108 γένους
2490 5043 2646 5124 ήμῶν
2690 5049 2784 5099 καὶ
2814 5049 2994 5117 σάρκα
3025 5050 3258 5106 λαόόντα
3313 5055 3437 5126 δίχα
3469 5058 3712 5128 θελήμα-

2132 5149 2222 5196 τος
2249 5134 2437 5203 ἀνδρὸς
2460 5137 2553 5188 καὶ
2585 5140 2794 5207 σπορᾶς
2824 5142 2886 5193 ἐκ
2916 5141 3024 5194 τῶν
3049 5146 3348 5212 πανάγνων
3396 5151 3491 5202 καὶ
3531 5153 3710 5219 ἀγίων

2135 5226 2386 5294 αἱμάτων
2417 5231 2514 5295 τῆς
2560 5230 2907 5301 παναμώμου
2937 5235 3188 5290 θεοτόκου
3220 5240 3316 5291 καὶ
3345 5242 3710 5313 ἀειπαρθένου

2136 5319 2377 5384 Μαρίας,
2434 5323 2529 5372 καὶ
2578 5322 2802 5375 διπλοῦν
2835 5326 2899 5377 ἐκ
2931 5329 3166 5396 γαστρὸς
3222 5332 3391 5400 αὐτῆς
3461 5337 3712 5407 ὁμολογῶ

2136 5410 2451 5477 προελθεῖν,
2503 5411 2641 5464 Θεὸν
2701 5414 2838 5482 ὁμοῦ
2874 5433 2932 5468 τε
2983 5419 3078 5471 καὶ
3132 5420 3444 5491 ἄνθρωπον,
3505 5428 3715 5482 τέλειον

2133 5499 2254 5594 ὅλον
2314 5501 2554 5572 θεότητι,
2612 5506 2673 5556 οὐ
2727 5507 2833 5577 γὰρ
2875 5509 3089 5581 ἐτράπη
3141 5514 3289 5567 τοῦθ’
3312 5518 3448 5588 ὅπερ
3483 5522 3580 5573 καὶ
3621 5497 3712 5594 ῆν,

2132 5593 2337 5686 τέλειον
2387 5595 2476 5646 τὸν
2529 5597 2692 5650 αὐτον
2739 5600 3159 5673 ἀνθρωπότητι³
3219 5607 3278 5660 οὐ
3339 5610 3448 5681 γὰρ
3496 5614 3710 5686 ἐτράπη

2132 5683 2281 5737 τοῦθ’
2306 5685 2443 5754 ὅπερ
2473 5689 2865 5761 προσείληφεν,
2913 5698 3005 5747 τὸν
3031 5699 3196 5750 αὐτὸν
3234 5700 3350 5753 ἐνα-
3379 5707 3442 5772 ej
3469 5683 3711 5762 ύποστάξ

2134 5791 2216 5826 σει
2275 5776 2332 5827 έν
2395 5776 2488 5829 δύο
2517 5779 2732 5848 φύσεσι,
2818 5787 3225 5858 γνωριζόμενον
3281 5793 3592 5863 ἐνεργείαις
3649 5816 3712 5853 τε

2130 5864 2228 5920 καὶ
2281 5865 2586 5936 θελήσεσνν,
2651 5873 2710 5925 ἐν
2753 5866 2842 5936 αἶς
2901 5874 3094 5947 ἔδρασε
3148 5881 3500 5954 καταλλήὶως
3557 5886 3626 5940 τά
3651 5903 3712 5940 τε
