4444 6452
421 401 558 466 1125

1481 394 1617 454 SYN
1627 391 1893 453 OD'ICA‘}
1913 391 2472 457 CONSTITUTION
2481 396 2592 456 ES.

3497 396 3633 462 1126

420 510 700 580 ἱερωτάτῳ
753 505 1174 578 άρχιεπισκόπῳ
1219 503 1510 571 Νυμφαίου
1543 506 1624 566 είς
1675 503 1976 571 ἀσφάλειαν
2006 508 2050 562 Α
2081 504 2258 571 ἡμῶν,
2294 504 2705 572 ἀσφαλεστέραν
2738 504 2938 556 ὡσανεὶ
2985 511 3482 579 πραγματευομένη
3534 515 3634 581 τὴν

417 588 742 656 musam.

485 692 525 761 ἰ’
554 688 696 758 Εἶχε
723 690 791 743 τό
807 704 822 719 ⁸
855 688 1011 757 Μηνὶ
1050 687 1371 755 ’Δεριλιιίῳ
1393 684 1504 740 ινδ.
1538 684 1627 737 ιδ’.

488 822 656 886 XXX,
685 821 925 894 Synodus
966 820 1168 874 dirimit
1209 820 1466 888 quasdam
1505 813 1905 870 controversias.

490 960 532 1010 Ι.
573 956 611 1027 -ι-
643 954 898 1023 Παρέστη
929 954 996 1022 τῇ
1029 952 1186 1020 ἡμῶν
1231 949 1548 1019 μετριότητι
1583 942 1980 1016 προκαθημένῃ

421 1046 716 1108 συνοδικῶς
752 1046 786 1114 ή
812 1044 922 1096 ἀπὸ
948 1042 1048 1112 τῆς
1073 1040 1506 1107 Δακεδαιμονίας
1537 1036 1744 1106 μοναχῆ
1769 1037 1982 1105 Εὐφρο-

424 1140 558 1206 σύνη
595 1139 628 1207 ἡ
660 1135 926 1205 Μαρινία,
958 1133 1057 1186 καὶ
1105 1131 1390 1201 ἀνέφερεν,
1425 1129 1501 1192 ὡς
1532 1129 1731 1197 ἔχουσα
1786 1125 1979 1187 κοινῶς

431 1229 572 1300 μετὰ
603 1227 699 1278 τοῦ
734 1223 1173 1296 χρηματίσαντος
1205 1221 1506 1273 ἐπισκόπου
1552 1215 1857 1289 Κερνίτζης
1887 1217 1982 1268 τοῦ

428 1317 743 1384 Μαλωταρᾶ
785 1315 994 1368 ἐκείνου
1052 1313 1118 1365 ἐκ
1150 1311 1494 1380 γονικότητος
1547 1307 1752 1376 σεπτῆν
1798 1306 1985 1384 εἰκόνα

423 1411 522 1478 τῆς
557 1377 880 1476 ὑπεράγνου’
893 1377 1180 1473 δεσποίνης
1204 1403 1298 1455 καὶ
1326 1377 1670 1470 Θεομήτορος
1693 1397 1792 1466 τῆς
1829 1377 2000 1465 Ὀδη--

422 1498 674 1569 γητρίας,
709 1495 1074 1563 συμμετεῖχεν
1106 1493 1195 1544 ἐπ’
1222 1492 1343 1558 τσης
1380 1488 1530 1558 αύτῴ
1561 1487 1656 1540 καὶ
1677 1493 1783 1539 τῶν
1817 1493 1984 1552 προσ-

423 1587 556 1639 όδων
584 1583 692 1636 τῶν
733 1585 798 1633 ἐκ
828 1582 1031 1648 ταύτης
1083 1577 1147 1648 δὴ
1175 1579 1273 1646 τῆς
1304 1576 1456 1638 θείας
1499 1575 1706 1636 εἰκόνος
1753 1573 1847 1625 καὶ
1877 1571 1988 1624 τῶν

424 1674 857 1743 άνατεθειμένων
881 1671 1181 1740 κτημάτων
1213 1669 1351 1737 αὐτῇ
1377 1683 1394 1699 ο
1418 1660 1537 1718 εἶτα
1565 1665 1663 1717 τοῦ
1683 1662 1847 1718 αὑτοῦ
1867 1663 1988 1716 Μα-

2078 592 2325 655 ἐξέτασιν
2353 594 2453 660 τῆς
2481 593 2786 655 ὑποθέσεως
2815 592 3022 658 θέσθαι,
3059 596 3201 661 ἐγνω
3223 598 3334 649 δεῖν
3363 601 3635 670 ἀκροάσει.

2079 681 2202 733 σθαι
2237 684 2326 733 καί
2360 683 2523 735 αὑτοῦ
2551 683 2616 752 δὴ
2640 683 2733 736 τοῦ
2764 686 3203 754 χρηματίσαντος
3242 690 3489 760 Κρήτης.
3524 674 3634 743 Καί

2079 787 2143 836 γε
2173 771 2362 823 τούτου
2412 773 2844 842 μετακληθέντος
2878 777 2971 828 καὶ
3016 778 3379 846 ἐρωτηθέντος
3433 782 3638 833 συνοδι-

2081 862 2190 924 κῶς
2225 864 2320 914 καὶ
2366 863 2464 926 τάς
2515 866 2820 934 μαρτυρίας
2851 867 2960 918 τῶν
3008 869 3316 936 εἰρημένων
3366 887 3641 924 πιστωσα-

2086 953 2270 1019 μένου,
2323 953 2643 1021 διέγνωσται
2702 959 2767 1025 τῇ
2821 958 2977 1026 ἡμῶν
3036 960 3355 1027 μετριότητι
3405 963 3643 1025 καὶτοῖς

2084 1043 2213 1110 περὶ
2247 1043 2417 1112 αὐτὴν
2455 1044 2770 1113 ἱερωτάτοις
2800 1048 3136 1116 ἀρχιερεῦσι,
3169 1048 3248 1115 τῷ
3289 1052 3642 1118 Ἡρακλείας,

2081 1133 2156 1201 τῷ
2186 1134 2455 1203 Σάρδεων,
2488 1135 2566 1204 τῷ
2594 1136 2979 1204 Νικομηδείας,
3013 1138 3091 1206 τῷ
3118 1140 3371 1206 Νικαίας,
3399 1142 3474 1209 τῷ
3499 1143 3644 1194 Χαλ-

2085 1222 2330 1290 κηδόνος,
2365 1223 2444 1292 τῷ
2475 1226 2886 1293 Μονεμϐασίας,
2929 1227 3008 1295 τῷ
3043 1231 3538 1296 Ποντοηρακλείας,
3567 1232 3647 1300 τῷ

2086 1313 2373 1382 Προύσης,
2406 1313 2484 1384 τῷ
2537 1317 2851 1384 Περγάμου,
2917 1321 2994 1387 τῷ
3049 1321 3518 1388 Χριστουπόλεως,
3569 1323 3647 1391 τῷ

2087 1403 2414 1471 Δυρραχίου,
2473 1402 2553 1473 τῷ
2593 1405 2814 1471 Βιζύης,
2847 1406 2922 1475 τῷ
2960 1408 3094 1461 Κίου
3149 1411 3242 1461 καὶ
3276 1411 3355 1480 τῷ
3384 1412 3646 1479 Μηδείας,

2089 1489 2408 1542 ἐπανελθεῖν
2439 1491 2537 1560 τὴν
2566 1492 2899 1560 δηλωθείσαν
2927 1498 3326 1564 σεπτῆνείκόνα
3356 1499 3452 1566 τῆς
3477 1501 3615 1567 ὑπερ
3634 1529 3649 1541 ο

2089 1580 2258 1646 άγνου
2311 1582 2607 1651 Δεσποίνης
2643 1586 2736 1636 καὶ
2769 1585 3098 1655 θεομήτορος
3147 1589 3246 1658 τῆς
3287 1591 3649 1661 Ὀδηγητρίας

2086 1668 2164 1736 τῷ
2196 1669 2276 1731 εἰς
2304 1670 2473 1737 ὄνομα
2530 1672 2734 1740 ταύτης
2775 1674 3123 1744 ἀνεγερθέντι
3175 1679 3303 1747 θείῳ
3342 1682 3453 1750 ναῷ
3499 1682 3651 1751 παρά

425 1767 648 1836 λωταρᾶ
683 1765 820 1834 μετὰ
845 1764 1067 1832 χρόνους
1103 1758 1322 1821 ἱκανοὺς
1357 1756 1705 1826 πειραθέντος
1732 1755 1986 1818 ἐπέκεινα
2019 1822 2058 1846 n
2087 1758 2186 1846 τῆς
2223 1759 2522 1831 εἰρημένης
2560 1765 2801 1833 μοναχῆς
2829 1767 3098 1838 συνδρομῇ
3133 1772 3225 1821 καὶ
3258 1774 3647 1846 συγκροτήσει,

426 1861 523 1929 τῆς
555 1857 809 1927 ἡμισείας
859 1853 1077 1923 μερίδος
1126 1850 1426 1919 λαμϐάνειν
1468 1850 1527 1912 ἐξ
1560 1846 1860 1916 ἑκατέρων,
1893 1847 1986 1898 άν-

427 1949 653 2020 τεκρίθη
703 1946 880 2016 τούτῳ
929 1945 1204 2014 διαφόρως
1254 1941 1416 2011 αὕτη.
1450 1940 1558 1993 Καὶ
1605 1939 1762 2002 ἔταξε
1813 1939 1909 2006 μὲν

429 2042 608 2112 κρίσις
631 2040 730 2110 τὴν
753 2038 940 2107 αὐτὴν,
963 2038 1136 2120 ἤνπερ
1158 2035 1251 2087 καὶ
1272 2033 1559 2103 πρότερον,
1579 2032 1724 2100 ἔχειν
1746 2029 1982 2100 ἀμφοτέ-

434 2151 560 2203 ρους
609 2132 701 2184 ἐπὶ
732 2130 941 2192 τούτοις
985 2129 1269 2180 κοινωνίαν
1316 2143 1376 2178 τε
1426 2125 1520 2178 καὶ
1561 2123 1804 2192 ἰσότητα,
1849 2125 1990 2176 ἐκεῖ·

431 2213 518 2288 νος
595 2263 610 2278 .
689 2263 703 2277 .
784 2260 798 2275 .
876 2261 891 2276 .
973 2260 989 2275 .
1066 2259 1082 2274 .
1156 2219 1224 2271 τά
1265 2221 1518 2286 κτήματα

431 2316 684 2383 κατεῖχεν
747 2311 896 2374 ἰδίως
940 2309 1079 2362 αὐτὰ
1129 2309 1222 2361 καὶ
1277 2309 1520 2376 ἐνέμετο,
1571 2306 1991 2377 προεδρεύοντος

430 2404 741 2475 τηνικαῦτά
757 2401 852 2456 τοῦ
888 2400 1328 2472 χρηματίσαντος
1363 2399 1591 2470 Κρήτης
1622 2400 1680 2450 ἐν
1725 2400 1788 2466 τῇ
1819 2399 1992 2448 ἐκεῖσε

436 2498 717 2567 ἁγιωτάτῃ
778 2479 1149 2564 μητροπόλει,
1203 2491 1298 2545 καὶ
1351 2490 1675 2560 στέρξαντος
1725 2489 1840 2557 άμα
1899 2487 1994 2540 καί

433 2588 600 2643 αὑτοῦ
675 2627 690 2642 .
771 2624 787 2641 .
866 2621 882 2639 .
957 2623 973 2639 .
1051 2622 1065 2638 .
1141 2582 1430 2651 γράμματι
1506 2619 1523 2637 .
1601 2620 1614 2634 .
1690 2579 1854 2632 αὑτοῦ
1898 2579 1999 2648 ἐμο.

435 2678 750 2750 φανισθέντι
809 2676 961 2748 παρὰ
997 2675 1094 2746 τῆς
1135 2673 1402 2744 μοναχῆς,
1449 2673 1507 2736 ὃς
1539 2671 1605 2740 δὴ
1658 2672 1794 2740 μετά
1823 2670 1997 2722 ταῦτα

439 2777 535 2828 ὑπ.
615 2812 631 2827 .
707 2809 722 2824 .
802 2808 817 2824 .
896 2807 912 2824 .
989 2808 1004 2824 .
1082 2805 1098 2820 .
1180 2804 1197 2821 .
1276 2805 1291 2820 .
1371 2801 1389 2819 .
1459 2765 1558 2831 τῆς
1604 2763 1775 2832 αὐτῆς
1803 2763 1999 2832 ἐκκλη-

443 2866 586 2928 σίας,
610 2862 862 2931 άφείλετο
889 2861 952 2912 ἐκ
980 2859 1078 2927 τῆς
1109 2854 1350 2928 μοναχῆς
1384 2854 1586 2922 ταύτης
1614 2853 1999 2925 τὴνποιαύτην

443 2955 648 3022 σεπτὴν
680 2951 889 3013 εἰκόνα,
932 2948 1027 3001 καὶ
1059 2946 1179 3016 μετ’
1215 2945 1397 3013 ὀλίγον
1438 2944 1606 2997 ἐλθὼν
1644 2945 1725 3004 εἰς
1763 2942 2002 3011 μετάμε-

437 3047 530 3101 λον
580 3040 948 3112 ἀντέστρεψεν
996 3039 1214 3109 ἐκείνην
1253 3035 1416 3090 πάλιν
1463 3033 1622 3102 αὐτῇ.
1674 3033 1872 3086 Μέντοι
1907 3031 2001 3083 καὶ

2086 1845 2172 1908 ὼς
2213 1851 2446 1917 εἴρηται,
2501 1851 2595 1905 τοῦ
2644 1855 2809 1906 αὑτοῦ
2859 1858 3227 1926 περιποθήτου
3281 1859 3505 1928 ἀνεψιοῦ
3542 1845 3648 1912 τοῦ

2091 1940 2383 2008 κρατίστου
2423 1944 2518 1996 καὶ
2555 1946 2711 2013 ἁγίου
2744 1965 2848 2016 μου
2896 1951 3318 2022 αὐτοκράτορος,
3354 1955 3446 2005 καὶ
3473 1953 3547 2015 ὠς
3591 1953 3654 2005 τὸ

2091 2033 2385 2103 πρότερον·
2430 2073 2445 2088 .
2523 2075 2539 2090 .
2619 2074 2635 2090 .
2714 2078 2728 2092 .
2812 2079 2827 2091 .
2901 2044 2956 2108 ἐξ
3005 2046 3262 2113 ἡμισείας
3314 2046 3421 2097 τῶν
3452 2047 3648 2111 προσό-

2089 2124 2195 2176 δων
2222 2129 2313 2176 καὶ
2349 2127 2458 2179 τῶν
2505 2131 2798 2198 κτημάτων
2837 2134 3008 2200 αὐτῆς
3039 2136 3106 2187 τά
3154 2137 3290 2206 μέρη
3341 2137 3648 2206 ἀμφότερα,

2091 2217 2151 2266 τό
2189 2233 2246 2268 τε
2280 2217 2378 2286 τῆς
2419 2221 2718 2289 εἰρημένης
2752 2224 2990 2293 μοναχῆς
3037 2227 3308 2294 Μαρινίας
3341 2230 3431 2279 καὶ
3467 2228 3525 2279 τὸ
3557 2228 3650 2280 τοῦ

2092 2307 2430 2379 Μαλωταρᾶ,
2472 2313 2566 2364 καὶ
2621 2315 2893 2383 μηδεμίαν
2940 2318 3037 2368 ἐπὶ
3081 2320 3146 2387 τῇ
3194 2323 3395 2389 κατοχῇ
3449 2321 3655 2373 τούτων

2094 2397 2371 2467 εὑρίσκειν
2408 2401 2632 2471 ὄχλησιν
2665 2406 2812 2477 παρά
2841 2406 2937 2460 τοῦ
2971 2410 3113 2463 κατὰ
3142 2412 3230 2463 τὸν
3257 2415 3420 2464 τόπον
3467 2415 3656 2481 ἀρχιε-

2100 2487 2239 2556 ρέως
2273 2488 2306 2558 ἢ
2341 2491 2468 2560 παρ’
2505 2493 2692 2562 ἐτέρου
2718 2498 2880 2562 τινδς,
2913 2499 3035 2550 ὅθεν
3077 2502 3104 2551 6
3138 2502 3428 2569 ἰερὼτατος
3457 2521 3659 2572 μητρο-

2097 2579 2325 2650 πολίτης
2383 2583 2635 2638 Παλαιῶν
2676 2587 2907 2658 Πατρῶν
2950 2592 3043 2642 καὶ
3080 2591 3399 2661 ὑπέρτιμος,
3446 2595 3659 2662 ὀφειλο-

2102 2671 2302 2746 μένως.
2331 2673 2470 2740 έχων
2521 2678 2768 2748 στέργειν
2798 2681 2864 2732 τά
2904 2682 3080 2744 καλῶς
3116 2685 3246 2753 ἡμῖν
3273 2685 3530 2738 δοκοῦντα
3565 2691 3660 2741 καὶ

2098 2764 2164 2831 τῇ
2200 2765 2421 2834 συνόδῳ,
2456 2767 2726 2821 άνασώσει
2779 2770 2877 2840 τὴν
2910 2773 3096 2827 εἰκόνα
3128 2775 3331 2843 ταύτην
3382 2779 3514 2844 πρὸς
3566 2780 3661 2830 τὸν

2101 2855 2389 2924 εἰρημένον
2439 2859 2581 2910 θεῖον
2627 2860 2771 2925 ναὸν,
2821 2864 2915 2915 καί
2959 2865 3057 2915 ούκ
3106 2867 3198 2917 ἐπὶ
3239 2869 3398 2920 πλέον
3442 2870 3661 2933 καθέξει

2100 2946 2305 3016 ταύτην
2333 2948 2462 3016 παρ’
2495 2951 2697 3019 ἐαυτῷ,
2716 2955 2782 3022 τῇ
2815 2956 3086 3026 ἐμφανείᾳ
3115 2959 3212 3028 τῆς
3241 2961 3517 3028 παρούσης
3542 2980 3667 3014 συν-

2103 3039 2290 3106 οδικῆς
2353 3041 2695 3107 διαγνώσεως
2742 3046 2838 3114 τῆς
2905 3049 3063 3117 ήμῶν
3116 3053 3490 3122 μετριότητος,
3545 3056 3667 3124 ἥτις

445 3133 817 3201 ἐπιλαϐομένη
852 3133 887 3200 ἡ
918 3127 1145 3198 τοιαύτη
1199 3124 1407 3196 μοναχῆ
1446 3124 1542 3191 τῆς
1583 3123 1755 3191 αὐτῆς
1793 3121 2001 3182 εἰκόνος
2030 3155 2072 3211 c
2107 3130 2408 3184 ἐπιδέδοται
2458 3135 2525 3202 τῇ
2571 3134 2922 3205 διαληφθείσῃ
2958 3145 3163 3209 μοναχῇ
3188 3121 3432 3214 Μαρινία
3459 3145 3537 3206 εἰς
3568 3121 3670 3213 τὴν

445 3231 739 3298 ἀνήγειρεν
761 3226 845 3278 ἐπ’
875 3221 1098 3290 όνόματι
1121 3218 1326 3287 ταύτης
1355 3217 1498 3269 θεῖον
1526 3214 1676 3279 ναὸν,
1706 3214 1766 3266 οὑ
1798 3214 2001 3282 μικράν
2107 3225 2240 3292 περὶ¹
2269 3223 2462 3277 τούτου
2490 3226 2811 3292 ἀσφάλειαν.

447 3319 680 3390 σπουδὴν
726 3316 821 3368 καὶ
855 3316 1013 3383 χεῖρα
1063 3310 1204 3380 πρὸς
1231 3299 1400 3361 ’τοῦτο
1456 3303 1873 3374 συμϐαλομένου
1908 3304 2002 3356 καὶ

441 3412 537 3466 τοῦ
575 3407 944 3480 περιποθήτου
999 3400 1223 3471 ἀνεψιοῦ
1254 3400 1347 3452 τοῦ
1382 3399 1677 3468 κρατίστου
1727 3396 1818 3449 καὶ
1848 3397 2004 3461 άγίου

447 3520 552 3574 μου
602 3497 1027 3571 αὐτοκράτορος,
1068 3492 1176 3562 κῦρ
1231 3489 1572 3558 ’Δνδρονίκου
1635 3487 2003 3552 Παλαιολόγου

442 3593 536 3647 τοῦ
577 3590 802 3660 Ἀσάνη,
844 3588 924 3649 εἰς
967 3584 1207 3653 κεφαλὴν
1241 3584 1300 3634 ἐν
1334 3583 1401 3650 τῇ
1448 3577 1844 3649 Πελοποννήσῳ
1872 3593 2007 3643 τυγ-

444 3687 722 3759 χάνοντος,
748 3681 843 3735 καὶ
873 3679 1093 3748 κατεῖχε
1130 3674 1343 3739 τοῦτον,
1380 3671 1711 3742 μισθουμένη
1765 3669 2009 3738 πρεσϐυ-

443 3780 638 3849 τέρους
675 3776 772 3828 καὶ
816 3770 1141 3826 ἀποδιδοῦσα
1169 3767 1237 3822 δι’
1265 3767 1490 3818 ἐκείνων
1515 3765 1614 3834 τὴν
1648 3761 2008 3832 ὀφειλομένην

447 3867 731 3941 ἰερατικῆν
760 3863 1066 3934 ὑπηρεσίαν
1104 3860 1272 3929 αὐτῷ.
1312 3857 1543 3927 Ἀρτίως
1573 3857 1630 3910 δι
1675 3858 1704 3909 6
1737 3857 1814 3918 εἰς
1847 3857 2012 3925 πρόε-

443 3966 571 4033 δρον
589 3963 683 4031 τῆς
715 3957 1012 4028 εἰρημένης
1033 3951 1332 4021 ἐκκλησίας
1361 3949 1750 4020 εὑρισκόμενος
1787 3946 2013 4017 ἱερώτα-

448 4073 536 4118 τος
569 4049 972 4125 μητροπολίτης
1009 4044 1259 4098 Παλαιῶν
1300 4041 1550 4112 Πατρῶν,
1584 4041 1884 4109 ὑπέρτιμος
1918 4040 2013 4091 καί

449 4149 679 4217 ιξαρχος
740 4143 917 4210 πάσης
963 4137 1210 4207 ’Λχαίας,
1275 4133 1558 4202 ἀγαπητὸς
1603 4135 1744 4185 κατά
1807 4132 2011 4198 Κύριον

449 4239 675 4306 ἀδελφὸς
709 4234 804 4287 καὶ
855 4227 1267 4296 συλλειτουργδς
1305 4228 1404 4295 τῆς
1445 4224 1604 4294 ἡμῶν
1633 4223 2008 4292 μετριότητος⁹

449 4332 508 4397 ἐξ
549 4327 822 4395 ὑποϐολῆς
873 4323 969 4377 καὶ
1001 4313 1156 4382 οὗτος
1189 4318 1299 4373 τῶν
1343 4317 1522 4370 αὐτῶν
1571 4314 1848 4384 κληρικῶν
1880 4317 2014 4381 άφε.

449 4421 674 4488 λὸμενος
704 4416 802 4485 τὴν
850 4413 1038 4466 εἰκόνα
1082 4408 1240 4478 τήνδε
1279 4407 1368 4460 διὰ
1395 4406 1457 4458 τὸ
1484 4405 1690 4474 φθάσαι
1728 4420 2015 4495 ’κατασχε-

381 4551 392 4567 η
451 4514 611 4580 θῆναι
633 4509 860 4572 ταύτην,
891 4505 965 4569 ὡς
995 4503 1234 4572 εἴρηται,
1263 4500 1412 4569 παρά
1447 4497 1543 4550 τοῦ
1573 4497 2012 4566 χρηματίσαντος

451 4608 702 4676 Κρήτης,
749 4603 828 4664 εἰς
879 4596 1143 4668 πρόεδρον
1176 4591 1568 4663 εὑρισκομένου
1611 4589 1713 4657 τῆς
1758 4587 2016 4657 τοιαύτης

453 4697 761 4766 ἁγιωτάτης
822 4687 1210 4762 μητροπόλεως
1267 4682 1726 4751 Λακεδαιμονίας,
1791 4679 2016 4748 κατέχει

453 4791 584 4861 παρ’
638 4784 838 4855 ἐαυτῷ.
882 4781 1054 4848 ἰ’πέρ
1105 4773 1175 4849 ἧς
1219 4776 1314 4829 καὶ
1363 4774 1559 4843 ἐδεήθη
1588 4774 1688 4842 τῆς
1719 4772 1875 4841 ἡμῶν
1917 4788 2016 4841 με-

452 4885 732 4955 τριότητος
765 4880 798 4946 η
851 4872 1077 4944 μοναχὴ,
1114 4869 1463 4939 ἐμφανίσασα
1519 4870 1613 4920 καὶ
1663 4865 1725 4917 τδ
1777 4862 2020 4917 δικαιοῦν

457 4978 627 5045 αὐτὴν
656 4972 894 5043 γράμμα
925 4967 1026 5038 τῆς
1073 4965 1328 5033 κρίσεως,
1367 4959 1783 5031 προϐαλλομένη
1837 4975 1896 5009 τε
1925 4959 2021 5009 καὶ

460 5072 747 5140 μάρτυρας
798 5065 1014 5122 ἰκανοὺς
1050 5061 1112 5110 ἐκ
1155 5056 1265 5109 τῶν
1296 5056 1501 5115 ἐκεῖσε,
1531 5051 1622 5104 τόν
1667 5067 1726 5125 τε
1759 5049 2021 5102 σεϐαστόν

457 5162 563 5229 κῦρ
595 5155 854 5222 Μαιιουῆλ
883 5153 972 5206 τὸν
996 5149 1351 5218 Στεφανίτην,
1375 5146 1466 5198 τὸν
1499 5143 1759 5197 σεϐαστὸν
1789 5143 1882 5196 τὸν
1912 5142 2025 5194 Κα-

457 5250 696 5318 λοδίκην,
729 5245 822 5298 τδν
870 5241 1132 5297 σεϐαστόν
1163 5237 1268 5308 κῦρ
1310 5236 1584 5303 Θεόδωρον
1613 5235 1705 5286 τὸν
1739 5234 2021 5298 Δακασᾶν,

457 5342 732 5409 Θεόδωρον
760 5337 850 5390 τὸν
880 5332 1266 5404 Μαυρόπαπαν
1298 5332 1393 5382 καὶ
1417 5326 1693 5404 Θεόδωρον
1732 5324 1822 5378 τὸν
1854 5325 2024 5391 Σγου-

462 5434 762 5504 ρομάλλην,
803 5429 895 5482 καὶ
916 5423 1373 5479 διεϐεϐαιώσαντο
1420 5418 1520 5490 μὲν
1551 5411 1721 5477 οὗτοι,
1752 5415 2026 5484 μετακλη-

461 5528 649 5587 θέντες
677 5522 813 5592 πρὸς
843 5521 941 5590 τὴν
966 5517 1202 5579 σύνοδον,
1234 5515 1316 5568 ὃτι
1344 5512 1408 5584 δὴ
1432 5509 1711 5581 γονικόθεν
1738 5508 2028 5577 περιῆλθεν

460 5619 498 5689 ἧ
528 5634 589 5671 τε
621 5615 784 5670 εἰκὼν
814 5615 911 5666 καὶ
938 5613 1007 5667 τά
1051 5610 1307 5681 κτήματα
1336 5609 1402 5676 τῇ
1427 5605 1649 5675 τοιαύτῃ
1694 5604 1899 5673 μοναχῇ
1933 5602 2027 5653 καί

455 5731 540 5786 τῳ
569 5712 790 5784 ῥηθέντι
834 5706 1171 5777 Μαλωταρᾷ,
1205 5705 1299 5757 καί
1333 5703 1366 5772 ἡ
1412 5698 1670 5771 πρόσοδος
1698 5697 2027 5767 ἀμφοτέρων

465 5805 524 5871 ἐξ
573 5806 690 5857 [σου
741 5799 949 5863 τούτοις
1012 5794 1431 5878 συνεμερίζετο..
1466 5791 1675 5863 Πλὴνή
1737 5790 2028 5860 μετριότης

2042 4469 2092 4528 D

2174 3315 2214 3385 1-
2243 3316 2382 3385 Εῐχε
2410 3319 2480 3369 τό
2502 3336 2515 3349 ·
2549 3321 2703 3384 Μηνί
2749 3320 3069 3389 Ἀπριλλίῳ
3112 3326 3222 3378 ἰνδ.
3260 3328 3350 3381 ιδ’.

2179 3491 2245 3544 ll.
2282 3491 2321 3561 *ἰ-
2353 3491 2601 3560 [ἰαρέστη
2631 3495 2695 3562 τῇ
2724 3494 2878 3562 ήμῶν
2911 3499 3233 3568 μετριότητι
3275 3505 3672 3581 προκαθημένῃ

2110 3583 2402 3643 συνοδικῶς
2445 3587 2471 3635 6
2513 3585 2606 3636 τοῦ
2634 3586 2878 3638 Φαλάτον
2914 3589 3022 3651 υίὸς
3059 3592 3330 3662 Γεώργιος
3362 3601 3388 3648 6
3423 3599 3675 3654 Παπαδό-

2111 3673 2325 3737 πουλος,
2357 3676 2452 3726 κα)⁵
2496 3677 2782 3745 ἀνέφερεν,
2835 3679 2909 3740 ὼς
2947 3683 2974 3733 6
3006 3684 3356 3755 Διοσιερηνὸς
3399 3690 3676 3760 Γεὼργιος

2111 3765 2433 3829 συνέζευξεν
2487 3766 2566 3829 εἰς
2596 3771 2832 3834 γυναῖκα
2875 3771 2976 3840 τὴν
3035 3774 3174 3828 ἰδίαν
3208 3776 3484 3851 θυγατέρα
3535 3788 3676 3837 κατὰ

2112 3856 2310 3924 νόμους
2340 3857 2506 3927 αὐτῷ,
2559 3859 2654 3911 καὶ
2687 3860 2990 3930 πράγματα
3044 3866 3394 3937 συνεφώνησε
3451 3877 3679 3943 προικὸς

2112 3948 2290 4017 χάριν,
2327 3947 2424 4000 ὅσα
2472 3948 2608 4014 δῆτα
2657 3953 2751 4004 καὶ
2789 3956 3194 4024 κατεγράψατο,
3228 3962 3321 4013 καὶ
3367 3965 3672 4031 ἀναγκαζό-

2117 4057 2275 4108 μενος
2308 4041 2401 4093 ὑπ’
2434 4042 2597 4094 αὑτοῦ
2622 4042 2807 4096 δοῦναι
2855 4047 2987 4115 πρὸς
3017 4049 3176 4103 αὐτὸν
3221 4055 3318 4121 τὴν
3350 4063 3552 4126 προῖκα
3586 4063 3681 4114 καί

2119 4131 2194 4199 μὴ
2244 4131 2384 4200 ἔχων
2420 4133 2786 4203 ἀπεπέμψατο
2836 4139 3024 4193 τοῦτον
3077 4143 3174 4211 τῆς
3223 4147 3479 4217 τοιαύτης
3510 4153 3678 4204 αὐτοῦ

2117 4221 2408 4292 θυγατρὸς,
2455 4226 2546 4277 καὶ
2591 4227 2831 4294 ἠγάγετο
2883 4231 3131 4302 γαμϐρὸν
3162 4235 3350 4305 ἕτερον
3380 4241 3467 4292 ἐπ’
3519 4243 3678 4312 αὐτῇ,

2117 4314 2467 4382 αἰχμαλώτου
2501 4318 2652 4388 παρὰ
2673 4323 2785 4389 τοῖς
2819 4321 3033 4393 ἐχθροῖς
3053 4325 3242 4378 τούτου
3267 4330 3681 4400 εὑρισκομένου.

2117 4405 2315 4473 Παρὼν
2344 4406 2401 4458 δὲ
2452 4408 2529 4476 τῷ
2558 4409 2894 4482 δικαστηρίῳ
2943 4416 3037 4467 καὶ
3066 4419 3091 4467 ὁ
3121 4418 3283 4479 αὐτὸς
3335 4425 3682 4492 Διοσιῑρηνὸς

2118 4497 2211 4548 καὶ
2245 4499 2596 4568 ἀκροώμενος
2643 4502 2749 4553 τῶν
2799 4505 3108 4574 εἰρημένων
3156 4509 3465 4578 διετείνετο,
3519 4517 3593 4580 ὡς
3623 4521 3686 4570 οὐ

2117 4589 2185 4641 δι’
2215 4590 2421 4642 ἔνδειαν
2448 4591 2550 4660 τῆς
2582 4595 2828 4661 προικὸς,
2853 4596 2988 4650 ἀλλὰ
3027 4598 3114 4653 διὰ
3135 4601 3195 4652 τὸ
3224 4605 3565 4674 ἐκτραπῆναι
3596 4611 3688 4660 τὸν

2118 4682 2360 4735 τοιοῦτον
2415 4683 2847 4767 Παπαδόπουλον
2895 4691 2972 4751 εἰς
3013 4693 3296 4761 μοχθηρὰν
3332 4698 3559 4767 γνώμην
3595 4704 3689 4754 ἐπὶ

2119 4771 2397 4839 τοσοῦτον,
2427 4773 2502 4836 ὡς
2533 4762 2938 4845 καταλ”είψαντα
2964 4779 3060 4849 την
3095 4786 3328 4848 γυναῖκα
3346 4762 3460 4839 ἐπὶ*
3478 4762 3689 4855 χρόνοις

2125 4864 2328 4926 ἰκανοίς
2357 4865 2735 4920 άσωτεύεσθαι
2772 4870 2866 4921 καὶ
2894 4869 3095 4933 τόπους
3128 4874 3194 4925 ἐκ
3228 4873 3408 4927 τόπων
3439 4879 3691 4946 ἀμείϐειν

2123 4957 2216 5007 καὶ
2245 4955 2418 5026 κλοπῇ
2452 4956 2724 5028 διαφόρως
2755 4961 2958 5013 ἁλῶναι
2992 4965 3053 5015 ού
3085 4965 3245 5032 μόνον
3287 4967 3461 5021 ἄλλων
3509 4986 3691 5038 πραγ-

2127 5049 2333 5117 μάτων,
2378 5049 2515 5101 άλλὰ
2549 5053 2641 5102 καί
2689 5051 2852 5121 ιερῶν
2902 5058 2996 5107 καὶ
3061 5058 3495 5127 ἀνατεθειμένων
3550 5062 3692 5129 Θ;ῷ,

2125 5139 2423 5195 κάντεῦθεν
2471 5142 2860 5212 κατειρχθῆναι
2898 5149 2990 5197 καὶ
3039 5147 3280 5210 ἁλλοίαις
3317 5151 3695 5219 ὑποϐληθῆναι

2128 5233 2408 5285 κακώσεσι
2443 5238 2533 5285 καὶ
2560 5235 2889 5304 ἀδιόρθωτον
2922 5240 3130 5304 μεῖναι,
3161 5241 3252 5292 καὶ
3282 5242 3568 5304 ἀποδείξας
3601 5246 3696 5296 καὶ

2130 5317 2490 5394 παραστήσας
2537 5325 2708 5387 οὓτως
2742 5327 2932 5397 ἔχοντα
2982 5331 3009 5382 6
3045 5331 3207 5394 αὐτὸς
3255 5334 3700 5403 Διοσιερηνὺς,τὰ

2130 5415 2249 5467 κατ’
2284 5414 2451 5469 αὑτοῦ
2508 5417 2778 5486 εἰρημένα
2835 5421 2916 5483 είς
2948 5421 3233 5488 ἀλήθειαν,
3271 5423 3348 5486 ὡς
3399 5427 3495 5476 καί⁸
3536 5426 3701 5479 αὑτὸν

2133 5508 2206 5574 μὴ
2241 5505 2540 5574 δυνηθῆναι
2592 5507 2814 5577 ἔξαρνον
2868 5512 3152 5575 παντελῶς
3201 5516 3452 5582 γενέσθαι
3498 5517 3591 5569 τοξι
3624 5519 3700 5586 μή

2130 5599 2392 5662 τοιούτοις
2427 5600 2633 5652 ἁλῶναι
2659 5603 3029 5672 ἀτοπήμασιν,
3059 5607 3300 5676 ᾐτήσατό
3325 5624 3386 5676 γε
3421 5611 3518 5660 καὶ
3543 5609 3704 5662 ἔλαϐε

2129 5689 2408 5758 διαζύγιον
2441 5692 2591 5762 παρὰ
2624 5693 2726 5762 τῆς
2759 5695 3070 5766 ἁγιωτάτης
3112 5699 3408 5768 ἐκκλησίας
3441 5702 3705 5767 Κυζίκου,

2135 5788 2418 5858 προτροπῇ
2465 5787 2558 5842 τοῦ
2612 5791 3152 5862 πατριάρχεύσαντος
3209 5796 3314 5866 πρὸ
3363 5796 3543 5866 ἡμῶν,
3591 5798 3711 5850 ἐπι-
