4444 6452
769 410 904 480 1127

1716 412 2043 475 JOANNIS
2095 410 2372 471 GLYCIS
2416 409 2525 468 (ΣΡ.
2569 402 3089 465 PATRIARCIL‘E

3883 394 4023 461 1128

765 534 993 594 στάντος
1021 527 1099 599 τῷ
1122 527 1270 597 τόπῳ
1301 527 1391 580 διά
1442 542 1566 580 τινα
1596 526 1790 596 χρείαν
1842 527 1939 578 καὶ
1977 525 2337 588 ἐξετάσαντας
2372 531 2412 579 Α
2439 519 2732 587 ταζόμενοι
2763 518 2861 570 καὶ
2891 512 3421 584 ἀκριῦολογούμενοι
3458 512 3589 581 περὶ
3626 510 3736 565 τῶν
3764 509 4024 565 τοιούτοιν

762 625 834 677 τὰ.
861 622 1086 676 τοιαῦτα
1133 619 1458 688 ἐγκλήματα
1498 618 1606 686 πρὸ
1635 621 1844 686 χρόνων
1886 616 1988 684 ἤδη
2031 616 2192 666 πέντε
2244 615 2337 666 καὶ

764 717 938 785 ἀληθῆ
992 715 1241 781 εὑρόντος
1295 716 1390 765 καὶ
1418 714 1519 779 τὴν
1568 711 1845 775 διάζευξιν
1885 707 2337 778 ἀποφηναμένου,

765 809 824 871 ἐξ
857 801 917 860 οὗ
949 806 1014 874 δὴ
1068 806 1164 858 καὶ
1196 805 1368 875 ἑτέρῳ
1397 806 1549 873 ἀνδρὶ
1580 804 1677 872 τὴν
1723 802 2001 870 θυγατέρα
2030 817 2125 852 συν
2155 795 2339 866 [ἧψεν]

763 899 952 964 αὑτοῦ,
984 899 1385 964 διατεινάμενος
1415 896 1644 950 ἐνώπιον
1665 896 1764 962 τῆς
1787 894 1945 963 ἡμῶν
1978 891 2340 962 μετριότητος

765 993 860 1041 καὶ
891 990 989 1058 τῆς
1025 989 1153 1057 περὶ
1186 987 1356 1054 αὐτὴν
1387 987 1537 1055 ἰερᾱς
1595 988 1689 1038 καὶ
1725 986 1874 1046 θείας
1927 981 2150 1033 συνόδου
2184 981 2210 1030 6
2260 979 2341 1029 εἰ·

769 1083 1005 1150 ρημένος
1040 1078 1388 1146 Διοσιερηνὸς
1420 1077 1517 1129 καί⁹
1551 1076 1907 1144 παραστήσας
1948 1071 2120 1134 οὕτως
2148 1071 2339 1139 ἔχοντα

766 1175 846 1234 είς
899 1172 1180 1240 ἀλήθειαν,
1216 1153 1536 1236 ἐνεφάνισεν
1570 1170 1649 1230 είς
1703 1162 2100 1240 παράῐστασιν]
2124 1164 2206 1218 ,τὸ
2244 1161 2338 1214 τοῦ

764 1239 1045 1329 διαζυγίου
1080 1264 1340 1330 γράμμα.
1376 1261 1486 1313 Καὶ
1518 1239 1876 1326 ἀναμαθοῦσα
1910 1257 2004 1309 καὶ
2043 1258 2106 1307 ἐκ
2145 1255 2337 1308 τούτου

763 1356 795 1422 ὴ
835 1353 1124 1420 μετριότης
1171 1350 1352 1420 ἡμῶν,
1388 1351 1469 1401 ὅτι
1499 1349 1562 1417 δὴ
1592 1349 1684 1399 ἐπὶ
1731 1348 1844 1408 τοῖς
1878 1345 2192 1415 εἰρημένοις
2246 1344 2337 1408 ἐγ-

762 1443 1006 1509 κλήμασι
1044 1441 1359 1510 προέϐησαν
1392 1439 1459 1492 τὰ
1488 1439 1587 1503 τῆς
1622 1425 1970 1503 διαζεύξέως,
2022 1435 2218 1502 διέγνω
2244 1433 2338 1487 καὶ

761 1534 1083 1602 ἀπεφήνατο
1121 1533 1260 1599 μετά
1284 1533 1395 1583 τῶν
1422 1533 1549 1605 περί
1593 1532 1766 1595 αὐτὴν
1803 1527 2115 1597 ίερωτάτων
2145 1529 2338 1594 ἀρχιε-

767 1626 926 1693 ρέων,
980 1625 1073 1675 τοῦ
1113 1623 1464 1692 Ἰἰράκ’>.είας,
1512 1625 1608 1690 106
1644 1622 1913 1691 Σάρδεων,
1952 1618 2043 1670 τοῦ
2094 1616 2339 1686 Νικομη-

760 1713 930 1774 δείας,
964 1712 1058 1764 τοῦ
1095 1712 1351 1774 Νικαίας,
1388 1712 1482 1770 106
1527 1712 1894 1778 Χαλκηδόνος,
1932 1709 2024 1761 106
2057 1709 2334 1778 Προύσης,

762 1804 858 1856 τοῦ
894 1806 1215 1874 Περγάμου,
1248 1805 1339 1857 106
1372 1803 1848 1872 Χριστουπόλεως,
1875 1801 1969 1854 106
2005 1801 2333 1870 Δυρραχίου,

761 1896 856 1948 τοῦ
893 1895 1111 1965 Βιζύης,
1142 1895 1233 1948 106
1264 1896 1396 1947 Κίου
1430 1896 1524 1946 καὶ⁵
1555 1894 1652 1947 106
1696 1894 1960 1968 Μηδείας,
1991 1893 2054 1945 16
2085 1893 2335 1960 στέργειν

761 1988 909 2056 ἔχειν
940 1989 1082 2041 κατά
1123 1989 1322 2056 νόμους
1354 1986 1524 2065 αὐτὴν
1661 1986 1758 2052 τὴν
1799 1985 2072 2060 διάζευξιν
2120 1985 2214 2037 καὶ
2244 1985 2336 2040 τὸν

761 2078 1004 2130 τοιοῦτον
1037 2077 1461 2130 Παπαδόπουλον
1511 2073 1635 2127 κάθ*
1663 2075 1858 2127 ἑαυτὸν
1912 2074 2093 2143 μένειν
2131 2073 2221 2126 καὶ
2259 2073 2336 2142 μὴ

761 2169 829 2221 δι’
863 2169 1022 2237 όχλου
1052 2169 1112 2221 τὸ
1146 2169 1367 2220 σύνολον
1402 2166 1649 2234 γίνεσθαι
1702 2165 1877 2234 τούτῳ
1903 2165 1964 2234 δὴ
2017 2165 2094 2232 τῷ
2127 2169 2336 2217 Διοσιε-

763 2260 931 2329 ρηνῷ,
968 2259 1042 2320 ὡς
1093 2258 1265 2310 αἴτιον
1308 2257 1471 2309 αὑτὸν
1524 2257 1790 2324 γεγονότα
1833 2255 1933 2324 τῆς
1985 2256 2337 2319 διαζεύξεως.

762 2347 896 2403 Εἶτα
932 2350 1270 2418 προεϐάλετο
1305 2351 1332 2400 6
1359 2348 1622 2417 δηλωθείς
1670 2347 2096 2408 Παπαδόπουλος
2129 2347 2225 2399 καὶ
2253 2347 2341 2399 ὅτι

763 2447 1068 2513 πράγματα
1101 2445 1244 2505 ἰδίως
1273 2446 1424 2514 αὑτῷ
1465 2446 1796 2512 διαφέροντα
1837 2443 2156 2511 κατέχονται
2184 2441 2347 2510 παρὰ

761 2538 856 2591 τοῦ
899 2537 1142 2589 τοιούτου
1195 2536 1568 2605 Δίοσιερηνοῦ,
1642 2537 1738 2588 καί⁸
1765 2531 1833 2606 ἦν
1864 2535 2116 2588 ἀπαιτῶν
2142 2534 2337 2600 ταῦτα,

763 2629 947 2692 ἐξεῖπε
979 2628 1032 2680 δὲ
1065 2633 1158 2681 καὶ
1189 2629 1536 2697 παρέστησεν
1560 2631 1587 2681 6
1618 2628 1781 2690 αὐτὸς
1815 2628 2180 2696 Διοσιερηνὸς,
2207 2644 2340 2696 190-

763 2721 967 2790 χηλέαν
1017 2721 1187 2788 μόνην
1242 2697 1410 2773 άὺτοῦ
1465 2721 1740 2791 μητρικὴν
1797 2720 2149 2789 εὑρίσκεσθαι
2207 2719 2340 2788 παρ’

764 2812 937 2880 αὐτῷ,
964 2815 1030 2881 ἣν
1057 2802 1289 2865 δέδωκεν
1316 2814 1344 2864 6
1393 2812 1576 2883 πατὴρ
1607 2812 1700 2865 106
1746 2813 2042 2881 εἰρημένου
2081 2812 2337 2866 Παπαδο-

765 2903 967 2955 πούλου
1005 2903 1141 2971 πρὸς
1168 2903 1266 2969 τὴν
1301 2902 1579 2972 θυγατέρα
1617 2904 1809 2955 τούτου
1840 2901 1983 2954 κατὰ
2014 2902 2172 2969 λόγον
2205 2903 2342 2955 θεω-

766 2997 987 3066 ρέτρου,
1017 2993 1133 3048 ἀνθ’
1165 2989 1239 3047 ὧν
1269 2994 1504 3047 δέδωκεν
1555 2992 1712 3056 οὗτος
1757 2995 2114 3063 χαρισμάτων
2166 2995 2339 3064 αὐτῷ.

765 3087 877 3138 Καὶ
928 3086 1254 3154 διέγνωσται
1314 3086 1609 3148 συνοδικῶς
1666 3089 1732 3156 τῇ
1790 3086 1949 3157 ἡμῶν
2007 3086 2340 3155 μετριότητι,

2450 610 2736 679 μητρικῶν
2793 607 2975 660 αὐτῶν
3031 605 3397 674 πραγμάτων,
3439 606 3795 664 ’ἀκούσαντες
3833 601 3889 654 δὲ
3927 601 4024 656 καὶ

2445 705 2528 754 ὃτι
2559 703 2762 768 τοπικῇ
2794 699 3043 762 ἐξετάσει
3073 695 3570 764 ἀνερευνηθήσεται
3601 698 3697 747 καὶ
3723 693 4022 762 εὑρεθήσε-

2441 810 2532 845 ται
2565 794 2598 861 ἠ
2629 791 2886 861 ἀλήθεια,
2912 788 3349 858 ἠναγκάσθησαν
3381 789 3477 840 καὶ
3517 785 3945 854 άνωμολόγησαν
3970 782 4023 836 οἰ

2443 881 2679 933 τοιοῦτοι
2707 883 2918 944 παῖδες,
2952 880 3098 948 ἔχειν
3129 878 3389 944 ἀνελλιπῆ
3417 876 3517 947 τὴν
3541 875 3818 945 μητρικὴν
3842 873 4022 926 αὐτῶν

2443 977 2668 1042 προῖκα.
2726 975 2837 1028 Καὶ
2868 972 2998 1037 γοῦν
3030 971 3354 1039 διέγνωσται
3384 973 3450 1040 τῇ
3501 971 3661 1039 ἡμῶν
3707 966 4023 1036 μετριότητι

2442 1067 2537 1118 καὶ
2592 1070 2706 1126 τοίς
2759 1064 2889 1134 περὶ
2941 1064 3111 1133 αὑτὴν
3172 1063 3486 1131 ἱερωτάτοις
3540 1058 3885 1129 ἀρχιερεῦσι,
3935 1055 4015 1124 τῷ

2455 1146 2805 1232 Ἡρακλείας,
2858 1159 2934 1227 τῷ
2990 1155 3387 1224 Νικομηδείας,
3441 1153 3520 1222 τῷ
3575 1152 3899 1221 Περγάμου,
3938 1148 4016 1218 τῷ

2441 1248 2914 1318 Χριστουπόλεως,
2948 1248 3025 1318 τῷ
3061 1248 3395 1317 Δυρραχίου,
3428 1245 3506 1313 τῷ
3530 1243 3753 1311 Βιζύης,
3783 1240 3862 1309 τῷ
3884 1240 4018 1292 Κίου

2441 1342 2536 1392 καὶ
2574 1341 2651 1410 τῷ
2687 1339 2953 1409 Μηδείας,
3010 1341 3192 1394 δοῦναι
3244 1340 3344 1410 τὴν
3395 1337 3698 1409 εἰρημένην
3748 1333 4020 1404 μητρυιὰν

2439 1432 2530 1482 τὸν
2561 1433 2660 1500 τῆς
2686 1433 3011 1502 ἀποκρυὸἧς
3039 1436 3224 1501 ὅρκον,
3256 1429 3373 1486 εἷτα
3400 1431 3733 1498 ἀποδοθῆναι
3763 1417 3900 1496 πρὸς
3928 1428 4022 1478 αὑ-

2441 1524 2539 1592 τὴν
2584 1525 2694 1576 ἀπὸ
2747 1526 2854 1577 τῶν
2912 1526 3433 1598 καθευρισκομένων
3489 1522 3838 1594 πραγμάτων
3894 1519 4022 1578 τοὺς

2439 1616 2746 1684 προγόνους
2803 1618 2904 1686 τὴν
2950 1621 3152 1687 προῖκα
3205 1617 3411 1685 ταύτης
3457 1619 3551 1670 καὶ
3584 1616 3654 1667 τά
3707 1613 3865 1673 έκτδς
3921 1613 4021 1680 τῆς

2443 1708 2670 1775 προικὸς
2705 1709 2978 1779 ἀνήκοντα
3003 1709 3176 1780 ταύτῃ
3222 1710 3365 1760 κατά
3394 1708 3594 1775 νόμους
3634 1705 3730 1757 καὶ
3761 1703 3828 1756 τὰ
3864 1700 4018 1769 παρὰ

2440 1798 2534 1849 τοῦ
2561 1798 2754 1866 ἀνδρὸς
2777 1799 2920 1867 αὐτῇ
2955 1799 3418 1868 ἀποχαρισθέντα,
3450 1796 3517 1849 τὰ
3543 1795 3706 1848 λιιιπά
3735 1793 3812 1855 δὲ,
3846 1793 3896 1843 εί
3923 1790 4022 1858 μὲν

2443 1888 2708 1958 ἐλεύθερά
2759 1890 2899 1941 εἰσιν
2950 1891 3013 1941 ὲκ
3068 1888 3338 1952 δουλείας,
3368 1875 3623 1955 διαϐῆναι
3680 1883 3821 1937 κατά
3867 1881 4022 1944 λόγον

2446 1981 2814 2049 κληρονομίας
2842 1981 2936 2032 καὶ
2968 1979 3409 2048 -επιμερισθῆναι
3437 1977 3573 2047 πρὸς
3605 1976 3730 2037 τοὺς
3761 1970 4020 2040 6119000-

2443 2071 2556 2132 λετς
2583 2071 2876 2139 ἀδελφοὺς,
2909 2071 3036 2133 τοὺς
3059 2073 3117 2137 ἐξ
3156 2072 3486 2141 ἀμφοτέρων
3514 2069 3756 2141 δηλονότι
3787 2068 3894 2120 τῶν
3923 2082 4021 2132 γυ-

2447 2163 2673 2222 ναικῶν,
2715 2165 2762 2214 εἰ
2791 2164 2846 2235 δέ
2878 2163 3214 2232 ὑποκείμενα
3253 2152 3490 2233 δουλεία,
3525 2163 3777 2230 κατέχειν
3804 2161 3898 2212 καὶ
3927 2157 4020 2234 οὑ-

2445 2271 2555 2317 τως
2579 2257 2766 2323 ἐκεῖνα
2796 2254 2884 2308 ἐπ’
2934 2255 3058 2324 (an;
3089 2256 3310 2317 αὑτοὺς,
3345 2257 3441 2308 καὶ
3482 2254 3796 2308 ἀποδιδόναι
3823 2254 3882 2318 ἐξ
3909 2253 4026 2304 ῐσου

2447 2348 2546 2416 τὴν
2584 2348 2896 2415 ἀνήκουσαν
2931 2347 3200 2408 ,δουλείαν
3245 2348 3386 2418 ὑπὲρ
3444 2347 3645 2400 αὑτῶν.
3694 2345 3893 2400 Μέντοι
3931 2343 4028 2395 καὶ

2447 2439 2645 2506 δούσης
2703 2439 2801 2506 τῆς
2850 2439 3128 2509 μητρυιᾶς
3184 2440 3274 2491 16v
3307 2440 3407 2508 τῆς
3471 2437 3796 2509 6110x9067];
3841 2438 4025 2505 ὅρκον,

2446 2531 2740 2599 γενήσεται
2793 2530 2887 2582 ἐπὶ
2941 2531 3056 2595 τοῖς
3105 2531 3626 2600 καθευρισκομένοις
3673 2531 4024 2601 πράγμασιν,

2446 2611 2644 2691 ὃπερ’ή
2679 2622 2931 2691 παροῦσα
2988 2625 3243 2695 συνοδικὴ
3298 2625 3594 2694 διάγνωσις
3635 2627 4025 2695 ἀποφαίνεται,

2447 2713 2759 2781 ὀφείλοντος
2813 2717 2906 2770 καὶ
2965 2718 3060 2770 τοῦ
3109 2719 3407 2788 ίερωτάτου
3455 2720 3889 2789 όρχιεπισκόπου
3942 2719 4030 2773 Βι·

2450 2807 2608 2876 ζύης,
2656 2810 2716 2861 ὲν
2764 2810 2907 2878 ἁγίῳ
2963 2811 3246 2880 Πνεύματι
3303 2812 3594 2882 ἀγαπητοῦ
3642 2812 3875 2880 ἀδελφοῦ
3931 2813 4031 2880 τῆς

2451 2899 2611 2968 ἡμῶν
2641 2902 3000 2978 μετριότητος
3029 2903 3125 2955 καὶ
3159 2902 3602 2974 συλλειτουργοῦ,
3644 2905 4025 2974 οἰκονομῆσαι.

2451 2992 2594 3047 ὥστε
2628 2996 2800 3059 ταῦτα
2831 2996 3018 3054 λαόεἶν
3045 2997 3137 3049 ἐπὶ
3160 2999 3274 3060 τοῖς
3297 2983 3724 3069 διεγνωσμένοις
3751 3000 4028 3052 ἀποκατάο
4074 3013 4080 3028 ‘-

2457 3105 2668 3139 στασιν.
2719 3087 2843 3139 Ἐπί
2875 3088 3051 3158 τούτῳ
3072 3091 3178 3157 γὰρ
3219 3090 3313 3141 καὶ
3362 3092 3423 3142 16
3471 3090 3645 3155 παρὸν
3671 3091 3908 3159 γράμμα
3933 3093 4032 3160 τῆς

765 3173 910 3231 εἰναι
945 3181 1040 3231 καὶ
1070 3179 1203 3248 περὶ
1236 3178 1336 3247 τῆς
1379 3178 1638 3246 τοιαύτης
1670 3179 1982 3239 ὑποθέσεως
2026 3179 2189 3231 αὑτὸν
2221 3180 2340 3230 ἀνε-
2371 3195 2414 3265 β
2451 3178 2612 3246 ἡμῶν
2652 3179 3011 3249 μετριότητος
3059 3183 3127 3250 τῇ
3180 3181 3539 3251 διαληφθείσῃ
3590 3183 3738 3252 χήρᾳ
3766 3183 4028 3250 γυναικὶ,

766 3271 1024 3340 νόχλητον
1073 3273 1135 3323 ἑκ
1168 3271 1358 3323 τούτου
1399 3271 1465 3339 δὴ
1511 3270 1603 3324 τοῦ
1641 3269 2093 3330 Παπαδοπούλου,
2152 3273 2341 3341 ἐπειδὴ
2446 3268 2715 3338 εἰρημένῃ
2744 3273 2808 3337 τῇ
2842 3270 2936 3320 τοῦ
2958 3267 3240 3335 Καλωτοῦ,
3273 3271 3354 3330 εἰς
3385 3270 3684 3337 ἀσφάλειαν
3708 3271 4030 3326 έπιδέδοται.

765 3363 907 3415 κατᾶ
941 3362 1098 3428 λόγον
1131 3362 1436 3432 θεωρέτρου
1484 3362 1637 3431 ἐδόθη
1693 3364 1724 3431 ἡ
1758 3362 1981 3431 τοιαύτη
2035 3363 2339 3431 τραχηλέα,

767 3455 861 3506 καὶ
889 3453 1055 3504 πάλιν
1089 3453 1456 3522 ἀντεδόθησαν
1484 3453 1650 3520 ἕτερα
1694 3454 2014 3522 χαρίσματα
2068 3454 2207 3504 κατά
2241 3451 2343 3521 τὴν

766 3546 1064 3613 συνήθ;.ιν
1115 3544 1265 3612 παρά
1296 3545 1510 3596 τούτου.
1565 3544 1656 3604 Εἰς
1708 3544 1816 3612 γὰρ
1850 3545 1948 3611 τὴν
1994 3542 2123 3610 περὶ
2151 3541 2342 3594 τούτου

766 3636 1075 3703 ἀσφάλειαν
1107 3635 1413 3687 ὲπιδέδοται
1446 3635 1582 3701 πρὸς
1610 3634 1775 3685 αὑτὸν
1809 3637 1903 3685 καὶ
1931 3633 1992 3686 16
2018 3634 2343 3714 11.096100»!—

764 3723 947 3778 υδικδν
975 3725 1211 3793 γράμμα
1240 3723 1335 3792 τῆς
1361 3722 1522 3791 ἡμῶν
1561 3724 1942 3792 μετριότητος.

835 3815 874 3884 ’ξ-
908 3804 1048 3881 Είχε
1082 3815 1148 3866 τό
1173 3829 1187 3844 ·
1223 3810 1382 3879 Μηνί
1423 3812 1739 3879 Ἀπριλλίῳ
1775 3812 1891 3865 ινδ.
1926 3813 2018 3868 ιδ’.

836 3997 875 4065 -ξ-
907 3995 996 4047 lll.
1033 3995 1290 4064 Παρέστη
1318 3996 1381 4063 τῇ
1411 3995 1569 4064 ἡμῶν
1606 3995 1916 4067 μετριότητι
1947 3997 2344 4069 προκαθημένῃ

771 4091 1062 4150 συνοδικώς
1090 4092 1122 4158 ὴ
1155 4088 1262 4141 ἀπὸ
1292 4089 1389 4155 τῆς
1421 4087 1618 4156 Βιζύης
1649 4091 1794 4158 χήρα
1825 4091 1982 4160 γυνὴ,
2017 4092 2279 4160 εἰρημένη
2311 4097 2343 4163 ἡ
2374 4132 2382 4142 .

768 4183 862 4235 106
918 4181 1204 4242 Καλωτοῦ,
1259 4183 1351 4234 καὶ
1402 4181 1689 4250 ἀνέφερεν,
1722 4182 1799 4243 ὼς
1845 4183 1986 4251 άνήρ
2030 4201 2114 4246 τις
2145 4185 2207 4236 ὲκ
2238 4185 2345 4236 τῶν

768 4277 948 4327 ἐκεῖσε
982 4275 1286 4344 θεόδωρος,
1317 4273 1652 4342 καλούμενος
1700 4273 1728 4324 6
1763 4275 2077 4338 211010).c'i;,
2113 4278 2192 4337 εἰς
2221 4277 2364 4336 δεύοι
2407 4269 2418 4282 ’

767 4385 925 4434 τερον
960 4365 1167 4428 ταύτην
1216 4357 1586 4434 ἀγαγόμενοξ
1614 4366 1970 4432 συνοικέσιον,
2025 4367 2223 4430 παῖδας
2254 4369 2347 4421 δύο

768 4462 1097 4529 γεγέννηκεν
1133 4459 1192 4524 ἐξ
1223 4459 1416 4528 αὐτῆς,
1450 4461 1545 4513 καὶ
1571 4460 1855 4511 ἀδιαθέτου
1887 4461 2080 4514 τούτου
2108 4462 2200 4515 16v
2232 4463 2347 4532 βίον

2513 3360 2552 3429 -ξ-
2581 3355 2720 3427 Εἶχε
2751 3360 2819 3413 τό
2840 3375 2854 3389 ·
2883 3360 3041 3426 Μηνί
3078 3361 3264 3426 Μαΐῳ,
3302 3361 3418 3414 ἰνδ.
3456 3361 3549 3414 ιδ’.

2517 3540 2608 3597 ιν.
2641 3541 2681 3610 ’ἧ-
2721 3541 2981 3612 Ἀνέφερε
3003 3544 3067 3613 τῇ
3094 3543 3252 3611 ἡμῶν
3283 3546 3605 3616 μετριότητι
3629 3550 4029 3623 προκαθημένῃ

2449 3633 2744 3696 συνοδικῶς
2774 3635 2801 3685 6
2831 3625 3091 3696 ὀεόαστδς
3127 3634 3230 3703 κῦρ
3253 3637 3547 3698 Εὑστάθιος
3571 3643 3598 3692 6
3626 3643 3928 3713 Κίνναμος,
3953 3648 4029 3710 ὡς

2445 3725 2474 3777 δ
2503 3726 2598 3779 ἐπὶ
2651 3725 2888 3795 θυγατρὶ
2933 3725 3100 3779 αὑτοῦ
3129 3728 3157 3778 ό
3200 3726 3510 3796 Νοστόγγος
3558 3733 3663 3802 πρὸ
3694 3734 3790 3787 δύο
3818 3739 4026 3806 χρόνων

2450 3817 2551 3886 ἤδη
2581 3817 2790 3886 ταύτην
2838 3818 2903 3887 δὴ
2935 3817 3034 3887 τὴν
3068 3818 3233 3870 αὑτοῦ
3269 3819 3504 3884 σύζυγον
3535 3823 3821 3880 ἀπολιπὼν
3842 3828 3902 3893 ἐξ
3938 3831 4032 3883 οὑ-

2449 3908 2645 3975 δεμιᾶς
2675 3909 2903 3976 εὐλόγου
2927 3910 3124 3975 αἰτίας,
3159 3911 3372 3965 οὐδέπω
3405 3913 3541 3984 πρὸς
3565 3916 3664 3984 τὴν
3702 3917 3823 3986 μετ’
3856 3921 4030 3990 αὑτῆς

2455 4003 2774 4068 συνοίκησιν
2801 4002 3092 4070 ἐπανῆλθε,
3131 4002 3419 4069 φθάσαςδὲ
3449 4008 3801 4062 κατανάλωσε
3839 4014 3929 4064 καὶ
3963 4017 4034 4066 τά

2449 4092 2674 4145 πλείονα
2707 4094 2814 4145 τῶν
2847 4094 3381 4163 π’ροικοδοτηθέντων
3405 4097 3552 4166 αὑτῷ
3573 4103 3938 4169 πραγμάτων,
3973 4107 4032 4155 ὲν

2449 4177 2530 4244 οἷς
2553 4185 2645 4238 καὶ
2669 4185 2937 4254 άμπέλιον
2955 4181 3023 4257 ἦν
3054 4186 3146 4240 καὶ
3177 4188 3300 4258 οίκή
3312 4206 3478 4256 ματα,
3501 4191 3645 4260 άπερ
3662 4193 3726 4262 δὴ
3752 4195 4032 4266 οἰκήματα

2451 4278 2531 4339 εἰς
2583 4277 2838 4348 ἐνέχυρον
2885 4269 3108 4341 δέδωκε,
3147 4279 3440 4353 ὑπέρπυρα
3488 4283 3738 4338 διακόσια
3775 4287 4031 4342 δανεισά-

2454 4370 2764 4447 μενοςηκαί
2814 4387 2970 4434 τινας
3004 4372 3423 4443 ἐξωνησάμενος
3472 4377 3673 4442 τόπους
3722 4381 3861 4447 μετά
3918 4383 4032 4434 τῶν

2452 4461 2866 4533 εὑρισκομένων
2903 4464 3032 4532 περὶ
3079 4466 3278 4528 αὐτοὺς
3310 4467 3657 4537 οἰκημάτων.
3693 4471 3805 4524 Καὶ
3836 4473 4030 4542 ἐδεήθη

768 4555 1151 4614 ἀπολιπόντος,
1189 4552 1239 4604 οἰ
1292 4553 1354 4604 ὲκ
1407 4552 1506 4620 τῆς
1554 4552 1779 4621 πρώτης
1830 4553 2086 4616 γυναικὸς
2132 4555 2345 4607 ἐκείνου
2382 4544 2424 4596 D
2453 4554 2837 4623 ἁντικριθῆναι
2890 4556 3063 4621 τούτῳ
3096 4557 3410 4622 συνοδικῶς,
3444 4560 3519 4623 ὠς
3567 4560 3631 4613 ἂν
3664 4561 3695 4630 ἢ
3734 4566 4032 4635 συνοικήσῃ

769 4645 983 4706 παῖδες,
1016 4644 1218 4711 καίπερ
1243 4644 1458 4711 ἔχοντες
1483 4642 1582 4711 τὴν
1611 4642 1890 4712 μητρικὴν
1920 4644 2098 4696 αὑτῶν
2122 4648 2343 4714 προῖκα,

767 4739 939 4810 ὅμως,
992 4737 1460 4808 προφασιζόμενοι
1509 4736 1726 4804 ἐκείνης
1760 4738 2206 4805 ἀποστερεῖσθαι,
2252 4756 2349 4791 κα-

766 4833 961 4899 τέσχον
989 4832 1166 4881 πάντα
1192 4828 1261 4880 τά
1291 4826 1526 4895 πατρῷα
1556 4826 1772 4878 τούτων
1811 4827 2132 4895 πράγματα,
2163 4830 2257 4880 καὶ
2284 4830 2346 4880 οὑ

769 4901 1372 4989 βούλονταιάνασῶσαι
1416 4917 1706 4986 καὶταύτῃ
1737 4915 1806 4967 τά
1847 4916 2136 4985 προικόθεν
2163 4917 2346 4984 διαφέ-
2389 4912 2416 5009 ξ

771 5009 938 5082 ’ροντα
967 5012 1060 5062 καὶ
1101 5011 1217 5063 -ὄσα
1269 5006 1415 5079 εἶχεν
1447 5011 1615 5079 ’ἐτερα
1663 5010 1923 5060 ἐπέκεινα
1977 5008 2076 5076 τῆς
2124 5009 2350 5077 προικὸς

774 5106 1048 5173 ἀνήκοντα
1081 5103 1221 5156 κατὰ
1249 5097 1448 5180 νόμους
1481 5104 1644 5172 αὑτῇ,
1689 5102 1826 5154 ἀλλὰ
1857 5101 1920 5169 δη
1954 5102 2046 5154 καὶ
2082 5104 2179 5163 τὰς
2212 5102 2349 5172 πρὸς

777 5199 948 5269 αὑτὴν
971 5199 1064 5250 τοῦ
1093 5197 1286 5266 ἀνδρὸς
1319 5199 1568 5265 χάριτας.
1608 5195 1882 5264 Παρόντες
1908 5194 2062 5264 δὲτῷ
2093 5195 2352 5265 δικαστη-

771 5294 880 5361 ρίῳ
913 5293 1008 5372 x0}
1052 5295 1102 5344 οἰ
1133 5276 1287 5373 αὐτοὶ
1319 5293 1506 5352 παῖδες
1539 5292 1631 5342 καὶ
1660 5290 1759 5360 τῆς
1795 5291 2072 5360 μητρυιᾶς
2104 5291 2169 5342 τὰ
2196 5292 2350 5360 εἰρηι

779 5389 916 5457 μένα
957 5385 1260 5451 διεξιούσης
1307 5382 1620 5457 ἀκούοντες,
1657 5382 1974 5434 διετείνοντο
2021 5382 2141 5451 μὲν,
2182 5384 2361 5452 μηδό-·

777 5480 890 5540 λως
921 5478 1105 5530 λαϐεῖν
1135 5465 1333 5544 τὰ⁴τῆς
1370 5451 1574 5544 μητρὸς
1606 5475 1789 5527 αὑτῶν
1825 5475 2150 5543 πράγματα,
2183 5492 2354 5527 συνωρ

780 5546 1046 5642 μολόγουν
1081 5569 1135 5620 δὲ
1183 5568 1251 5618 τὰ
1303 5569 1548 5635 πατρικὰ
1584 5555 1902 5636 κατασχεῖν,
1938 5569 2006 5618 τὰ
2064 5569 2163 5635 μὲν
2213 5568 2351 5636 ὑπὲρ

775 5665 875 5732 τῆς
927 5661 1370 5731 ἀναπληρώσεως
1400 5661 1510 5713 τῶν
1556 5660 1825 5729 μητρῴων
1873 5662 2219 5729 πραγμάτων
2257 5663 2355 5714 αύ-

777 5757 907 5818 τῶν,
943 5757 1010 5808 τὰ
1036 5754 1091 5807 δὲ
1123 5755 1216 5808 καὶ
1246 5753 1322 5816 ὡς
1350 5753 1689 5820 ὑποκείμενα
1720 5753 1784 5820 τῇ
1825 5754 1954 5820 παρ’
1998 5753 2177 5814 αὐτοῖς
2206 5753 2352 5820 εὑρι-

781 5849 1022 5922 σκομένη
1055 5847 1280 5918 προνοίᾳ
1312 5847 1404 5900 καὶ
1433 5845 1678 5898 δουλείαν
1723 5845 2032 5913 ὀφείλοντα.
2069 5841 2201 5912 Εἶτα
2235 5848 2352 5911 €5,1-

2453 4648 2616 4700 πάλιν
2643 4650 2710 4718 τῇ
2741 4647 2908 4723 αὑτοῦ
2936 4651 3177 4716 γυναικὶ,
3209 4651 3240 4718 ἢ
3275 4650 3377 4704 κᾶν
3411 4653 3731 4705 άνασωθῶσι
3761 4655 3938 4726 ταύτῃ
3968 4662 4034 4709 τά

2453 4742 2532 4800 εἰς
2562 4738 2823 4808 ἐνέχυρον
2857 4740 3104 4806 δοθέντα,
3139 4743 3202 4793 16
3242 4742 3516 4810 ἀμπέλιον
3546 4743 3788 4812 δηλονότι
3845 4748 3939 4798 καὶ
3970 4749 4034 4799 τά

2452 4830 2754 4899 οἰκήματα,
2786 4830 2890 4890 ἒως
2920 4830 2988 4883 ἂν
3018 4831 3236 4918 όνάνὴρ,
3282 4833 3390 4885 τῶν
3421 4833 3722 4903 ἀλλοτρίων
3761 4837 4030 4900 ἀποστὰς,

2449 4923 2548 4991 τὴν
2576 4922 2742 4977 αὑτοῦ
2777 4922 2974 4993 στέρξῃ
3007 4923 3244 4992 σύζυγον
3267 4940 3282 4956 ⁸
3313 4925 3438 4978 ὅθεν
3469 4927 3716 4996 ἡμετέρα
3758 4930 3853 4980 καὶ
3879 4944 4032 4982 συνο-

2451 5015 2576 5084 δικῇ
2627 5019 2915 5086 προτροπῇ
2956 5016 3318 5086 διαμηνὺεται
3373 5019 3473 5087 μὲν
3506 5021 3661 5072 καὶὸ
3710 5021 3871 5084 αὐτὸς
3919 5022 4031 5073 Νο-

2456 5107 2685 5174 στόγγος
2711 5108 2806 5160 καὶ
2847 5107 2927 5169 δίς
2961 5110 3056 5161 καὶ
3107 5111 3251 5178 τρὶς,
3285 5110 3426 5163 ὥστε
3457 5113 3774 5181 ἀπαντῆσαι
3809 5114 3944 5182 πρὸς
3975 5115 4036 5165 16

2453 5198 2807 5270 δικαστήριον
2835 5202 2926 5254 καί
2957 5202 3431 5273 ἀπολογήσασθαι.
3461 5205 3552 5274 Μὴ
3589 5204 3944 5275 βουληθέντος
3974 5204 4033 5259 δὲ

2426 5284 2603 5361 ’ὅμως
2638 5293 2748 5344 οὐδ’
2796 5295 2876 5356 εἰς
2915 5294 3068 5359 ἆ-παξ
3095 5296 3427 5365 ἀπαντῆσαι,
3465 5299 3497 5365 ἡ
3552 5299 3842 5367 μετριότης
3877 5299 4037 5365 ημῶν

2456 5387 2611 5453 κοινῇ
2643 5385 2839 5457 γνώμῃ
2871 5386 2980 5437 τῶν
3009 5387 3139 5453 περί
3164 5386 3336 5462 αὐτὴν
3363 5389 3678 5456 ίερωτάτων
3705 5391 4035 5460 ἀρχιερέων,

2459 5473 2553 5528 106
2606 5476 2958 5545 Ἡρακλείας,
3011 5479 3106 5533 106
3157 5468 3444 5549 Σάρδεων,
3502 5482 3595 5534 τοῦ
3644 5483 4036 5552 Νικομηδείας,

2457 5571 2551 5622 106
2588 5571 2905 5642 Περγάμου,
2947 5572 3041 5625 τοῦ
3073 5575 3551 5643 Χριστουπόλεως,
3579 5574 3676 5628 106
3705 5575 4037 5647 Δυρραχίου,

2458 5660 2552 5713 106
2585 5661 2808 5732 Βιζύης,
2838 5662 2934 5714 106
2983 5663 3117 5715 Κίου
3167 5668 3260 5716 καὶ
3306 5663 3402 5716 τοῦ
3435 5665 3698 5734 Μηδείας,
3742 5667 3928 5719 ἄδειαν
3955 5666 4042 5718 δέ·

2461 5754 2598 5805 δωκε
2632 5755 2708 5823 τῷ
2762 5754 3056 5824 δηλωθέντι
3104 5757 3355 5826 σεόαστῷ
3386 5758 3464 5827 τῷ
3513 5760 3779 5828 Κιννάμῳ
3812 5759 4042 5827 διαπρά-

2469 5849 2667 5900 σασθαι
2718 5852 2843 5912 τοὺς
2877 5849 3096 5917 τόπους,
3144 5851 3235 5913 οὓς
3273 5853 3299 5903 6
3337 5852 3524 5921 ῥηθεὶς
3573 5853 3822 5925 γαμϐρὸς
3875 5852 4040 5906 αὑτώ
