  <div class='ocr_page' id='page_1' title='image "/cluster/home/n/w/nwhite01/storage/ocr_20150623/152/nnc1.0046980377/574.png"; bbox 0 0 4444 6452; ppageno 0'>
   <div class='ocr_carea' id='block_1_1' title="bbox 405 439 542 503">
    <p class='ocr_par' dir='ltr' id='par_1_1' title="bbox 405 439 542 503">
     <span class='ocr_line' id='line_1_1' title="bbox 405 439 542 503; baseline 0.015 -2"><span class='ocrx_word' id='word_1_1' title='bbox 405 439 542 503; x_wconf 71' lang='grc'><strong>1129</strong></span> 
     </span>
    </p>
   </div>
   <div class='ocr_carea' id='block_1_2' title="bbox 1473 417 2570 486">
    <p class='ocr_par' dir='ltr' id='par_1_2' title="bbox 1473 417 2570 486">
     <span class='ocr_line' id='line_1_2' title="bbox 1473 417 2570 486; baseline -0.009 0"><span class='ocrx_word' id='word_1_2' title='bbox 1473 423 1863 486; x_wconf 68' lang='grc' dir='ltr'><strong>8ΥΝΟΒῘΟΑΞ</strong></span> <span class='ocrx_word' id='word_1_3' title='bbox 1888 417 2570 482; x_wconf 77' lang='lat' dir='ltr'><strong>.CONSTITUTIONES.</strong></span> 
     </span>
    </p>
   </div>
   <div class='ocr_carea' id='block_1_3' title="bbox 3493 413 3628 476">
    <p class='ocr_par' dir='ltr' id='par_1_3' title="bbox 3493 413 3628 476">
     <span class='ocr_line' id='line_1_3' title="bbox 3493 413 3628 476; baseline -0.015 0"><span class='ocrx_word' id='word_1_4' title='bbox 3493 413 3628 476; x_wconf 80' lang='lat'><strong>1130</strong></span> 
     </span>
    </p>
   </div>
   <div class='ocr_carea' id='block_1_4' title="bbox 402 527 3634 626">
    <p class='ocr_par' dir='ltr' id='par_1_4' title="bbox 402 527 3634 626">
     <span class='ocr_line' id='line_1_4' title="bbox 402 527 3634 626; baseline -0.008 -21"><span class='ocrx_word' id='word_1_5' title='bbox 402 552 736 626; x_wconf 75' lang='grc' dir='ltr'><strong>ἐξωνήσατο,</strong></span> <span class='ocrx_word' id='word_1_6' title='bbox 791 545 976 607; x_wconf 85' lang='grc' dir='ltr'><strong>καθὼς</strong></span> <span class='ocrx_word' id='word_1_7' title='bbox 1017 543 1256 612; x_wconf 70' lang='grc' dir='ltr'><strong>εἴρηται,</strong></span> <span class='ocrx_word' id='word_1_8' title='bbox 1309 539 1397 593; x_wconf 85' lang='grc' dir='ltr'><strong>διὰ</strong></span> <span class='ocrx_word' id='word_1_9' title='bbox 1441 540 1546 592; x_wconf 81' lang='grc' dir='ltr'><strong>τῶν</strong></span> <span class='ocrx_word' id='word_1_10' title='bbox 1599 532 2213 604; x_wconf 71' lang='grc' dir='ltr'><strong>ὑπερπύρων,Απαρά</strong></span> <span class='ocrx_word' id='word_1_11' title='bbox 2270 531 2365 584; x_wconf 92' lang='grc' dir='ltr'><strong>τοῦ</strong></span> <span class='ocrx_word' id='word_1_12' title='bbox 2427 530 2721 597; x_wconf 86' lang='grc' dir='ltr'><strong>ίερωτάτου</strong></span> <span class='ocrx_word' id='word_1_13' title='bbox 2788 527 3189 599; x_wconf 80' lang='grc' dir='ltr'><strong>μητροπολίτου</strong></span> <span class='ocrx_word' id='word_1_14' title='bbox 3251 527 3476 596; x_wconf 78' lang='grc' dir='ltr'><strong>Μύρων,</strong></span> <span class='ocrx_word' id='word_1_15' title='bbox 3537 530 3634 580; x_wconf 70' lang='grc' dir='ltr'><strong>καὶ</strong></span> 
     </span>
    </p>
   </div>
   <div class='ocr_carea' id='block_1_5' title="bbox 401 621 1962 710">
    <p class='ocr_par' dir='ltr' id='par_1_5' title="bbox 401 621 1962 710">
     <span class='ocr_line' id='line_1_5' title="bbox 401 621 1962 710; baseline -0.015 -15"><span class='ocrx_word' id='word_1_16' title='bbox 401 644 546 710; x_wconf 78' lang='grc' dir='ltr'><strong>ἀπερ</strong></span> <span class='ocrx_word' id='word_1_17' title='bbox 575 621 766 692; x_wconf 75' lang='grc' dir='ltr'><strong>ἐλαϐεν</strong></span> <span class='ocrx_word' id='word_1_18' title='bbox 812 636 950 702; x_wconf 79' lang='grc' dir='ltr'><strong>ὑπὲρ</strong></span> <span class='ocrx_word' id='word_1_19' title='bbox 986 633 1094 684; x_wconf 86' lang='grc' dir='ltr'><strong>τών</strong></span> <span class='ocrx_word' id='word_1_20' title='bbox 1130 629 1420 699; x_wconf 84' lang='grc' dir='ltr'><strong>προικῴων</strong></span> <span class='ocrx_word' id='word_1_21' title='bbox 1449 627 1727 694; x_wconf 85' lang='grc' dir='ltr'><strong>όσπητίων</strong></span> <span class='ocrx_word' id='word_1_22' title='bbox 1775 621 1962 684; x_wconf 89' lang='grc' dir='ltr'><strong>αὑτοῦ,</strong></span> 
     </span>
    </p>
   </div>
   <div class='ocr_carea' id='block_1_6' title="bbox 402 713 1965 794">
    <p class='ocr_par' dir='ltr' id='par_1_6' title="bbox 402 713 1965 794">
     <span class='ocr_line' id='line_1_6' title="bbox 402 713 1965 794; baseline -0.015 -10"><span class='ocrx_word' id='word_1_23' title='bbox 402 732 524 793; x_wconf 83' lang='grc' dir='ltr'><strong>δοὺς</strong></span> <span class='ocrx_word' id='word_1_24' title='bbox 562 729 738 782; x_wconf 87' lang='grc' dir='ltr'><strong>ταῦτα</strong></span> <span class='ocrx_word' id='word_1_25' title='bbox 770 723 1104 794; x_wconf 85' lang='grc' dir='ltr'><strong>ἐνεχυρικῶς</strong></span> <span class='ocrx_word' id='word_1_26' title='bbox 1137 722 1233 773; x_wconf 83' lang='grc' dir='ltr'><strong>σὺν</strong></span> <span class='ocrx_word' id='word_1_27' title='bbox 1260 722 1373 780; x_wconf 91' lang='grc' dir='ltr'><strong>τοῖς</strong></span> <span class='ocrx_word' id='word_1_28' title='bbox 1421 716 1551 785; x_wconf 77' lang='grc' dir='ltr'><strong>περὶ</strong></span> <span class='ocrx_word' id='word_1_29' title='bbox 1579 716 1778 775; x_wconf 81' lang='grc' dir='ltr'><strong>αὑτοὺς</strong></span> <span class='ocrx_word' id='word_1_30' title='bbox 1819 713 1965 784; x_wconf 89' lang='grc' dir='ltr'><strong>εὑρι-</strong></span> 
     </span>
    </p>
   </div>
   <div class='ocr_carea' id='block_1_7' title="bbox 407 804 1969 888">
    <p class='ocr_par' dir='ltr' id='par_1_7' title="bbox 407 804 1969 888">
     <span class='ocr_line' id='line_1_7' title="bbox 407 804 1969 888; baseline -0.012 -16"><span class='ocrx_word' id='word_1_31' title='bbox 407 820 692 888; x_wconf 80' lang='grc' dir='ltr'><strong>σκομένοις</strong></span> <span class='ocrx_word' id='word_1_32' title='bbox 739 817 1058 885; x_wconf 82' lang='grc' dir='ltr'><strong>οίκήμασιν,</strong></span> <span class='ocrx_word' id='word_1_33' title='bbox 1092 814 1184 867; x_wconf 74' lang='grc' dir='ltr'><strong>καὶ</strong></span> <span class='ocrx_word' id='word_1_34' title='bbox 1241 813 1332 864; x_wconf 74' lang='grc' dir='ltr'><strong>τὸν</strong></span> <span class='ocrx_word' id='word_1_35' title='bbox 1377 811 1579 879; x_wconf 65' lang='grc' dir='ltr'><strong>τρόπιν</strong></span> <span class='ocrx_word' id='word_1_36' title='bbox 1623 806 1812 858; x_wconf 89' lang='grc' dir='ltr'><strong>τοῦτον</strong></span> <span class='ocrx_word' id='word_1_37' title='bbox 1843 804 1969 854; x_wconf 86' lang='grc' dir='ltr'><strong>ἀνα-</strong></span> 
     </span>
    </p>
   </div>
   <div class='ocr_carea' id='block_1_8' title="bbox 409 894 1968 978">
    <p class='ocr_par' dir='ltr' id='par_1_8' title="bbox 409 894 1968 978">
     <span class='ocr_line' id='line_1_8' title="bbox 409 894 1968 978; baseline -0.013 -15"><span class='ocrx_word' id='word_1_38' title='bbox 409 911 578 963; x_wconf 84' lang='grc' dir='ltr'><strong>σῶσαι</strong></span> <span class='ocrx_word' id='word_1_39' title='bbox 615 911 682 978; x_wconf 74' lang='grc' dir='ltr'><strong>τῇ</strong></span> <span class='ocrx_word' id='word_1_40' title='bbox 733 906 970 977; x_wconf 73' lang='grc' dir='ltr'><strong>θυγατρὶ</strong></span> <span class='ocrx_word' id='word_1_41' title='bbox 999 907 1064 958; x_wconf 83' lang='grc' dir='ltr'><strong>τὰ</strong></span> <span class='ocrx_word' id='word_1_42' title='bbox 1095 903 1327 974; x_wconf 80' lang='grc' dir='ltr'><strong>ρηθέντα</strong></span> <span class='ocrx_word' id='word_1_43' title='bbox 1379 896 1627 970; x_wconf 87' lang='grc' dir='ltr'><strong>προικῷα</strong></span> <span class='ocrx_word' id='word_1_44' title='bbox 1659 897 1863 962; x_wconf 79' lang='grc' dir='ltr'><strong>ταύτης</strong></span> <span class='ocrx_word' id='word_1_45' title='bbox 1893 894 1968 944; x_wconf 78' lang='lat' dir='ltr'><strong>ol-</strong></span> 
     </span>
    </p>
   </div>
   <div class='ocr_carea' id='block_1_9' title="bbox 407 981 1971 1068">
    <p class='ocr_par' dir='ltr' id='par_1_9' title="bbox 407 981 1971 1068">
     <span class='ocr_line' id='line_1_9' title="bbox 407 981 1971 1068; baseline -0.013 -14"><span class='ocrx_word' id='word_1_46' title='bbox 407 1003 631 1068; x_wconf 84' lang='grc' dir='ltr'><strong>κήματα</strong></span> <span class='ocrx_word' id='word_1_47' title='bbox 659 999 754 1050; x_wconf 81' lang='grc' dir='ltr'><strong>καὶ</strong></span> <span class='ocrx_word' id='word_1_48' title='bbox 795 997 858 1049; x_wconf 78' lang='grc' dir='ltr'><strong>τὸ</strong></span> <span class='ocrx_word' id='word_1_49' title='bbox 905 994 1175 1065; x_wconf 76' lang='grc' dir='ltr'><strong>ἀμπέλων</strong></span> <span class='ocrx_word' id='word_1_50' title='bbox 1209 992 1303 1043; x_wconf 74' lang='grc' dir='ltr'><strong>ἐπὶ</strong></span> <span class='ocrx_word' id='word_1_51' title='bbox 1345 988 1424 1058; x_wconf 80' lang='grc' dir='ltr'><strong>τῷ</strong></span> <span class='ocrx_word' id='word_1_52' title='bbox 1473 984 1802 1054; x_wconf 83' lang='grc' dir='ltr'><strong>κατέχεσθαι</strong></span> <span class='ocrx_word' id='word_1_53' title='bbox 1835 981 1971 1050; x_wconf 75' lang='grc' dir='ltr'><strong>παρ’</strong></span> 
     </span>
    </p>
   </div>
   <div class='ocr_carea' id='block_1_10' title="bbox 408 1073 1973 1156">
    <p class='ocr_par' dir='ltr' id='par_1_10' title="bbox 408 1073 1973 1156">
     <span class='ocr_line' id='line_1_10' title="bbox 408 1073 1973 1156; baseline -0.013 -13"><span class='ocrx_word' id='word_1_54' title='bbox 408 1090 578 1155; x_wconf 87' lang='grc' dir='ltr'><strong>αὑτῆς</strong></span> <span class='ocrx_word' id='word_1_55' title='bbox 604 1087 800 1149; x_wconf 88' lang='grc' dir='ltr'><strong>ταῦτα,</strong></span> <span class='ocrx_word' id='word_1_56' title='bbox 844 1087 1037 1156; x_wconf 80' lang='grc' dir='ltr'><strong>μέχρις</strong></span> <span class='ocrx_word' id='word_1_57' title='bbox 1083 1085 1170 1148; x_wconf 83' lang='grc' dir='ltr'><strong>ἀν,</strong></span> <span class='ocrx_word' id='word_1_58' title='bbox 1217 1082 1291 1144; x_wconf 91' lang='grc' dir='ltr'><strong>ώς</strong></span> <span class='ocrx_word' id='word_1_59' title='bbox 1325 1080 1563 1148; x_wconf 74' lang='grc' dir='ltr'><strong>εἴρηται,</strong></span> <span class='ocrx_word' id='word_1_60' title='bbox 1601 1077 1629 1129; x_wconf 92' lang='lat'><strong>6</strong></span> <span class='ocrx_word' id='word_1_61' title='bbox 1660 1074 1799 1143; x_wconf 83' lang='grc' dir='ltr'><strong>ἀνὴρ</strong></span> <span class='ocrx_word' id='word_1_62' title='bbox 1832 1073 1973 1142; x_wconf 83' lang='grc' dir='ltr'><strong>πρὸς</strong></span> 
     </span>
    </p>
   </div>
   <div class='ocr_carea' id='block_1_11' title="bbox 411 1166 1972 1251">
    <p class='ocr_par' dir='ltr' id='par_1_11' title="bbox 411 1166 1972 1251">
     <span class='ocr_line' id='line_1_11' title="bbox 411 1166 1972 1251; baseline -0.013 -17"><span class='ocrx_word' id='word_1_63' title='bbox 411 1181 582 1251; x_wconf 82' lang='grc' dir='ltr'><strong>αὑτὴν</strong></span> <span class='ocrx_word' id='word_1_64' title='bbox 628 1178 922 1247; x_wconf 81' lang='grc' dir='ltr'><strong>ἐπανέλθῃ.</strong></span> <span class='ocrx_word' id='word_1_65' title='bbox 957 1176 1145 1238; x_wconf 80' lang='grc' dir='ltr'><strong>Οὐδεὶς</strong></span> <span class='ocrx_word' id='word_1_66' title='bbox 1179 1175 1358 1227; x_wconf 78' lang='grc' dir='ltr'>τοίνυν</span> <span class='ocrx_word' id='word_1_67' title='bbox 1397 1166 1655 1239; x_wconf 85' lang='grc' dir='ltr'><strong>ἐμποδὼν</strong></span> <span class='ocrx_word' id='word_1_68' title='bbox 1687 1167 1860 1234; x_wconf 85' lang='grc' dir='ltr'><strong>τούτῳ</strong></span> <span class='ocrx_word' id='word_1_69' title='bbox 1886 1181 1972 1231; x_wconf 89' lang='grc' dir='ltr'><strong>γε-</strong></span> 
     </span>
    </p>
   </div>
   <div class='ocr_carea' id='block_1_12' title="bbox 410 1256 1977 1340">
    <p class='ocr_par' dir='ltr' id='par_1_12' title="bbox 410 1256 1977 1340">
     <span class='ocr_line' id='line_1_12' title="bbox 410 1256 1977 1340; baseline -0.013 -15"><span class='ocrx_word' id='word_1_70' title='bbox 410 1275 636 1340; x_wconf 84' lang='grc' dir='ltr'><strong>νήσεται</strong></span> <span class='ocrx_word' id='word_1_71' title='bbox 661 1270 908 1338; x_wconf 86' lang='grc' dir='ltr'><strong>νομίμως</strong></span> <span class='ocrx_word' id='word_1_72' title='bbox 935 1267 1110 1320; x_wconf 89' lang='grc' dir='ltr'><strong>ταῦτα</strong></span> <span class='ocrx_word' id='word_1_73' title='bbox 1145 1264 1536 1332; x_wconf 84' lang='grc' dir='ltr'><strong>πιπράσκοντι,</strong></span> <span class='ocrx_word' id='word_1_74' title='bbox 1581 1257 1701 1311; x_wconf 78' lang='grc' dir='ltr'><strong>ἀλλ’</strong></span> <span class='ocrx_word' id='word_1_75' title='bbox 1726 1256 1977 1308; x_wconf 72' lang='grc' dir='ltr'><strong>ἐάσουσιν</strong></span> 
     </span>
    </p>
   </div>
   <div class='ocr_carea' id='block_1_13' title="bbox 411 1340 1977 1422">
    <p class='ocr_par' dir='ltr' id='par_1_13' title="bbox 411 1340 1977 1422">
     <span class='ocr_line' id='line_1_13' title="bbox 411 1340 1977 1422; baseline -0.014 -9"><span class='ocrx_word' id='word_1_76' title='bbox 411 1363 579 1413; x_wconf 77' lang='grc' dir='ltr'><strong>αὑτὸν</strong></span> <span class='ocrx_word' id='word_1_77' title='bbox 635 1359 836 1419; x_wconf 74' lang='grc' dir='ltr'><strong>πάντες</strong></span> <span class='ocrx_word' id='word_1_78' title='bbox 890 1353 1306 1422; x_wconf 82' lang='grc' dir='ltr'><strong>ἀνεμποδίστως</strong></span> <span class='ocrx_word' id='word_1_79' title='bbox 1361 1351 1464 1417; x_wconf 84' lang='grc' dir='ltr'><strong>τὴν</strong></span> <span class='ocrx_word' id='word_1_80' title='bbox 1514 1346 1723 1398; x_wconf 88' lang='grc' dir='ltr'><strong>τούτων</strong></span> <span class='ocrx_word' id='word_1_81' title='bbox 1775 1340 1977 1419; x_wconf 77' lang='grc' dir='ltr'><strong>πρᾶσιν</strong></span> 
     </span>
    </p>
   </div>
   <div class='ocr_carea' id='block_1_14' title="bbox 413 1430 1981 1521">
    <p class='ocr_par' dir='ltr' id='par_1_14' title="bbox 413 1430 1981 1521">
     <span class='ocr_line' id='line_1_14' title="bbox 413 1430 1981 1521; baseline -0.013 -18"><span class='ocrx_word' id='word_1_82' title='bbox 413 1450 770 1521; x_wconf 88' lang='grc' dir='ltr'><strong>ποιήσασθαι.</strong></span> <span class='ocrx_word' id='word_1_83' title='bbox 813 1447 1015 1501; x_wconf 80' lang='grc' dir='ltr'><strong>Τούτου</strong></span> <span class='ocrx_word' id='word_1_84' title='bbox 1057 1446 1167 1513; x_wconf 88' lang='grc' dir='ltr'><strong>γάρ</strong></span> <span class='ocrx_word' id='word_1_85' title='bbox 1203 1443 1364 1512; x_wconf 83' lang='grc' dir='ltr'><strong>χάριν</strong></span> <span class='ocrx_word' id='word_1_86' title='bbox 1406 1438 1708 1492; x_wconf 79' lang='grc' dir='ltr'><strong>ἐπιδέδοται</strong></span> <span class='ocrx_word' id='word_1_87' title='bbox 1744 1434 1822 1501; x_wconf 86' lang='grc' dir='ltr'><strong>τῷ</strong></span> <span class='ocrx_word' id='word_1_88' title='bbox 1867 1430 1981 1484; x_wconf 72' lang='grc' dir='ltr'><strong>διἀ-</strong></span> 
     </span>
    </p>
   </div>
   <div class='ocr_carea' id='block_1_15' title="bbox 415 1521 1983 1610">
    <p class='ocr_par' dir='ltr' id='par_1_15' title="bbox 415 1521 1983 1610">
     <span class='ocr_line' id='line_1_15' title="bbox 415 1521 1983 1610; baseline -0.013 -17"><span class='ocrx_word' id='word_1_89' title='bbox 415 1541 674 1610; x_wconf 76' lang='grc' dir='ltr'><strong>ληφθέντι</strong></span> <span class='ocrx_word' id='word_1_90' title='bbox 705 1538 958 1607; x_wconf 83' lang='grc' dir='ltr'><strong>σεϐαστῷ</strong></span> <span class='ocrx_word' id='word_1_91' title='bbox 991 1536 1098 1606; x_wconf 90' lang='grc' dir='ltr'><strong>κῦρ</strong></span> <span class='ocrx_word' id='word_1_92' title='bbox 1141 1531 1426 1600; x_wconf 84' lang='grc' dir='ltr'><strong>Εὑσταθίῳ</strong></span> <span class='ocrx_word' id='word_1_93' title='bbox 1455 1529 1532 1598; x_wconf 89' lang='grc' dir='ltr'>τῷ</span> <span class='ocrx_word' id='word_1_94' title='bbox 1579 1526 1842 1593; x_wconf 78' lang='grc' dir='ltr'><strong>Κιννάμῳ</strong></span> <span class='ocrx_word' id='word_1_95' title='bbox 1889 1521 1983 1575; x_wconf 75' lang='grc' dir='ltr'><strong>καὶ</strong></span> 
     </span>
    </p>
   </div>
   <div class='ocr_carea' id='block_1_16' title="bbox 413 1622 1676 1701">
    <p class='ocr_par' dir='ltr' id='par_1_16' title="bbox 413 1622 1676 1701">
     <span class='ocr_line' id='line_1_16' title="bbox 413 1622 1676 1701; baseline -0.013 -15"><span class='ocrx_word' id='word_1_96' title='bbox 413 1636 476 1686; x_wconf 79' lang='grc' dir='ltr'><strong>τὸ</strong></span> <span class='ocrx_word' id='word_1_97' title='bbox 509 1633 684 1701; x_wconf 71' lang='grc' dir='ltr'><strong>παρὸν</strong></span> <span class='ocrx_word' id='word_1_98' title='bbox 708 1632 941 1700; x_wconf 86' lang='grc' dir='ltr'><strong>γράμμα</strong></span> <span class='ocrx_word' id='word_1_99' title='bbox 976 1631 1074 1697; x_wconf 79' lang='grc' dir='ltr'><strong>τῆς</strong></span> <span class='ocrx_word' id='word_1_100' title='bbox 1102 1626 1262 1695; x_wconf 86' lang='grc' dir='ltr'><strong>ήμῶν</strong></span> <span class='ocrx_word' id='word_1_101' title='bbox 1295 1622 1676 1694; x_wconf 86' lang='grc' dir='ltr'><strong>μετριότητος.</strong></span> 
     </span>
    </p>
   </div>
   <div class='ocr_carea' id='block_1_17' title="bbox 483 1714 1503 1794">
    <p class='ocr_par' dir='ltr' id='par_1_17' title="bbox 483 1714 1503 1794">
     <span class='ocr_line' id='line_1_17' title="bbox 483 1714 1503 1794; baseline -0.012 -16"><span class='ocrx_word' id='word_1_102' title='bbox 483 1725 524 1794; x_wconf 69' lang='lat'><strong>1-</strong></span> <span class='ocrx_word' id='word_1_103' title='bbox 555 1721 696 1792; x_wconf 79' lang='grc' dir='ltr'><strong>Είχε</strong></span> <span class='ocrx_word' id='word_1_104' title='bbox 727 1725 793 1776; x_wconf 84' lang='grc' dir='ltr'><strong>τό</strong></span> <span class='ocrx_word' id='word_1_105' title='bbox 817 1737 831 1751; x_wconf 83' lang='lat'><strong><em>°</em></strong></span> <span class='ocrx_word' id='word_1_106' title='bbox 873 1720 1028 1787; x_wconf 75' lang='grc' dir='ltr'><strong>Μηνὶ</strong></span> <span class='ocrx_word' id='word_1_107' title='bbox 1064 1719 1230 1782; x_wconf 76' lang='grc' dir='ltr'><strong>Μαΐῳ</strong></span> <span class='ocrx_word' id='word_1_108' title='bbox 1257 1716 1374 1771; x_wconf 78' lang='grc' dir='ltr'><strong>ινδ.</strong></span> <span class='ocrx_word' id='word_1_109' title='bbox 1410 1714 1503 1768; x_wconf 79' lang='grc' dir='ltr'><strong>ιδ’.</strong></span> 
     </span>
    </p>
   </div>
   <div class='ocr_carea' id='block_1_18' title="bbox 415 1839 2060 1928">
    <p class='ocr_par' dir='ltr' id='par_1_18' title="bbox 415 1839 2060 1928">
     <span class='ocr_line' id='line_1_18' title="bbox 415 1839 2060 1928; baseline -0.013 -17"><span class='ocrx_word' id='word_1_110' title='bbox 415 1854 609 1912; x_wconf 81' lang='lat' dir='ltr'><strong>XXXI.</strong></span> <span class='ocrx_word' id='word_1_111' title='bbox 645 1853 877 1928; x_wconf 58' lang='grc' dir='ltr'><strong>Ιοαηηεε</strong></span> <span class='ocrx_word' id='word_1_112' title='bbox 899 1847 1286 1928; x_wconf 56' lang='grc' dir='ltr'><strong>ηιείγοροίίιαηι</strong></span> <span class='ocrx_word' id='word_1_113' title='bbox 1311 1845 1524 1928; x_wconf 55' lang='lat' dir='ltr'><strong>Anglia:</strong></span> <span class='ocrx_word' id='word_1_114' title='bbox 1555 1850 1694 1897; x_wconf 75' lang='grc' dir='ltr'><strong>νεῖαι</strong></span> <span class='ocrx_word' id='word_1_115' title='bbox 1712 1843 1774 1928; x_wconf 14' lang='lat' dir='ltr'><strong>fin</strong></span> <span class='ocrx_word' id='word_1_116' title='bbox 1802 1839 1986 1891; x_wconf 70' lang='lat' dir='ltr'><strong>alienis</strong></span> <span class='ocrx_word' id='word_1_117' title='bbox 2020 1873 2060 1928; x_wconf 69' lang='grc' dir='ltr'><strong>Β</strong></span> 
     </span>
    </p>
   </div>
   <div class='ocr_carea' id='block_1_19' title="bbox 654 1915 1744 1988">
    <p class='ocr_par' dir='ltr' id='par_1_19' title="bbox 654 1915 1744 1988">
     <span class='ocr_line' id='line_1_19' title="bbox 654 1915 1744 1988; baseline -0.011 -13"><span class='ocrx_word' id='word_1_118' title='bbox 654 1923 952 1976; x_wconf 71' lang='lat' dir='ltr'><strong>dimeen’bus</strong></span> <span class='ocrx_word' id='word_1_119' title='bbox 978 1915 1110 1988; x_wconf 64' lang='lat' dir='ltr'><strong><em>jufa</em></strong></span> <span class='ocrx_word' id='word_1_120' title='bbox 1143 1915 1466 1986; x_wconf 76' lang='grc' dir='ltr'><strong>ερίιεοραίια</strong></span> <span class='ocrx_word' id='word_1_121' title='bbox 1489 1927 1744 1967; x_wconf 70' lang='lat' dir='ltr'><strong><em>exercere.</em></strong></span> 
     </span>
    </p>
   </div>
   <div class='ocr_carea' id='block_1_20' title="bbox 491 2023 1992 2110">
    <p class='ocr_par' dir='ltr' id='par_1_20' title="bbox 491 2023 1992 2110">
     <span class='ocr_line' id='line_1_20' title="bbox 491 2023 1992 2110; baseline -0.011 -19"><span class='ocrx_word' id='word_1_122' title='bbox 491 2041 530 2110; x_wconf 64' lang='grc' dir='ltr'><strong>-ξ-</strong></span> <span class='ocrx_word' id='word_1_123' title='bbox 580 2037 867 2106; x_wconf 82' lang='grc' dir='ltr'><strong>Ἱερώτατε</strong></span> <span class='ocrx_word' id='word_1_124' title='bbox 921 2030 1293 2102; x_wconf 83' lang='grc' dir='ltr'><strong>μητροπολῖτα</strong></span> <span class='ocrx_word' id='word_1_125' title='bbox 1336 2027 1654 2089; x_wconf 78' lang='grc' dir='ltr'><strong>’Δτταλείας</strong></span> <span class='ocrx_word' id='word_1_126' title='bbox 1689 2025 1783 2078; x_wconf 74' lang='grc' dir='ltr'><strong>καὶ</strong></span> <span class='ocrx_word' id='word_1_127' title='bbox 1817 2023 1992 2092; x_wconf 83' lang='grc' dir='ltr'><strong>ὑπέρ⁴</strong></span> 
     </span>
    </p>
   </div>
   <div class='ocr_carea' id='block_1_21' title="bbox 421 2115 1991 2199">
    <p class='ocr_par' dir='ltr' id='par_1_21' title="bbox 421 2115 1991 2199">
     <span class='ocr_line' id='line_1_21' title="bbox 421 2115 1991 2199; baseline -0.011 -15"><span class='ocrx_word' id='word_1_128' title='bbox 421 2149 571 2199; x_wconf 89' lang='grc' dir='ltr'><strong>τιμε,</strong></span> <span class='ocrx_word' id='word_1_129' title='bbox 605 2133 661 2182; x_wconf 93' lang='grc' dir='ltr'><strong>ἐν</strong></span> <span class='ocrx_word' id='word_1_130' title='bbox 691 2129 834 2196; x_wconf 86' lang='grc' dir='ltr'><strong>ἀγίῳ</strong></span> <span class='ocrx_word' id='word_1_131' title='bbox 867 2126 1145 2190; x_wconf 84' lang='grc' dir='ltr'><strong>ῐινεύματι</strong></span> <span class='ocrx_word' id='word_1_132' title='bbox 1177 2119 1432 2190; x_wconf 84' lang='grc' dir='ltr'><strong>ἀγαπητέ</strong></span> <span class='ocrx_word' id='word_1_133' title='bbox 1467 2119 1670 2185; x_wconf 83' lang='grc' dir='ltr'><strong>ἀδελφέ</strong></span> <span class='ocrx_word' id='word_1_134' title='bbox 1697 2117 1795 2185; x_wconf 92' lang='grc' dir='ltr'><strong>τῆς</strong></span> <span class='ocrx_word' id='word_1_135' title='bbox 1835 2115 1991 2186; x_wconf 84' lang='grc' dir='ltr'><strong>ήμῶν</strong></span> 
     </span>
    </p>
   </div>
   <div class='ocr_carea' id='block_1_22' title="bbox 427 2209 1992 2294">
    <p class='ocr_par' dir='ltr' id='par_1_22' title="bbox 427 2209 1992 2294">
     <span class='ocr_line' id='line_1_22' title="bbox 427 2209 1992 2294; baseline -0.014 -17"><span class='ocrx_word' id='word_1_136' title='bbox 427 2222 784 2294; x_wconf 78' lang='grc' dir='ltr'><strong>μετριότητος</strong></span> <span class='ocrx_word' id='word_1_137' title='bbox 815 2218 911 2271; x_wconf 82' lang='grc' dir='ltr'><strong>καὶ</strong></span> <span class='ocrx_word' id='word_1_138' title='bbox 951 2211 1359 2281; x_wconf 79' lang='grc' dir='ltr'><strong>συλλειτουργέ,</strong></span> <span class='ocrx_word' id='word_1_139' title='bbox 1390 2213 1550 2280; x_wconf 85' lang='grc' dir='ltr'><strong>χάρις</strong></span> <span class='ocrx_word' id='word_1_140' title='bbox 1576 2209 1663 2276; x_wconf 87' lang='grc' dir='ltr'><strong>εῐη</strong></span> <span class='ocrx_word' id='word_1_141' title='bbox 1686 2209 1779 2261; x_wconf 79' lang='grc' dir='ltr'><strong>καὶ</strong></span> <span class='ocrx_word' id='word_1_142' title='bbox 1804 2209 1992 2276; x_wconf 88' lang='grc' dir='ltr'><strong>είρήνη</strong></span> 
     </span>
    </p>
   </div>
   <div class='ocr_carea' id='block_1_23' title="bbox 426 2297 1995 2384">
    <p class='ocr_par' dir='ltr' id='par_1_23' title="bbox 426 2297 1995 2384">
     <span class='ocr_line' id='line_1_23' title="bbox 426 2297 1995 2384; baseline -0.013 -17"><span class='ocrx_word' id='word_1_143' title='bbox 426 2315 580 2384; x_wconf 85' lang='grc' dir='ltr'><strong>παρά</strong></span> <span class='ocrx_word' id='word_1_144' title='bbox 629 2310 765 2365; x_wconf 83' lang='grc' dir='ltr'><strong>Θεοῦ</strong></span> <span class='ocrx_word' id='word_1_145' title='bbox 819 2312 884 2379; x_wconf 77' lang='grc' dir='ltr'><strong>τῇ</strong></span> <span class='ocrx_word' id='word_1_146' title='bbox 941 2312 1007 2377; x_wconf 80' lang='grc' dir='ltr'><strong>σῇ</strong></span> <span class='ocrx_word' id='word_1_147' title='bbox 1063 2306 1320 2374; x_wconf 87' lang='grc' dir='ltr'><strong>ἱερότητι.</strong></span> <span class='ocrx_word' id='word_1_148' title='bbox 1373 2303 1437 2354; x_wconf 86' lang='grc' dir='ltr'><em>Ἢ</em></span> <span class='ocrx_word' id='word_1_149' title='bbox 1496 2301 1789 2371; x_wconf 83' lang='grc' dir='ltr'><strong>μετριότης</strong></span> <span class='ocrx_word' id='word_1_150' title='bbox 1838 2297 1995 2367; x_wconf 77' lang='grc' dir='ltr'><strong>ἡμῶν</strong></span> 
     </span>
    </p>
   </div>
   <div class='ocr_carea' id='block_1_24' title="bbox 427 2387 1996 2473">
    <p class='ocr_par' dir='ltr' id='par_1_24' title="bbox 427 2387 1996 2473">
     <span class='ocr_line' id='line_1_24' title="bbox 427 2387 1996 2473; baseline -0.012 -15"><span class='ocrx_word' id='word_1_151' title='bbox 427 2403 748 2473; x_wconf 82' lang='grc' dir='ltr'><strong>ἐγνώρισεν,</strong></span> <span class='ocrx_word' id='word_1_152' title='bbox 787 2403 891 2464; x_wconf 83' lang='grc' dir='ltr'><strong>ὅτι,</strong></span> <span class='ocrx_word' id='word_1_153' title='bbox 929 2399 1012 2451; x_wconf 84' lang='grc' dir='ltr'><strong>διὸ</strong></span> <span class='ocrx_word' id='word_1_154' title='bbox 1037 2397 1360 2468; x_wconf 74' lang='grc' dir='ltr'><strong>εὑρίσκοντο</strong></span> <span class='ocrx_word' id='word_1_155' title='bbox 1394 2395 1450 2446; x_wconf 84' lang='grc' dir='ltr'><strong>αῖ</strong></span> <span class='ocrx_word' id='word_1_156' title='bbox 1485 2392 1674 2446; x_wconf 78' lang='grc' dir='ltr'><strong>αὐτόθι</strong></span> <span class='ocrx_word' id='word_1_157' title='bbox 1709 2387 1996 2457; x_wconf 80' lang='grc' dir='ltr'><strong>ἐκκλησίαι</strong></span> 
     </span>
    </p>
   </div>
   <div class='ocr_carea' id='block_1_25' title="bbox 431 2479 2000 2566">
    <p class='ocr_par' dir='ltr' id='par_1_25' title="bbox 431 2479 2000 2566">
     <span class='ocr_line' id='line_1_25' title="bbox 431 2479 2000 2566; baseline -0.011 -18"><span class='ocrx_word' id='word_1_158' title='bbox 431 2497 507 2566; x_wconf 86' lang='grc' dir='ltr'><strong>μὴ</strong></span> <span class='ocrx_word' id='word_1_159' title='bbox 548 2496 771 2564; x_wconf 79' lang='grc' dir='ltr'><strong>ἔχουσαι</strong></span> <span class='ocrx_word' id='word_1_160' title='bbox 812 2491 1076 2560; x_wconf 75' lang='grc' dir='ltr'><strong>γνησίους</strong></span> <span class='ocrx_word' id='word_1_161' title='bbox 1127 2489 1430 2558; x_wconf 79' lang='grc' dir='ltr'><strong>ἀρχιερεῖς,</strong></span> <span class='ocrx_word' id='word_1_162' title='bbox 1469 2479 1627 2554; x_wconf 74' lang='grc' dir='ltr'><strong>εὗρες</strong></span> <span class='ocrx_word' id='word_1_163' title='bbox 1671 2482 1856 2536; x_wconf 86' lang='grc' dir='ltr'><strong>ἀδειαν</strong></span> <span class='ocrx_word' id='word_1_164' title='bbox 1903 2483 2000 2531; x_wconf 60' lang='grc' dir='ltr'><strong>καὶ⁵</strong></span> 
     </span>
    </p>
   </div>
   <div class='ocr_carea' id='block_1_26' title="bbox 427 2572 2002 2657">
    <p class='ocr_par' dir='ltr' id='par_1_26' title="bbox 427 2572 2002 2657">
     <span class='ocr_line' id='line_1_26' title="bbox 427 2572 2002 2657; baseline -0.012 -16"><span class='ocrx_word' id='word_1_165' title='bbox 427 2589 624 2657; x_wconf 83' lang='grc' dir='ltr'><strong>ἐξέρχῃ</strong></span> <span class='ocrx_word' id='word_1_166' title='bbox 656 2585 765 2640; x_wconf 78' lang='grc' dir='ltr'><strong>ἀπὸ</strong></span> <span class='ocrx_word' id='word_1_167' title='bbox 808 2584 906 2652; x_wconf 86' lang='grc' dir='ltr'><strong>τῆς</strong></span> <span class='ocrx_word' id='word_1_168' title='bbox 953 2581 1164 2652; x_wconf 89' lang='grc' dir='ltr'><strong>ἐνορίας</strong></span> <span class='ocrx_word' id='word_1_169' title='bbox 1207 2596 1325 2642; x_wconf 86' lang='grc' dir='ltr'><strong>σου,</strong></span> <span class='ocrx_word' id='word_1_170' title='bbox 1364 2578 1458 2630; x_wconf 70' lang='grc' dir='ltr'><strong>καὶ</strong></span> <span class='ocrx_word' id='word_1_171' title='bbox 1492 2575 1876 2646; x_wconf 85' lang='grc' dir='ltr'><strong>ίεροπρακτεῖς</strong></span> <span class='ocrx_word' id='word_1_172' title='bbox 1910 2572 2002 2624; x_wconf 69' lang='grc' dir='ltr'><strong>καὶ</strong></span> 
     </span>
    </p>
   </div>
   <div class='ocr_carea' id='block_1_27' title="bbox 430 2663 2012 2748">
    <p class='ocr_par' dir='ltr' id='par_1_27' title="bbox 430 2663 2012 2748">
     <span class='ocr_line' id='line_1_27' title="bbox 430 2663 2012 2748; baseline -0.011 -17"><span class='ocrx_word' id='word_1_173' title='bbox 430 2679 676 2748; x_wconf 86' lang='grc' dir='ltr'><strong>ἐνεργεῖς</strong></span> <span class='ocrx_word' id='word_1_174' title='bbox 721 2676 791 2727; x_wconf 88' lang='grc' dir='ltr'><strong>τά</strong></span> <span class='ocrx_word' id='word_1_175' title='bbox 836 2673 945 2726; x_wconf 81' lang='grc' dir='ltr'><strong>τῶν</strong></span> <span class='ocrx_word' id='word_1_176' title='bbox 995 2674 1300 2743; x_wconf 85' lang='grc' dir='ltr'><strong>ἀρχιερέων</strong></span> <span class='ocrx_word' id='word_1_177' title='bbox 1348 2670 1426 2731; x_wconf 90' lang='grc' dir='ltr'><strong>είς</strong></span> <span class='ocrx_word' id='word_1_178' title='bbox 1476 2671 1574 2726; x_wconf 75' lang='grc' dir='ltr'><strong>τὰς</strong></span> <span class='ocrx_word' id='word_1_179' title='bbox 1622 2665 1835 2728; x_wconf 83' lang='grc' dir='ltr'><strong>ἐνορίας</strong></span> <span class='ocrx_word' id='word_1_180' title='bbox 1893 2663 2012 2716; x_wconf 82' lang='grc' dir='ltr'><strong>τῶν·</strong></span> 
     </span>
    </p>
   </div>
   <div class='ocr_carea' id='block_1_28' title="bbox 430 2755 2003 2838">
    <p class='ocr_par' dir='ltr' id='par_1_28' title="bbox 430 2755 2003 2838">
     <span class='ocr_line' id='line_1_28' title="bbox 430 2755 2003 2838; baseline -0.011 -13"><span class='ocrx_word' id='word_1_181' title='bbox 430 2771 606 2825; x_wconf 88' lang='grc' dir='ltr'><strong>ἀλλων</strong></span> <span class='ocrx_word' id='word_1_182' title='bbox 647 2766 980 2838; x_wconf 85' lang='grc' dir='ltr'><strong>ἐκκλησιῶν,</strong></span> <span class='ocrx_word' id='word_1_183' title='bbox 1027 2765 1123 2817; x_wconf 66' lang='grc' dir='ltr'><strong>κα)⁵</strong></span> <span class='ocrx_word' id='word_1_184' title='bbox 1170 2762 1328 2815; x_wconf 88' lang='grc' dir='ltr'><strong>τοῦτο</strong></span> <span class='ocrx_word' id='word_1_185' title='bbox 1376 2760 1531 2814; x_wconf 70' lang='grc' dir='ltr'><strong>οὐδὲν</strong></span> <span class='ocrx_word' id='word_1_186' title='bbox 1584 2759 1668 2811; x_wconf 81' lang='grc' dir='ltr'><strong>ἐνι</strong></span> <span class='ocrx_word' id='word_1_187' title='bbox 1716 2755 2003 2809; x_wconf 72' lang='grc' dir='ltr'><strong>κανονικὸν</strong></span> 
     </span>
    </p>
   </div>
   <div class='ocr_carea' id='block_1_29' title="bbox 431 2848 2005 2924">
    <p class='ocr_par' dir='ltr' id='par_1_29' title="bbox 431 2848 2005 2924">
     <span class='ocr_line' id='line_1_29' title="bbox 431 2848 2005 2924; baseline -0.013 -7"><span class='ocrx_word' id='word_1_188' title='bbox 431 2862 550 2917; x_wconf 79' lang='grc' dir='ltr'><strong>οὐδὲ</strong></span> <span class='ocrx_word' id='word_1_189' title='bbox 583 2861 812 2921; x_wconf 87' lang='grc' dir='ltr'><strong>δίκαιον,</strong></span> <span class='ocrx_word' id='word_1_190' title='bbox 843 2857 930 2911; x_wconf 87' lang='grc' dir='ltr'><strong>ἶνα</strong></span> <span class='ocrx_word' id='word_1_191' title='bbox 962 2856 1179 2924; x_wconf 87' lang='grc' dir='ltr'><strong>γίνηται</strong></span> <span class='ocrx_word' id='word_1_192' title='bbox 1202 2854 1354 2922; x_wconf 86' lang='grc' dir='ltr'><strong>παρά</strong></span> <span class='ocrx_word' id='word_1_193' title='bbox 1383 2853 1498 2903; x_wconf 84' lang='grc' dir='ltr'><strong>σοῦ·</strong></span> <span class='ocrx_word' id='word_1_194' title='bbox 1527 2852 1623 2904; x_wconf 66' lang='grc' dir='ltr'><strong>καλ⁸</strong></span> <span class='ocrx_word' id='word_1_195' title='bbox 1652 2849 1836 2916; x_wconf 86' lang='grc' dir='ltr'><strong>ἐπειδὴ</strong></span> <span class='ocrx_word' id='word_1_196' title='bbox 1864 2848 2005 2915; x_wconf 83' lang='grc' dir='ltr'><strong>ἐχει-</strong></span> 
     </span>
    </p>
   </div>
   <div class='ocr_carea' id='block_1_30' title="bbox 436 2939 2006 3020">
    <p class='ocr_par' dir='ltr' id='par_1_30' title="bbox 436 2939 2006 3020">
     <span class='ocr_line' id='line_1_30' title="bbox 436 2939 2006 3020; baseline -0.01 -16"><span class='ocrx_word' id='word_1_197' title='bbox 436 2951 700 3020; x_wconf 81' lang='grc' dir='ltr'><strong>ροτονήθη</strong></span> <span class='ocrx_word' id='word_1_198' title='bbox 731 2950 826 3002; x_wconf 83' lang='grc' dir='ltr'><strong>καὶ</strong></span> <span class='ocrx_word' id='word_1_199' title='bbox 870 2944 1287 3013; x_wconf 81' lang='grc' dir='ltr'><strong>καταλαμϐάνει</strong></span> <span class='ocrx_word' id='word_1_200' title='bbox 1318 2942 1412 2995; x_wconf 81' lang='grc' dir='ltr'><strong>καὶ</strong></span> <span class='ocrx_word' id='word_1_201' title='bbox 1453 2941 1751 3010; x_wconf 79' lang='grc' dir='ltr'><strong>ἀρχιερεὺς</strong></span> <span class='ocrx_word' id='word_1_202' title='bbox 1796 2939 2006 3005; x_wconf 57' lang='grc' dir='ltr'><strong>είςιτὴν</strong></span> 
     </span>
    </p>
   </div>
   <div class='ocr_carea' id='block_1_31' title="bbox 434 3031 2006 3111">
    <p class='ocr_par' dir='ltr' id='par_1_31' title="bbox 434 3031 2006 3111">
     <span class='ocr_line' id='line_1_31' title="bbox 434 3031 2006 3111; baseline -0.011 -14"><span class='ocrx_word' id='word_1_203' title='bbox 434 3043 748 3111; x_wconf 87' lang='grc' dir='ltr'><strong>ἀγιωτάτην</strong></span> <span class='ocrx_word' id='word_1_204' title='bbox 807 3037 1141 3108; x_wconf 82' lang='grc' dir='ltr'><strong>μητρόπολιν</strong></span> <span class='ocrx_word' id='word_1_205' title='bbox 1187 3035 1414 3103; x_wconf 84' lang='grc' dir='ltr'><strong>Μύρων,</strong></span> <span class='ocrx_word' id='word_1_206' title='bbox 1469 3034 1562 3084; x_wconf 79' lang='grc' dir='ltr'><strong>καὶ</strong></span> <span class='ocrx_word' id='word_1_207' title='bbox 1616 3031 2006 3099; x_wconf 78' lang='grc' dir='ltr'><strong>ἀπεστάλησαν</strong></span> 
     </span>
    </p>
   </div>
   <div class='ocr_carea' id='block_1_32' title="bbox 438 3122 2006 3199">
    <p class='ocr_par' dir='ltr' id='par_1_32' title="bbox 438 3122 2006 3199">
     <span class='ocr_line' id='line_1_32' title="bbox 438 3122 2006 3199; baseline -0.008 -15"><span class='ocrx_word' id='word_1_208' title='bbox 438 3136 528 3184; x_wconf 67' lang='grc' dir='ltr'><strong>καὶ</strong></span> <span class='ocrx_word' id='word_1_209' title='bbox 572 3133 752 3199; x_wconf 73' lang='grc' dir='ltr'><strong>ἕτεροι</strong></span> <span class='ocrx_word' id='word_1_210' title='bbox 806 3128 1084 3197; x_wconf 76' lang='grc' dir='ltr'><strong>ἀρχιερεῖς</strong></span> <span class='ocrx_word' id='word_1_211' title='bbox 1147 3126 1225 3186; x_wconf 87' lang='grc' dir='ltr'><strong>εἰς</strong></span> <span class='ocrx_word' id='word_1_212' title='bbox 1283 3125 1381 3184; x_wconf 79' lang='grc' dir='ltr'><strong>τὰς</strong></span> <span class='ocrx_word' id='word_1_213' title='bbox 1439 3122 1627 3175; x_wconf 81' lang='grc' dir='ltr'><strong>αὑτόθι</strong></span> <span class='ocrx_word' id='word_1_214' title='bbox 1685 3122 2006 3190; x_wconf 77' lang='grc' dir='ltr'><strong>ἐκκλησίας,</strong></span> 
     </span>
    </p>
   </div>
   <div class='ocr_carea' id='block_1_33' title="bbox 438 3213 2008 3294">
    <p class='ocr_par' dir='ltr' id='par_1_33' title="bbox 438 3213 2008 3294">
     <span class='ocr_line' id='line_1_33' title="bbox 438 3213 2008 3294; baseline -0.008 -18"><span class='ocrx_word' id='word_1_215' title='bbox 438 3223 700 3294; x_wconf 85' lang='grc' dir='ltr'><strong>χωρεῖσθε</strong></span> <span class='ocrx_word' id='word_1_216' title='bbox 752 3213 832 3282; x_wconf 84' lang='grc' dir='ltr'><strong>εἷς</strong></span> <span class='ocrx_word' id='word_1_217' title='bbox 875 3220 1108 3279; x_wconf 66' lang='grc' dir='ltr'><strong>ἕκαστος</strong></span> <span class='ocrx_word' id='word_1_218' title='bbox 1150 3219 1242 3269; x_wconf 72' lang='grc' dir='ltr'><strong>καὶ</strong></span> <span class='ocrx_word' id='word_1_219' title='bbox 1296 3215 1552 3284; x_wconf 80' lang='grc' dir='ltr'><strong>ἀρκεῖσθε</strong></span> <span class='ocrx_word' id='word_1_220' title='bbox 1586 3215 1665 3276; x_wconf 89' lang='grc' dir='ltr'><strong>είς</strong></span> <span class='ocrx_word' id='word_1_221' title='bbox 1715 3214 1818 3284; x_wconf 87' lang='grc' dir='ltr'><strong>τὴν</strong></span> <span class='ocrx_word' id='word_1_222' title='bbox 1868 3213 2008 3266; x_wconf 85' lang='grc' dir='ltr'><strong>ίδίαν</strong></span> 
     </span>
    </p>
   </div>
   <div class='ocr_carea' id='block_1_34' title="bbox 439 3307 2008 3384">
    <p class='ocr_par' dir='ltr' id='par_1_34' title="bbox 439 3307 2008 3384">
     <span class='ocr_line' id='line_1_34' title="bbox 439 3307 2008 3384; baseline -0.006 -17"><span class='ocrx_word' id='word_1_223' title='bbox 439 3317 676 3384; x_wconf 81' lang='grc' dir='ltr'><strong>ἐνορίαν,</strong></span> <span class='ocrx_word' id='word_1_224' title='bbox 712 3315 804 3364; x_wconf 74' lang='grc' dir='ltr'><strong>καὶ</strong></span> <span class='ocrx_word' id='word_1_225' title='bbox 861 3311 1026 3379; x_wconf 76' lang='grc' dir='ltr'><strong>μηδὲν</strong></span> <span class='ocrx_word' id='word_1_226' title='bbox 1061 3307 1441 3380; x_wconf 82' lang='grc' dir='ltr'><strong>παρεκϐαίνῃς</strong></span> <span class='ocrx_word' id='word_1_227' title='bbox 1485 3309 1579 3359; x_wconf 75' lang='grc' dir='ltr'><strong>καὶ</strong></span> <span class='ocrx_word' id='word_1_228' title='bbox 1632 3307 2008 3374; x_wconf 81' lang='grc' dir='ltr'><strong>ίεροπρακτῇς</strong></span> 
     </span>
    </p>
   </div>
   <div class='ocr_carea' id='block_1_35' title="bbox 441 3397 2010 3474">
    <p class='ocr_par' dir='ltr' id='par_1_35' title="bbox 441 3397 2010 3474">
     <span class='ocr_line' id='line_1_35' title="bbox 441 3397 2010 3474; baseline -0.008 -15"><span class='ocrx_word' id='word_1_229' title='bbox 441 3410 519 3468; x_wconf 86' lang='grc' dir='ltr'><strong>εἰς</strong></span> <span class='ocrx_word' id='word_1_230' title='bbox 550 3407 717 3474; x_wconf 81' lang='grc' dir='ltr'><strong>ἄλλης</strong></span> <span class='ocrx_word' id='word_1_231' title='bbox 749 3402 1047 3470; x_wconf 75' lang='grc' dir='ltr'><strong>ἐκκλησίας</strong></span> <span class='ocrx_word' id='word_1_232' title='bbox 1089 3402 1324 3469; x_wconf 75' lang='grc' dir='ltr'><strong>ἐνορίαν,</strong></span> <span class='ocrx_word' id='word_1_233' title='bbox 1353 3400 1437 3450; x_wconf 84' lang='grc' dir='ltr'><strong>ὅτι</strong></span> <span class='ocrx_word' id='word_1_234' title='bbox 1478 3397 1637 3450; x_wconf 91' lang='grc' dir='ltr'><strong>τοῦτο</strong></span> <span class='ocrx_word' id='word_1_235' title='bbox 1671 3401 1750 3460; x_wconf 82' lang='grc' dir='ltr'><strong>εἰς</strong></span> <span class='ocrx_word' id='word_1_236' title='bbox 1790 3397 2010 3448; x_wconf 81' lang='grc' dir='ltr'><strong>καταδί-</strong></span> 
     </span>
    </p>
   </div>
   <div class='ocr_carea' id='block_1_36' title="bbox 443 3488 2011 3565">
    <p class='ocr_par' dir='ltr' id='par_1_36' title="bbox 443 3488 2011 3565">
     <span class='ocr_line' id='line_1_36' title="bbox 443 3488 2011 3565; baseline -0.006 -17"><span class='ocrx_word' id='word_1_237' title='bbox 443 3515 544 3565; x_wconf 89' lang='grc' dir='ltr'><strong>κην</strong></span> <span class='ocrx_word' id='word_1_238' title='bbox 577 3498 670 3548; x_wconf 82' lang='grc' dir='ltr'><strong>καὶ</strong></span> <span class='ocrx_word' id='word_1_239' title='bbox 714 3492 944 3562; x_wconf 78' lang='grc' dir='ltr'><strong>εὐθύνην</strong></span> <span class='ocrx_word' id='word_1_240' title='bbox 990 3492 1048 3543; x_wconf 78' lang='grc' dir='ltr'><strong>σέ</strong></span> <span class='ocrx_word' id='word_1_241' title='bbox 1081 3491 1239 3559; x_wconf 84' lang='grc' dir='ltr'><strong>φέρει</strong></span> <span class='ocrx_word' id='word_1_242' title='bbox 1271 3489 1580 3558; x_wconf 89' lang='grc' dir='ltr'><strong>κανονικὴν,</strong></span> <span class='ocrx_word' id='word_1_243' title='bbox 1615 3490 1708 3540; x_wconf 79' lang='grc' dir='ltr'><strong>καὶ</strong></span> <span class='ocrx_word' id='word_1_244' title='bbox 1739 3491 1834 3541; x_wconf 64' lang='grc' dir='ltr'><strong>ἐὰν</strong></span> <span class='ocrx_word' id='word_1_245' title='bbox 1859 3488 2011 3540; x_wconf 90' lang='grc' dir='ltr'><strong>οὑδέν</strong></span> 
     </span>
    </p>
   </div>
   <div class='ocr_carea' id='block_1_37' title="bbox 443 3581 2012 3658">
    <p class='ocr_par' dir='ltr' id='par_1_37' title="bbox 443 3581 2012 3658">
     <span class='ocr_line' id='line_1_37' title="bbox 443 3581 2012 3658; baseline -0.006 -17"><span class='ocrx_word' id='word_1_246' title='bbox 443 3589 660 3658; x_wconf 79' lang='grc' dir='ltr'><strong>παύσῃς</strong></span> <span class='ocrx_word' id='word_1_247' title='bbox 701 3585 798 3638; x_wconf 87' lang='grc' dir='ltr'><strong>τοῦ</strong></span> <span class='ocrx_word' id='word_1_248' title='bbox 831 3587 1008 3637; x_wconf 90' lang='grc' dir='ltr'><strong>ποιεῖν</strong></span> <span class='ocrx_word' id='word_1_249' title='bbox 1036 3585 1105 3636; x_wconf 92' lang='grc' dir='ltr'><strong>τά</strong></span> <span class='ocrx_word' id='word_1_250' title='bbox 1133 3584 1383 3646; x_wconf 88' lang='grc' dir='ltr'><strong>τοιαῦτα,</strong></span> <span class='ocrx_word' id='word_1_251' title='bbox 1418 3583 1565 3652; x_wconf 74' lang='grc' dir='ltr'><strong>ἅπερ</strong></span> <span class='ocrx_word' id='word_1_252' title='bbox 1601 3584 1737 3637; x_wconf 74' lang='grc' dir='ltr'><strong>εἰσὶν</strong></span> <span class='ocrx_word' id='word_1_253' title='bbox 1768 3581 1873 3648; x_wconf 72' lang='grc' dir='ltr'><strong>ἔξω</strong></span> <span class='ocrx_word' id='word_1_254' title='bbox 1906 3581 2012 3633; x_wconf 83' lang='grc' dir='ltr'><strong>τῶν</strong></span> 
     </span>
    </p>
   </div>
   <div class='ocr_carea' id='block_1_38' title="bbox 444 3673 2014 3746">
    <p class='ocr_par' dir='ltr' id='par_1_38' title="bbox 444 3673 2014 3746">
     <span class='ocr_line' id='line_1_38' title="bbox 444 3673 2014 3746; baseline -0.005 -14"><span class='ocrx_word' id='word_1_255' title='bbox 444 3681 701 3741; x_wconf 87' lang='grc' dir='ltr'><strong>κανόνων,</strong></span> <span class='ocrx_word' id='word_1_256' title='bbox 757 3677 972 3746; x_wconf 79' lang='grc' dir='ltr'><strong>μέλλεις</strong></span> <span class='ocrx_word' id='word_1_257' title='bbox 1019 3674 1485 3744; x_wconf 81' lang='grc' dir='ltr'><strong>καταδικασθῆναι</strong></span> <span class='ocrx_word' id='word_1_258' title='bbox 1542 3675 1634 3727; x_wconf 77' lang='grc' dir='ltr'><strong>καὶ</strong></span> <span class='ocrx_word' id='word_1_259' title='bbox 1688 3673 2014 3742; x_wconf 84' lang='grc' dir='ltr'><strong>εὑθυνθῆναι</strong></span> 
     </span>
    </p>
   </div>
   <div class='ocr_carea' id='block_1_39' title="bbox 445 3766 2014 3840">
    <p class='ocr_par' dir='ltr' id='par_1_39' title="bbox 445 3766 2014 3840">
     <span class='ocr_line' id='line_1_39' title="bbox 445 3766 2014 3840; baseline -0.005 -16"><span class='ocrx_word' id='word_1_260' title='bbox 445 3771 597 3840; x_wconf 87' lang='grc' dir='ltr'><strong>παρά</strong></span> <span class='ocrx_word' id='word_1_261' title='bbox 626 3770 726 3838; x_wconf 88' lang='grc' dir='ltr'><strong>τῆς</strong></span> <span class='ocrx_word' id='word_1_262' title='bbox 751 3771 910 3839; x_wconf 84' lang='grc' dir='ltr'><strong>ήμῶν</strong></span> <span class='ocrx_word' id='word_1_263' title='bbox 939 3771 1289 3838; x_wconf 80' lang='grc' dir='ltr'><strong>μετριότητος</strong></span> <span class='ocrx_word' id='word_1_264' title='bbox 1320 3770 1411 3820; x_wconf 79' lang='grc' dir='ltr'><strong>καὶ</strong></span> <span class='ocrx_word' id='word_1_265' title='bbox 1438 3767 1540 3835; x_wconf 90' lang='grc' dir='ltr'><strong>τῆς</strong></span> <span class='ocrx_word' id='word_1_266' title='bbox 1570 3766 1718 3828; x_wconf 87' lang='grc' dir='ltr'><strong>θείας</strong></span> <span class='ocrx_word' id='word_1_267' title='bbox 1743 3769 1837 3820; x_wconf 69' lang='grc' dir='ltr'><strong>καὶ</strong></span> <span class='ocrx_word' id='word_1_268' title='bbox 1866 3767 2014 3834; x_wconf 77' lang='grc' dir='ltr'><strong>ἱεράς</strong></span> 
     </span>
    </p>
   </div>
   <div class='ocr_carea' id='block_1_40' title="bbox 449 3860 2017 3926">
    <p class='ocr_par' dir='ltr' id='par_1_40' title="bbox 449 3860 2017 3926">
     <span class='ocr_line' id='line_1_40' title="bbox 449 3860 2017 3926; baseline -0.004 -10"><span class='ocrx_word' id='word_1_269' title='bbox 449 3863 669 3916; x_wconf 84' lang='grc' dir='ltr'><strong>συνόδου</strong></span> <span class='ocrx_word' id='word_1_270' title='bbox 723 3861 1048 3922; x_wconf 84' lang='grc' dir='ltr'><strong>κανονικῶς.</strong></span> <span class='ocrx_word' id='word_1_271' title='bbox 1082 3861 1180 3913; x_wconf 88' lang='grc' dir='ltr'><strong>Διά</strong></span> <span class='ocrx_word' id='word_1_272' title='bbox 1227 3861 1388 3912; x_wconf 88' lang='grc' dir='ltr'><strong>τοῦτο</strong></span> <span class='ocrx_word' id='word_1_273' title='bbox 1443 3861 1539 3912; x_wconf 75' lang='grc' dir='ltr'><strong>καὶ</strong></span> <span class='ocrx_word' id='word_1_274' title='bbox 1599 3860 1864 3926; x_wconf 87' lang='grc' dir='ltr'><strong>συντήρου</strong></span> <span class='ocrx_word' id='word_1_275' title='bbox 1922 3861 2017 3911; x_wconf 76' lang='grc' dir='ltr'><strong>καὶ</strong></span> 
     </span>
    </p>
   </div>
   <div class='ocr_carea' id='block_1_41' title="bbox 449 3951 2017 4020">
    <p class='ocr_par' dir='ltr' id='par_1_41' title="bbox 449 3951 2017 4020">
     <span class='ocr_line' id='line_1_41' title="bbox 449 3951 2017 4020; baseline -0.005 -12"><span class='ocrx_word' id='word_1_276' title='bbox 449 3957 594 4008; x_wconf 90' lang='grc' dir='ltr'><strong>ποίει</strong></span> <span class='ocrx_word' id='word_1_277' title='bbox 642 3954 752 4008; x_wconf 79' lang='grc' dir='ltr'><strong>ἀπὸ</strong></span> <span class='ocrx_word' id='word_1_278' title='bbox 799 3953 892 4005; x_wconf 80' lang='grc' dir='ltr'><strong>τοῦ</strong></span> <span class='ocrx_word' id='word_1_279' title='bbox 944 3952 1061 4016; x_wconf 88' lang='grc' dir='ltr'><strong>νῦν,</strong></span> <span class='ocrx_word' id='word_1_280' title='bbox 1120 3951 1304 4013; x_wconf 87' lang='grc' dir='ltr'><strong>καθὼς</strong></span> <span class='ocrx_word' id='word_1_281' title='bbox 1374 3951 1678 4020; x_wconf 82' lang='grc' dir='ltr'><strong>παραδηλοῖ</strong></span> <span class='ocrx_word' id='word_1_282' title='bbox 1724 3951 1861 4018; x_wconf 75' lang='grc' dir='ltr'><strong>πρὸς</strong></span> <span class='ocrx_word' id='word_1_283' title='bbox 1920 3951 2017 4020; x_wconf 86' lang='grc' dir='ltr'><strong>τὴν</strong></span> 
     </span>
    </p>
   </div>
   <div class='ocr_carea' id='block_1_42' title="bbox 452 4040 2019 4116">
    <p class='ocr_par' dir='ltr' id='par_1_42' title="bbox 452 4040 2019 4116">
     <span class='ocr_line' id='line_1_42' title="bbox 452 4040 2019 4116; baseline -0.004 -18"><span class='ocrx_word' id='word_1_284' title='bbox 452 4045 706 4116; x_wconf 86' lang='grc' dir='ltr'><strong>ίερότητά</strong></span> <span class='ocrx_word' id='word_1_285' title='bbox 760 4061 854 4095; x_wconf 91' lang='grc' dir='ltr'><strong>σου</strong></span> <span class='ocrx_word' id='word_1_286' title='bbox 914 4044 946 4111; x_wconf 85' lang='grc' dir='ltr'><strong>ὴ</strong></span> <span class='ocrx_word' id='word_1_287' title='bbox 1008 4043 1298 4111; x_wconf 86' lang='grc' dir='ltr'><strong>μετριότης</strong></span> <span class='ocrx_word' id='word_1_288' title='bbox 1351 4041 1531 4112; x_wconf 84' lang='grc' dir='ltr'><strong>ήμῶν.</strong></span> <span class='ocrx_word' id='word_1_289' title='bbox 1581 4041 1646 4094; x_wconf 83' lang='grc' dir='ltr'><strong><em>Ἥ</em></strong></span> <span class='ocrx_word' id='word_1_290' title='bbox 1704 4041 1862 4110; x_wconf 85' lang='grc' dir='ltr'><strong>χάρις</strong></span> <span class='ocrx_word' id='word_1_291' title='bbox 1924 4040 2019 4092; x_wconf 89' lang='grc' dir='ltr'><strong>τοῦ</strong></span> 
     </span>
    </p>
   </div>
   <div class='ocr_carea' id='block_1_43' title="bbox 449 4136 1032 4208">
    <p class='ocr_par' dir='ltr' id='par_1_43' title="bbox 449 4136 1032 4208">
     <span class='ocr_line' id='line_1_43' title="bbox 449 4136 1032 4208; baseline -0.007 -16"><span class='ocrx_word' id='word_1_292' title='bbox 449 4139 584 4192; x_wconf 84' lang='grc' dir='ltr'><strong>Θεοῦ</strong></span> <span class='ocrx_word' id='word_1_293' title='bbox 622 4139 707 4208; x_wconf 82' lang='grc' dir='ltr'><strong>εἴη</strong></span> <span class='ocrx_word' id='word_1_294' title='bbox 743 4138 882 4208; x_wconf 81' lang='grc' dir='ltr'><strong>μετὰ</strong></span> <span class='ocrx_word' id='word_1_295' title='bbox 911 4136 1032 4189; x_wconf 90' lang='grc' dir='ltr'><strong>σοῦ.</strong></span> 
     </span>
    </p>
   </div>
   <div class='ocr_carea' id='block_1_44' title="bbox 520 4225 1508 4299">
    <p class='ocr_par' dir='ltr' id='par_1_44' title="bbox 520 4225 1508 4299">
     <span class='ocr_line' id='line_1_44' title="bbox 520 4225 1508 4299; baseline -0.001 -17"><span class='ocrx_word' id='word_1_296' title='bbox 520 4229 560 4299; x_wconf 70' lang='grc' dir='ltr'><strong>ἰ-</strong></span> <span class='ocrx_word' id='word_1_297' title='bbox 597 4225 736 4298; x_wconf 81' lang='grc' dir='ltr'><strong>Εῖχε</strong></span> <span class='ocrx_word' id='word_1_298' title='bbox 774 4230 860 4282; x_wconf 76' lang='grc' dir='ltr'><strong>τό¹</strong></span> <span class='ocrx_word' id='word_1_299' title='bbox 890 4227 1046 4294; x_wconf 79' lang='grc' dir='ltr'><strong>Μηνί</strong></span> <span class='ocrx_word' id='word_1_300' title='bbox 1078 4227 1243 4291; x_wconf 77' lang='grc' dir='ltr'><strong>Μαΐῳ</strong></span> <span class='ocrx_word' id='word_1_301' title='bbox 1269 4227 1381 4280; x_wconf 80' lang='grc' dir='ltr'><strong>ίνδ.</strong></span> <span class='ocrx_word' id='word_1_302' title='bbox 1417 4227 1508 4281; x_wconf 78' lang='grc' dir='ltr'><strong>ιδ’.</strong></span> 
     </span>
    </p>
   </div>
   <div class='ocr_carea' id='block_1_45' title="bbox 454 4363 2022 4436">
    <p class='ocr_par' dir='ltr' id='par_1_45' title="bbox 454 4363 2022 4436">
     <span class='ocr_line' id='line_1_45' title="bbox 454 4363 2022 4436; baseline -0.004 -14"><span class='ocrx_word' id='word_1_303' title='bbox 454 4365 668 4422; x_wconf 82' lang='lat' dir='ltr'><strong>XXXII.</strong></span> <span class='ocrx_word' id='word_1_304' title='bbox 697 4364 938 4436; x_wconf 74' lang='lat' dir='ltr'><strong>Synodus</strong></span> <span class='ocrx_word' id='word_1_305' title='bbox 957 4363 1258 4418; x_wconf 76' lang='lat' dir='ltr'><strong>electionem</strong></span> <span class='ocrx_word' id='word_1_306' title='bbox 1278 4367 1502 4434; x_wconf 61' lang='lat' dir='ltr'><strong>episcopi</strong></span> <span class='ocrx_word' id='word_1_307' title='bbox 1527 4363 1723 4420; x_wconf 67' lang='lat' dir='ltr'><strong><em>Macra</em></strong></span> <span class='ocrx_word' id='word_1_308' title='bbox 1749 4379 1796 4419; x_wconf 72' lang='lat' dir='ltr'><strong><em>et</em></strong></span> <span class='ocrx_word' id='word_1_309' title='bbox 1823 4363 2022 4433; x_wconf 67' lang='lat' dir='ltr'><strong>Libym</strong></span> 
     </span>
    </p>
   </div>
   <div class='ocr_carea' id='block_1_46' title="bbox 1041 4436 1430 4503">
    <p class='ocr_par' dir='ltr' id='par_1_46' title="bbox 1041 4436 1430 4503">
     <span class='ocr_line' id='line_1_46' title="bbox 1041 4436 1430 4503; baseline -0.003 -15"><span class='ocrx_word' id='word_1_310' title='bbox 1041 4437 1249 4489; x_wconf 70' lang='lat' dir='ltr'><strong>irritam</strong></span> <span class='ocrx_word' id='word_1_311' title='bbox 1280 4436 1430 4503; x_wconf 75' lang='lat' dir='ltr'><strong>facit.</strong></span> 
     </span>
    </p>
   </div>
   <div class='ocr_carea' id='block_1_47' title="bbox 2035 3241 2081 3293">
    <p class='ocr_par' dir='ltr' id='par_1_47' title="bbox 2035 3241 2081 3293">
     <span class='ocr_line' id='line_1_47' title="bbox 2035 3241 2081 3293; baseline 0 0"><span class='ocrx_word' id='word_1_312' title='bbox 2035 3241 2081 3293; x_wconf 76' lang='grc' dir='ltr'><strong>ϐ</strong></span> 
     </span>
    </p>
   </div>
   <div class='ocr_carea' id='block_1_48' title="bbox 2069 617 3635 692">
    <p class='ocr_par' dir='ltr' id='par_1_48' title="bbox 2069 617 3635 692">
     <span class='ocr_line' id='line_1_48' title="bbox 2069 617 3635 692; baseline -0.005 -15"><span class='ocrx_word' id='word_1_313' title='bbox 2069 623 2274 692; x_wconf 78' lang='grc' dir='ltr'><strong>ἀγιάζῃ</strong></span> <span class='ocrx_word' id='word_1_314' title='bbox 2303 623 2396 674; x_wconf 75' lang='grc' dir='ltr'><strong>καὶ</strong></span> <span class='ocrx_word' id='word_1_315' title='bbox 2423 621 2693 690; x_wconf 75' lang='grc' dir='ltr'><strong>ποιμαίνη</strong></span> <span class='ocrx_word' id='word_1_316' title='bbox 2722 621 2814 672; x_wconf 80' lang='grc' dir='ltr'><strong>τὸν</strong></span> <span class='ocrx_word' id='word_1_317' title='bbox 2840 619 3017 670; x_wconf 87' lang='grc' dir='ltr'><strong>ἐκεῖσε</strong></span> <span class='ocrx_word' id='word_1_318' title='bbox 3065 618 3453 686; x_wconf 81' lang='grc' dir='ltr'><strong>εὑρισκόμενον</strong></span> <span class='ocrx_word' id='word_1_319' title='bbox 3501 617 3635 686; x_wconf 77' lang='grc' dir='ltr'><strong>Χρι-</strong></span> 
     </span>
    </p>
   </div>
   <div class='ocr_carea' id='block_1_49' title="bbox 2075 706 3636 776">
    <p class='ocr_par' dir='ltr' id='par_1_49' title="bbox 2075 706 3636 776">
     <span class='ocr_line' id='line_1_49' title="bbox 2075 706 3636 776; baseline -0.004 -11"><span class='ocrx_word' id='word_1_320' title='bbox 2075 709 2723 765; x_wconf 81' lang='grc' dir='ltr'><strong>στιανικὸνλαόν.ἰ“οίνυν</strong></span> <span class='ocrx_word' id='word_1_321' title='bbox 2753 709 2847 761; x_wconf 77' lang='grc' dir='ltr'><strong>καὶ</strong></span> <span class='ocrx_word' id='word_1_322' title='bbox 2870 709 3073 774; x_wconf 83' lang='grc' dir='ltr'><strong>ὀφείλει</strong></span> <span class='ocrx_word' id='word_1_323' title='bbox 3103 706 3322 776; x_wconf 80' lang='grc' dir='ltr'><strong>στέρξαι</strong></span> <span class='ocrx_word' id='word_1_324' title='bbox 3357 709 3451 760; x_wconf 77' lang='grc' dir='ltr'><strong>καὶ</strong></span> <span class='ocrx_word' id='word_1_325' title='bbox 3475 708 3636 770; x_wconf 82' lang='grc' dir='ltr'><strong>αὑτὸς</strong></span> 
     </span>
    </p>
   </div>
   <div class='ocr_carea' id='block_1_50' title="bbox 2068 797 3641 871">
    <p class='ocr_par' dir='ltr' id='par_1_50' title="bbox 2068 797 3641 871">
     <span class='ocr_line' id='line_1_50' title="bbox 2068 797 3641 871; baseline -0.004 -18"><span class='ocrx_word' id='word_1_326' title='bbox 2068 803 2165 871; x_wconf 83' lang='grc' dir='ltr'><strong>τὴν</strong></span> <span class='ocrx_word' id='word_1_327' title='bbox 2193 800 2475 870; x_wconf 83' lang='grc' dir='ltr'><strong>παροῦσαν</strong></span> <span class='ocrx_word' id='word_1_328' title='bbox 2517 799 2801 869; x_wconf 87' lang='grc' dir='ltr'><strong>συνοδικὴν</strong></span> <span class='ocrx_word' id='word_1_329' title='bbox 2837 799 3262 868; x_wconf 67' lang='grc' dir='ltr'><strong>παρακέλευσιν,</strong></span> <span class='ocrx_word' id='word_1_330' title='bbox 3303 797 3436 866; x_wconf 85' lang='grc' dir='ltr'><strong>μηδέ</strong></span> <span class='ocrx_word' id='word_1_331' title='bbox 3492 797 3641 848; x_wconf 84' lang='grc' dir='ltr'><strong>ἀντι-</strong></span> 
     </span>
    </p>
   </div>
   <div class='ocr_carea' id='block_1_51' title="bbox 2072 887 3641 959">
    <p class='ocr_par' dir='ltr' id='par_1_51' title="bbox 2072 887 3641 959">
     <span class='ocr_line' id='line_1_51' title="bbox 2072 887 3641 959; baseline -0.003 -17"><span class='ocrx_word' id='word_1_332' title='bbox 2072 894 2261 959; x_wconf 77' lang='grc' dir='ltr'><strong>στῆναι</strong></span> <span class='ocrx_word' id='word_1_333' title='bbox 2295 889 2432 958; x_wconf 89' lang='grc' dir='ltr'><strong>μηδέ</strong></span> <span class='ocrx_word' id='word_1_334' title='bbox 2453 889 2746 955; x_wconf 81' lang='grc' dir='ltr'><strong>ἀπειθῆσαι</strong></span> <span class='ocrx_word' id='word_1_335' title='bbox 2764 889 2896 950; x_wconf 81' lang='grc' dir='ltr'><strong>ὅλως</strong></span> <span class='ocrx_word' id='word_1_336' title='bbox 2917 890 2994 950; x_wconf 87' lang='grc' dir='ltr'><strong>είς</strong></span> <span class='ocrx_word' id='word_1_337' title='bbox 3021 888 3244 956; x_wconf 87' lang='grc' dir='ltr'><strong>ταύτην.</strong></span> <span class='ocrx_word' id='word_1_338' title='bbox 3262 887 3563 954; x_wconf 86' lang='grc' dir='ltr'><strong>ὐφείλουσι</strong></span> <span class='ocrx_word' id='word_1_339' title='bbox 3584 887 3641 938; x_wconf 76' lang='grc' dir='ltr'><strong>δέ</strong></span> 
     </span>
    </p>
   </div>
   <div class='ocr_carea' id='block_1_52' title="bbox 2073 981 3640 1052">
    <p class='ocr_par' dir='ltr' id='par_1_52' title="bbox 2073 981 3640 1052">
     <span class='ocr_line' id='line_1_52' title="bbox 2073 981 3640 1052; baseline -0.002 -19"><span class='ocrx_word' id='word_1_340' title='bbox 2073 982 2292 1052; x_wconf 76' lang='grc' dir='ltr'><strong>στέρξαι</strong></span> <span class='ocrx_word' id='word_1_341' title='bbox 2324 985 2418 1035; x_wconf 75' lang='grc' dir='ltr'><strong>καὶ</strong></span> <span class='ocrx_word' id='word_1_342' title='bbox 2464 982 2804 1051; x_wconf 84' lang='grc' dir='ltr'><strong>συντηρῆσαι</strong></span> <span class='ocrx_word' id='word_1_343' title='bbox 2837 983 2932 1034; x_wconf 76' lang='grc' dir='ltr'><strong>καὶ</strong></span> <span class='ocrx_word' id='word_1_344' title='bbox 2977 983 3024 1033; x_wconf 89' lang='grc' dir='ltr'><strong>οί</strong></span> <span class='ocrx_word' id='word_1_345' title='bbox 3073 983 3254 1033; x_wconf 90' lang='grc' dir='ltr'><strong>ἐκεῖσε</strong></span> <span class='ocrx_word' id='word_1_346' title='bbox 3299 981 3640 1049; x_wconf 76' lang='grc' dir='ltr'><strong>Χριστιανοὶ,</strong></span> 
     </span>
    </p>
   </div>
   <div class='ocr_carea' id='block_1_53' title="bbox 2073 1070 3645 1142">
    <p class='ocr_par' dir='ltr' id='par_1_53' title="bbox 2073 1070 3645 1142">
     <span class='ocr_line' id='line_1_53' title="bbox 2073 1070 3645 1142; baseline -0.001 -18"><span class='ocrx_word' id='word_1_347' title='bbox 2073 1072 2198 1124; x_wconf 83' lang='grc' dir='ltr'><strong>ὅσον</strong></span> <span class='ocrx_word' id='word_1_348' title='bbox 2224 1074 2352 1142; x_wconf 80' lang='grc' dir='ltr'><strong>περὶ</strong></span> <span class='ocrx_word' id='word_1_349' title='bbox 2385 1074 2578 1124; x_wconf 89' lang='grc' dir='ltr'><strong>τούτου</strong></span> <span class='ocrx_word' id='word_1_350' title='bbox 2625 1070 3009 1139; x_wconf 83' lang='grc' dir='ltr'><strong>πνευματικῶς</strong></span> <span class='ocrx_word' id='word_1_351' title='bbox 3049 1070 3346 1142; x_wconf 76' lang='grc' dir='ltr'><strong>διορίζεται</strong></span> <span class='ocrx_word' id='word_1_352' title='bbox 3380 1071 3519 1138; x_wconf 88' lang='grc' dir='ltr'><strong>μετά</strong></span> <span class='ocrx_word' id='word_1_353' title='bbox 3547 1070 3645 1142; x_wconf 81' lang='grc' dir='ltr'><strong>τῆς</strong></span> 
     </span>
    </p>
   </div>
   <div class='ocr_carea' id='block_1_54' title="bbox 2076 1150 3354 1231">
    <p class='ocr_par' dir='ltr' id='par_1_54' title="bbox 2076 1150 3354 1231">
     <span class='ocr_line' id='line_1_54' title="bbox 2076 1150 3354 1231; baseline -0.001 -17"><span class='ocrx_word' id='word_1_354' title='bbox 2076 1163 2226 1223; x_wconf 82' lang='grc' dir='ltr'><strong>θείας</strong></span> <span class='ocrx_word' id='word_1_355' title='bbox 2255 1163 2474 1215; x_wconf 82' lang='grc' dir='ltr'><strong>συνόδου</strong></span> <span class='ocrx_word' id='word_1_356' title='bbox 2514 1163 2546 1231; x_wconf 76' lang='grc' dir='ltr'>ἡ</span> <span class='ocrx_word' id='word_1_357' title='bbox 2583 1162 2872 1230; x_wconf 79' lang='grc' dir='ltr'><strong>μετριότης</strong></span> <span class='ocrx_word' id='word_1_358' title='bbox 2910 1162 3090 1230; x_wconf 83' lang='grc' dir='ltr'><strong>ήμῶν.</strong></span> <span class='ocrx_word' id='word_1_359' title='bbox 3342 1150 3354 1160; x_wconf 69' lang='grc'><em>’</em></span> 
     </span>
    </p>
   </div>
   <div class='ocr_carea' id='block_1_55' title="bbox 2150 1250 3152 1322">
    <p class='ocr_par' dir='ltr' id='par_1_55' title="bbox 2150 1250 3152 1322">
     <span class='ocr_line' id='line_1_55' title="bbox 2150 1250 3152 1322; baseline -0.001 -18"><span class='ocrx_word' id='word_1_360' title='bbox 2150 1255 2188 1322; x_wconf 74' lang='grc' dir='ltr'><strong>-ι-</strong></span> <span class='ocrx_word' id='word_1_361' title='bbox 2221 1250 2359 1320; x_wconf 75' lang='grc' dir='ltr'><strong>Εἶχε</strong></span> <span class='ocrx_word' id='word_1_362' title='bbox 2390 1256 2475 1306; x_wconf 84' lang='grc' dir='ltr'><em>τό’</em></span> <span class='ocrx_word' id='word_1_363' title='bbox 2512 1253 2669 1320; x_wconf 79' lang='grc' dir='ltr'><strong>Μηνὶ</strong></span> <span class='ocrx_word' id='word_1_364' title='bbox 2706 1255 2869 1317; x_wconf 76' lang='grc' dir='ltr'><strong>Μαΐῳ</strong></span> <span class='ocrx_word' id='word_1_365' title='bbox 2907 1252 3024 1307; x_wconf 81' lang='grc' dir='ltr'><strong>ίνδ.</strong></span> <span class='ocrx_word' id='word_1_366' title='bbox 3063 1252 3152 1305; x_wconf 81' lang='grc' dir='ltr'><strong>ιδ’.</strong></span> 
     </span>
    </p>
   </div>
   <div class='ocr_carea' id='block_1_56' title="bbox 2083 1410 3650 1479">
    <p class='ocr_par' dir='ltr' id='par_1_56' title="bbox 2083 1410 3650 1479">
     <span class='ocr_line' id='line_1_56' title="bbox 2083 1410 3650 1479; baseline -0.004 -12"><span class='ocrx_word' id='word_1_367' title='bbox 2083 1413 2320 1468; x_wconf 84' lang='lat' dir='ltr'><strong>XXXIII.</strong></span> <span class='ocrx_word' id='word_1_368' title='bbox 2355 1411 2586 1465; x_wconf 74' lang='lat' dir='ltr'><strong>Joannes</strong></span> <span class='ocrx_word' id='word_1_369' title='bbox 2615 1412 2961 1475; x_wconf 69' lang='lat' dir='ltr'><strong>melropolilw</strong></span> <span class='ocrx_word' id='word_1_370' title='bbox 2991 1410 3233 1463; x_wconf 80' lang='lat' dir='ltr'><strong>Melem&#39;ci</strong></span> <span class='ocrx_word' id='word_1_371' title='bbox 3261 1411 3314 1462; x_wconf 75' lang='lat' dir='ltr'><strong>in</strong></span> <span class='ocrx_word' id='word_1_372' title='bbox 3339 1410 3430 1479; x_wconf 75' lang='lat' dir='ltr'><strong>jus</strong></span> <span class='ocrx_word' id='word_1_373' title='bbox 3465 1418 3650 1463; x_wconf 71' lang='lat' dir='ltr'><strong>vocato</strong></span> 
     </span>
    </p>
   </div>
   <div class='ocr_carea' id='block_1_57' title="bbox 2462 1481 3280 1535">
    <p class='ocr_par' dir='ltr' id='par_1_57' title="bbox 2462 1481 3280 1535">
     <span class='ocr_line' id='line_1_57' title="bbox 2462 1481 3280 1535; baseline -0.002 -1"><span class='ocrx_word' id='word_1_374' title='bbox 2462 1484 2693 1535; x_wconf 73' lang='lat' dir='ltr'><strong>concedit</strong></span> <span class='ocrx_word' id='word_1_375' title='bbox 2720 1483 3026 1534; x_wconf 75' lang='lat' dir='ltr'><strong>dilationem</strong></span> <span class='ocrx_word' id='word_1_376' title='bbox 3055 1481 3280 1532; x_wconf 75' lang='lat' dir='ltr'><strong>termini.</strong></span> 
     </span>
    </p>
   </div>
   <div class='ocr_carea' id='block_1_58' title="bbox 2156 1611 3654 1686">
    <p class='ocr_par' dir='ltr' id='par_1_58' title="bbox 2156 1611 3654 1686">
     <span class='ocr_line' id='line_1_58' title="bbox 2156 1611 3654 1686; baseline -0.005 -14"><span class='ocrx_word' id='word_1_377' title='bbox 2156 1617 2194 1686; x_wconf 59' lang='grc' dir='ltr'><strong>τ</strong></span> <span class='ocrx_word' id='word_1_378' title='bbox 2242 1617 2527 1685; x_wconf 87' lang='grc' dir='ltr'><strong>ἰερώτατε</strong></span> <span class='ocrx_word' id='word_1_379' title='bbox 2566 1615 2937 1685; x_wconf 90' lang='grc' dir='ltr'><strong>μητροπολῖτα</strong></span> <span class='ocrx_word' id='word_1_380' title='bbox 2991 1611 3294 1666; x_wconf 83' lang='grc' dir='ltr'><strong>Μελενίκου</strong></span> <span class='ocrx_word' id='word_1_381' title='bbox 3339 1615 3432 1665; x_wconf 67' lang='grc' dir='ltr'><strong>καὶ</strong></span> <span class='ocrx_word' id='word_1_382' title='bbox 3487 1614 3654 1682; x_wconf 81' lang='grc' dir='ltr'><strong>ὑπέρ-</strong></span> 
     </span>
    </p>
   </div>
   <div class='ocr_carea' id='block_1_59' title="bbox 2088 1704 3656 1779">
    <p class='ocr_par' dir='ltr' id='par_1_59' title="bbox 2088 1704 3656 1779">
     <span class='ocr_line' id='line_1_59' title="bbox 2088 1704 3656 1779; baseline -0.004 -17"><span class='ocrx_word' id='word_1_383' title='bbox 2088 1727 2237 1779; x_wconf 85' lang='grc' dir='ltr'><strong>τιμε,</strong></span> <span class='ocrx_word' id='word_1_384' title='bbox 2266 1710 2324 1762; x_wconf 86' lang='grc' dir='ltr'><strong>ἐν</strong></span> <span class='ocrx_word' id='word_1_385' title='bbox 2352 1707 2495 1777; x_wconf 86' lang='grc' dir='ltr'><strong>ἀγίῳ</strong></span> <span class='ocrx_word' id='word_1_386' title='bbox 2537 1705 2814 1774; x_wconf 84' lang='grc' dir='ltr'><strong>Πνεύματι</strong></span> <span class='ocrx_word' id='word_1_387' title='bbox 2845 1705 3099 1773; x_wconf 87' lang='grc' dir='ltr'><strong>ἀγαπητέ</strong></span> <span class='ocrx_word' id='word_1_388' title='bbox 3131 1704 3326 1772; x_wconf 80' lang='grc' dir='ltr'><strong>ἀδελφέ</strong></span> <span class='ocrx_word' id='word_1_389' title='bbox 3375 1705 3468 1774; x_wconf 87' lang='grc' dir='ltr'><strong>τῆς</strong></span> <span class='ocrx_word' id='word_1_390' title='bbox 3501 1705 3656 1773; x_wconf 84' lang='grc' dir='ltr'><strong>ήμῶν</strong></span> 
     </span>
    </p>
   </div>
   <div class='ocr_carea' id='block_1_60' title="bbox 2093 1795 3656 1870">
    <p class='ocr_par' dir='ltr' id='par_1_60' title="bbox 2093 1795 3656 1870">
     <span class='ocr_line' id='line_1_60' title="bbox 2093 1795 3656 1870; baseline -0.003 -20"><span class='ocrx_word' id='word_1_391' title='bbox 2093 1799 2448 1868; x_wconf 86' lang='grc' dir='ltr'><strong>μετριότητος</strong></span> <span class='ocrx_word' id='word_1_392' title='bbox 2473 1797 2567 1848; x_wconf 79' lang='grc' dir='ltr'><strong>καὶ</strong></span> <span class='ocrx_word' id='word_1_393' title='bbox 2592 1796 3000 1864; x_wconf 81' lang='grc' dir='ltr'><strong>συλλειτουργὲ,</strong></span> <span class='ocrx_word' id='word_1_394' title='bbox 3042 1795 3204 1864; x_wconf 88' lang='grc' dir='ltr'><strong>χάρις</strong></span> <span class='ocrx_word' id='word_1_395' title='bbox 3235 1795 3321 1864; x_wconf 84' lang='grc' dir='ltr'><strong>εῐη</strong></span> <span class='ocrx_word' id='word_1_396' title='bbox 3348 1796 3439 1846; x_wconf 74' lang='grc' dir='ltr'><strong>καὶ</strong></span> <span class='ocrx_word' id='word_1_397' title='bbox 3464 1795 3656 1870; x_wconf 88' lang='grc' dir='ltr'><strong>είρήνη</strong></span> 
     </span>
    </p>
   </div>
   <div class='ocr_carea' id='block_1_61' title="bbox 2093 1883 3662 1960">
    <p class='ocr_par' dir='ltr' id='par_1_61' title="bbox 2093 1883 3662 1960">
     <span class='ocr_line' id='line_1_61' title="bbox 2093 1883 3662 1960; baseline -0.003 -18"><span class='ocrx_word' id='word_1_398' title='bbox 2093 1891 2243 1958; x_wconf 80' lang='grc' dir='ltr'><strong>παρά</strong></span> <span class='ocrx_word' id='word_1_399' title='bbox 2269 1889 2405 1942; x_wconf 83' lang='grc' dir='ltr'><strong>Θεοῦ</strong></span> <span class='ocrx_word' id='word_1_400' title='bbox 2434 1883 2596 1960; x_wconf 75' lang='grc' dir='ltr'><strong>τῇ’σῇ</strong></span> <span class='ocrx_word' id='word_1_401' title='bbox 2629 1888 2891 1960; x_wconf 86' lang='grc' dir='ltr'><strong>ίερότητι.</strong></span> <span class='ocrx_word' id='word_1_402' title='bbox 2926 1887 2993 1939; x_wconf 84' lang='grc' dir='ltr'><strong>Ἦ</strong></span> <span class='ocrx_word' id='word_1_403' title='bbox 3029 1886 3218 1956; x_wconf 83' lang='grc' dir='ltr'><strong>γραφὴ</strong></span> <span class='ocrx_word' id='word_1_404' title='bbox 3249 1887 3347 1954; x_wconf 76' lang='grc' dir='ltr'><strong>τῆς</strong></span> <span class='ocrx_word' id='word_1_405' title='bbox 3384 1887 3481 1954; x_wconf 89' lang='grc' dir='ltr'><strong>σῆς</strong></span> <span class='ocrx_word' id='word_1_406' title='bbox 3519 1886 3662 1954; x_wconf 85' lang='grc' dir='ltr'><strong>ίερό-</strong></span> 
     </span>
    </p>
   </div>
   <div class='ocr_carea' id='block_1_62' title="bbox 2089 1979 3663 2050">
    <p class='ocr_par' dir='ltr' id='par_1_62' title="bbox 2089 1979 3663 2050">
     <span class='ocr_line' id='line_1_62' title="bbox 2089 1979 3663 2050; baseline -0.005 -14"><span class='ocrx_word' id='word_1_407' title='bbox 2089 1998 2251 2045; x_wconf 88' lang='grc' dir='ltr'><strong>τητος</strong></span> <span class='ocrx_word' id='word_1_408' title='bbox 2284 1981 2605 2050; x_wconf 78' lang='grc' dir='ltr'><strong>διεκομίσθη</strong></span> <span class='ocrx_word' id='word_1_409' title='bbox 2641 1982 2778 2050; x_wconf 78' lang='grc' dir='ltr'><strong>πρὸς</strong></span> <span class='ocrx_word' id='word_1_410' title='bbox 2819 1980 2918 2048; x_wconf 79' lang='grc' dir='ltr'><strong>τὴν</strong></span> <span class='ocrx_word' id='word_1_411' title='bbox 2969 1979 3125 2048; x_wconf 77' lang='grc' dir='ltr'><strong>ἡμῶν</strong></span> <span class='ocrx_word' id='word_1_412' title='bbox 3180 1979 3537 2047; x_wconf 81' lang='grc' dir='ltr'><strong>μετριότητα.</strong></span> <span class='ocrx_word' id='word_1_413' title='bbox 3571 1979 3663 2030; x_wconf 81' lang='grc' dir='ltr'><strong>καὶ</strong></span> 
     </span>
    </p>
   </div>
   <div class='ocr_carea' id='block_1_63' title="bbox 2092 2070 3664 2141">
    <p class='ocr_par' dir='ltr' id='par_1_63' title="bbox 2092 2070 3664 2141">
     <span class='ocr_line' id='line_1_63' title="bbox 2092 2070 3664 2141; baseline -0.004 -14"><span class='ocrx_word' id='word_1_414' title='bbox 2092 2075 2506 2140; x_wconf 88' lang='grc' dir='ltr'><strong>ἀναγνωσθεῖσα</strong></span> <span class='ocrx_word' id='word_1_415' title='bbox 2562 2072 2882 2141; x_wconf 79' lang='grc' dir='ltr'><strong>ἐγνώρισεν,</strong></span> <span class='ocrx_word' id='word_1_416' title='bbox 2931 2073 3031 2124; x_wconf 87' lang='grc' dir='ltr'><strong>ὃσα</strong></span> <span class='ocrx_word' id='word_1_417' title='bbox 3085 2070 3153 2122; x_wconf 86' lang='grc' dir='ltr'><strong>δι’</strong></span> <span class='ocrx_word' id='word_1_418' title='bbox 3205 2070 3376 2138; x_wconf 87' lang='grc' dir='ltr'><strong>αὑτῆς</strong></span> <span class='ocrx_word' id='word_1_419' title='bbox 3424 2070 3664 2140; x_wconf 85' lang='grc' dir='ltr'><strong>παρεδή-</strong></span> 
     </span>
    </p>
   </div>
   <div class='ocr_carea' id='block_1_64' title="bbox 2095 2161 3666 2236">
    <p class='ocr_par' dir='ltr' id='par_1_64' title="bbox 2095 2161 3666 2236">
     <span class='ocr_line' id='line_1_64' title="bbox 2095 2161 3666 2236; baseline -0.003 -20"><span class='ocrx_word' id='word_1_420' title='bbox 2095 2164 2236 2231; x_wconf 83' lang='grc' dir='ltr'><strong>λους,</strong></span> <span class='ocrx_word' id='word_1_421' title='bbox 2267 2165 2435 2236; x_wconf 85' lang='grc' dir='ltr'><strong>ήγουν</strong></span> <span class='ocrx_word' id='word_1_422' title='bbox 2467 2166 2613 2226; x_wconf 83' lang='grc' dir='ltr'><strong>ὅπως</strong></span> <span class='ocrx_word' id='word_1_423' title='bbox 2643 2162 2782 2233; x_wconf 81' lang='grc' dir='ltr'><strong>μετὰ</strong></span> <span class='ocrx_word' id='word_1_424' title='bbox 2823 2163 3024 2231; x_wconf 89' lang='grc' dir='ltr'><strong>πολλῆς</strong></span> <span class='ocrx_word' id='word_1_425' title='bbox 3062 2161 3374 2230; x_wconf 86' lang='grc' dir='ltr'><strong>προθυμίας</strong></span> <span class='ocrx_word' id='word_1_426' title='bbox 3412 2161 3666 2212; x_wconf 77' lang='grc' dir='ltr'><strong>ἐϐούλετο</strong></span> 
     </span>
    </p>
   </div>
   <div class='ocr_carea' id='block_1_65' title="bbox 2093 2253 3668 2326">
    <p class='ocr_par' dir='ltr' id='par_1_65' title="bbox 2093 2253 3668 2326">
     <span class='ocr_line' id='line_1_65' title="bbox 2093 2253 3668 2326; baseline -0.001 -20"><span class='ocrx_word' id='word_1_427' title='bbox 2093 2258 2129 2326; x_wconf 77' lang='grc' dir='ltr'><strong>ή</strong></span> <span class='ocrx_word' id='word_1_428' title='bbox 2157 2257 2365 2325; x_wconf 77' lang='grc' dir='ltr'><strong>ίερότης</strong></span> <span class='ocrx_word' id='word_1_429' title='bbox 2401 2272 2493 2308; x_wconf 91' lang='grc' dir='ltr'><strong>σου</strong></span> <span class='ocrx_word' id='word_1_430' title='bbox 2517 2253 2850 2307; x_wconf 85' lang='grc' dir='ltr'><strong>καταλαϐεῖν</strong></span> <span class='ocrx_word' id='word_1_431' title='bbox 2878 2253 3114 2306; x_wconf 86' lang='grc' dir='ltr'><strong>ἐνταῦθα</strong></span> <span class='ocrx_word' id='word_1_432' title='bbox 3140 2255 3232 2304; x_wconf 76' lang='grc' dir='ltr'><strong>ἐπὶ</strong></span> <span class='ocrx_word' id='word_1_433' title='bbox 3258 2253 3335 2324; x_wconf 83' lang='grc' dir='ltr'><strong>τῷ</strong></span> <span class='ocrx_word' id='word_1_434' title='bbox 3366 2253 3668 2320; x_wconf 58' lang='grc' dir='ltr'><strong>ἀπολογίαν</strong></span> 
     </span>
    </p>
   </div>
   <div class='ocr_carea' id='block_1_66' title="bbox 2096 2345 3668 2418">
    <p class='ocr_par' dir='ltr' id='par_1_66' title="bbox 2096 2345 3668 2418">
     <span class='ocr_line' id='line_1_66' title="bbox 2096 2345 3668 2418; baseline -0.003 -17"><span class='ocrx_word' id='word_1_435' title='bbox 2096 2351 2284 2402; x_wconf 87' lang='grc' dir='ltr'><strong>δοῦναι</strong></span> <span class='ocrx_word' id='word_1_436' title='bbox 2324 2349 2416 2400; x_wconf 77' lang='grc' dir='ltr'><strong>καὶ</strong></span> <span class='ocrx_word' id='word_1_437' title='bbox 2465 2347 2950 2401; x_wconf 84' lang='grc' dir='ltr'><strong>ἀποσκευάσασθαι</strong></span> <span class='ocrx_word' id='word_1_438' title='bbox 2995 2347 3064 2400; x_wconf 84' lang='grc' dir='ltr'><strong>τὰ</strong></span> <span class='ocrx_word' id='word_1_439' title='bbox 3103 2345 3224 2399; x_wconf 78' lang='grc' dir='ltr'><strong>κατ’</strong></span> <span class='ocrx_word' id='word_1_440' title='bbox 3276 2348 3447 2414; x_wconf 78' lang='grc' dir='ltr'><strong>αὑτῆς</strong></span> <span class='ocrx_word' id='word_1_441' title='bbox 3504 2347 3668 2418; x_wconf 82' lang='grc' dir='ltr'><strong>λαλη-</strong></span> 
     </span>
    </p>
   </div>
   <div class='ocr_carea' id='block_1_67' title="bbox 2100 2439 3670 2509">
    <p class='ocr_par' dir='ltr' id='par_1_67' title="bbox 2100 2439 3670 2509">
     <span class='ocr_line' id='line_1_67' title="bbox 2100 2439 3670 2509; baseline -0.002 -13"><span class='ocrx_word' id='word_1_442' title='bbox 2100 2445 2259 2496; x_wconf 84' lang='grc' dir='ltr'><strong>θέντα</strong></span> <span class='ocrx_word' id='word_1_443' title='bbox 2318 2443 2636 2508; x_wconf 76' lang='grc' dir='ltr'><strong>συνοδικώς,</strong></span> <span class='ocrx_word' id='word_1_444' title='bbox 2674 2440 2978 2508; x_wconf 84' lang='grc' dir='ltr'><strong>διεκωλύθη</strong></span> <span class='ocrx_word' id='word_1_445' title='bbox 3043 2439 3099 2493; x_wconf 80' lang='grc' dir='ltr'><strong>δὲ</strong></span> <span class='ocrx_word' id='word_1_446' title='bbox 3159 2441 3312 2509; x_wconf 86' lang='grc' dir='ltr'><strong>ὅμως</strong></span> <span class='ocrx_word' id='word_1_447' title='bbox 3371 2440 3477 2493; x_wconf 89' lang='grc' dir='ltr'><strong>ὑπό</strong></span> <span class='ocrx_word' id='word_1_448' title='bbox 3525 2458 3670 2504; x_wconf 90' lang='grc' dir='ltr'><strong>τινος</strong></span> 
     </span>
    </p>
   </div>
   <div class='ocr_carea' id='block_1_68' title="bbox 2101 2532 3673 2607">
    <p class='ocr_par' dir='ltr' id='par_1_68' title="bbox 2101 2532 3673 2607">
     <span class='ocr_line' id='line_1_68' title="bbox 2101 2532 3673 2607; baseline -0.004 -19"><span class='ocrx_word' id='word_1_449' title='bbox 2101 2537 2452 2607; x_wconf 75' lang='grc' dir='ltr'><strong>ἐνσκηψάσης</strong></span> <span class='ocrx_word' id='word_1_450' title='bbox 2483 2537 2559 2605; x_wconf 82' lang='grc' dir='ltr'><strong>τῷ</strong></span> <span class='ocrx_word' id='word_1_451' title='bbox 2587 2534 2993 2604; x_wconf 72' lang='grc' dir='ltr'><strong>σώματιάὑτῆς</strong></span> <span class='ocrx_word' id='word_1_452' title='bbox 3032 2532 3343 2598; x_wconf 75' lang='grc' dir='ltr'><strong>ἀσθενείας,</strong></span> <span class='ocrx_word' id='word_1_453' title='bbox 3374 2535 3470 2588; x_wconf 76' lang='grc' dir='ltr'><strong>καὶ</strong></span> <span class='ocrx_word' id='word_1_454' title='bbox 3508 2550 3673 2602; x_wconf 80' lang='grc' dir='ltr'><strong>παρε.</strong></span> 
     </span>
    </p>
   </div>
   <div class='ocr_carea' id='block_1_69' title="bbox 2100 2623 3673 2696">
    <p class='ocr_par' dir='ltr' id='par_1_69' title="bbox 2100 2623 3673 2696">
     <span class='ocr_line' id='line_1_69' title="bbox 2100 2623 3673 2696; baseline -0.001 -18"><span class='ocrx_word' id='word_1_455' title='bbox 2100 2627 2290 2696; x_wconf 84' lang='grc' dir='ltr'><strong>δήλους</strong></span> <span class='ocrx_word' id='word_1_456' title='bbox 2337 2629 2428 2679; x_wconf 74' lang='grc' dir='ltr'><strong>καὶ</strong></span> <span class='ocrx_word' id='word_1_457' title='bbox 2475 2626 2713 2696; x_wconf 75' lang='grc' dir='ltr'><strong>ἐζήτεις,</strong></span> <span class='ocrx_word' id='word_1_458' title='bbox 2762 2625 2837 2686; x_wconf 88' lang='grc' dir='ltr'><strong>ώς</strong></span> <span class='ocrx_word' id='word_1_459' title='bbox 2881 2623 2947 2677; x_wconf 81' lang='grc' dir='ltr'><strong>ἂν</strong></span> <span class='ocrx_word' id='word_1_460' title='bbox 3001 2625 3229 2692; x_wconf 76' lang='grc' dir='ltr'><strong>γένηταί</strong></span> <span class='ocrx_word' id='word_1_461' title='bbox 3276 2642 3359 2687; x_wconf 90' lang='grc' dir='ltr'><strong>τις</strong></span> <span class='ocrx_word' id='word_1_462' title='bbox 3397 2623 3485 2677; x_wconf 70' lang='grc' dir='ltr'><strong>διὰ</strong></span> <span class='ocrx_word' id='word_1_463' title='bbox 3515 2624 3673 2677; x_wconf 81' lang='grc' dir='ltr'><strong>τοῦτο</strong></span> 
     </span>
    </p>
   </div>
   <div class='ocr_carea' id='block_1_70' title="bbox 2108 2716 3676 2788">
    <p class='ocr_par' dir='ltr' id='par_1_70' title="bbox 2108 2716 3676 2788">
     <span class='ocr_line' id='line_1_70' title="bbox 2108 2716 3676 2788; baseline -0.001 -18"><span class='ocrx_word' id='word_1_464' title='bbox 2108 2720 2420 2786; x_wconf 80' lang='grc' dir='ltr'><strong>ὑπέρθεσις,</strong></span> <span class='ocrx_word' id='word_1_465' title='bbox 2467 2719 2560 2770; x_wconf 73' lang='grc' dir='ltr'><strong>καὶ</strong></span> <span class='ocrx_word' id='word_1_466' title='bbox 2605 2717 2852 2788; x_wconf 82' lang='grc' dir='ltr'><strong>παρέ).οη</strong></span> <span class='ocrx_word' id='word_1_467' title='bbox 2893 2719 2920 2770; x_wconf 92' lang='lat'><strong>6</strong></span> <span class='ocrx_word' id='word_1_468' title='bbox 2954 2718 3146 2786; x_wconf 69' lang='grc' dir='ltr'><strong>καιρὸς</strong></span> <span class='ocrx_word' id='word_1_469' title='bbox 3194 2716 3288 2768; x_wconf 89' lang='grc' dir='ltr'><strong>τοῦ</strong></span> <span class='ocrx_word' id='word_1_470' title='bbox 3342 2716 3553 2785; x_wconf 83' lang='grc' dir='ltr'><strong>θέρους,</strong></span> <span class='ocrx_word' id='word_1_471' title='bbox 3583 2721 3676 2769; x_wconf 76' lang='grc' dir='ltr'><strong>καὶ</strong></span> 
     </span>
    </p>
   </div>
   <div class='ocr_carea' id='block_1_71' title="bbox 2108 2809 3678 2880">
    <p class='ocr_par' dir='ltr' id='par_1_71' title="bbox 2108 2809 3678 2880">
     <span class='ocr_line' id='line_1_71' title="bbox 2108 2809 3678 2880; baseline -0.002 -17"><span class='ocrx_word' id='word_1_472' title='bbox 2108 2811 2250 2864; x_wconf 82' lang='grc' dir='ltr'><strong>κατά</strong></span> <span class='ocrx_word' id='word_1_473' title='bbox 2287 2811 2348 2862; x_wconf 83' lang='grc' dir='ltr'><strong>τδ</strong></span> <span class='ocrx_word' id='word_1_474' title='bbox 2379 2809 2721 2878; x_wconf 80' lang='grc' dir='ltr'><strong>φθινόπωρον</strong></span> <span class='ocrx_word' id='word_1_475' title='bbox 2752 2809 3066 2880; x_wconf 79' lang='grc' dir='ltr'><strong>καταλάϐῃς</strong></span> <span class='ocrx_word' id='word_1_476' title='bbox 3096 2809 3354 2876; x_wconf 88' lang='grc' dir='ltr'><strong>ἐνταῦθα,</strong></span> <span class='ocrx_word' id='word_1_477' title='bbox 3383 2812 3458 2872; x_wconf 89' lang='grc' dir='ltr'><strong>ώς</strong></span> <span class='ocrx_word' id='word_1_478' title='bbox 3490 2827 3678 2862; x_wconf 86' lang='grc' dir='ltr'><strong>συντε-</strong></span> 
     </span>
    </p>
   </div>
   <div class='ocr_carea' id='block_1_72' title="bbox 2109 2901 3682 2972">
    <p class='ocr_par' dir='ltr' id='par_1_72' title="bbox 2109 2901 3682 2972">
     <span class='ocr_line' id='line_1_72' title="bbox 2109 2901 3682 2972; baseline 0.001 -18"><span class='ocrx_word' id='word_1_479' title='bbox 2109 2904 2322 2964; x_wconf 83' lang='grc' dir='ltr'><strong>λοῦντος</strong></span> <span class='ocrx_word' id='word_1_480' title='bbox 2368 2905 2446 2966; x_wconf 90' lang='grc' dir='ltr'><strong>είς</strong></span> <span class='ocrx_word' id='word_1_481' title='bbox 2489 2902 2646 2956; x_wconf 91' lang='grc' dir='ltr'><strong>τοῦτο</strong></span> <span class='ocrx_word' id='word_1_482' title='bbox 2694 2903 2786 2955; x_wconf 70' lang='grc' dir='ltr'><strong>καὶ</strong></span> <span class='ocrx_word' id='word_1_483' title='bbox 2838 2902 2930 2954; x_wconf 91' lang='grc' dir='ltr'><strong>τοῦ</strong></span> <span class='ocrx_word' id='word_1_484' title='bbox 2980 2901 3200 2972; x_wconf 79' lang='grc' dir='ltr'><strong>καιροῦ.</strong></span> <span class='ocrx_word' id='word_1_485' title='bbox 3257 2903 3504 2966; x_wconf 79' lang='grc' dir='ltr'><strong>Ἐδέξατο</strong></span> <span class='ocrx_word' id='word_1_486' title='bbox 3550 2903 3682 2971; x_wconf 89' lang='grc' dir='ltr'><strong>γοῦν</strong></span> 
     </span>
    </p>
   </div>
   <div class='ocr_carea' id='block_1_73' title="bbox 2110 2993 3683 3064">
    <p class='ocr_par' dir='ltr' id='par_1_73' title="bbox 2110 2993 3683 3064">
     <span class='ocr_line' id='line_1_73' title="bbox 2110 2993 3683 3064; baseline -0.002 -17"><span class='ocrx_word' id='word_1_487' title='bbox 2110 2995 2264 3047; x_wconf 89' lang='grc' dir='ltr'><strong>τοῦτο</strong></span> <span class='ocrx_word' id='word_1_488' title='bbox 2300 2997 2330 3062; x_wconf 84' lang='grc' dir='ltr'><strong>ή</strong></span> <span class='ocrx_word' id='word_1_489' title='bbox 2368 2995 2663 3064; x_wconf 86' lang='grc' dir='ltr'><strong>μετριότης</strong></span> <span class='ocrx_word' id='word_1_490' title='bbox 2707 2993 2887 3062; x_wconf 80' lang='grc' dir='ltr'><strong>ἡμῶν,</strong></span> <span class='ocrx_word' id='word_1_491' title='bbox 2925 2994 3016 3045; x_wconf 77' lang='grc' dir='ltr'><strong>καὶ</strong></span> <span class='ocrx_word' id='word_1_492' title='bbox 3065 2993 3365 3063; x_wconf 84' lang='grc' dir='ltr'><strong>παραδηλοῖ</strong></span> <span class='ocrx_word' id='word_1_493' title='bbox 3413 2995 3548 3061; x_wconf 84' lang='grc' dir='ltr'><strong>πρὸς</strong></span> <span class='ocrx_word' id='word_1_494' title='bbox 3583 2995 3683 3064; x_wconf 83' lang='grc' dir='ltr'><strong>τὴν</strong></span> 
     </span>
    </p>
   </div>
   <div class='ocr_carea' id='block_1_74' title="bbox 2115 3082 3684 3155">
    <p class='ocr_par' dir='ltr' id='par_1_74' title="bbox 2115 3082 3684 3155">
     <span class='ocr_line' id='line_1_74' title="bbox 2115 3082 3684 3155; baseline 0.001 -18"><span class='ocrx_word' id='word_1_495' title='bbox 2115 3087 2370 3155; x_wconf 86' lang='grc' dir='ltr'><strong>ίερότητά</strong></span> <span class='ocrx_word' id='word_1_496' title='bbox 2408 3102 2525 3142; x_wconf 86' lang='grc' dir='ltr'><strong>σου.</strong></span> <span class='ocrx_word' id='word_1_497' title='bbox 2561 3085 2635 3144; x_wconf 90' lang='grc' dir='ltr'><strong>ώς</strong></span> <span class='ocrx_word' id='word_1_498' title='bbox 2673 3085 2762 3145; x_wconf 84' lang='grc' dir='ltr'><strong>ἂν,</strong></span> <span class='ocrx_word' id='word_1_499' title='bbox 2802 3084 2923 3136; x_wconf 73' lang='grc' dir='ltr'><strong>ἐπεὶ</strong></span> <span class='ocrx_word' id='word_1_500' title='bbox 2964 3082 3055 3136; x_wconf 86' lang='grc' dir='ltr'><strong>ὑπ’</strong></span> <span class='ocrx_word' id='word_1_501' title='bbox 3096 3085 3383 3146; x_wconf 87' lang='grc' dir='ltr'><strong>ἀσθενείας</strong></span> <span class='ocrx_word' id='word_1_502' title='bbox 3416 3085 3684 3139; x_wconf 87' lang='grc' dir='ltr'><strong>κωλύεται</strong></span> 
     </span>
    </p>
   </div>
   <div class='ocr_carea' id='block_1_75' title="bbox 2113 3172 3687 3245">
    <p class='ocr_par' dir='ltr' id='par_1_75' title="bbox 2113 3172 3687 3245">
     <span class='ocr_line' id='line_1_75' title="bbox 2113 3172 3687 3245; baseline 0.001 -20"><span class='ocrx_word' id='word_1_503' title='bbox 2113 3173 2342 3245; x_wconf 82' lang='grc' dir='ltr'><strong>ἐλθεῖνή</strong></span> <span class='ocrx_word' id='word_1_504' title='bbox 2377 3175 2594 3244; x_wconf 89' lang='grc' dir='ltr'><strong>ίερότης</strong></span> <span class='ocrx_word' id='word_1_505' title='bbox 2625 3190 2719 3226; x_wconf 92' lang='grc' dir='ltr'><strong>σου</strong></span> <span class='ocrx_word' id='word_1_506' title='bbox 2755 3177 2850 3228; x_wconf 72' lang='grc' dir='ltr'><strong>καὶ</strong></span> <span class='ocrx_word' id='word_1_507' title='bbox 2886 3174 3147 3242; x_wconf 86' lang='grc' dir='ltr'><strong>τοιαύτης</strong></span> <span class='ocrx_word' id='word_1_508' title='bbox 3180 3172 3463 3237; x_wconf 84' lang='grc' dir='ltr'><strong>ἀσθενείας</strong></span> <span class='ocrx_word' id='word_1_509' title='bbox 3493 3175 3687 3245; x_wconf 88' lang='grc' dir='ltr'><strong>ἀκινη-</strong></span> 
     </span>
    </p>
   </div>
   <div class='ocr_carea' id='block_1_76' title="bbox 2118 3265 3687 3335">
    <p class='ocr_par' dir='ltr' id='par_1_76' title="bbox 2118 3265 3687 3335">
     <span class='ocr_line' id='line_1_76' title="bbox 2118 3265 3687 3335; baseline 0.003 -20"><span class='ocrx_word' id='word_1_510' title='bbox 2118 3265 2240 3316; x_wconf 89' lang='grc' dir='ltr'><strong>σίαν</strong></span> <span class='ocrx_word' id='word_1_511' title='bbox 2268 3265 2509 3332; x_wconf 83' lang='grc' dir='ltr'><strong>παντελῆ</strong></span> <span class='ocrx_word' id='word_1_512' title='bbox 2539 3267 2943 3334; x_wconf 68' lang='grc' dir='ltr'><strong>παρεχομένης,</strong></span> <span class='ocrx_word' id='word_1_513' title='bbox 2979 3266 3442 3335; x_wconf 76' lang='grc' dir='ltr'><strong>προσκαρτερήσῃ</strong></span> <span class='ocrx_word' id='word_1_514' title='bbox 3475 3267 3687 3332; x_wconf 78' lang='grc' dir='ltr'><strong>αὑτόθι,</strong></span> 
     </span>
    </p>
   </div>
   <div class='ocr_carea' id='block_1_77' title="bbox 2119 3355 3691 3429">
    <p class='ocr_par' dir='ltr' id='par_1_77' title="bbox 2119 3355 3691 3429">
     <span class='ocr_line' id='line_1_77' title="bbox 2119 3355 3691 3429; baseline 0.001 -20"><span class='ocrx_word' id='word_1_515' title='bbox 2119 3359 2210 3409; x_wconf 73' lang='grc' dir='ltr'><strong>καὶ</strong></span> <span class='ocrx_word' id='word_1_516' title='bbox 2248 3357 2540 3429; x_wconf 71' lang='grc' dir='ltr'><strong>διαϐιϐἂση</strong></span> <span class='ocrx_word' id='word_1_517' title='bbox 2571 3357 2662 3408; x_wconf 74' lang='grc' dir='ltr'><strong>τὸν</strong></span> <span class='ocrx_word' id='word_1_518' title='bbox 2713 3355 2806 3408; x_wconf 83' lang='grc' dir='ltr'><strong>τοῦ</strong></span> <span class='ocrx_word' id='word_1_519' title='bbox 2840 3357 3033 3426; x_wconf 88' lang='grc' dir='ltr'><strong>θέρους</strong></span> <span class='ocrx_word' id='word_1_520' title='bbox 3069 3356 3282 3423; x_wconf 73' lang='grc' dir='ltr'><strong>καιρὸν,</strong></span> <span class='ocrx_word' id='word_1_521' title='bbox 3322 3358 3599 3429; x_wconf 84' lang='grc' dir='ltr'><strong>σπουδάσῃ</strong></span> <span class='ocrx_word' id='word_1_522' title='bbox 3634 3359 3691 3411; x_wconf 73' lang='grc' dir='ltr'><strong>δὲ</strong></span> 
     </span>
    </p>
   </div>
   <div class='ocr_carea' id='block_1_78' title="bbox 2119 3446 3690 3518">
    <p class='ocr_par' dir='ltr' id='par_1_78' title="bbox 2119 3446 3690 3518">
     <span class='ocr_line' id='line_1_78' title="bbox 2119 3446 3690 3518; baseline 0 -18"><span class='ocrx_word' id='word_1_523' title='bbox 2119 3450 2214 3500; x_wconf 82' lang='grc' dir='ltr'><strong>καὶ</strong></span> <span class='ocrx_word' id='word_1_524' title='bbox 2258 3447 2646 3514; x_wconf 81' lang='grc' dir='ltr'><strong>διαγωνίσηται</strong></span> <span class='ocrx_word' id='word_1_525' title='bbox 2681 3447 2856 3499; x_wconf 84' lang='grc' dir='ltr'><strong>ἐλθεῖν</strong></span> <span class='ocrx_word' id='word_1_526' title='bbox 2905 3446 2974 3498; x_wconf 84' lang='grc' dir='ltr'><strong>δι’</strong></span> <span class='ocrx_word' id='word_1_527' title='bbox 3000 3448 3126 3499; x_wconf 83' lang='grc' dir='ltr'><strong>ὅλου</strong></span> <span class='ocrx_word' id='word_1_528' title='bbox 3175 3448 3272 3501; x_wconf 89' lang='grc' dir='ltr'><strong>τοῦ</strong></span> <span class='ocrx_word' id='word_1_529' title='bbox 3309 3450 3690 3518; x_wconf 75' lang='grc' dir='ltr'><strong>Σεπτεμϐρίου</strong></span> 
     </span>
    </p>
   </div>
   <div class='ocr_carea' id='block_1_79' title="bbox 2125 3539 3690 3610">
    <p class='ocr_par' dir='ltr' id='par_1_79' title="bbox 2125 3539 3690 3610">
     <span class='ocr_line' id='line_1_79' title="bbox 2125 3539 3690 3610; baseline 0.001 -19"><span class='ocrx_word' id='word_1_530' title='bbox 2125 3541 2294 3610; x_wconf 83' lang='grc' dir='ltr'><strong>μηνὸς</strong></span> <span class='ocrx_word' id='word_1_531' title='bbox 2320 3542 2489 3609; x_wconf 72' lang='grc' dir='ltr'><strong>χωρὶς</strong></span> <span class='ocrx_word' id='word_1_532' title='bbox 2516 3539 2782 3608; x_wconf 88' lang='grc' dir='ltr'><strong>ἀναϐολῆς</strong></span> <span class='ocrx_word' id='word_1_533' title='bbox 2818 3540 2912 3591; x_wconf 67' lang='grc' dir='ltr'><strong>καὶ</strong></span> <span class='ocrx_word' id='word_1_534' title='bbox 2947 3540 3296 3607; x_wconf 79' lang='grc' dir='ltr'><strong>ὑπερθέσεως</strong></span> <span class='ocrx_word' id='word_1_535' title='bbox 3329 3542 3690 3610; x_wconf 66' lang='grc' dir='ltr'><strong>οἱασδήτινος·</strong></span> 
     </span>
    </p>
   </div>
   <div class='ocr_carea' id='block_1_80' title="bbox 2119 3631 3696 3703">
    <p class='ocr_par' dir='ltr' id='par_1_80' title="bbox 2119 3631 3696 3703">
     <span class='ocr_line' id='line_1_80' title="bbox 2119 3631 3696 3703; baseline 0.001 -19"><span class='ocrx_word' id='word_1_536' title='bbox 2119 3632 2242 3684; x_wconf 81' lang='grc' dir='ltr'><strong>ὅθεν</strong></span> <span class='ocrx_word' id='word_1_537' title='bbox 2271 3632 2364 3682; x_wconf 74' lang='grc' dir='ltr'><strong>καὶ</strong></span> <span class='ocrx_word' id='word_1_538' title='bbox 2399 3631 2674 3700; x_wconf 75' lang='grc' dir='ltr'><strong>ποιησάτω</strong></span> <span class='ocrx_word' id='word_1_539' title='bbox 2710 3633 2739 3700; x_wconf 86' lang='grc' dir='ltr'><strong>ή</strong></span> <span class='ocrx_word' id='word_1_540' title='bbox 2775 3632 2991 3700; x_wconf 79' lang='grc' dir='ltr'><strong>ίερότης</strong></span> <span class='ocrx_word' id='word_1_541' title='bbox 3022 3649 3137 3698; x_wconf 92' lang='grc' dir='ltr'><strong>σου,</strong></span> <span class='ocrx_word' id='word_1_542' title='bbox 3181 3633 3323 3686; x_wconf 88' lang='grc' dir='ltr'><strong>καθά</strong></span> <span class='ocrx_word' id='word_1_543' title='bbox 3355 3634 3696 3703; x_wconf 79' lang='grc' dir='ltr'><strong>παραδηλοῦ-</strong></span> 
     </span>
    </p>
   </div>
   <div class='ocr_carea' id='block_1_81' title="bbox 2123 3723 3695 3798">
    <p class='ocr_par' dir='ltr' id='par_1_81' title="bbox 2123 3723 3695 3798">
     <span class='ocr_line' id='line_1_81' title="bbox 2123 3723 3695 3798; baseline 0.015 -37"><span class='ocrx_word' id='word_1_544' title='bbox 2123 3740 2226 3788; x_wconf 76' lang='grc' dir='ltr'><strong>μεν</strong></span> <span class='ocrx_word' id='word_1_545' title='bbox 2275 3725 2436 3793; x_wconf 72' lang='grc' dir='ltr'><strong>αὐτῇ,</strong></span> <span class='ocrx_word' id='word_1_546' title='bbox 2474 3723 2541 3776; x_wconf 79' lang='lat' dir='ltr'><strong>&#39;H</strong></span> <span class='ocrx_word' id='word_1_547' title='bbox 2586 3725 2744 3793; x_wconf 78' lang='grc' dir='ltr'><strong>χάρις</strong></span> <span class='ocrx_word' id='word_1_548' title='bbox 2793 3725 2886 3777; x_wconf 85' lang='grc' dir='ltr'><strong>τοῦ</strong></span> <span class='ocrx_word' id='word_1_549' title='bbox 2939 3725 3074 3778; x_wconf 84' lang='grc' dir='ltr'><strong>Θεοῦ</strong></span> <span class='ocrx_word' id='word_1_550' title='bbox 3130 3727 3215 3798; x_wconf 85' lang='grc' dir='ltr'><strong>είη</strong></span> <span class='ocrx_word' id='word_1_551' title='bbox 3274 3728 3412 3798; x_wconf 83' lang='grc' dir='ltr'><strong>μετά</strong></span> <span class='ocrx_word' id='word_1_552' title='bbox 3448 3731 3544 3798; x_wconf 83' lang='grc' dir='ltr'><strong>τῆς</strong></span> <span class='ocrx_word' id='word_1_553' title='bbox 3597 3730 3695 3796; x_wconf 79' lang='grc' dir='ltr'><strong>σῆς</strong></span> 
     </span>
    </p>
   </div>
   <div class='ocr_carea' id='block_1_82' title="bbox 2127 3813 2419 3883">
    <p class='ocr_par' dir='ltr' id='par_1_82' title="bbox 2127 3813 2419 3883">
     <span class='ocr_line' id='line_1_82' title="bbox 2127 3813 2419 3883; baseline 0.01 -19"><span class='ocrx_word' id='word_1_554' title='bbox 2127 3813 2419 3883; x_wconf 83' lang='grc' dir='ltr'><strong>ίερότητος.</strong></span> 
     </span>
    </p>
   </div>
   <div class='ocr_carea' id='block_1_83' title="bbox 2195 3903 3200 3978">
    <p class='ocr_par' dir='ltr' id='par_1_83' title="bbox 2195 3903 3200 3978">
     <span class='ocr_line' id='line_1_83' title="bbox 2195 3903 3200 3978; baseline 0.006 -19"><span class='ocrx_word' id='word_1_555' title='bbox 2195 3906 2234 3976; x_wconf 66' lang='grc' dir='ltr'><strong>ἰ-</strong></span> <span class='ocrx_word' id='word_1_556' title='bbox 2275 3903 2416 3975; x_wconf 77' lang='grc' dir='ltr'><strong>Εἶχε</strong></span> <span class='ocrx_word' id='word_1_557' title='bbox 2446 3910 2534 3962; x_wconf 81' lang='grc' dir='ltr'><strong>τό’</strong></span> <span class='ocrx_word' id='word_1_558' title='bbox 2569 3910 2724 3978; x_wconf 74' lang='grc' dir='ltr'><strong>Μηνὶ</strong></span> <span class='ocrx_word' id='word_1_559' title='bbox 2762 3907 2927 3975; x_wconf 78' lang='grc' dir='ltr'><strong>Μαΐῳ</strong></span> <span class='ocrx_word' id='word_1_560' title='bbox 2966 3911 3084 3966; x_wconf 77' lang='grc' dir='ltr'><strong>ινδ.</strong></span> <span class='ocrx_word' id='word_1_561' title='bbox 3112 3911 3200 3965; x_wconf 81' lang='grc' dir='ltr'><strong>ιδ’.</strong></span> 
     </span>
    </p>
   </div>
   <div class='ocr_carea' id='block_1_84' title="bbox 2126 4062 3699 4136">
    <p class='ocr_par' dir='ltr' id='par_1_84' title="bbox 2126 4062 3699 4136">
     <span class='ocr_line' id='line_1_84' title="bbox 2126 4062 3699 4136; baseline 0.005 -20"><span class='ocrx_word' id='word_1_562' title='bbox 2126 4062 2367 4118; x_wconf 85' lang='lat' dir='ltr'><strong>XXXIV.</strong></span> <span class='ocrx_word' id='word_1_563' title='bbox 2401 4062 2647 4136; x_wconf 75' lang='lat' dir='ltr'><strong>S_ynodus_</strong></span> <span class='ocrx_word' id='word_1_564' title='bbox 2704 4065 2922 4118; x_wconf 73' lang='lat' dir='ltr'><strong>absolvit</strong></span> <span class='ocrx_word' id='word_1_565' title='bbox 2979 4069 3332 4136; x_wconf 70' lang='lat' dir='ltr'><strong>presbyu&#39;rum</strong></span> <span class='ocrx_word' id='word_1_566' title='bbox 3403 4067 3699 4125; x_wconf 81' lang='lat' dir='ltr'><strong>Carianum</strong></span> 
     </span>
    </p>
   </div>
   <div class='ocr_carea' id='block_1_85' title="bbox 2412 4133 3437 4204">
    <p class='ocr_par' dir='ltr' id='par_1_85' title="bbox 2412 4133 3437 4204">
     <span class='ocr_line' id='line_1_85' title="bbox 2412 4133 3437 4204; baseline 0.004 -17"><span class='ocrx_word' id='word_1_567' title='bbox 2412 4133 2747 4204; x_wconf 18' lang='lat' dir='ltr'><strong>B’ogomiloru</strong></span> <span class='ocrx_word' id='word_1_568' title='bbox 2757 4154 2802 4188; x_wconf 88' lang='lat' dir='ltr'><strong><em>m</em></strong></span> <span class='ocrx_word' id='word_1_569' title='bbox 2830 4137 3082 4190; x_wconf 68' lang='lat' dir='ltr'><strong>hwreseos</strong></span> <span class='ocrx_word' id='word_1_570' title='bbox 3111 4133 3415 4190; x_wconf 45' lang='lat' dir='ltr'><strong>a&#39;ccusatum</strong></span> <span class='ocrx_word' id='word_1_571' title='bbox 3426 4179 3437 4192; x_wconf 94' lang='lat'><strong>.</strong></span> 
     </span>
    </p>
   </div>
   <div class='ocr_carea' id='block_1_86' title="bbox 2200 4272 3703 4345">
    <p class='ocr_par' dir='ltr' id='par_1_86' title="bbox 2200 4272 3703 4345">
     <span class='ocr_line' id='line_1_86' title="bbox 2200 4272 3703 4345; baseline 0.003 -20"><span class='ocrx_word' id='word_1_572' title='bbox 2200 4272 2239 4342; x_wconf 67' lang='lat'><strong>1-</strong></span> <span class='ocrx_word' id='word_1_573' title='bbox 2289 4274 2348 4326; x_wconf 84' lang='grc' dir='ltr'>Ὀ</span> <span class='ocrx_word' id='word_1_574' title='bbox 2382 4272 2672 4342; x_wconf 74' lang='grc' dir='ltr'><strong>ἱερώτατος</strong></span> <span class='ocrx_word' id='word_1_575' title='bbox 2724 4274 3128 4344; x_wconf 86' lang='grc' dir='ltr'><strong>μητροπολίτης</strong></span> <span class='ocrx_word' id='word_1_576' title='bbox 3177 4275 3526 4345; x_wconf 83' lang='grc' dir='ltr'><strong>Ἡρακλείας,</strong></span> <span class='ocrx_word' id='word_1_577' title='bbox 3567 4281 3703 4345; x_wconf 77' lang='grc' dir='ltr'><strong>πρό-</strong></span> 
     </span>
    </p>
   </div>
   <div class='ocr_carea' id='block_1_87' title="bbox 2131 4364 3702 4440">
    <p class='ocr_par' dir='ltr' id='par_1_87' title="bbox 2131 4364 3702 4440">
     <span class='ocr_line' id='line_1_87' title="bbox 2131 4364 3702 4440; baseline 0.003 -24"><span class='ocrx_word' id='word_1_578' title='bbox 2131 4366 2284 4434; x_wconf 92' lang='grc' dir='ltr'><strong>εδρος</strong></span> <span class='ocrx_word' id='word_1_579' title='bbox 2317 4365 2425 4418; x_wconf 86' lang='grc' dir='ltr'><strong>τῶν</strong></span> <span class='ocrx_word' id='word_1_580' title='bbox 2458 4364 2778 4434; x_wconf 87' lang='grc' dir='ltr'><strong>ὑπερτίμων</strong></span> <span class='ocrx_word' id='word_1_581' title='bbox 2825 4366 2919 4418; x_wconf 74' lang='grc' dir='ltr'><strong>καὶ</strong></span> <span class='ocrx_word' id='word_1_582' title='bbox 2965 4366 3192 4436; x_wconf 73' lang='grc' dir='ltr'><strong>ἔξαρχος</strong></span> <span class='ocrx_word' id='word_1_583' title='bbox 3243 4367 3424 4438; x_wconf 85' lang='grc' dir='ltr'><strong>πάσης</strong></span> <span class='ocrx_word' id='word_1_584' title='bbox 3481 4369 3702 4440; x_wconf 82' lang='grc' dir='ltr'><strong>Θρᾴκης</strong></span> 
     </span>
    </p>
   </div>
   <div class='ocr_carea' id='block_1_88' title="bbox 2132 4456 3703 4528">
    <p class='ocr_par' dir='ltr' id='par_1_88' title="bbox 2132 4456 3703 4528">
     <span class='ocr_line' id='line_1_88' title="bbox 2132 4456 3703 4528; baseline 0.001 -21"><span class='ocrx_word' id='word_1_585' title='bbox 2132 4459 2228 4507; x_wconf 77' lang='grc' dir='ltr'><strong>καὶ</strong></span> <span class='ocrx_word' id='word_1_586' title='bbox 2257 4456 2620 4518; x_wconf 79' lang='grc' dir='ltr'><strong>Μακεδονίας,</strong></span> <span class='ocrx_word' id='word_1_587' title='bbox 2653 4458 2707 4508; x_wconf 86' lang='grc' dir='ltr'><strong>ἐν</strong></span> <span class='ocrx_word' id='word_1_588' title='bbox 2739 4456 2881 4527; x_wconf 86' lang='grc' dir='ltr'><strong>ἀγίῳ</strong></span> <span class='ocrx_word' id='word_1_589' title='bbox 2917 4457 3194 4526; x_wconf 86' lang='grc' dir='ltr'><strong>Πνεύματι</strong></span> <span class='ocrx_word' id='word_1_590' title='bbox 3232 4461 3518 4528; x_wconf 74' lang='grc' dir='ltr'><strong>ἀγαπητὸς</strong></span> <span class='ocrx_word' id='word_1_591' title='bbox 3550 4460 3703 4510; x_wconf 72' lang='grc' dir='ltr'><strong>ἀδελ-</strong></span> 
     </span>
    </p>
   </div>
   <div class='ocr_carea' id='block_1_89' title="bbox 410 4530 3705 4631">
    <p class='ocr_par' dir='ltr' id='par_1_89' title="bbox 410 4530 3705 4631">
     <span class='ocr_line' id='line_1_89' title="bbox 410 4530 3705 4631; baseline -0 -25"><span class='ocrx_word' id='word_1_592' title='bbox 410 4612 421 4628; x_wconf 32' lang='grc' dir='ltr'>ι</span> <span class='ocrx_word' id='word_1_593' title='bbox 525 4555 565 4624; x_wconf 50' lang='grc' dir='ltr'><strong>τι</strong></span> <span class='ocrx_word' id='word_1_594' title='bbox 617 4550 836 4621; x_wconf 81' lang='grc' dir='ltr'><strong>Ἐπειδὴ</strong></span> <span class='ocrx_word' id='word_1_595' title='bbox 872 4548 1169 4618; x_wconf 85' lang='grc' dir='ltr'><strong>ἐγνώρισεν</strong></span> <span class='ocrx_word' id='word_1_596' title='bbox 1228 4551 1260 4619; x_wconf 83' lang='grc' dir='ltr'><strong>ή</strong></span> <span class='ocrx_word' id='word_1_597' title='bbox 1315 4551 1604 4619; x_wconf 87' lang='grc' dir='ltr'><strong>μετριότης</strong></span> <span class='ocrx_word' id='word_1_598' title='bbox 1662 4530 1840 4619; x_wconf 78' lang='grc' dir='ltr'><strong>ήμών,</strong></span> <span class='ocrx_word' id='word_1_599' title='bbox 1889 4550 1961 4613; x_wconf 90' lang='grc' dir='ltr'><strong>ώς</strong></span> <span class='ocrx_word' id='word_1_600' title='bbox 1997 4553 2024 4603; x_wconf 94' lang='lat'><strong>6</strong></span> <span class='ocrx_word' id='word_1_601' title='bbox 2062 4577 2102 4631; x_wconf 72' lang='grc' dir='ltr'><strong>ο</strong></span> <span class='ocrx_word' id='word_1_602' title='bbox 2134 4548 2232 4616; x_wconf 78' lang='grc' dir='ltr'><strong>φὺς</strong></span> <span class='ocrx_word' id='word_1_603' title='bbox 2262 4551 2360 4619; x_wconf 78' lang='grc' dir='ltr'><strong>τῆς</strong></span> <span class='ocrx_word' id='word_1_604' title='bbox 2409 4549 2565 4616; x_wconf 84' lang='grc' dir='ltr'><strong>ήμῶν</strong></span> <span class='ocrx_word' id='word_1_605' title='bbox 2601 4551 2952 4618; x_wconf 79' lang='grc' dir='ltr'><strong>μετριότητος</strong></span> <span class='ocrx_word' id='word_1_606' title='bbox 2996 4552 3089 4602; x_wconf 77' lang='grc' dir='ltr'><strong>καὶ</strong></span> <span class='ocrx_word' id='word_1_607' title='bbox 3118 4549 3549 4621; x_wconf 78' lang='grc' dir='ltr'><strong>συλλειτουργὺς,</strong></span> <span class='ocrx_word' id='word_1_608' title='bbox 3592 4555 3705 4605; x_wconf 83' lang='grc' dir='ltr'><strong>ἐνε-</strong></span> 
     </span>
    </p>
   </div>
   <div class='ocr_carea' id='block_1_90' title="bbox 459 4641 2027 4714">
    <p class='ocr_par' dir='ltr' id='par_1_90' title="bbox 459 4641 2027 4714">
     <span class='ocr_line' id='line_1_90' title="bbox 459 4641 2027 4714; baseline -0.001 -16"><span class='ocrx_word' id='word_1_609' title='bbox 459 4645 788 4714; x_wconf 75' lang='grc' dir='ltr'><strong>ὑποψήφιος,</strong></span> <span class='ocrx_word' id='word_1_610' title='bbox 825 4643 882 4705; x_wconf 87' lang='lat'><strong>6;</strong></span> <span class='ocrx_word' id='word_1_611' title='bbox 930 4643 1245 4712; x_wconf 85' lang='grc' dir='ltr'><strong>εὑρίσκεται</strong></span> <span class='ocrx_word' id='word_1_612' title='bbox 1298 4641 1517 4710; x_wconf 83' lang='grc' dir='ltr'><strong>κρατῶν</strong></span> <span class='ocrx_word' id='word_1_613' title='bbox 1563 4642 1661 4710; x_wconf 84' lang='grc' dir='ltr'><strong>τὴν</strong></span> <span class='ocrx_word' id='word_1_614' title='bbox 1715 4644 2027 4712; x_wconf 80' lang='grc' dir='ltr'><strong>ἀγιωτάτην</strong></span> 
     </span>
    </p>
   </div>
   <div class='ocr_carea' id='block_1_91' title="bbox 459 4735 2028 4806">
    <p class='ocr_par' dir='ltr' id='par_1_91' title="bbox 459 4735 2028 4806">
     <span class='ocr_line' id='line_1_91' title="bbox 459 4735 2028 4806; baseline -0.001 -15"><span class='ocrx_word' id='word_1_615' title='bbox 459 4737 762 4806; x_wconf 80' lang='grc' dir='ltr'><strong>ἐπισκοπὴν</strong></span> <span class='ocrx_word' id='word_1_616' title='bbox 811 4737 1044 4805; x_wconf 84' lang='grc' dir='ltr'><strong>Μάκρης</strong></span> <span class='ocrx_word' id='word_1_617' title='bbox 1091 4735 1185 4787; x_wconf 80' lang='grc' dir='ltr'><strong>καὶ</strong></span> <span class='ocrx_word' id='word_1_618' title='bbox 1221 4735 1506 4796; x_wconf 86' lang='grc' dir='ltr'><strong>Λιϐυσίου,</strong></span> <span class='ocrx_word' id='word_1_619' title='bbox 1542 4735 1662 4805; x_wconf 75' lang='grc' dir='ltr'><strong>ἥτις</strong></span> <span class='ocrx_word' id='word_1_620' title='bbox 1713 4737 2028 4804; x_wconf 86' lang='grc' dir='ltr'><strong>εὑρίσκεται</strong></span> 
     </span>
    </p>
   </div>
   <div class='ocr_carea' id='block_1_92' title="bbox 462 4828 2030 4899">
    <p class='ocr_par' dir='ltr' id='par_1_92' title="bbox 462 4828 2030 4899">
     <span class='ocr_line' id='line_1_92' title="bbox 462 4828 2030 4899; baseline -0.003 -14"><span class='ocrx_word' id='word_1_621' title='bbox 462 4832 565 4885; x_wconf 73' lang='grc' dir='ltr'><strong>ὑπὸ</strong></span> <span class='ocrx_word' id='word_1_622' title='bbox 593 4829 692 4899; x_wconf 89' lang='grc' dir='ltr'><strong>τὴν</strong></span> <span class='ocrx_word' id='word_1_623' title='bbox 717 4828 1030 4898; x_wconf 87' lang='grc' dir='ltr'><strong>ἀγιωτάτην</strong></span> <span class='ocrx_word' id='word_1_624' title='bbox 1062 4828 1400 4896; x_wconf 90' lang='grc' dir='ltr'><strong>μητρόπολιν</strong></span> <span class='ocrx_word' id='word_1_625' title='bbox 1427 4828 1652 4898; x_wconf 89' lang='grc' dir='ltr'><strong>Μύρων,</strong></span> <span class='ocrx_word' id='word_1_626' title='bbox 1680 4829 1831 4881; x_wconf 71' lang='grc' dir='ltr'><strong>οὐδὲν</strong></span> <span class='ocrx_word' id='word_1_627' title='bbox 1857 4832 2030 4896; x_wconf 72' lang='grc' dir='ltr'><strong>πράτο</strong></span> 
     </span>
    </p>
   </div>
   <div class='ocr_carea' id='block_1_93' title="bbox 460 4920 2031 4987">
    <p class='ocr_par' dir='ltr' id='par_1_93' title="bbox 460 4920 2031 4987">
     <span class='ocr_line' id='line_1_93' title="bbox 460 4920 2031 4987; baseline -0.001 -13"><span class='ocrx_word' id='word_1_628' title='bbox 460 4939 540 4974; x_wconf 89' lang='grc' dir='ltr'><strong>τει</strong></span> <span class='ocrx_word' id='word_1_629' title='bbox 588 4920 892 4982; x_wconf 85' lang='grc' dir='ltr'><strong>κανονικῶς</strong></span> <span class='ocrx_word' id='word_1_630' title='bbox 945 4922 1036 4972; x_wconf 73' lang='grc' dir='ltr'><strong>καὶ</strong></span> <span class='ocrx_word' id='word_1_631' title='bbox 1086 4920 1485 4987; x_wconf 84' lang='grc' dir='ltr'><strong>Χριστιανικῶς</strong></span> <span class='ocrx_word' id='word_1_632' title='bbox 1537 4922 1616 4982; x_wconf 86' lang='grc' dir='ltr'><strong>είς</strong></span> <span class='ocrx_word' id='word_1_633' title='bbox 1669 4923 1760 4972; x_wconf 70' lang='grc' dir='ltr'><strong>τὸν</strong></span> <span class='ocrx_word' id='word_1_634' title='bbox 1789 4921 2031 4973; x_wconf 76' lang='grc' dir='ltr'><strong>τοιοῦτον</strong></span> 
     </span>
    </p>
   </div>
   <div class='ocr_carea' id='block_1_94' title="bbox 462 5007 2031 5081">
    <p class='ocr_par' dir='ltr' id='par_1_94' title="bbox 462 5007 2031 5081">
     <span class='ocr_line' id='line_1_94' title="bbox 462 5007 2031 5081; baseline -0.001 -15"><span class='ocrx_word' id='word_1_635' title='bbox 462 5015 652 5078; x_wconf 91' lang='grc' dir='ltr'><strong>τόπον,</strong></span> <span class='ocrx_word' id='word_1_636' title='bbox 678 5011 814 5066; x_wconf 85' lang='grc' dir='ltr'><strong>ἀλλά</strong></span> <span class='ocrx_word' id='word_1_637' title='bbox 847 5011 939 5064; x_wconf 78' lang='grc' dir='ltr'><strong>καὶ</strong></span> <span class='ocrx_word' id='word_1_638' title='bbox 969 5011 1044 5073; x_wconf 89' lang='grc' dir='ltr'><strong>ώς</strong></span> <span class='ocrx_word' id='word_1_639' title='bbox 1079 5007 1243 5080; x_wconf 82' lang='grc' dir='ltr'><strong>ἦλθεν</strong></span> <span class='ocrx_word' id='word_1_640' title='bbox 1278 5011 1511 5064; x_wconf 73' lang='grc' dir='ltr'><strong>ἐνταῦθα</strong></span> <span class='ocrx_word' id='word_1_641' title='bbox 1546 5014 1625 5074; x_wconf 84' lang='grc' dir='ltr'><strong>είς</strong></span> <span class='ocrx_word' id='word_1_642' title='bbox 1658 5012 1754 5081; x_wconf 91' lang='grc' dir='ltr'><strong>τὴν</strong></span> <span class='ocrx_word' id='word_1_643' title='bbox 1780 5011 2031 5080; x_wconf 83' lang='grc' dir='ltr'><strong>βασιλεύ-</strong></span> 
     </span>
    </p>
   </div>
   <div class='ocr_carea' id='block_1_95' title="bbox 465 5103 2034 5172">
    <p class='ocr_par' dir='ltr' id='par_1_95' title="bbox 465 5103 2034 5172">
     <span class='ocr_line' id='line_1_95' title="bbox 465 5103 2034 5172; baseline -0.003 -14"><span class='ocrx_word' id='word_1_644' title='bbox 465 5121 632 5158; x_wconf 89' lang='grc' dir='ltr'><strong>ουσαν</strong></span> <span class='ocrx_word' id='word_1_645' title='bbox 681 5104 860 5172; x_wconf 71' lang='grc' dir='ltr'><strong>πόλιν,</strong></span> <span class='ocrx_word' id='word_1_646' title='bbox 893 5103 1138 5171; x_wconf 83' lang='grc' dir='ltr'><strong>ἀνεφάνη</strong></span> <span class='ocrx_word' id='word_1_647' title='bbox 1173 5103 1345 5165; x_wconf 70' lang='grc' dir='ltr'><strong>δόλιος</strong></span> <span class='ocrx_word' id='word_1_648' title='bbox 1393 5105 1486 5157; x_wconf 84' lang='grc' dir='ltr'><strong>καὶ</strong></span> <span class='ocrx_word' id='word_1_649' title='bbox 1521 5105 1905 5172; x_wconf 86' lang='grc' dir='ltr'><strong>ἀνυπόληπτος</strong></span> <span class='ocrx_word' id='word_1_650' title='bbox 1955 5106 2034 5165; x_wconf 91' lang='grc' dir='ltr'><strong>είς</strong></span> 
     </span>
    </p>
   </div>
   <div class='ocr_carea' id='block_1_96' title="bbox 465 5161 2033 5262">
    <p class='ocr_par' dir='ltr' id='par_1_96' title="bbox 465 5161 2033 5262">
     <span class='ocr_line' id='line_1_96' title="bbox 465 5161 2033 5262; baseline -0.001 -12"><span class='ocrx_word' id='word_1_651' title='bbox 465 5199 591 5260; x_wconf 80' lang='grc' dir='ltr'><strong>τοῦς</strong></span> <span class='ocrx_word' id='word_1_652' title='bbox 639 5161 871 5248; x_wconf 54' lang='grc' dir='ltr'><strong>ἐκίέεοῦ</strong></span> <span class='ocrx_word' id='word_1_653' title='bbox 921 5161 1346 5258; x_wconf 75' lang='grc' dir='ltr'><strong>εὐσεϐεστάτους</strong></span> <span class='ocrx_word' id='word_1_654' title='bbox 1398 5195 1493 5247; x_wconf 76' lang='grc' dir='ltr'><strong>καὶ</strong></span> <span class='ocrx_word' id='word_1_655' title='bbox 1528 5196 1716 5262; x_wconf 83' lang='grc' dir='ltr'><strong>ἀγίους</strong></span> <span class='ocrx_word' id='word_1_656' title='bbox 1753 5161 2033 5262; x_wconf 44' lang='grc' dir='ltr'><strong>βασιλεῖς,</strong></span> 
     </span>
    </p>
   </div>
   <div class='ocr_carea' id='block_1_97' title="bbox 2134 4634 3706 4714">
    <p class='ocr_par' dir='ltr' id='par_1_97' title="bbox 2134 4634 3706 4714">
     <span class='ocr_line' id='line_1_97' title="bbox 2134 4634 3706 4714; baseline -0.001 -16"><span class='ocrx_word' id='word_1_657' title='bbox 2134 4647 2325 4714; x_wconf 87' lang='grc' dir='ltr'><strong>φάνισε</strong></span> <span class='ocrx_word' id='word_1_658' title='bbox 2358 4634 2650 4706; x_wconf 82' lang='grc' dir='ltr'><strong>σύνοδικῶς</strong></span> <span class='ocrx_word' id='word_1_659' title='bbox 2683 4646 2748 4710; x_wconf 77' lang='grc' dir='ltr'><strong>τῇ</strong></span> <span class='ocrx_word' id='word_1_660' title='bbox 2786 4644 2941 4712; x_wconf 63' lang='grc' dir='ltr'><strong>ήμῶν</strong></span> <span class='ocrx_word' id='word_1_661' title='bbox 2971 4643 3282 4712; x_wconf 76' lang='grc' dir='ltr'><strong>μετριότητι</strong></span> <span class='ocrx_word' id='word_1_662' title='bbox 3313 4647 3532 4713; x_wconf 77' lang='grc' dir='ltr'><strong>γραφήν</strong></span> <span class='ocrx_word' id='word_1_663' title='bbox 3562 4661 3706 4708; x_wconf 89' lang='grc' dir='ltr'><strong>τινος</strong></span> 
     </span>
    </p>
   </div>
   <div class='ocr_carea' id='block_1_98' title="bbox 2132 4735 3707 4808">
    <p class='ocr_par' dir='ltr' id='par_1_98' title="bbox 2132 4735 3707 4808">
     <span class='ocr_line' id='line_1_98' title="bbox 2132 4735 3707 4808; baseline -0.001 -18"><span class='ocrx_word' id='word_1_664' title='bbox 2132 4741 2196 4790; x_wconf 82' lang='grc' dir='ltr'><strong>ἐκ</strong></span> <span class='ocrx_word' id='word_1_665' title='bbox 2224 4738 2320 4805; x_wconf 89' lang='grc' dir='ltr'><strong>τῆς</strong></span> <span class='ocrx_word' id='word_1_666' title='bbox 2361 4736 2542 4806; x_wconf 86' lang='grc' dir='ltr'><strong>χώρας</strong></span> <span class='ocrx_word' id='word_1_667' title='bbox 2576 4735 2668 4788; x_wconf 90' lang='grc' dir='ltr'><strong>τοῦ</strong></span> <span class='ocrx_word' id='word_1_668' title='bbox 2720 4737 3022 4808; x_wconf 39' lang='grc' dir='ltr'><strong>Πιαμφύλου</strong></span> <span class='ocrx_word' id='word_1_669' title='bbox 3057 4737 3337 4806; x_wconf 77' lang='grc' dir='ltr'><strong>Μανουὴλ,</strong></span> <span class='ocrx_word' id='word_1_670' title='bbox 3371 4737 3707 4806; x_wconf 83' lang='grc' dir='ltr'><strong>καλουμένου</strong></span> 
     </span>
    </p>
   </div>
   <div class='ocr_carea' id='block_1_99' title="bbox 2132 4827 3711 4898">
    <p class='ocr_par' dir='ltr' id='par_1_99' title="bbox 2132 4827 3711 4898">
     <span class='ocr_line' id='line_1_99' title="bbox 2132 4827 3711 4898; baseline -0.001 -15"><span class='ocrx_word' id='word_1_671' title='bbox 2132 4830 2228 4883; x_wconf 88' lang='grc' dir='ltr'><strong>τοῦ</strong></span> <span class='ocrx_word' id='word_1_672' title='bbox 2262 4828 2720 4889; x_wconf 72' lang='grc' dir='ltr'><strong>Χαλκεωπούλου,</strong></span> <span class='ocrx_word' id='word_1_673' title='bbox 2757 4829 2895 4898; x_wconf 76' lang='grc' dir='ltr'><strong>πρὸς</strong></span> <span class='ocrx_word' id='word_1_674' title='bbox 2928 4832 3018 4881; x_wconf 74' lang='grc' dir='ltr'><strong>τὸν</strong></span> <span class='ocrx_word' id='word_1_675' title='bbox 3052 4832 3130 4890; x_wconf 89' lang='grc' dir='ltr'><strong>είς</strong></span> <span class='ocrx_word' id='word_1_676' title='bbox 3169 4827 3352 4897; x_wconf 68' lang='grc' dir='ltr'><strong>ἔνοχον</strong></span> <span class='ocrx_word' id='word_1_677' title='bbox 3384 4829 3711 4898; x_wconf 81' lang='grc' dir='ltr'><strong>εὑρισκόμε-</strong></span> 
     </span>
    </p>
   </div>
   <div class='ocr_carea' id='block_1_100' title="bbox 2134 4919 3710 4993">
    <p class='ocr_par' dir='ltr' id='par_1_100' title="bbox 2134 4919 3710 4993">
     <span class='ocr_line' id='line_1_100' title="bbox 2134 4919 3710 4993; baseline 0.004 -20"><span class='ocrx_word' id='word_1_678' title='bbox 2134 4938 2224 4973; x_wconf 91' lang='grc' dir='ltr'><strong>νον</strong></span> <span class='ocrx_word' id='word_1_679' title='bbox 2270 4921 2378 4973; x_wconf 86' lang='grc' dir='ltr'><strong>τῶν</strong></span> <span class='ocrx_word' id='word_1_680' title='bbox 2411 4919 2539 4989; x_wconf 77' lang='grc' dir='ltr'><strong>περὶ</strong></span> <span class='ocrx_word' id='word_1_681' title='bbox 2576 4919 2674 4989; x_wconf 86' lang='grc' dir='ltr'><strong>τὴν</strong></span> <span class='ocrx_word' id='word_1_682' title='bbox 2720 4921 3090 4990; x_wconf 81' lang='grc' dir='ltr'><strong>Χαριούπολιν</strong></span> <span class='ocrx_word' id='word_1_683' title='bbox 3129 4922 3407 4991; x_wconf 81' lang='grc' dir='ltr'><strong>δημοσίων</strong></span> <span class='ocrx_word' id='word_1_684' title='bbox 3446 4926 3710 4993; x_wconf 80' lang='grc' dir='ltr'><strong>πραγμά-</strong></span> 
     </span>
    </p>
   </div>
   <div class='ocr_carea' id='block_1_101' title="bbox 2134 5013 3706 5086">
    <p class='ocr_par' dir='ltr' id='par_1_101' title="bbox 2134 5013 3706 5086">
     <span class='ocr_line' id='line_1_101' title="bbox 2134 5013 3706 5086; baseline 0 -20"><span class='ocrx_word' id='word_1_685' title='bbox 2134 5031 2244 5067; x_wconf 89' lang='grc' dir='ltr'><strong>των</strong></span> <span class='ocrx_word' id='word_1_686' title='bbox 2296 5013 2384 5065; x_wconf 76' lang='grc' dir='ltr'><strong>τδν</strong></span> <span class='ocrx_word' id='word_1_687' title='bbox 2435 5013 2795 5082; x_wconf 87' lang='grc' dir='ltr'><strong>Βλαστάριον,</strong></span> <span class='ocrx_word' id='word_1_688' title='bbox 2852 5013 3331 5082; x_wconf 83' lang='grc' dir='ltr'><strong>διαλαμϐάνουσαν</strong></span> <span class='ocrx_word' id='word_1_689' title='bbox 3396 5017 3534 5086; x_wconf 82' lang='grc' dir='ltr'><strong>μετά</strong></span> <span class='ocrx_word' id='word_1_690' title='bbox 3598 5016 3706 5067; x_wconf 82' lang='grc' dir='ltr'><strong>τῶν</strong></span> 
     </span>
    </p>
   </div>
   <div class='ocr_carea' id='block_1_102' title="bbox 2136 5105 3705 5175">
    <p class='ocr_par' dir='ltr' id='par_1_102' title="bbox 2136 5105 3705 5175">
     <span class='ocr_line' id='line_1_102' title="bbox 2136 5105 3705 5175; baseline 0.001 -15"><span class='ocrx_word' id='word_1_691' title='bbox 2136 5107 2312 5160; x_wconf 81' lang='grc' dir='ltr'><strong>ἀλλων</strong></span> <span class='ocrx_word' id='word_1_692' title='bbox 2354 5105 2481 5175; x_wconf 85' lang='grc' dir='ltr'><strong>περί</strong></span> <span class='ocrx_word' id='word_1_693' title='bbox 2512 5123 2653 5168; x_wconf 91' lang='grc' dir='ltr'><strong>τινος</strong></span> <span class='ocrx_word' id='word_1_694' title='bbox 2694 5107 2882 5174; x_wconf 77' lang='grc' dir='ltr'><strong>ἱερέως</strong></span> <span class='ocrx_word' id='word_1_695' title='bbox 2919 5109 3012 5158; x_wconf 78' lang='grc' dir='ltr'><strong>καὶ</strong></span> <span class='ocrx_word' id='word_1_696' title='bbox 3059 5107 3252 5160; x_wconf 79' lang='grc' dir='ltr'><strong>ταῦτα·</strong></span> <span class='ocrx_word' id='word_1_697' title='bbox 3288 5110 3315 5160; x_wconf 93' lang='lat'><strong>6</strong></span> <span class='ocrx_word' id='word_1_698' title='bbox 3365 5108 3420 5160; x_wconf 77' lang='grc' dir='ltr'><strong>δὲ</strong></span> <span class='ocrx_word' id='word_1_699' title='bbox 3475 5111 3705 5171; x_wconf 80' lang='grc' dir='ltr'><strong>παππάς</strong></span> 
     </span>
    </p>
   </div>
   <div class='ocr_carea' id='block_1_103' title="bbox 2139 5194 3710 5270">
    <p class='ocr_par' dir='ltr' id='par_1_103' title="bbox 2139 5194 3710 5270">
     <span class='ocr_line' id='line_1_103' title="bbox 2139 5194 3710 5270; baseline 0.001 -20"><span class='ocrx_word' id='word_1_700' title='bbox 2139 5199 2400 5267; x_wconf 86' lang='grc' dir='ltr'><strong>Γαριάνος</strong></span> <span class='ocrx_word' id='word_1_701' title='bbox 2446 5194 2610 5270; x_wconf 76' lang='grc' dir='ltr'><strong>ἦλθεν</strong></span> <span class='ocrx_word' id='word_1_702' title='bbox 2658 5200 2737 5261; x_wconf 87' lang='grc' dir='ltr'><strong>είς</strong></span> <span class='ocrx_word' id='word_1_703' title='bbox 2789 5200 2915 5263; x_wconf 83' lang='grc' dir='ltr'><strong>τοὺς</strong></span> <span class='ocrx_word' id='word_1_704' title='bbox 2964 5200 3317 5268; x_wconf 84' lang='grc' dir='ltr'><strong>ΙΙατερίνους,</strong></span> <span class='ocrx_word' id='word_1_705' title='bbox 3365 5201 3459 5252; x_wconf 83' lang='grc' dir='ltr'><strong>καὶ</strong></span> <span class='ocrx_word' id='word_1_706' title='bbox 3505 5201 3710 5254; x_wconf 73' lang='grc' dir='ltr'><strong>ἔδωκαν</strong></span> 
     </span>
    </p>
   </div>
   <div class='ocr_carea' id='block_1_104' title="bbox 470 5287 3716 5362">
    <p class='ocr_par' dir='ltr' id='par_1_104' title="bbox 470 5287 3716 5362">
     <span class='ocr_line' id='line_1_104' title="bbox 470 5287 3716 5362; baseline 0 -21"><span class='ocrx_word' id='word_1_707' title='bbox 470 5287 909 5358; x_wconf 83' lang='grc' dir='ltr'><strong>παρακελεύεται</strong></span> <span class='ocrx_word' id='word_1_708' title='bbox 947 5289 978 5356; x_wconf 90' lang='grc' dir='ltr'><strong>ή</strong></span> <span class='ocrx_word' id='word_1_709' title='bbox 1028 5288 1319 5356; x_wconf 85' lang='grc' dir='ltr'><strong>μετριότης</strong></span> <span class='ocrx_word' id='word_1_710' title='bbox 1377 5289 1534 5357; x_wconf 82' lang='grc' dir='ltr'><strong>ήμῶν</strong></span> <span class='ocrx_word' id='word_1_711' title='bbox 1584 5288 1724 5356; x_wconf 78' lang='grc' dir='ltr'><strong>μετὰ</strong></span> <span class='ocrx_word' id='word_1_712' title='bbox 1761 5287 1862 5355; x_wconf 89' lang='grc' dir='ltr'><strong>τῆς</strong></span> <span class='ocrx_word' id='word_1_713' title='bbox 1905 5288 2038 5355; x_wconf 84' lang='grc' dir='ltr'><strong>περὶ</strong></span> <span class='ocrx_word' id='word_1_714' title='bbox 2140 5291 2302 5344; x_wconf 82' lang='grc' dir='ltr'><strong>αὑτὸν</strong></span> <span class='ocrx_word' id='word_1_715' title='bbox 2331 5292 2627 5362; x_wconf 80' lang='grc' dir='ltr'><strong>ὑπέρπυρα</strong></span> <span class='ocrx_word' id='word_1_716' title='bbox 2651 5292 2991 5359; x_wconf 79' lang='grc' dir='ltr'><strong>πεντήκοντα</strong></span> <span class='ocrx_word' id='word_1_717' title='bbox 3014 5293 3106 5344; x_wconf 78' lang='grc' dir='ltr'><strong>καὶ</strong></span> <span class='ocrx_word' id='word_1_718' title='bbox 3133 5291 3350 5357; x_wconf 70' lang='grc' dir='ltr'><strong>ἄλογον,</strong></span> <span class='ocrx_word' id='word_1_719' title='bbox 3376 5293 3468 5344; x_wconf 75' lang='grc' dir='ltr'><strong>καὶ</strong></span> <span class='ocrx_word' id='word_1_720' title='bbox 3497 5293 3716 5359; x_wconf 82' lang='grc' dir='ltr'><strong>ἐγένετο</strong></span> 
     </span>
    </p>
   </div>
   <div class='ocr_carea' id='block_1_105' title="bbox 471 5376 3717 5451">
    <p class='ocr_par' dir='ltr' id='par_1_105' title="bbox 471 5376 3717 5451">
     <span class='ocr_line' id='line_1_105' title="bbox 471 5376 3717 5451; baseline 0 -17"><span class='ocrx_word' id='word_1_721' title='bbox 471 5379 642 5448; x_wconf 86' lang='grc' dir='ltr'><strong>αὑτὴν</strong></span> <span class='ocrx_word' id='word_1_722' title='bbox 679 5379 831 5449; x_wconf 78' lang='grc' dir='ltr'><strong>ἱερᾶς</strong></span> <span class='ocrx_word' id='word_1_723' title='bbox 883 5380 977 5432; x_wconf 80' lang='grc' dir='ltr'><strong>καὶ</strong></span> <span class='ocrx_word' id='word_1_724' title='bbox 1011 5378 1161 5440; x_wconf 86' lang='grc' dir='ltr'><strong>θείας</strong></span> <span class='ocrx_word' id='word_1_725' title='bbox 1210 5379 1452 5444; x_wconf 89' lang='grc' dir='ltr'><strong>συνόδου,</strong></span> <span class='ocrx_word' id='word_1_726' title='bbox 1504 5379 1590 5432; x_wconf 85' lang='grc' dir='ltr'><strong>ἵνα</strong></span> <span class='ocrx_word' id='word_1_727' title='bbox 1624 5379 1889 5446; x_wconf 83' lang='grc' dir='ltr'><strong>⁵μηδὸλως</strong></span> <span class='ocrx_word' id='word_1_728' title='bbox 1939 5379 2035 5449; x_wconf 77' lang='grc' dir='ltr'><strong>ἔχῃ</strong></span> <span class='ocrx_word' id='word_1_729' title='bbox 2143 5376 2220 5440; x_wconf 72' lang='grc' dir='ltr'><strong>εἷς</strong></span> <span class='ocrx_word' id='word_1_730' title='bbox 2260 5380 2375 5449; x_wconf 83' lang='grc' dir='ltr'><strong>μετ’</strong></span> <span class='ocrx_word' id='word_1_731' title='bbox 2401 5380 2621 5442; x_wconf 84' lang='grc' dir='ltr'><strong>αὐτούς.</strong></span> <span class='ocrx_word' id='word_1_732' title='bbox 2673 5377 2804 5437; x_wconf 75' lang='grc' dir='ltr'><strong>Εἶτα</strong></span> <span class='ocrx_word' id='word_1_733' title='bbox 2849 5381 3032 5451; x_wconf 82' lang='grc' dir='ltr'><strong>ἀπῆρε</strong></span> <span class='ocrx_word' id='word_1_734' title='bbox 3083 5383 3503 5451; x_wconf 82' lang='grc' dir='ltr'><strong>δισκοποτήριον</strong></span> <span class='ocrx_word' id='word_1_735' title='bbox 3547 5385 3717 5450; x_wconf 79' lang='grc' dir='ltr'><strong>ἀργυ-</strong></span> 
     </span>
    </p>
   </div>
   <div class='ocr_carea' id='block_1_106' title="bbox 473 5470 3719 5542">
    <p class='ocr_par' dir='ltr' id='par_1_106' title="bbox 473 5470 3719 5542">
     <span class='ocr_line' id='line_1_106' title="bbox 473 5470 3719 5542; baseline 0 -18"><span class='ocrx_word' id='word_1_736' title='bbox 473 5473 666 5542; x_wconf 81' lang='grc' dir='ltr'><strong>ἐνοχὴν</strong></span> <span class='ocrx_word' id='word_1_737' title='bbox 717 5470 1102 5540; x_wconf 84' lang='grc' dir='ltr'><strong>πνευματικὴν</strong></span> <span class='ocrx_word' id='word_1_738' title='bbox 1155 5472 1232 5533; x_wconf 85' lang='grc' dir='ltr'><strong>είς</strong></span> <span class='ocrx_word' id='word_1_739' title='bbox 1267 5470 1366 5540; x_wconf 83' lang='grc' dir='ltr'><strong>τὴν</strong></span> <span class='ocrx_word' id='word_1_740' title='bbox 1416 5470 1674 5538; x_wconf 90' lang='grc' dir='ltr'><strong>τοιαύτην</strong></span> <span class='ocrx_word' id='word_1_741' title='bbox 1729 5471 2038 5537; x_wconf 80' lang='grc' dir='ltr'><strong>ἐπισκοπὴν</strong></span> <span class='ocrx_word' id='word_1_742' title='bbox 2149 5470 2278 5539; x_wconf 87' lang='grc' dir='ltr'><strong>ροῦν</strong></span> <span class='ocrx_word' id='word_1_743' title='bbox 2303 5473 2395 5523; x_wconf 78' lang='grc' dir='ltr'><strong>καὶ</strong></span> <span class='ocrx_word' id='word_1_744' title='bbox 2418 5471 2732 5540; x_wconf 84' lang='grc' dir='ltr'><strong>χουλιάριον</strong></span> <span class='ocrx_word' id='word_1_745' title='bbox 2765 5471 2856 5523; x_wconf 75' lang='grc' dir='ltr'><strong>καὶ</strong></span> <span class='ocrx_word' id='word_1_746' title='bbox 2884 5472 2974 5525; x_wconf 79' lang='grc' dir='ltr'><strong>τὸν</strong></span> <span class='ocrx_word' id='word_1_747' title='bbox 3007 5473 3363 5540; x_wconf 83' lang='grc' dir='ltr'><strong>μαγαρισμὸν</strong></span> <span class='ocrx_word' id='word_1_748' title='bbox 3388 5472 3591 5536; x_wconf 84' lang='grc' dir='ltr'><strong>αὐτῶν,</strong></span> <span class='ocrx_word' id='word_1_749' title='bbox 3622 5472 3719 5525; x_wconf 76' lang='grc' dir='ltr'><strong>καὶ</strong></span> 
     </span>
    </p>
   </div>
   <div class='ocr_carea' id='block_1_107' title="bbox 470 5559 3720 5634">
    <p class='ocr_par' dir='ltr' id='par_1_107' title="bbox 470 5559 3720 5634">
     <span class='ocr_line' id='line_1_107' title="bbox 470 5559 3720 5634; baseline -0.001 -16"><span class='ocrx_word' id='word_1_750' title='bbox 470 5565 705 5633; x_wconf 80' lang='grc' dir='ltr'><strong>Μάκρης</strong></span> <span class='ocrx_word' id='word_1_751' title='bbox 740 5565 834 5616; x_wconf 78' lang='grc' dir='ltr'><strong>καὶ</strong></span> <span class='ocrx_word' id='word_1_752' title='bbox 877 5562 1157 5628; x_wconf 81' lang='grc' dir='ltr'><strong>Διϐυσίευ,</strong></span> <span class='ocrx_word' id='word_1_753' title='bbox 1204 5565 1337 5634; x_wconf 69' lang='grc' dir='ltr'><strong>μηδὲ</strong></span> <span class='ocrx_word' id='word_1_754' title='bbox 1389 5562 1806 5631; x_wconf 80' lang='grc' dir='ltr'><strong>παραδέχωνται</strong></span> <span class='ocrx_word' id='word_1_755' title='bbox 1847 5559 2040 5612; x_wconf 90' lang='grc' dir='ltr'><strong>τοῦτον</strong></span> <span class='ocrx_word' id='word_1_756' title='bbox 2145 5563 2474 5631; x_wconf 82' lang='grc' dir='ltr'><strong>ἀπέδρασεν,</strong></span> <span class='ocrx_word' id='word_1_757' title='bbox 2505 5563 2620 5631; x_wconf 72' lang='grc' dir='ltr'><strong>ἔχει</strong></span> <span class='ocrx_word' id='word_1_758' title='bbox 2641 5564 2697 5617; x_wconf 84' lang='grc' dir='ltr'><strong>δὲ</strong></span> <span class='ocrx_word' id='word_1_759' title='bbox 2729 5564 2819 5616; x_wconf 84' lang='grc' dir='ltr'><strong>τὸν</strong></span> <span class='ocrx_word' id='word_1_760' title='bbox 2853 5563 3207 5634; x_wconf 82' lang='grc' dir='ltr'><strong>μαγαρισμδν</strong></span> <span class='ocrx_word' id='word_1_761' title='bbox 3239 5565 3318 5626; x_wconf 89' lang='grc' dir='ltr'><strong>είς</strong></span> <span class='ocrx_word' id='word_1_762' title='bbox 3351 5563 3412 5617; x_wconf 76' lang='grc' dir='ltr'><strong>τὸ</strong></span> <span class='ocrx_word' id='word_1_763' title='bbox 3448 5563 3720 5617; x_wconf 71' lang='grc' dir='ltr'><strong>σκιάδειον</strong></span> 
     </span>
    </p>
   </div>
   <div class='ocr_carea' id='block_1_108' title="bbox 472 5653 3722 5726">
    <p class='ocr_par' dir='ltr' id='par_1_108' title="bbox 472 5653 3722 5726">
     <span class='ocr_line' id='line_1_108' title="bbox 472 5653 3722 5726; baseline -0.001 -17"><span class='ocrx_word' id='word_1_764' title='bbox 472 5658 523 5709; x_wconf 86' lang='grc' dir='ltr'><strong>οί</strong></span> <span class='ocrx_word' id='word_1_765' title='bbox 565 5658 743 5709; x_wconf 84' lang='grc' dir='ltr'><strong>ἐκεῖσε</strong></span> <span class='ocrx_word' id='word_1_766' title='bbox 777 5656 1118 5726; x_wconf 79' lang='grc' dir='ltr'><strong>Χριστιανοὶ.</strong></span> <span class='ocrx_word' id='word_1_767' title='bbox 1154 5655 1286 5710; x_wconf 86' lang='grc' dir='ltr'><strong>ἀλλά</strong></span> <span class='ocrx_word' id='word_1_768' title='bbox 1332 5656 1573 5726; x_wconf 79' lang='grc' dir='ltr'><strong>σχολάσῃ</strong></span> <span class='ocrx_word' id='word_1_769' title='bbox 1607 5655 1699 5707; x_wconf 70' lang='grc' dir='ltr'><strong>καὶ</strong></span> <span class='ocrx_word' id='word_1_770' title='bbox 1732 5655 1916 5725; x_wconf 78' lang='grc' dir='ltr'><strong>παύσῃ</strong></span> <span class='ocrx_word' id='word_1_771' title='bbox 1949 5655 2044 5706; x_wconf 80' lang='grc' dir='ltr'><strong>καὶ</strong></span> <span class='ocrx_word' id='word_1_772' title='bbox 2145 5653 2334 5709; x_wconf 88' lang='grc' dir='ltr'><strong>αὑτοῦ.</strong></span> <span class='ocrx_word' id='word_1_773' title='bbox 2383 5655 2493 5707; x_wconf 75' lang='grc' dir='ltr'><strong>Καὶ</strong></span> <span class='ocrx_word' id='word_1_774' title='bbox 2540 5655 2638 5721; x_wconf 86' lang='grc' dir='ltr'><strong>τῆς</strong></span> <span class='ocrx_word' id='word_1_775' title='bbox 2688 5655 2948 5723; x_wconf 75' lang='grc' dir='ltr'><strong>τοιαύτης</strong></span> <span class='ocrx_word' id='word_1_776' title='bbox 3001 5657 3447 5723; x_wconf 73' lang='grc' dir='ltr'><strong>ἀναγνωσθείσης</strong></span> <span class='ocrx_word' id='word_1_777' title='bbox 3501 5656 3722 5724; x_wconf 77' lang='grc' dir='ltr'><strong>γραφῆς</strong></span> 
     </span>
    </p>
   </div>
   <div class='ocr_carea' id='block_1_109' title="bbox 473 5741 3726 5817">
    <p class='ocr_par' dir='ltr' id='par_1_109' title="bbox 473 5741 3726 5817">
     <span class='ocr_line' id='line_1_109' title="bbox 473 5741 3726 5817; baseline -0.002 -17"><span class='ocrx_word' id='word_1_778' title='bbox 473 5748 654 5817; x_wconf 77' lang='grc' dir='ltr'><strong>ἀπέχῃ</strong></span> <span class='ocrx_word' id='word_1_779' title='bbox 697 5747 884 5799; x_wconf 82' lang='grc' dir='ltr'><strong>τέλεον</strong></span> <span class='ocrx_word' id='word_1_780' title='bbox 921 5748 1030 5800; x_wconf 74' lang='grc' dir='ltr'><strong>ἀπὸ</strong></span> <span class='ocrx_word' id='word_1_781' title='bbox 1075 5750 1174 5813; x_wconf 75' lang='grc' dir='ltr'><strong>τῆς</strong></span> <span class='ocrx_word' id='word_1_782' title='bbox 1225 5749 1479 5814; x_wconf 84' lang='grc' dir='ltr'><strong>τοιαύτης</strong></span> <span class='ocrx_word' id='word_1_783' title='bbox 1523 5745 1853 5810; x_wconf 84' lang='grc' dir='ltr'><strong>ἐπισκοπῆς,</strong></span> <span class='ocrx_word' id='word_1_784' title='bbox 1892 5748 2041 5809; x_wconf 80' lang='grc' dir='ltr'><strong>ὅπως</strong></span> <span class='ocrx_word' id='word_1_785' title='bbox 2149 5745 2397 5812; x_wconf 86' lang='grc' dir='ltr'><strong>παρέστη</strong></span> <span class='ocrx_word' id='word_1_786' title='bbox 2431 5744 2460 5794; x_wconf 94' lang='lat'><strong>6</strong></span> <span class='ocrx_word' id='word_1_787' title='bbox 2493 5741 2732 5805; x_wconf 70' lang='grc' dir='ltr'><strong>τοιοῦτος</strong></span> <span class='ocrx_word' id='word_1_788' title='bbox 2785 5745 3180 5814; x_wconf 70' lang='grc' dir='ltr'><strong>πρεσϐύτερος,</strong></span> <span class='ocrx_word' id='word_1_789' title='bbox 3223 5747 3314 5796; x_wconf 74' lang='grc' dir='ltr'><strong>καὶ</strong></span> <span class='ocrx_word' id='word_1_790' title='bbox 3346 5744 3632 5814; x_wconf 84' lang='grc' dir='ltr'><strong>ἀνέφερεν,</strong></span> <span class='ocrx_word' id='word_1_791' title='bbox 3665 5744 3726 5808; x_wconf 69' lang='grc' dir='ltr'><strong>ἐξ</strong></span> 
     </span>
    </p>
   </div>
   <div class='ocr_carea' id='block_1_110' title="bbox 473 5834 3729 5908">
    <p class='ocr_par' dir='ltr' id='par_1_110' title="bbox 473 5834 3729 5908">
     <span class='ocr_line' id='line_1_110' title="bbox 473 5834 3729 5908; baseline 0 -20"><span class='ocrx_word' id='word_1_792' title='bbox 473 5845 696 5907; x_wconf 69' lang='grc' dir='ltr'><strong>γενηται</strong></span> <span class='ocrx_word' id='word_1_793' title='bbox 725 5837 947 5906; x_wconf 81' lang='grc' dir='ltr'><strong>γνήσιος</strong></span> <span class='ocrx_word' id='word_1_794' title='bbox 984 5837 1275 5906; x_wconf 80' lang='grc' dir='ltr'><strong>ἀρχιερεὺς</strong></span> <span class='ocrx_word' id='word_1_795' title='bbox 1308 5839 1400 5888; x_wconf 74' lang='grc' dir='ltr'><strong>καὶ</strong></span> <span class='ocrx_word' id='word_1_796' title='bbox 1431 5836 1730 5899; x_wconf 84' lang='grc' dir='ltr'><strong>ἐπίσκοπος</strong></span> <span class='ocrx_word' id='word_1_797' title='bbox 1763 5837 1840 5898; x_wconf 87' lang='grc' dir='ltr'><strong>είς</strong></span> <span class='ocrx_word' id='word_1_798' title='bbox 1870 5835 2042 5905; x_wconf 86' lang='grc' dir='ltr'><strong>αὑτὴν</strong></span> <span class='ocrx_word' id='word_1_799' title='bbox 2163 5834 2456 5902; x_wconf 83' lang='grc' dir='ltr'><strong>Ἀνατολῆς</strong></span> <span class='ocrx_word' id='word_1_800' title='bbox 2491 5835 2591 5906; x_wconf 86' lang='grc' dir='ltr'><strong>μέν</strong></span> <span class='ocrx_word' id='word_1_801' title='bbox 2618 5836 2954 5907; x_wconf 79' lang='grc' dir='ltr'><strong>ὁρμηθῆναι,</strong></span> <span class='ocrx_word' id='word_1_802' title='bbox 2994 5838 3157 5908; x_wconf 74' lang='grc' dir='ltr'><strong>φῦναι</strong></span> <span class='ocrx_word' id='word_1_803' title='bbox 3207 5839 3263 5890; x_wconf 84' lang='grc' dir='ltr'><strong>δέ</strong></span> <span class='ocrx_word' id='word_1_804' title='bbox 3308 5841 3399 5890; x_wconf 79' lang='grc' dir='ltr'><strong>καὶ</strong></span> <span class='ocrx_word' id='word_1_805' title='bbox 3452 5837 3729 5907; x_wconf 69' lang='grc' dir='ltr'><strong>τραφῆναιι</strong></span> 
     </span>
    </p>
   </div>
   <div class='ocr_carea' id='block_1_111' title="bbox 761 5933 2516 5996">
    <p class='ocr_par' dir='ltr' id='par_1_111' title="bbox 761 5933 1400 5994">
     <span class='ocr_line' id='line_1_111' title="bbox 761 5933 1400 5994; baseline -0.002 -1"><span class='ocrx_word' id='word_1_806' title='bbox 761 5935 1030 5993; x_wconf 78' lang='grc' dir='ltr'><strong>ΡΑτιιοι..</strong></span> <span class='ocrx_word' id='word_1_807' title='bbox 1067 5935 1184 5994; x_wconf 74' lang='lat' dir='ltr'><strong>Gn.</strong></span> <span class='ocrx_word' id='word_1_808' title='bbox 1222 5933 1400 5992; x_wconf 79' lang='lat' dir='ltr'>CLII.</span> 
     </span>
    </p>
   </div>
   <div class='ocr_carea' id='block_1_112' title="bbox 1530 5933 3285 5996">
    <p class='ocr_par' dir='ltr' id='par_1_112' title="bbox 3213 5934 3285 5996">
     <span class='ocr_line' id='line_1_112' title="bbox 3213 5934 3285 5996; baseline 0.028 -2"><span class='ocrx_word' id='word_1_809' title='bbox 3213 5934 3285 5996; x_wconf 83' lang='lat'><strong>36</strong></span> 
     </span>
    </p>
   </div>
  </div>
