4444 6452
813 421 940 485 1151

1749 429 2077 490 JOANNIS
2115 430 2385 493 GLYCIS
2421 430 2510 492 CP
2580 430 3095 503 PATRIARCH/E

3911 424 3930 486 1
3947 423 4046 490 152

806 546 924 592 γειν
955 530 1048 581 καὶ
1081 530 1326 597 μηδόλως
1357 533 1648 597 ταράττειν
1678 534 1811 601 μηδέ
1841 533 2236 603 διενοχλεῖν.Ἶί
2267 538 2375 605 γὰρ
2404 538 2451 597 Α
2480 538 2573 590 καὶ
2601 541 2737 590 κατὰ
2769 540 2935 608 μέρος
2983 541 3076 592 καὶ
3103 538 3278 594 ταῦτα
3327 539 3845 611 ὑπανεγνώσθησαν,
3875 544 4048 595 πολλά

803 617 871 670 ἂν
899 620 968 671 δι’
1008 620 1204 683 αἰῶνος
1239 621 1517 688 ἀπέραντα
1555 625 1767 672 πονσῖεν
1815 625 1860 674 οί
1908 623 2079 675 ταῦτα
2134 642 2377 694 προῃρη-

810 712 982 774 μένοι,
1018 713 1176 778 ειπερ
1209 711 1316 760 τῶν
1346 712 1448 778 πρὸ
1473 713 1652 762 αὐτῶν
1682 713 1939 773 πολλάκις
1972 715 2064 766 καὶ
2097 716 2378 784 ἀποχρών-

807 820 911 858 τως
943 802 1321 869 δικασαμένων
1358 803 1446 853 καὶ
1483 804 1909 868 ἀγωνισαμένων
1942 806 1990 855 οί
2027 804 2258 872 καθεξῆς
2291 805 2377 858 ἀεὶ

805 896 918 951 τοῖς
951 892 1164 959 ὁμοίοις
1213 893 1504 959 ἐμμένοιεν
1537 895 1629 943 καὶ
1660 894 1928 962 πειρῷντο
1974 896 2066 945 τὸν
2115 897 2228 948 ῖσον
2256 897 2381 963 τρό-

805 1000 907 1036 πον
932 984 1242 1050 διενοχλεῖν.
1283 986 1347 1035 Ὃ
1375 984 1437 1052 δὴ
1484 985 1781 1053 καθορᾶται
1817 986 2115 1053 συμϐαῖνον
2151 989 2243 1038 καὶ
2284 989 2378 1039 ἐπὶ

801 1078 868 1143 τῇ
910 1078 1114 1140 μεταξὺ
1171 1077 1266 1126 νῦν
1298 1077 1560 1128 ὑποθέσει
1587 1077 1680 1128 τοῦ
1712 1094 1768 1129 τε
1817 1078 2113 1144 ίερωτάτου
2169 1095 2377 1146 μητρο-

803 1168 1022 1218 πολίτου
1080 1169 1380 1234 Λαρίσσης,
1429 1169 1749 1237 ὑπερτίμου,
1789 1169 1932 1221 κατά
1973 1170 2187 1237 πνεῦμα
2218 1170 2376 1222 ἀδελ-

805 1257 907 1323 φοῦ
943 1261 1033 1310 καὶ
1067 1259 1487 1329 συλλειτουργοῦ
1526 1262 1624 1325 τῆς
1667 1261 1826 1328 ἡμῶν
1874 1265 2248 1333 μετριότητος,
2282 1265 2376 1315 καὶ

802 1346 913 1397 τῶν
967 1348 1441 1416 Μαρμαριανιτῶν
1499 1349 1771 1418 μοναχῶν.
1826 1346 1994 1410 Οὗτος
2043 1354 2136 1405 καὶ
2186 1351 2296 1418 γὰρ
2349 1353 2377 1403 ὁ

804 1435 1099 1502 ἱερώτατος
1134 1437 1558 1504 μητροπολίτης,
1594 1439 1860 1506 πρότερον
1895 1440 1995 1506 μὲν
2025 1441 2255 1506 ταυτησὶ
2278 1442 2378 1508 τῆς

805 1529 973 1594 μονῆς
1009 1528 1385 1592 ἠγουμενικῶς
1411 1531 1832 1598 προϊστάμενος.
1865 1533 1958 1583 καὶ
1991 1531 2148 1592 είδὼς
2197 1532 2374 1583 ὁπόσα

803 1617 945 1682 αῦτη
984 1619 1246 1684 κέκτηται
1310 1620 1658 1687 δικαιώματα
1691 1622 1886 1691 (ταῦτα
1920 1623 1966 1674 δ’
2020 1625 2125 1674 είσὶ
2179 1622 2377 1692 χρυσό-

801 1708 1014 1759 δουλλοι
1061 1708 1210 1774 λόγοι
1243 1711 1336 1761 καὶ
1393 1712 1767 1780 πατριαρχικά
1818 1712 2230 1780 ὑπομνήματα),
2271 1712 2376 1764 ὑπὸ

798 1799 897 1866 τὴν
930 1803 1214 1870 περιωπήν
1262 1807 1360 1872 τῆς
1391 1804 1515 1856 καθ’
1546 1805 1692 1873 ἡμᾶς
1732 1784 2046 1872 ἁγιωτάτης
2098 1804 2194 1856 τοῦ
2235 1804 2371 1857 Θεοῦ

798 1892 1060 1961 Μεγάλης
1101 1895 1429 1964 Ἐκκλησίας
1463 1897 1636 1948 τελεῖν
1669 1897 1767 1966 τὴν
1796 1901 1966 1968 μονὴν
1993 1898 2372 1962 ἐπιτάττοντα,

797 1983 894 2033 ἆτε
919 1983 980 2050 δὴ
1004 1984 1096 2035 ἐπὶ
1123 1986 1516 2055 σταυροπηγίῳ
1549 1989 1934 2058 πατριαρχικῷ
1965 1988 2372 2054 ἀνιδρυθεῖσαν,

797 2076 824 2125 ὁ
855 2076 909 2127 δέ
953 2077 1048 2128 καὶ
1081 2076 1225 2130 οὕτω
1257 2081 1368 2139 τοῖς
1407 2081 1663 2147 μοναχοῖς
1695 2080 1760 2132 δι’
1804 2080 1962 2148 δχλου
2007 2079 2334 2132 καθίσταται
2357 2095 2373 2111 °

797 2167 922 2233 ἄρτι
977 2168 1078 2236 μὲν
1112 2170 1209 2238 τῆς
1233 2171 1342 2223 τῶν
1389 2172 1735 2238 Λαρισσαίων
1789 2171 2194 2241 ἀρχιερατικῶς
2229 2172 2377 2239 ἠγεῖ-

800 2260 925 2312 σθαι
965 2260 1148 2330 λαχὼν
1182 2264 1596 2331 μητροπόλεως,
1633 2265 1834 2317 αὐτίκα
1863 2265 1918 2316 δὲ
1958 2266 2052 2316 καὶ
2086 2267 2198 2325 τοῖς
2225 2267 2380 2334 εἰρη-

802 2354 986 2420 μένοις
1017 2352 1388 2422 δικαιώμασιν
1419 2356 1661 2426 ἐντυχὼν
1706 2359 1801 2409 καὶ
1833 2358 2044 2420 τούτοις
2073 2358 2234 2409 οίονεί
2264 2374 2374 2408 τισι

799 2446 1047 2515 κέντροις
1081 2447 1216 2517 πρὸς
1250 2452 1346 2518 τὴν
1375 2450 1476 2517 τῆς
1519 2450 1685 2518 μονῆς
1719 2451 2150 2518 ὑπονυττόμενος
2187 2449 2376 2516 ἔφεσιν

797 2540 890 2590 καὶ
949 2541 1045 2610 τὴν
1095 2543 1416 2595 δεσποτείαν
1477 2543 1656 2612 ἐαυτῷ
1708 2542 2046 2612 πειρώμενος
2099 2542 2376 2595 κατακτᾶ-

799 2633 947 2696 σθαι,
991 2636 1196 2702 ταύτην
1248 2636 1424 2704 αὑτὴν
1477 2637 1880 2690 ὑποτάττεσθαι
1927 2639 1992 2706 τῇ
2039 2635 2374 2704 μητροπόλει

797 2728 981 2797 ζητῶν
1004 2731 1096 2781 καὶ
1130 2731 1255 2790 τοὺς
1293 2733 1350 2782 ἐν
1380 2734 1516 2800 αὐτῇ
1560 2733 1831 2800 μοναχοῦς
1887 2728 2277 2800 ἀνακρίνεσθαί
2313 2745 2373 2780 τε

795 2825 885 2873 καὶ
921 2827 1225 2885 κανονικῶς
1249 2823 1342 2876 ὑπ’
1367 2823 1534 2876 αὑτοῦ
1562 2813 1932 2890 διεξάγεσθαι.
1971 2823 2071 2873 Διά
2098 2820 2257 2873 τοῦτο
2281 2819 2375 2871 καί

795 2931 948 2974 τινας
991 2915 1158 2967 αὑτοῦ
1214 2917 1485 2984 μοναχοὺς
1526 2915 1666 2985 πρδς
1717 2917 1816 2981 τὴν
1867 2912 1993 2967 καθ’
2030 2914 2178 2981 ἡμᾶς
2223 2913 2376 2964 θείαν

799 3007 891 3058 καὶ
943 3007 1093 3074 ἱερὰν
1131 3005 1350 3058 σύνοδον
1383 3007 1947 3076 ἀντικριθησομένους
1981 3007 2096 3068 τοῖς
2133 3007 2376 3073 Μαρμα-

797 3099 1063 3167 ριανίταις
1095 3099 1396 3168 ἐκπέμπει.
1435 3100 1544 3152 K01
1579 3099 1642 3168 δὴ
1663 3099 2046 3168 παραστάντες
2075 3091 2222 3151 οὗτοι
2251 3114 2374 3150 συν-

2481 645 2539 680 τε
2567 630 2696 684 δντα
2728 633 2824 685 καὶ
2848 633 2916 686 τά
2948 633 3046 697 τῆς
3079 634 3393 694 ὑποθέσεως
3427 634 3666 704 ἐξαρχῆς
3714 635 3917 688 διιόντα
3947 637 4044 688 καὶ

2481 723 2562 778 E11
2588 725 2938 792 παλαιτέρων
2968 726 3146 780 ἄλλων
3184 727 3275 779 ἐπὶ
3308 727 3586 780 δικαιώσει
3615 731 3716 797 τῆς
3751 730 3918 797 μονῆς
3942 729 4042 795 τὴν

2484 819 2706 886 μνήμην
2761 817 3082 888 ποιούμενα,
3122 821 3536 889 χρυσοδούλλων
3594 819 3835 889 δηλονότι
3890 819 4042 887 παρά

2479 907 2588 958 τῶν
2611 908 2872 975 ἀοιδίμων
2893 909 3193 975 γεγονότων
3219 908 3504 978 βασιλέων,
3525 910 3619 963 τοῦ
3646 928 3700 962 τε
3737 909 3844 976 κῦρ
3860 910 4041 960 Ἰσαα-

2481 998 2598 1050 κίου
2627 999 2721 1052 καὶ
2755 999 2844 1052 τοῦ
2876 1001 3214 1069 αὑταδέλφου
3265 1001 3454 1065 αὑτοῦ,
3507 1003 3612 1071 κῦρ
3656 1001 3921 1067 Ἀλεξίου,
3963 1002 4044 1053 ἐτι

2479 1087 2535 1140 δέ
2570 1088 2662 1139 καὶ
2698 1090 3116 1159 πατριαρχικῶν
3159 1091 3571 1159 ὑπομνημάτων
3602 1092 3699 1143 καὶ·
3733 1089 3936 1142 λοιπῶν
3966 1091 4048 1140 δι-

2483 1184 2841 1247 καιωμάτων,
2893 1183 2953 1232 έν
2981 1175 3060 1243 οἷς
3101 1181 3163 1251 δὴ
3213 1184 3326 1242 τοῖς
3381 1180 3800 1249 προκομισθεῖσι
3845 1177 4044 1246 δηλαδὴ

2480 1269 2614 1336 παρ’
2641 1271 2821 1322 αὑτῶν
2843 1271 3178 1340 δικαιώμασι
3222 1275 3316 1326 καὶ
3351 1273 3585 1340 γράμμα
3617 1271 3826 1338 προσῆν
3855 1271 4046 1337 ἕτερον

2477 1360 2572 1413 106
2604 1361 2986 1431 διαληφθέντος
3037 1365 3325 1428 δεσπότου,
3375 1365 3483 1433 κῦρ
3525 1364 3766 1434 Μιχαὴλ,
3807 1363 3870 1415 τὸ
3904 1379 4043 1430 προ-

2478 1453 2700 1518 γεγονὸς
2730 1457 2795 1520 τῇ
2826 1456 3161 1525 μητροπόλει
3183 1457 3492 1525 ἀνατρέπον
3520 1459 3613 1509 1101
3639 1455 3922 1522 ἀναιροῦν,
3951 1454 4048 1506 καὶ

2479 1543 2598 1610 τὴν,
2639 1544 2761 1597 ὅθεν
2786 1546 2944 1599 τοῦτο
2973 1547 3208 1616 προέϐη,
3237 1548 3418 1601 αίτίαν
3450 1549 3707 1617 καθαρῶς
3735 1546 4044 1617 παριστῶν,

2479 1637 2542 1687 ἐκ
2580 1636 2805 1704 ψεύδους
2828 1638 3073 1707 δηλονότι
3104 1641 3198 1692 καὶ
3229 1641 3445 1708 ἀπάτης
3483 1642 3548 1709 τῇ
3583 1639 3677 1692 τοῦ
3721 1637 4047 1708 Γοριανίτου

2477 1728 2657 1795 κρίσει
2711 1730 3108 1792 συσκευασθέν.
3159 1732 3277 1800 ἃμα
3329 1732 3388 1785 δέ
3446 1732 3538 1783 καὶ
3576 1729 3918 1796 δηλοποιοῦν.
3971 1729 4048 1790 ὡς

2479 1821 2620 1872 κατά
2656 1821 2886 1890 ζήτησιν
2915 1822 3081 1876 αὑτοῦ
3117 1823 3179 1892 δὴ
3206 1824 3300 1897 τοῦ
3329 1823 3592 1876 δεσπότου
3635 1825 3728 1875 καὶ⁵
3760 1822 4050 1890 παράκλη-

2481 1929 2567 1966 σιν
2597 1914 2690 1965 ἐπὶ
2712 1913 2998 1984 διορθώσει
3028 1917 3130 1986 τῆς
3170 1905 3485 1979 ὑποθέσεως
3521 1916 3614 1970 καὶ
3660 1918 3721 1968 τὺ
3757 1917 3850 1968 τοῦ
3879 1916 4051 1968 ἀοιδί-

2482 2021 2585 2073 μου
2624 2005 2886 2073 βασιλέως
2914 2008 3019 2077 κῦρ
3056 2009 3304 2061 Ἰωάννου
3337 2007 3732 2077 χρυσόόουλλον
3765 2007 3860 2060 ἐπὶ
3889 2009 4048 2061 ἀναι-

2478 2097 2627 2166 ρέσει
2659 2101 2752 2151 καὶ⁸
2785 2100 3066 2170 ἀκυρώσει
3099 2101 3193 2154 τοῦ
3223 2101 3491 2169 προτέρου
3520 2101 3686 2156 αὑτοῦ
3720 2100 4051 2170 χρυσοὸούλ-

2476 2190 2571 2244 λου
2612 2194 2676 2260 τῇ
2715 2195 2850 2262 μονῇ
2881 2193 3112 2261 προέϐη,
3145 2194 3241 2246 ἀτε
3270 2193 3333 2259 δὴ
3372 2192 3475 2260 τῆς
3507 2192 3768 2260 ἀληθείας
3789 2192 4050 2259 καθαρῶς

2476 2283 2844 2352 αίθριασάσης
2877 2285 2972 2337 καὶ
2997 2284 3104 2336 τῶν
3133 2288 3198 2353 τῇ
3237 2287 3372 2353 μονῇ
3408 2285 3721 2352 προσόντων
3746 2283 4055 2352 δικαιωμά-

2475 2392 2584 2427 των
2619 2376 2914 2445 ἐσύστερον
2965 2376 3371 2443 ἀναφανέντιυν,
3415 2377 3521 2429 ὑπὸ
3574 2377 3673 2444 τῆς
3705 2375 3800 2428 τοῦ
3853 2374 4051 2446 καιροῦ

2475 2470 2796 2537 ἀνωμαλίας
2833 2472 2894 2522 τὺ
2936 2471 3199 2539 πρότερον
3250 2471 3662 2540 ἀφανισθέντων
3701 2471 3794 2522 καὶ
3825 2471 3919 2523 ἐπὶ
3953 2486 4057 2536 μα-

2477 2559 2607 2626 κρὸν
2637 2560 2854 2626 συμϐὰν
2881 2561 3020 2614 αὑτὰ
3055 2561 3425 2631 κρύπτεσθαι,
3466 2562 3545 2614 ἔτι
3573 2579 3634 2628 γε
3674 2559 3781 2629 μὴν
3828 2561 3918 2612 καὶ
3957 2560 4054 2614 τοῦ

2479 2653 2816 2722 μυροὸλύτου
2844 2655 2938 2706 καὶ
2967 2653 3416 2722 θαυματοόρύτου
3445 2653 3758 2724 Δημητρίου
3812 2651 3888 2721 μὴ
3929 2655 4060 2707 ἀνα-

2479 2747 2669 2813 σχετδν
2703 2747 3080 2815 ποιησαμένου
3138 2747 3208 2798 τά
3258 2746 3356 2813 τῆς
3386 2746 3645 2812 ἀληθείας
3680 2747 3758 2807 είς
3809 2745 3962 2806 τέλος
4000 2746 4060 2797 ἐν

2475 2841 2672 2905 ἀφανεῖ
2730 2838 3104 2907 κρύπτεσθαι,
3144 2837 3282 2892 ἀλλά
3323 2839 3631 2907 θαυμάσιόν
3657 2855 3780 2890 τινα
3831 2838 4057 2907 τρόπον,

2479 2931 2681 3000 μᾶλλον
2735 2933 2792 2985 δὲ
2840 2931 3011 2999 αὐτῷ’
3038 2931 3248 3002 συνήθη
3306 2931 3404 2983 καὶ
3434 2933 3719 3000 πρέποντα
3763 2931 4060 3001 φοσήτροις

2473 3025 2586 3076 1101
2623 3024 2716 3076 καὶ
2773 3025 3027 3091 φάσμασι
3063 3026 3157 3077 καὶ
3211 3024 3682 3091 ἐκδειματώσεσιν
3729 3025 3788 3076 ἐν
3847 3025 4060 3087 τούτοις

2474 3116 2570 3167 καὶ
2608 3116 2782 3167 νόσων
2817 3116 3138 3181 ἐπαγωγαῖς
3172 3116 3267 3167 καὶ
3329 3117 3596 3174 ποικίλοις
3628 3115 3745 3167 1101
3792 3113 4056 3175 τοιούτοις

789 3192 984 3250 οδικῶς
1035 3190 1466 3260 προκαθημένης
1490 3191 1591 3259 τῆς
1613 3191 1771 3262 ἡμῶν
1808 3191 2183 3262 μετριότητος.
2209 3189 2375 3259 προέ·
2403 3216 2445 3273 c
2477 3208 2572 3259 τὸν
2607 3207 2717 3276 κῦρ
2766 3207 2990 3276 Μιχαὴλ
3023 3209 3233 3260 ἐκεῖνον
3278 3208 3368 3260 τδν
3393 3207 3664 3274 δεσπότην
3692 3207 3831 3275 πρὸς
3873 3207 4060 3259 συναί-

793 3303 980 3338 τειναν
1014 3285 1114 3352 μὲν
1150 3285 1426 3352 δικαίωμα
1473 3287 1538 3354 τῇ
1575 3285 1910 3354 μητροπόλει
1953 3285 2178 3353 γεγονὸς
2215 3287 2371 3355 παρὰ

723 3402 738 3419 ο
790 3378 884 3432 τοῦ
913 3381 1013 3448 τὴν
1047 3380 1227 3431 ἐκεῖσε
1261 3379 1448 3449 χώραν
1477 3379 1555 3446 τῷ
1590 3379 1711 3431 τότε
1744 3377 1866 3430 κατ’
1893 3378 2144 3442 ἐξουσίαν
2172 3378 2370 3432 αὑθεν-

788 3472 948 3540 τικὴν
989 3469 1295 3531 διέποντος,
1323 3469 1418 3522 τοῦ
1444 3469 1709 3521 δεσπότου
1742 3468 1956 3521 ἐκείνου
1985 3465 2092 3532 κῦρ
2123 3467 2368 3538 Μιχαὴλ,

789 3563 866 3624 ὠς
911 3561 1115 3629 μεταξὺ
1155 3563 1253 3614 καὶ
1287 3561 1408 3614 τότε
1459 3562 1552 3614 τοῦ
1587 3579 1646 3614 τε
1686 3562 1785 3630 τῆς
1826 3560 2218 3631 μητροπόλεως
2270 3562 2370 3630 μέ-

797 3673 923 3724 ρους
959 3659 1047 3708 x01
1079 3656 1174 3722 τῆς
1200 3656 1500 3725 εἰρημένης
1555 3656 1726 3723 μονῆς
1773 3656 2243 3724 ἀμφισϐητήσεως
2277 3657 2373 3707 καὶ

790 3749 1074 3813 διειιέξεως
1105 3749 1446 3816 κατεχούσης
1474 3748 1601 3816 περὶ
1632 3740 1805 3816 αὑτῆς
1835 3749 1897 3818 δὴ
1924 3747 2024 3813 τῆς
2065 3747 2237 3815 μονῆς
2266 3748 2370 3799 ὑπὸ

791 3843 889 3908 τὴν
921 3842 1258 3910 μητρόπολιν
1284 3841 1517 3908 ἄγεσθαι
1544 3842 1639 3894 τοῦ
1689 3841 1812 3895 κατ’
1853 3841 2025 3907 αὐτὴν
2065 3841 2370 3911 ἀρχιερέως

789 3929 1065 3996 ἀξιοῦντός
1101 3948 1161 3983 τε
1195 3933 1288 3984 καὶ
1341 3933 1706 3995 δικαιοῦντος.
1757 3934 1868 3986 K01
1906 3933 2091 4002 μέντοι
2119 3933 2215 3984 καὶ
2249 3932 2371 4002 κρί-

789 4042 930 4086 σεως
976 4024 1070 4076 ἐπὶ
1105 4024 1282 4092 τούτῳ
1331 4025 1636 4092 γενομένης
1700 4024 1852 4092 παρά
1904 4023 1998 4075 τοῦ
2051 4023 2370 4091 Γοριανὶτου

789 4119 1000 4170 ἐκείνου
1043 4117 1147 4169 ὑπὸ
1179 4117 1256 4186 τῷ
1285 4118 1526 4188 δεσπότῃ
1578 4117 1863 4178 τελοῦντος
1909 4117 2003 4168 καὶ
2041 4116 2110 4169 τά
2141 4117 2370 4170 τοιαῦτα

787 4208 1283 4278 ἐξυπηρετοῦντος,
1319 4210 1401 4262 ἔτι
1427 4211 1484 4262 δὲ
1519 4212 1608 4262 καὶ
1635 4211 1805 4263 αὑτοῦ
1836 4209 1929 4262 τοῦ
1964 4211 2229 4263 δεσπότου
2262 4212 2370 4280 κῦρ

790 4303 1008 4373 Μιχαὴλ
1054 4303 1133 4373 τῷ
1182 4303 1462 4374 εἰρημένῳ
1496 4304 1788 4371 γράμματι
1823 4304 1914 4355 1101
1940 4302 2274 4368 δικαιώματι
2305 4305 2374 4357 τὰ

789 4398 889 4464 τῆς
921 4396 1158 4465 κρίσεως
1192 4395 1543 4465 βεϐαιοῦντος
1568 4411 1582 4426 ·
1621 4395 1936 4465 προέτεινον
1966 4396 2016 4448 οί
2047 4395 2144 4448 τοῦ
2169 4396 2375 4465 Λαρίσ-

791 4505 888 4554 σης
923 4488 1018 4541 καὶ
1049 4470 1449 4556 χρυσόόουλλον
1481 4488 1671 4557 ἕτερον
1715 4487 1811 4541 τοῦ
1847 4488 2120 4558 βασιλέως
2146 4489 2241 4541 τοῦ
2270 4506 2374 4542 πα-

787 4579 914 4650 τρὸς
947 4580 1042 4632 τοῦ
1077 4583 1371 4648 κρατίστου
1397 4583 1491 4634 καὶ
1515 4583 1675 4649 ἀγίου
1707 4600 1807 4651 μου
1840 4582 2271 4651 αὐτοκράτορος,
2303 4584 2372 4636 τὰ

791 4675 889 4741 τῆς
920 4673 1234 4738 ὑποθέσεως
1263 4677 1322 4728 ἐν
1355 4675 1570 4745 ὑστέρῳ
1605 4677 1698 4726 καὶ
1737 4674 1870 4727 αὑτὸ
1898 4673 2256 4727 ἐπιϐεϐαιοῦν
2281 4676 2378 4728 καὶ

792 4768 858 4836 τῇ
887 4767 1169 4836 Λαρίσσης
1202 4767 1300 4835 τὴν
1326 4768 1424 4834 τῆς
1476 4767 1643 4835 μονῆς
1691 4765 2050 4836 ἐπιστηρίζον
2109 4763 2266 4827 αὖθις
2293 4766 2378 4817 δε-

793 4859 1058 4912 σποτείαν
1087 4859 1471 4929 πνευματικὴν
1497 4860 1591 4912 καὶ
1614 4860 1944 4928 ἐπιτροπήν.
1967 4858 2076 4911 K01
2107 4853 2252 4926 ἦσαν
2280 4859 2383 4927 μὲν

795 4955 862 5004 τὰ
887 4951 1114 5005 τοιαῦτα
1149 4951 1526 5020 δικαιώματα.
1560 4951 1635 5014 ὡς
1668 4951 1811 5005 οὕτω
1846 4968 1910 5018 γε
1943 4950 2203 5015 ἀκοῦσαι,
2233 4953 2382 5020 ίσχυ-

798 5048 867 5116 ρὰ
895 5049 960 5114 τῇ
992 5045 1273 5115 Λαρίσσης
1305 5047 1401 5098 καὶ
1454 5046 1852 5114 ἀναντίρρητα,
1895 5045 2025 5115 πρίν
2054 5062 2118 5111 γε
2175 5045 2283 5114 μὴν
2313 5046 2381 5098 τὰ

789 5141 900 5192 τῶν
940 5139 1421 5209 Μαρμαριανιτῶν
1453 5142 1532 5202 είς
1571 5139 1739 5207 μέσον
1773 5139 2060 5206 ἐνεχθῆναι
2089 5139 2183 5191 καὶ
2206 5139 2384 5206 ἐμφα-

793 5233 1058 5298 νίζεσθαι,
1089 5234 1270 5286 καίτοι
1307 5250 1368 5298 γε
1420 5233 1521 5284 οὐκ
1563 5232 1703 5284 αὑτά
1732 5232 1798 5284 1i
1831 5232 1994 5298 κύρια
2029 5232 2382 5300 δικαιώματα

794 5321 1190 5390 ἐμφανίζοντες
1222 5317 1362 5390 ἦσαν
1391 5323 1440 5374 οί
1475 5321 1567 5372 τοῦ
1595 5322 1900 5390 Λαρίσσης,
1931 5321 2066 5372 ἀλλά
2097 5322 2206 5372 τῶν
2235 5338 2385 5389 πρω-

792 5418 1044 5469 τοτύπων
1100 5419 1212 5479 ῐσα,
1262 5415 1338 5478 ὠς
1387 5416 1569 5468 αὑτῶν
1595 5414 1658 5482 δὴ
1717 5415 1826 5467 τῶν
1871 5413 2249 5482 πρωτοτύπων
2292 5413 2384 5465 ὑπ’

795 5512 997 5573 ἄλλοις,
1030 5510 1104 5572 ὡς
1133 5511 1360 5576 ἔφασαν,
1399 5510 1840 5582 εὑρισκομένων,
1877 5509 2020 5562 οὕτω
2056 5509 2151 5560 τοῦ
2189 5508 2385 5579 καιροῦ

799 5603 1226 5673 σχεδιάσαντοςο
1283 5602 1422 5655 ἀλλά
1487 5602 1663 5656 ταῦτα
1717 5604 1817 5670 μὲν
1861 5603 1911 5653 οί
1960 5601 2053 5654 τοῦ
2103 5603 2388 5671 Λαρίσσης

800 5697 1186 5766 προτείνοντες
1238 5691 1404 5766 ἦσαν,
1441 5696 1516 5759 ὡς
1564 5695 1806 5765 εἴρηται,
1840 5698 1929 5748 >101
1961 5696 2054 5748 ἐπὶ
2091 5695 2305 5759 τούτοις
2328 5697 2390 5749 τὸ

801 5794 908 5844 πᾶν
971 5791 1399 5860 ισχυριζόμενοι.
1453 5791 1834 5860 Προεκόμισαν
1882 5791 1938 5842 δέ
1993 5791 2141 5860 ὅμως
2192 5791 2287 5843 καὶ
2337 5791 2386 5843 οί

807 5891 1268 5962 Μαρμαριανῖται
1316 5890 1384 5943 τὰ
1435 5889 1707 5959 προσόντα
1749 5891 1813 5957 τῇ
1854 5891 1991 5960 μονῇ
2031 5887 2404 5958 δικαιώματα,

2481 3300 2674 3368 σθησιν
2697 3301 3022 3367 ἀγαγόντος,
3049 3300 3126 3364 ῶς
3170 3301 3232 3352 οὑ
3265 3299 3449 3362 καλῶς
3479 3299 3587 3370 ἄρα
3621 3299 3697 3368 τῷ
3725 3301 3818 3353 τοῦ
3847 3301 4061 3368 Λαρίσ-

2482 3409 2584 3462 σης
2617 3393 2770 3461 μέρει
2803 3391 2902 3462 τὴν
2930 3393 3029 3461 τῆς
3060 3393 3372 3454 ὑποθέσεως
3397 3392 3686 3445 δικαίωσιν
3719 3394 3807 3447 διά
3844 3393 3943 3447 τοῦ
3983 3396 4063 3447 εί-

2485 3485 2725 3554 ρημένου
2789 3486 3123 3555 γράμματος
3193 3487 3596 3556 ποιησάμενον.
3664 3487 3790 3539 Ἐπὶ
3851 3487 4064 3549 τούτοις

2485 3579 2671 3646 μέντοι
2719 3577 2855 3629 πᾶσι
2903 3576 2998 3628 καὶ
3032 3577 3407 3645 ὑπομνήματα
3451 3580 3832 3646 πατριαρχικά
3861 3581 3968 3632 τῶν
4006 3582 4066 3633 ἐν

2487 3668 2737 3738 μακαρίᾳ
2775 3671 2841 3737 τῇ
2883 3669 3034 3738 λήξει
3071 3670 3460 3739 πατριαρχῶν,
3478 3671 3574 3722 τοῦ
3602 3689 3658 3722 τε
3693 3671 3799 3739 κῦρ
3846 3672 4064 3741 Γερμα-

2482 3759 2576 3812 νοῦ
2607 3761 2697 3812 καὶ
2737 3760 2830 3813 τοῦ
2859 3760 2967 3830 κῦρ
3004 3761 3284 3830 Μανουὴλ,
3328 3762 3479 3829 παρά
3509 3763 3620 3815 τῶν
3657 3763 3912 3832 μοναχῶν
3934 3781 4065 3831 προ-

2485 3851 2820 3918 κομισθέντα
2855 3853 2949 3905 καὶ
2998 3853 3418 3920 ἀναγνωσθέντα
3449 3855 3542 3906 καὶ
3577 3855 3756 3908 ταῦτα
3789 3851 3929 3925 ἦσαν
3967 3858 4065 3923 μιν

2483 3945 2755 4014 ἀριδήλως
2789 3946 3144 4014 παριστῶντα
3177 3946 3275 3998 σὺν
3308 3951 3418 4010 τοῖς
3467 3947 3678 4011 λοιποῖς
3727 3947 4064 4017 δικαιώμασι

2481 4038 2581 4105 τῆς
2612 4037 2804 4106 μονῆς,
2830 4037 2981 4100 ὅπως
3013 4055 3073 4089 τε
3120 4039 3214 4090 καὶ
3244 4037 3368 4091 ὅθεν
3399 4039 3460 4090 τὸ
3484 4040 3541 4104 ἐξ
3579 4040 3754 4109 ἀρχῆς
3781 4041 3812 4108 ἠ
3841 4040 3940 4110 τῆς
3972 4059 4070 4110 μο-

2486 4131 2580 4196 νῆς
2609 4130 2962 4198 πνευματικὴ
2983 4129 3273 4182 δεσποτεία
3296 4131 3392 4182 καὶ
3423 4131 3685 4200 κυριότης
3709 4133 3775 4200 τῇ
3800 4148 4067 4202 πατριαρ-

2486 4223 2614 4290 χικῇ
2655 4221 3010 4291 προσήκουσα
3049 4221 3436 4298 μεγαλειότητι
3466 4223 3794 4288 διετέλεσεν,
3843 4219 3984 4293 ἦσαν
4014 4225 4068 4277 δὲ

2488 4315 2583 4366 καὶ
2636 4313 2704 4365 δι’
2758 4313 3056 4381 ἐπιτιμίων
3115 4313 3577 4382 φρικωδεστάτων
3625 4313 3703 4382 τῷ
3745 4315 3940 4385 δικαίῳ
3975 4314 4072 4385 τὴν

2491 4406 2645 4474 ίσχὺν
2672 4406 3042 4473 ἀπονέμοντα.
3094 4407 3167 4457 Τὸ
3209 4406 3267 4458 δέ
3322 4400 3412 4476 ἦν,
3453 4405 3721 4476 μηδαμῶς
3769 4409 3861 4475 ὑφ’
3909 4407 4073 4479 ἐτέρα

2490 4495 2624 4548 ποτέ
2672 4494 2966 4563 δεσποτεία
2997 4497 3094 4548 καὶ
3141 4496 3430 4564 ἀνακρίσει
3482 4496 3929 4566 πνευματικῇτά
3972 4499 4071 4566 τῆς

2487 4591 2659 4661 μονῆς
2694 4590 2951 4658 γενέσθαι
3009 4590 3068 4642 τὸ
3123 4588 3368 4649 σύνολον,
3405 4589 3528 4642 ἀλλ’
3567 4589 3600 4659 ἢ
3665 4591 3802 4660 μόνῃ
3847 4593 3912 4660 τῇ
3969 4608 4075 4643 παι

2481 4683 2777 4750 τριαρχικῇ
2807 4681 3068 4749 περιωπῇ
3125 4679 3550 4750 προσηρμόσθαι
3600 4679 3689 4732 διὰ
3730 4681 3934 4743 παντὸς
3965 4684 4059 4735 καὶ

2481 4771 2653 4840 ταύτῃ
2695 4773 2827 4841 μόνῃ
2861 4772 2941 4833 είς
2968 4771 3057 4822 τὸν
3088 4772 3216 4838 ἐξῆς
3247 4771 3468 4824 ἅπαντα
3512 4772 3705 4841 χρόνον
3737 4774 4075 4826 ὑποκύπτειν

2483 4863 2579 4916 καὶ
2611 4862 3010 4916 ὑποτάττεσθαι
3043 4862 3136 4915 καὶ
3159 4862 3256 4914 τοῦ
3283 4861 3692 4932 πατριαρχικοῦ
3722 4863 3886 4930 μόνου
3912 4867 4076 4917 ποιεῖ-

2487 4957 2612 5009 σθαι
2642 4955 2921 5023 ἀναφορὰν
2953 4955 3216 5022 ὀνόματος
3239 4955 3381 5006 κατά
3413 4953 3474 5005 τὸ
3507 4955 3740 5007 παλαιὸν
3771 4955 4073 5023 δικαίωμα,

2488 5047 2777 5119 βασιλικὴν
2833 5046 2998 5101 οὖσαν
3049 5046 3166 5113 ἅμα
3223 5048 3317 5099 καὶ
3371 5049 3807 5116 πατριαρχικήν.
3852 5047 4075 5109 Τούτοις

2487 5145 2647 5210 ἡμεῖς
2681 5143 2887 5194 ἅπασιν
2922 5139 3172 5210 ἀκριϐῶς
3226 5139 3593 5208 προσσχόντες
3624 5140 3718 5190 x01
3750 5137 3845 5208 τὴν
3880 5140 3973 5191 τοῦ
3999 5139 4074 5191 δι-

2490 5235 2645 5286 καίου
2679 5233 2852 5303 ῥοπὴν
2883 5235 2996 5294 τοῖς
3031 5230 3347 5301 είρημένοις
3377 5231 3602 5298 τρόποις
3633 5231 3727 5282 καὶ
3773 5231 4079 5298 δικαιώμα-

2491 5347 2576 5379 σιν
2635 5325 2941 5394 ὁλοσχερῶς
2990 5325 3483 5393 ἁπονενεμημένην
3535 5324 3976 5391 κατανοήσαντες
4010 5325 4078 5389 τῇ

2495 5423 2654 5488 μονῇ,
2687 5418 2765 5489 τῷ
2790 5417 2986 5487 δικαίῳ
3019 5420 3112 5472 καὶ
3143 5419 3298 5472 αὐτοὶ
3327 5417 3426 5485 τὴν
3459 5414 3704 5467 νικῶσαν
3730 5414 3912 5483 ψῆφον
3937 5415 4082 5466 κατά

2491 5516 2551 5566 τὸ
2589 5513 2870 5582 προσῆκον
2930 5511 3382 5564 ἀποδεδώκαμεν.
3429 5508 3633 5561 Μέντοι
3684 5508 3777 5558 καὶ
3834 5522 4083 5574 παρακε-

2493 5606 2714 5658 λεύεται
2751 5605 2845 5657 καὶ
2903 5603 3263 5656 διατάττεται·
3296 5604 3353 5654 ἐν
3409 5599 3552 5668 ἀγίῳ
3594 5599 3874 5667 ΙΙνεύματι
3918 5598 3950 5665 ή
3989 5615 4085 5666 με-

2494 5701 2716 5767 τριότης
2749 5695 2909 5764 ἡμῶν
2945 5695 3084 5764 μετά
3112 5695 3213 5763 τῆς
3244 5695 3371 5761 περὶ
3405 5692 3576 5760 αὐτὴν
3614 5691 3765 5753 θείας
3808 5690 3902 5742 καὶ
3931 5689 4082 5758 ἱερᾶς

2499 5792 2721 5844 συνόδου
2756 5790 2851 5842 καὶ
2894 5787 3224 5859 ὀμηγύρεως
3250 5785 3360 5840 τῶν
3408 5785 3722 5854 ίερωτάτων
3761 5782 3854 5834 καὶ
3893 5782 4083 5849 ἀρχιε-

2489 5887 2648 5958 ρέων,
2686 5884 2749 5938 τὸ
2778 5884 3011 5953 στέργον
3041 5881 3187 5953 ἔχειν
3217 5881 3311 5934 καὶ
3341 5879 3570 5949 ἐνεργὸν
3601 5878 3668 5932 τά
3711 5875 4073 5944 διειλημμένα
