4444 6452
828 435 962 499 1159

1967 435 2206 496 ESALE
2244 437 2352 497 (ΣΡ.
2395 431 2903 493 PATRIARCH/E

3918 422 4055 490 “60

2081 819 2102 828 -
2173 748 2710 860 ESAIAS.

1640 1039 1974 1094 ΚΩΔΙΚΙΟΝ
2009 1039 2144 1092 ΤΩΝ
2183 1041 2579 1094 ΣΥΝΟΔΙΚΩΝ
2617 1040 3244 1094 ΠΑΡΑΣΗΜΕΙΩΣΕΩΝ

829 1161 1137 1215 ΓΕΓΟΝΟΣ
1193 1161 1306 1214 Em
1353 1160 1487 1211 ΤΩΝ
1547 1158 1829 1212 ΗΜΕΡΩΝ

1895 1158 2030 1211 ΤΟΥ
2085 1160 2618 1214 ΠΑΝᾹΓΙΩΤΑΤΟΥ
2673 1161 2871 1213 ΗΜΩΝ
2923 1160 3282 1213 ΔΕΣΠΟΤΟΥ
3337 1161 3455 1214 ΚΑΙ
3528 1157 4065 1216 ΟΙΚΟΥΜΕΝΙΚΟΥ

1928 1271 2368 1327 ΠΑΤΡΙΑΡΧΟΥ
2428 1275 2568 1329 ΚΥΡ
2596 1275 2869 1336 ΗΣΑΙΟΥ,

842 1399 944 1462 Ἐξ
981 1399 1124 1450 ὅτου
1156 1400 1188 1449 ὁ
1223 1391 1569 1462 τιμιώτατος
1601 1389 1988 1458 χαρτοφύλαξ
2024 1388 2132 1454 τῆς
2162 1389 2492 1456 ἁγιωτάτης
2530 1389 2813 1458 Μεγάλης
2849 1391 2956 1445 τοῦ
2983 1391 3133 1445 Θεοῦ
3162 1392 3530 1457 Ἐκκλησίας
3563 1397 4066 1463 πανυπερεντιμό-

1255 1502 1431 1544 τατος
1458 1483 1568 1548 κῑιρ
1601 1481 1927 1548 Γρηγόριυς
1957 1481 1988 1532 ὁ
2027 1481 2342 1546 Κουτὰλης
2370 1480 2449 1545 τῷ
2476 1480 2583 1534 τοῦ
2606 1483 3067 1550 χαρτοφύλακος
3093 1483 3350 1552 όςρφικίῳ
3371 1481 3644 1551 ἐτιμήθη.

830 1607 871 1660 1.
918 1605 1104 1658 Esaiae
1150 1603 1397 1670 Gregorio
1469 1597 2169 1671 patriarcha:_Alexandri¢
2225 1607 2405 1652 notum
2437 1608 2477 1662 Α
2510 1602 2585 1668 τέι

2312 1611 2405 1652 Tum
2437 1608 2477 1662 Α
2510 1602 2683 1668 τέρων
2718 1603 2935 1664 πάντως
2996 1603 3306 1671 ἁμαρτιῶν.
3359 1603 3618 1655 ἐπιπλέον
3672 1605 3944 1668 πιέζοιντο
3973 1605 4067 1658 καὶ

1042 1674 1168 1740 facit
1191 1666 1846 1736 se'solium'palriarclmle
1877 1669 2190 1720 ascendisse.

897 1792 936 1859 ’ξ-
996 1789 1294 1853 Ἀγιώτατε
1355 1787 1616 1847 δέσποτα,
1683 1784 1882 1836 πάππα
1935 1784 2036 1836 καὶ
2083 1783 2401 1852 πατριάρχα

842 1881 1273 1948 Ἀλεξανδρείας,
1304 1878 1712 1938 Πενταπόλεως,
1741 1876 2044 1942 Αἰγύπτου,
2073 1875 2282 1944 Λιϐύης
2308 1877 2402 1927 καὶ

830 1966 1361 2040 πάσηςἋίθιοπίας,
1389 1967 1528 2018 κατὰ
1565 1966 1767 2034 Κύριον
1799 1965 2048 2033 ἁγαπητδ
2076 1965 2273 2030 ἀδελφὲ
2307 1965 2400 2017 καὶ

833 2062 1240 2128 συλλειτουργὲ,
1274 2061 1322 2112 εί
1355 2061 1449 2111 καὶ
1474 2060 1578 2125 πρὸ
1610 2057 1801 2124 καιροῦ
1833 2060 1864 2124 ὴ
1901 2057 2024 2109 καθ’
2060 2059 2209 2125 ἡμᾶς
2241 2056 2406 2110 καθο-

830 2158 954 2225 λικὴ
987 2158 1080 2207 καὶ
1117 2151 1452 2217 ἀποστολικὴ
1483 2151 1614 2216 ἁγία
1647 2149 1739 2201 τοῦ
1768 2148 1906 2201 Θεοῦ
1955 2150 2254 2217 Ἐκκλησία
2281 2150 2404 2218 ἐχή-

834 2265 957 2314 ρευε
1005 2247 1284 2311 ποιμένος,
1323 2241 1575 2309 καθάπερ
1616 2237 1769 2308 οἶμαι
1797 2241 1892 2292 καὶ
1939 2239 2037 2308 τὴν
2073 2240 2172 2306 σὴν
2199 2240 2258 2291 οὐ
2293 2239 2406 2291 διέ-

830 2340 989 2392 λαθεν
1047 2338 1330 2402 ἁγιότητα,
1391 2333 1506 2384 ἀλλ’
1555 2333 1772 2402 εὐδοκία
1814 2330 1909 2383 νῦν
1965 2329 2060 2383 τοῦ
2113 2331 2182 2382 τὰ
2229 2331 2405 2384 πάντα

835 2431 1042 2494 βαθέως
1079 2430 1172 2478 καὶ
1224 2427 1402 2492 σοφῶς
1434 2424 1850 2492 οἰκονομοῦντος
1881 2422 2018 2475 Θεοῦ
2068 2423 2407 2492 ὲξηλὲγημεν

832 2523 992 2590 ἡμεῖς
1045 2519 1168 2587 ἠδη,
1221 2518 1485 2587 κρίμασιν
1538 2517 1875 2585 ἀπορρήτοις
1931 2516 2122 2581 αὐτοῦ,
2172 2517 2266 2568 καὶ
2307 2515 2408 2583 τὴν

837 2613 1170 2684 προστασίαν
1220 2612 1316 2677 τῆς
1385 2610 1641 2676 τοιαύτης
1698 2609 2007 2675 ἁγιωτάτης
2067 2607 2408 2676 Ἐκκλησίας

832 2703 1307 2773 ἐνεχειρίσθημεν.
1343 2701 1400 2762 ἐξ
1436 2701 1646 2752 ἑαυτῶν
1681 2700 1780 2768 μὲν
1811 2700 1870 2753 τὸ
1906 2699 2089 2752 ίκανδν
2119 2700 2220 2752 οὐκ
2253 2698 2408 2768 έχον-

829 2814 918 2857 τες
953 2796 1089 2863 πρὸς
1122 2792 1443 2861 τηλικοῦτον
1477 2790 1612 2859 ὕψος
1645 2796 1737 2844 καὶ
1768 2793 2041 2861 τοσαύτης
2068 2794 2408 2860 προστασίας

833 2885 1089 2955 μέγεθος,
1118 2887 1183 2953 τῇ
1215 2883 1273 2936 δὲ
1303 2884 1397 2936 τοῦ
1434 2882 1741 2951 Πνεύματος
1783 2882 2190 2951 τεθαρρηκότες
2224 2883 2406 2950 χάριτι

831 2953 924 3026 καὶ
959 2977 1024 3042 τῇ
1084 2975 1191 3024 τῶν
1245 2973 1624 3039 ἐκλεξαμένων
1674 2973 1818 3040 ἡμᾶς
1873 2973 2044 3040 ἀρετῇ
2102 2972 2196 3024 καὶ
2241 2972 2405 3039 ψήφῳ
2440 2953 2482 3007 Β

834 3067 1178 3131 ὑπείξαντες,
1209 3065 1336 3116 ὅθεν
1378 3067 1471 3118 καὶ
1496 3065 1702 3132 ξκαιρού
1733 3063 1957 3115 εὐθέτου
1991 3061 2304 3130 λαϐόμενοι,
2331 3061 2404 3124 ὡς

830 3159 938 3208 τῶν
966 3156 1059 3207 τοῦ
1089 3156 1384 3224 κρατίστου
1415 3155 1504 3207 καὶ
1531 3156 1687 3221 ἁγίου
1717 3172 1817 3222 μου
1851 3154 2252 3225 αὐτοκράτορος
2279 3155 2408 3222 πρέ-

831 3250 1008 3300 σϐεων
1038 3249 1469 3317 εὐμοιρήσαντες
1505 3248 1594 3299 τὸν
1627 3247 1860 3298 ἔκπλουν
1913 3249 2013 3317 ήδη
2066 3246 2406 3313 ποιουμένων

832 3341 1043 3403 αὐτόθι,
1075 3340 1134 3389 οὐ
1183 3339 1301 3389 δέον
1338 3340 1636 3407 ἐκρίναμεν
1685 3338 1759 3405 μὴ
1790 3337 1924 3404 δῆλα
1953 3336 2139 3390 θέσθαι
2169 3339 2236 3389 τὰ
2276 3337 2406 3406 περὶ

831 3430 988 3495 ἡμῶν
1021 3428 1190 3480 ταῦτα
1230 3430 1292 3496 τῇ
1331 3431 1398 3496 σῇ
1444 3428 1716 3496 ἁγιότητι.
1758 3428 2064 3498 Ἐρρῶσθαι
2093 3429 2273 3480 τοίνυν
2310 3429 2408 3494 τὴν

833 3523 933 3587 σὴν
967 3521 1230 3588 ἁγιότητι
1283 3519 1558 3589 εὐχόμεθα
1588 3522 1648 3571 έν
1695 3521 1888 3588 Κυρίῳ
1921 3521 2000 3579 είς
2055 3520 2409 3587 περιποίησιν

834 3616 924 3662 καὶ
961 3612 1252 3678 οἰκοδομὴν
1299 3611 1394 3662 τοῦ
1434 3610 1622 3662 αὐτόθι
1655 3611 2050 3677 Χριστωνύμου
2101 3611 2255 3675 λαοῦ,
2313 3611 2409 3664 καὶ

835 3706 974 3772 πρὸς
1034 3705 1130 3764 τὰς
1164 3705 1303 3772 ὑπὲρ
1363 3705 1510 3771 ἡμᾶς
1564 3704 1731 3770 εὐχὰς
1776 3704 1944 3773 αὐτὴν
1999 3703 2406 3772 ἐκκαλούμεθα,

832 3798 973 3848 ὥστε
1011 3795 1361 3861 διεξάγεσθαι
1396 3795 1455 3845 τὸ
1485 3794 1830 3862 ὲγχειρισθὲν
1867 3796 1998 3862 ἡμῖν
2037 3797 2288 3861 ποίμνιον
2314 3795 2408 3846 καὶ

832 3887 1244 3953 οἰκονομεῖσθαι
1278 3887 1413 3952 πρὶς
1444 3886 1502 3935 τι
1540 3885 1703 3936 αὐτοῦ
1729 3885 1872 3937 θεῖον
1910 3886 2119 3953 θέλημα
2149 3886 2241 3935 καὶ
2273 3886 2408 3953 πρὸς

833 3979 1104 4046 ἀποδοχὴν
1145 3978 1239 4027 καὶ
1276 3977 1572 4044 ἀρέσκειαν
1605 3977 1702 4044 τῆς
1739 3977 1949 4041 ἀφὰτου
2001 3976 2166 4028 αὐτοῦ
2204 3977 2407 4042 ἁγαθό-

831 4087 1015 4134 τῃτος.
1054 4069 1244 4136 Ἡμεῖς
1282 4068 1380 4136 μὲν
1411 4063 1502 4119 οὖν
1531 4068 1852 4128 ἐνδιαθὲτως
1890 4069 2100 4135 ἔχοντες
2145 4069 2272 4137 πρὸς
2305 4071 2403 4137 τὴν

833 4160 933 4227 σὴν
963 4159 1231 4225 ἀγιότητα
1256 4160 1348 4208 καὶ
1385 4159 1484 4224 τῆς
1532 4157 1738 4224 ταύτης
1772 4157 2134 4224 ἐξηρτημένοι
2160 4175 2408 4226 πνευμα-

831 4252 990 4316 τικῆς
1025 4252 1246 4314 ἀγάπης
1300 4250 1394 4298 καὶ
1436 4248 1732 4315 ἁδελφικῆς
1767 4251 2073 4315 συμπνοίας
2121 4252 2215 4301 καὶ
2280 4253 2407 4320 ὀμο-

841 4344 1003 4405 εοίας,
1034 4343 1128 4393 καὶ
1155 4342 1328 4393 ταῦτα
1356 4343 1420 4409 δὴ
1450 4344 1516 4393 τά
1545 4343 1850 4409 γράμματα
1883 4346 2174 4411 πέμπομεν
2201 4345 2293 4395 καὶ
2327 4345 2405 4404 είς

832 4437 895 4485 τὸ
925 4435 1051 4499 ἑξῆς
1084 4433 1163 4484 ἔτι
1195 4433 1508 4500 πέμψομεν,
1542 4432 1635 4484 τοῦ
1670 4433 1805 4485 Θεοῦ
1841 4433 2000 4486 τοῦτο
2028 4437 2405 4505 παρεχομένου

836 4526 929 4577 καὶ
964 4524 1335 4590 εὐδοκοῦντος,
1389 4525 1520 4575 αὐτὸ
1556 4525 1613 4576 δὲ
1650 4524 1807 4575 τοῦτο
1854 4527 1947 4578 καὶ
1976 4525 2072 4596 τὴν
2127 4528 2224 4595 σὴν
2259 4529 2410 4594 ἁγιό-

828 4633 967 4684 τητα
1005 4617 1137 4684 πρὸς
1171 4618 1315 4684 ἡμᾶς
1347 4620 1520 4666 ποιεῖν
1552 4615 1814 4684 ἀξιοῦμεν
1840 4632 1854 4646 '
1892 4617 2053 4669 τοῦτο
2083 4619 2186 4688 γὰρ
2217 4620 2276 4670 οὐ
2312 4621 2408 4687 μό-

829 4724 918 4757 ν,ν
946 4708 1026 4765 εἰς
1061 4705 1329 4773 ἀποδοχὴν
1355 4704 1492 4756 Θεοῦ
1530 4709 1626 4756 καὶ
1673 4709 1779 4756 τῶν
1815 4707 1902 4772 ὐφ’
1934 4710 2084 4776 ἡμᾶς
2126 4725 2410 4775 ποιμαινο-

831 4800 1014 4866 μένων
1051 4798 1340 4864 διόρθωσιν
1364 4799 1456 4847 καὶ
1490 4799 1781 4866 οἰκοδομήν
1808 4802 1924 4850 ἐστι
1959 4804 2050 4850 καὶ
2079 4799 2407 4868 ἀσφάλειαν,

829 4891 966 4939 αλλὰ
999 4892 1090 4938 καὶ
1129 4890 1206 4948 είς
1258 4890 1555 4953 ἀρέσκειαν
1603 4893 1696 4940 καὶ
1733 4892 1926 4960 ἡδονὴν
1971 4891 2063 4943 τοῦ
2115 4894 2408 4960 κρατίστου

831 4986 926 5034 καὶ
959 4983 1116 5045 ἁγίου
1149 4998 1253 5048 μου
1293 4982 1721 5051 αὐτοκράτορος,
1747 4980 1809 5036 οὐ
1841 4986 1977 5054 πνοὴ
2004 4986 2098 5037 καὶ
2130 4987 2308 5055 τρυφὴ
2347 4988 2409 5038 τὸ

829 5081 926 5138 την
954 5075 1116 5140 ἁγίαν
1148 5073 1242 5125 τοῦ
1282 5075 1418 5125 Θεοῦ
1465 5076 1789 5144 Ἐκκλησίαν
1815 5079 1948 5146 όρᾷν
1976 5079 2281 5149 αὐξομένην
2318 5083 2408 5131 καὶ

831 5167 1270 5232 κραταιουμένην
1315 5168 1372 5215 εν
1405 5167 1628 5235 ὁμονοίᾳ
1665 5167 1762 5235 τῆς
1794 5170 2051 5233 πίστεως,
2098 5170 2203 5220 τῶν
2230 5170 2408 5239 ὀρθῶν

834 5260 1046 5317 πάντως
1080 5257 1170 5306 καὶ
1196 5257 1510 5324 ειλικρινῶν
1542 5258 1808 5326 ἐχομένην
1833 5260 2141 5327 δογμάτων,
2169 5266 2263 5311 καὶ
2291 5262 2410 5313 τού-

831 5367 924 5402 του
955 5349 1156 5418 δεῖγμα
1191 5350 1362 5416 σαφὲς
1411 5353 1505 5401 καὶ
1540 5352 1677 5403 ἄλλα
1711 5353 1809 5419 μὲν
1843 5354 2074 5406 πλεῖστα
2123 5356 2284 5422 λόγου
2314 5358 2408 5409 καὶ

827 5441 1104 5509 θαύματο,
1138 5442 1305 5504 ὅντως
1359 5442 1508 5506 ἄξια,
1554 5441 1694 5510 μετά
1730 5445 1915 5511 μέντοι
1961 5444 2069 5496 τῶν
2097 5447 2271 5499 ἄλλων
2317 5452 2409 5499 καὶ

823 5535 875 5585 οἱ
906 5536 1025 5585 κατ’
1054 5535 1172 5595 ἔτος
1204 5533 1391 5586 αὐτόθι
1423 5550 1481 5585 τε
1517 5535 1608 5586 καὶ
1637 5535 1955 5605 ἁπανταχοῦ
1999 5538 2103 5606 γῆς
2137 5541 2405 5592 ἀποστελ-

827 5626 1045 5693 λόμενοι
1082 5626 1343 5695 πρέσϐεις
1370 5626 1509 5695 ὑπὲρ
1536 5627 1645 5678 τῶν
1671 5629 1979 5699 ἐκκλησιῶν
2011 5630 2106 5683 τοῦ
2141 5633 2278 5684 Θεοῦ
2308 5637 2402 5687 καὶ

826 5719 926 5782 τῆς
960 5719 1052 5772 τοῦ
1084 5720 1478 5788 Χριστιανικοῦ
1507 5720 1636 5774 λαοῦ
1671 5725 1962 5793 οἰκοδομή,
1990 5742 2049 5776 τε
2084 5727 2179 5778 καὶ
2205 5731 2405 5782 συστὰσ

830 5826 993 5874 σεω,,
1022 5811 1097 5873 ώς
1135 5815 1194 5862 αν
1230 5811 1328 5880 μὴ,
1357 5811 1422 5864 δι’
1453 5811 1520 5882 ἢν
1543 5812 1874 5883 ὑπομένουσι
1901 5815 2151 5871 δουλείαν
2181 5817 2241 5884 ἐξ
2268 5821 2406 5889 ἠμε-

2503 1697 2899 1745 καταπονοῖντο
2925 1695 3003 1762 τῷ
3039 1694 3196 1762 βάρει
3241 1694 3335 1746 καὶ
3371 1697 3438 1762 τῇ
3474 1695 3717 1747 κακώσει
3768 1697 3877 1748 τῶν
3907 1714 4069 1748 κατε-

2504 1784 2730 1849 χόντων,
2765 1784 2840 1852 μὴ
2871 1785 3032 1852 μόνον
3065 1786 3142 1845 εις
3187 1785 3360 1837 ταῦτα
3385 1784 3448 1852 δὴ
3496 1785 3562 1836 τὰ
3592 1788 3905 1851 σωματικά,
3934 1787 4070 1840 ἀλλὰ

2507 1871 2597 1922 καὶ
2627 1875 2706 1934 εἰς
2733 1875 2873 1925 αὐτά
2905 1891 2968 1939 γε
2997 1874 3059 1944 δὴ
3092 1874 3158 1925 τὰ
3189 1874 3284 1942 τῆς
3318 1873 3440 1927 καθ’
3469 1877 3616 1944 ἡμᾶς
3645 1877 3880 1936 πίστεως
3907 1881 4072 1944 ἀναγ-

2506 1965 2634 2014 καία
2693 1965 2786 2016 καὶ
2834 1965 3191 2032 καιριώτατα,
3245 1965 3387 2018 ὥστε
3441 1969 3591 2035 κοινῇ
3645 1969 3741 2019 καὶ
3773 1969 3919 2036 ἡμᾶς
3950 1968 4071 2021 δέον

2506 2047 2943 2122 ὐπερεύχεσθαι,’
2977 2056 3299 2123 χαρίζεσθαι
3332 2057 3520 2110 τοῦτον
3553 2061 3616 2126 τῇ
3646 2059 3740 2110 τοῦ
3775 2059 3911 2111 Θεοῦ
3952 2061 4073 2112 Ἐκο

2508 2144 2708 2214 κλησίᾳ
2735 2146 2826 2198 ἐπὶ
2857 2149 3091 2213 μακροῖς
3121 2151 3233 2209 τοῖς
3261 2149 3406 2200 ἔτεσι
3437 2149 3630 2217 βοηθὸν
3662 2153 3756 2202 καὶ
3790 2151 4072 2218 συνέριθον

2507 2239 2601 2289 καὶ
2628 2238 2912 2307 πρόμαχον
2932 2240 3148 2308 ὀχυρὸν,
3171 2241 3312 2292 κατὰ
3366 2241 3594 2308 γνώμην
3633 2242 3779 2309 αὐτῴ
3803 2242 3910 2293 τῶν
3937 2258 4075 2309 πραο

2507 2330 2731 2397 γμάτων
2759 2329 2887 2381 κυϐε
2901 2330 3190 2399 ρνωμένων
3215 2329 3310 2382 καὶ
3327 2330 3721 2399 διεξαγομένων
3747 2332 4075 2400 ἀκυμάντως

2509 2423 2604 2473 καὶ
2638 2421 2890 2490 γαληνῶς
2941 2423 3036 2474 καὶ
3067 2420 3186 2491 ἁμα
3224 2421 3480 2491 εὐθύμως
3511 2424 3602 2475 καὶ
3648 2425 3786 2492 μετὰ
3815 2425 4076 2494 πλείστης

2508 2511 2640 2578 ὅσης
2667 2512 2761 2579 τῆς
2792 2511 3008 2582 ἡδονῆς,
3043 2513 3446 2581 συναιρομένης
3476 2517 3556 2575 είς
3593 2513 3752 2566 τοῦτο
3779 2516 3879 2581 τῆς
3908 2513 4074 2567 αὐτοῦ

2507 2600 2600 2654 τοῦ
2631 2601 2763 2655 Θεοῦ
2811 2603 3054 2674 χάριτος.
3088 2604 3222 2674 Περὶ
3270 2603 3456 2673 μέντοι
3500 2605 3594 2705 τῇς
3623 2605 3976 2673 κρατησάσης
4021 2607 4076 2657 ὲν

2509 2698 2574 2762 τῇ
2625 2696 2919 2765 Ἐκκλησία
2950 2696 3243 2766 κανονικῆς
3270 2695 3556 2760 συνηθείας
3585 2697 3675 2747 καὶ
3706 2697 4074 2765 παραδόσεως.

2511 2785 2605 2838 τοῦ
2634 2785 2874 2839 δίδοσθαι
2909 2787 3155 2854 δηλονότι
3208 2788 3359 2856 παρὰ
3394 2788 3502 2838 τῶν
3531 2786 3652 2839 καθ’
3703 2789 3852 2855 ἡμᾶς
3891 2790 4076 2855 ἀρχιε-

2515 2877 2654 2946 ρέων
2694 2879 2789 2929 καὶ
2822 2880 3180 2947 πατριαρχῶν
3215 2880 3353 2947 πρὸς
3402 2877 3663 2940 ἀλλήλους
3694 2878 3785 2929 τὸν
3835 2877 4078 2929 λίϐελλον

2512 2968 2610 3033 τῆς
2670 2967 2927 3032 πίστεως,
2979 2967 3136 3020 τοῦτο
3166 2969 3450 3036 γράφομεν
3510 2970 3604 3019 καὶ
3649 2968 3886 3035 λέγομεν
3940 2966 4077 3036 πρὸς

2509 3060 2610 3126 τὴν
2638 3058 2736 3127 σὴν
2766 3060 3052 3127 ἁγιότητι,
3087 3061 3164 3112 ὅτι
3195 3063 3227 3129 ἠ
3258 3062 3484 3127 ἁγιότης
3520 3077 3612 3112 σου
3642 3059 3843 3126 ἔφθασε
3867 3061 3959 3112 καὶ
3984 3077 4081 3112 κα-

2508 3152 2736 3204 τέλαϐεν
2768 3153 3004 3206 ἐνταῦθα
3042 3155 3136 3205 καὶ
3176 3153 3478 3222 ιγνώρισεν
3512 3153 3756 3222 ἀκριϐῶς
3789 3153 3848 3206 τὸ
3881 3154 4078 3221 ἀκραι-

2512 3243 2812 3309 φνέστατον
2844 3243 2940 3295 καὶ
2996 3245 3386 3313 καθαρώτατον
3420 3246 3586 3307 σέϐας
3628 3245 3721 3298 τοῦ
3784 3245 4079 3314 κρατίστου

2511 3336 2606 3388 καὶ
2643 3335 2802 3402 ἁγίου
2838 3353 2939 3404 μου
2994 3337 3419 3407 αὐτοκράτορος,
3455 3341 3549 3391 καὶ
3596 3341 3743 3400 ὅπως
3789 3338 3901 3407 ἔχει
3951 3340 4078 3406 περὶ

2509 3426 2576 3477 τὰ
2615 3426 2751 3495 ὀρθὰ
2785 3427 3030 3494 δόγματα
3064 3429 3100 3496 ἡ
3149 3429 3280 3494 ἁγία
3329 3427 3576 3496 βασιλεία
3613 3427 3783 3481 αὐτοῦ
3817 3429 4078 3495 ἀσφαλῶς

2511 3519 2602 3570 καὶ
2631 3518 2804 3587 ὀρθῶς
2835 3519 2922 3572 διά
2958 3520 3055 3588 τῆς
3087 3523 3306 3588 χάριτος
3338 3521 3430 3573 τοῦ
3483 3520 3643 3583 Θεοῦ,
3675 3522 3880 3588 ὁμοίως
3910 3521 4079 3589 ἐπλη-

2511 3611 2793 3680 ροφορήθη
2817 3610 2878 3662 τὸ
2908 3613 3051 3663 καθα
3062 3615 3150 3680 ρον
3170 3617 3263 3664 καὶ
3292 3615 3452 3682 ὀρθὸν
3474 3616 3565 3666 καὶ
3587 3616 3879 3684 ἀκίϐδηλον
3901 3617 4077 3685 δόγμα

2509 3704 2602 3754 καὶ
2638 3703 2799 3764 σέϐας
2834 3703 2928 3756 τοῦ
2975 3709 3080 3773 πρὸ
3135 3706 3292 3775 ἡμῶν
3341 3707 3904 3777 πατριαρχεύσαντος.
3947 3711 4081 3760 Οῖαν

2471 3793 2475 3802 ’
2507 3793 2600 3846 οῦν
2627 3795 2998 3865 πληροφορίαν
3046 3799 3170 3865 ἔσχε
3206 3798 3297 3848 καὶ
3330 3797 3442 3866 ἔχει
3495 3801 3621 3870 περί
3667 3815 3724 3850 τε
3766 3801 3858 3852 τοῦ
3887 3804 4079 3870 κρατί-

2512 3905 2637 3940 στου
2694 3891 2785 3940 aa".
2818 3889 2974 3956 ἁγίου
3024 3907 3123 3958 μου
3156 3895 3579 3961 αὐτοκράτορος,
3634 3893 3708 3954 ὡς
3758 3893 3996 3961 εἴρηται,
4048 3897 4080 3964 ἡ

2511 3983 2736 4050 ἀγιότης
2793 3997 2885 4034 σου
2921 3983 3014 4034 καὶ
3062 3984 3189 4049 περὶ
3242 3983 3338 4034 τοῦ
3378 3984 3482 4051 πρὸ
3515 3984 3673 4052 ἡμῶν
3708 3986 4081 4053 πατριαρχεύ-

2512 4093 2723 4139 σαντος,
2751 4074 3009 4143 τοιαύτην
3037 4075 3206 4143 ἐχέτω
3232 4075 3605 4144 ἀναμφίϐολον
3628 4078 3722 4129 καὶ
3747 4077 3875 4146 περὶ
3903 4078 4080 4145 ἡμῶν,

2509 4165 2762 4218 ὃτιούτω
2813 4164 3119 4233 φρονοῦμεν
3151 4166 3244 4216 καὶ
3292 4166 3648 4230 πιστεύομεν,
3703 4165 3779 4230 ὡς
3833 4166 4084 4231 ἐξέθεντο

2511 4259 2607 4310 καὶ
2643 4257 3089 4324 παραδεδώκασιν
3123 4257 3172 4307 οἱ
3203 4258 3345 4324 ἆγιοι
3391 4258 3708 4324 ἀπόστολοι,
3744 4262 3836 4311 καὶ
3866 4260 3942 4322 ώς
3976 4277 4084 4310 πα-

2513 4349 2745 4418 ρέλαϐεν
2777 4347 3016 4417 ἀρχῆθεν
3055 4350 3086 4416 ὴ
3122 4347 3251 4414 ἁγία
3285 4348 3381 4400 τοῦ
3432 4349 3569 4402 Θεοῦ
3610 4351 3932 4418 Ἐκκλησία,
3985 4353 4084 4403 καὶ

2509 4443 2651 4494 οῦτω
2683 4443 2778 4493 καὶ
2824 4443 2948 4502 τοὺς
2981 4442 3069 4509 ὐφ’
3102 4443 3249 4510 ἡμᾶς
3306 4443 3586 4494 πιστεύειν
3629 4444 3724 4496 καὶ
3757 4445 4084 4511 διδάσκομεν

2511 4536 2606 4587 καὶ
2635 4537 2853 4605 φρονεῖν
2886 4535 3170 4604 πείθομεν.
3213 4537 3270 4588 Ὀ
3299 4537 3354 4589 δὲ
3384 4538 3503 4600 ταῖς
3549 4538 3708 4607 ἡμῶν
3737 4541 4086 4609 παρακλήσε-

2513 4645 2597 4679 σιν
2623 4629 3109 4701 ὲπικαμπτόμενος
3140 4627 3344 4697 Κύριος
3375 4629 3463 4682 διὰ
3492 4630 3590 4698 τῆς
3623 4630 3789 4683 αὐτοῦ
3817 4631 4088 4699 ἀγαθότη-

2510 4735 2596 4772 τος
2631 4721 2717 4786 είη
2768 4720 2867 4786 μὲν
2905 4720 3297 4790 συναιρόμενος
3336 4720 3429 4772 καὶ
3481 4724 3962 4790 συνεφαπτόμενος
4016 4727 4083 4793 τῇ

2513 4813 2577 4878 σῇ
2609 4811 2863 4878 ἁγιότητι
2895 4812 2986 4862 ἐπὶ
3015 4814 3122 4872 τοῖς
3159 4813 3299 4880 ὑπὲρ
3335 4812 3434 4879 τῆς
3467 4813 3704 4880 ποίμνης
3736 4814 3835 4882 τῆς
3861 4815 3960 4882 σῆς
3985 4818 4085 4866 πό-

2514 4919 2645 4965 νοις,
2677 4902 2994 4970 εὐμαρίζων
3046 4904 3270 4964 τούτους
3309 4903 3401 4956 καὶ
3437 4905 3516 4964 είς
3570 4904 3629 4956 τὺ
3665 4905 3894 4974 εὐχερὲς
3929 4906 4086 4959 καθι-

2513 4996 2655 5046 στῶν
2721 4995 2797 5064 τῷ
2849 4997 3142 5066 κουφισμῷ
3189 4998 3288 5066 τῆς
3335 4996 3392 5060 ἐξ
3451 4997 3621 5050 αὐτοῦ
3662 4999 4082 5068 παρακλήσεως,

2510 5086 2627 5154 δοίη
2662 5085 2717 5139 δὲ
2752 5087 2847 5139 καὶ
2898 5090 3112 5157 καιρὸν,
3145 5087 3284 5140 ὥστε
3318 5088 3417 5156 τῆς
3463 5089 3552 5140 διά
3581 5089 3692 5140 τῶν
3737 5091 4087 5158 γραμμάτων

2512 5178 2857 5240 ἀποστάντας
2886 5179 3108 5247 ὁμιλίας
3135 5194 3193 5231 τε
3229 5180 3323 5231 καὶ
3354 5177 3599 5241 ένώσεως
3633 5179 4082 5248 αὐτοπροσώπως

2512 5269 2776 5338 ἀλλήλους
2842 5268 3144 5321 θεάσασθαι
3209 5271 3302 5322 καὶ
3361 5274 3512 5340 κοινῇ
3586 5271 4085 5342 λειτουργήσαντας

2512 5361 2662 5430 αὐτῷ
2689 5363 2756 5414 τά
2793 5359 2911 5414 θεῖα
2948 5363 3038 5413 καὶ
3082 5363 3342 5430 μυστικὰ,
3371 5363 3595 5425 ἑπαξίου
3626 5365 3722 5417 καὶ
3749 5367 4086 5436 τελεωτέρας

2512 5453 2822 5507 ἀπολαῦσαι
2875 5454 2976 5522 τῆς
3030 5453 3282 5506 ἐντεῦθεν
3329 5456 3546 5524 ἡδονῆς,
3600 5457 3922 5525 πρεσϐείαις
3979 5460 4084 5528 τῆς

2513 5546 2892 5615 ὐπεραμώμου
2923 5547 3014 5599 καὶ
3043 5549 3472 5614 πανυπεράγνου
3508 5549 3715 5619 μητρὸς
3751 5549 3941 5606 αὐτοῦ.

2436 5655 2483 5714 D
2581 5660 2643 5714 ll.
2670 5659 2966 5730 Imperator
2995 5661 3507 5734 archiepiscopatum
3527 5659 3748 5732 Bryeeoe
3783 5666 3934 5734 erigit
3960 5666 4016 5718 in

3135 5733 3458 5800 melropolim
3469 5771 3483 5785 .

2584 5822 2623 5892 ἰ-
2659 5822 2722 5876 'H
2753 5823 3002 5893 βασιλεία
3039 5841 3142 5895 μου
3167 5826 3256 5879 διὰ
3284 5825 3384 5894 τῆς
3410 5826 3507 5878 τοῦ
3532 5824 3668 5879 Θεοῦ
3705 5825 3927 5896 χάριτος
3953 5827 4093 5881 ἀνω-
