4360 6472
352 442 489 511 U73

1405 434 1792 512 SYNODICLE
1832 452 2516 514 CONSTITUTIONES.

3433 453 3570 512 11η

345 567 406 619 τὸ
430 563 656 635 βέλτιον,
702 561 976 632 εἰρηνικὸν
1006 562 1064 616 δι
1108 562 1206 616 καὶ
1255 564 1612 618 ἀστασίαστον
1645 567 1733 618 τίον
1761 568 1910 633 σφῶν
1939 581 1982 637 Α
2013 581 2108 636 την
2142 569 2522 636 πνευματικήν
2567 563 2905 642 διεξαγωγὴν
2958 564 3103 634 ἔχειν
3160 564 3310 632 παρά
3359 564 3452 615 τοῦ
3493 568 3572 616 είς

348 653 530 704 αὐτῶν
587 650 701 719 βίον
755 650 864 702 είσὶ
914 651 1246 715 διανύοντες,
1298 653 1396 722 τῆς
1440 655 1654 717 ἀδικίας
1690 654 1907 724 μακρὰν

344 739 783 810 ἀπελαυνομένης
805 739 898 794 καὶ
921 741 1016 811 τῆς
1040 740 1096 807 ἐξ
1120 741 1292 810 αὐτῆς
1317 744 1693 813 ἀναφυομένης
1720 744 1908 796 πλεον-

351 833 500 900 εξίας
563 831 988 901 ἀκκοπτομένης.
1044 834 1106 886 El
1132 833 1178 886 δ’
1210 833 1300 886 ἐπὶ
1351 835 1482 887 πᾶσι
1514 835 1690 904 χρεὼν
1720 835 1778 888 τὸ
1812 835 1912 903 τῆς

345 923 696 991 δικαιοσύνης
753 922 917 975 καλὸν
971 923 1448 994 παρρησιάζεσθαι
1515 927 1606 979 καὶ
1665 927 1910 995 κρατεῖν,

347 1011 466 1074 πῶς
493 1011 554 1064 ού
577 1011 758 1080 πολλῷ
789 1029 854 1079 γε
881 1013 1042 1065 πλέον
1069 1013 1184 1083 δοίη
1217 1030 1297 1077 τις
1327 1014 1395 1067 ἂν
1424 1015 1581 1068 τοῦτο
1614 1018 1914 1086 προσήκειν

345 1103 456 1162 τοῖς
489 1118 552 1167 γε
586 1101 811 1172 λαχοῦσι
846 1103 1207 1170 προίστασθαι
1240 1103 1348 1156 τῶν
1400 1105 1576 1157 ἀλλων
1610 1123 1914 1174 πνευματι-

349 1192 461 1253 κῶς
502 1194 597 1244 καὶ
629 1193 710 1254 είς
755 1193 926 1245 τύπον
961 1189 1096 1256 εῖναι
1126 1195 1220 1246 καὶ
1252 1195 1556 1264 ὑπόδειγμα
1585 1195 1678 1248 τοῦ
1708 1196 1909 1260 καλοῦς

363 1282 580 1349 Ταύτης
609 1283 721 1352 γάρ
746 1281 898 1348 ὄντες
930 1285 1143 1354 ταμίαι,
1164 1287 1300 1338 πᾶσι
1337 1288 1557 1351 τρόποις
1589 1285 1756 1355 αὐτὴν
1782 1304 1916 1354 κρα-

347 1373 528 1424 τύνειν
560 1373 875 1442 ἐπιζητοῦσι
905 1374 998 1427 καὶ
1047 1376 1550 1444 πραγματεύονται,
1581 1379 1677 1430 καὶ
1726 1375 1915 1445 κέρδος

349 1462 594 1530 αἰσχρὸν,
620 1464 696 1524 ὼς
722 1462 988 1532 δαπάνην,
1028 1463 1086 1516 εὖ
1112 1463 1254 1533 μάλα
1285 1462 1685 1534 προθυμοῦνται
1715 1463 1910 1532 φυλάς·
1960 1455 1964 1460 ’

350 1553 559 1608 τεσθαι.
601 1550 693 1620 Τῷ
757 1554 901 1623 λόγῳ
944 1553 1079 1622 τῷδε
1131 1555 1368 1616 σκοπὸς,
1414 1556 1488 1616 ὡς
1520 1554 1598 1622 τῷ
1635 1554 1911 1623 ίερωτάτῳ

355 1641 731 1712 μητροπολίτῃ
756 1643 1092 1711 Μιτυλήνης,
1121 1644 1430 1712 ὑπερτίμῳ,
1456 1644 1724 1714 ἀγαπητῷ
1775 1646 1915 1697 κατά

352 1733 556 1802 Κύριον
586 1734 797 1802 ἀδελφῷ
828 1735 921 1787 καὶ
948 1735 1350 1804 συλλειτουργῷ
1379 1735 1478 1803 τῆς
1509 1735 1666 1804 ἡμῶν
1702 1735 1916 1803 μετριό-

349 1839 531 1891 τητος,
563 1822 754 1875 πολλαὶ
805 1823 1171 1895 διενοχλήσεις
1224 1826 1330 1894 πρδ
1369 1827 1578 1895 χρόνων
1614 1828 1704 1878 καὶ
1749 1827 1918 1893 ἀμφι-

353 1913 645 1983 σϐητήσεις
695 1914 1019 1986 γεγένηνται
1065 1916 1202 1983 μετά
1252 1917 1359 1968 τῶν
1413 1917 1552 1970 κατά
1589 1916 1814 1983 καιροὺς
1852 1915 1918 1967 τὰ
1954 1895 1988 1948 Β

351 2004 491 2056 κατά
531 2004 630 2074 τὴν
658 2004 915 2076 τοιαύτην
963 2007 1146 2073 νῆσον.
1179 2007 1490 2078 Μιτυλήνην
1546 2007 1949 2077 πατριαρχικάε

354 2095 537 2148 δίκαια
586 2096 946 2163 διεξαγόντων
976 2097 1278 2168 ἐξαρχικῶς
1310 2098 1436 2167 περὶ
1468 2100 1568 2168 τῆς
1600 2099 1778 2151 ἐκεῖσε
1807 2099 1923 2151 δια-

353 2189 608 2258 κειμένης
640 2189 938 2256 σεϐασμίας
976 2190 1147 2258 μονῆς
1177 2189 1272 2242 τοῦ
1311 2189 1459 2242 ὁσίου
1494 2190 1774 2258 Γεωργίου
1829 2190 1922 2242 καὶ

354 2281 463 2332 τῶν
487 2279 578 2332 ὑπ’
601 2279 770 2348 αὐτὴν
804 2280 1092 2350 μετοχίων,
1146 2281 1239 2334 τοῦ
1288 2280 1386 2348 μέν
1420 2281 1835 2352 ίσχυριζομένου
1863 2297 1922 2334 τε

359 2376 449 2426 καὶ
474 2372 917 2437 ἀποδεικνύντος,
949 2374 1226 2442 διαφέρειν
1276 2373 1479 2442 ταύτην
1513 2373 1640 2444 τῇδε
1679 2375 1744 2442 τῇ
1801 2373 1925 2426 κατ’

358 2467 520 2518 αὐτὸν
551 2464 904 2535 μητροπόλει,
935 2463 1045 2516 τῶν
1081 2463 1126 2516 δ’
1155 2461 1313 2527 αὖθις
1357 2464 1793 2534 διατεινομένων,
1850 2462 1926 2532 τῷ

360 2556 742 2626 πατριαρχικῷ
777 2556 935 2625 μέρει
988 2557 1211 2624 ἀνήκειν
1264 2557 1458 2624 αὑτήν.
1499 2555 1654 2608 Οὕτω
1689 2556 1788 2624 μὲν
1834 2554 1927 2608 οῦν

359 2649 488 2718 παρ’
543 2650 745 2717 ἀμφοῖν
777 2648 846 2700 τά
871 2648 967 2716 τῆς
993 2647 1266 2716 διαμάχης
1299 2648 1499 2715 ταύτης
1555 2648 1797 2715 ἐκράτει,
1833 2643 1926 2698 τοῦ
1959 2658 1967 2668 ‘

360 2739 766 2810 ἀρχιερατικῶς
795 2739 852 2792 δὶ
901 2739 1305 2808 προῖσταμένου
1333 2742 1428 2809 τῆς
1462 2741 1716 2810 τοιαύτης
1757 2741 1924 2808 ἀγιω-

359 2833 522 2899 τάτης
555 2832 853 2902 ἐκκλησίας
882 2830 987 2899 κῦρ
1015 2829 1322 2903 Γρηγορίου
1351 2831 1560 2883 ἐκείνου
1594 2832 1697 2900 πρὸ
1721 2832 1929 2900 χρόνων

359 2925 441 2976 ὅτι
469 2921 740 2975 πλείστων
771 2924 912 2976 κατά
947 2921 1008 2974 τὸ
1038 2921 1330 2990 Νύμφαιον
1380 2924 1471 2974 ἐπὶ
1535 2921 1628 2973 τοῦ
1681 2921 1929 2990 ἀοιδίμου

362 3018 418 3066 ἐν
453 3015 821 3084 πατριάρχαις
842 3013 948 3081 κῦρ
982 2998 1259 3079 ’Λρσενίου
1291 3017 1360 3066 τά
1402 3015 1526 3082 περὶ
1555 3014 1742 3065 τούτου
1777 3031 1929 3066 κεκι-

362 3109 609 3174 νηκότος,
642 3109 736 3159 καὶ
769 3106 1057 3174 συνοδικῆς
1104 3105 1358 3174 πράξεως
1387 3105 1478 3157 καὶ
1504 3105 1688 3174 ψήφου
1722 3103 1927 3172 προϐά-

2012 655 2273 724 ἀρχιερέα
2328 648 2720 722 εὑρισκομένου
2806 654 2896 720 τῆς
2947 654 3203 720 τοιαύτης
3260 655 3574 720 ἁγιωτάτης

2016 745 2396 814 μητροπόλεως
2410 743 2743 811 Μιτυλήνης,
2775 743 3039 812 ἀπείρξας
3067 745 3410 811 είσέρχεσθαι
3438 745 3572 806 ὅλως

2012 835 2070 885 ἐν
2096 834 2232 903 αὐτῇ
2263 831 2353 885 τὸν
2370 832 2768 901 πατριαρχικὺν
2797 831 3046 900 ἔξαρχον,
3070 832 3127 883 ὃν
3162 832 3227 897 δὴ
3262 834 3462 898 τρόπον
3480 830 3574 900 ἥδε

2013 926 2046 991 ἡ
2083 923 2333 991 συνοδικὴ
2369 924 2564 989 πρᾶξις
2595 923 2862 992 ἀριδήλως
2890 923 3131 986 διέξεισι,
3171 922 3349 988 πολλῷ
3378 923 3578 988 μᾶλλον

2013 1016 2317 1082 ὀφείλουσιν
2371 1015 2426 1066 αἱ
2461 1015 2814 1081 ὑποκείμεναι
2845 1014 3039 1084 ταύτῃ,
3067 1016 3101 1083 ἦ
3157 1031 3212 1064 τε
3242 1014 3350 1064 τῶν
3379 1014 3579 1065 Ὀσίων

2016 1107 2275 1174 Πατέρων
2307 1107 2400 1158 καὶ
2431 1107 2463 1172 ἠ
2506 1105 2600 1156 τοῦ
2645 1105 2829 1168 Ἀγίου
2865 1105 3115 1171 Ἀνδρέου
3175 1101 3323 1170 παρά
3348 1103 3445 1167 τῆς
3486 1102 3578 1152 αύ-

2015 1199 2110 1264 τῆς
2135 1197 2428 1264 ἐκκλησίας
2463 1198 2792 1266 κατέχεσθαι
2826 1198 2918 1250 καὶ
2953 1197 3055 1248 ὑπὸ
3088 1194 3290 1260 ταύτης
3323 1191 3582 1243 παντοίαν

2013 1291 2263 1360 δέχεσθαι
2295 1290 2394 1357 τὴν
2423 1291 2742 1358 ἀνάκρισιν·
2786 1291 2908 1341 ἐπεὶ
2971 1291 3148 1340 πᾶσαν
3201 1289 3370 1352 θύραν
3419 1289 3514 1337 καὶ
3550 1287 3582 1352 ὴ

2019 1382 2312 1450 μετριότης
2343 1381 2500 1449 ἡμῶν
2527 1381 2600 1448 τῷ
2633 1381 3013 1449 πατριαρχικῷ
3049 1381 3582 1446 ἀποκλείειέξαρχῳ,

2019 1473 2146 1525 ὥστ’
2173 1473 2469 1539 ἐπιχειρεῖν
2501 1471 2849 1541 εἰσέρχεσθαι
2902 1473 2995 1523 καὶ
3026 1474 3339 1539 ἀνακρίνειν
3372 1472 3500 1531 τοὺς
3530 1473 3585 1519 ἐν

2020 1563 2513 1624 αύταῖς..”Εσονται
2544 1564 2651 1630 γὰρ
2684 1561 2840 1614 αὗται
2874 1560 2964 1613 τδν
2994 1563 3079 1613 ἀεὶ
3122 1563 3311 1629 χρόνον
3345 1561 3448 1611 οπο
3486 1561 3587 1627 τὴν

2018 1654 2111 1706 τοῦ
2143 1653 2538 1722 μητροπολίτου
2558 1653 2872 1720 Μιτυλήνης
2905 1653 2936 1722 ἢ
2985 1653 3076 1703 καὶ
3109 1653 3409 1703 ἐπισκόπου
3451 1651 3587 1702 δ;οί-

2019 1759 2200 1810 κησιν.
2223 1744 2376 1793 Ἐπεὶ
2404 1742 2447 1793 δ’
2484 1744 2540 1793 ἐν
2575 1743 2639 1810 τῇ
2677 1743 2900 1810 τοιαύτῃ
2949 1741 3198 1809 συνοδικῇ
3248 1742 3441 1807 πράξει
3495 1757 3590 1792 πε-

2024 1832 2435 1900 ριλαμϐάνεται,
2466 1834 2522 1881 ἐν
2550 1834 2666 1892 ταῖς
2697 1832 3049 1898 τελουμέναις
3078 1832 3251 1891 θείαις
3285 1830 3589 1901 ἁγιστείαις

2022 1921 2077 1972 ἐν
2103 1923 2167 1989 τῇ
2206 1921 2340 1991 οῦσῃ
2386 1920 2464 1988 τῷ
2515 1922 2632 1971 τότε
2687 1922 3032 1989 πρωτοτύπῳ
3072 1922 3207 1987 μονῇ
3260 1918 3352 1970 τοῦ
3407 1920 3589 1970 Ὀσίου

2023 2013 2294 2082 Γεωργίου
2325 2011 2594 2066 τελεῖσθαι
2625 2013 2723 2081 τὴν
2753 2014 3030 2080 ἀναφορὰν
3054 2014 3152 2079 τῆς
3189 2011 3344 2081 ήμῶν
3372 2009 3592 2079 μετριό-

2021 2119 2201 2168 τητος,
2220 2102 2465 2171 διεκρίθη
2508 2102 2824 2164 συνοδικῶς,
2868 2103 3028 2170 εῖπερ
3059 2102 3086 2152 ό
3122 2100 3315 2153 τούτου
3343 2100 3593 2152 συνίστα-

2023 2214 2111 2249 ται
2141 2197 2261 2257 ναδς
2294 2197 2388 2248 καὶ
2412 2195 2472 2246 οὐ
2520 2195 2950 2263 καταϐέϐληται,
3000 2197 3142 2246 κατά
3171 2195 3270 2262 τὴν
3303 2191 3594 2260 περίληψιν

2024 2287 2183 2357 τῆσδε
2214 2288 2309 2355 τῆς
2342 2286 2621 2355 συνοδικῆς
2654 2287 2906 2356 πράξεως
2929 2287 3030 2354 τὴν
3059 2287 3158 2355 τῆς
3180 2285 3337 2353 ὴμῶν
3373 2283 3590 2351 μετριόο

2025 2395 2182 2445 τητος
2231 2377 2508 2447 ἀναφορὰν
2540 2377 2812 2443 γίνεσθαι,
2836 2376 3175 2444 τελουμένων
3221 2376 3275 2426 ἐν
3299 2374 3446 2438 αὐτῷ
3485 2373 3594 2423 τῶν

2026 2470 2186 2524 θείων
2215 2470 2527 2534 ἀγιστειῶν,
2562 2469 2731 2539 χωρὶς
2765 2468 2826 2542 ,δὲ
2855 2469 3050 2521 τούτου
3081 2470 3235 2520 οὐδέν
3283 2486 3331 2520 τι
3378 2467 3534 2518 πλέον
3564 2467 3594 2531 ἡ

2027 2559 2401 2630 πατριαρχικὴ
2424 2559 2538 2625 ἔξει
2572 2559 2850 2628 περιωπή.
2883 2559 2986 2610 Τὸν
3020 2559 3208 2626 ὅμοιον
3242 2557 3298 2610 δέ
3343 2556 3544 2623 τρόπον
3573 2557 3604 2607 ό

2029 2650 2215 2718 ῥηθεὶς
2241 2648 2528 2718 ἱερώτατος
2563 2648 2964 2716 μητροπολίτης
2989 2647 3407 2716 Μιτυλήνηςκαὶ
3433 2647 3601 2713 ὑπέρ-

2027 2758 2184 2810 τιμος
2241 2742 2336 2799 καὶ
2392 2743 2520 2810 περὶ
2579 2740 2764 2809 ἐτέρου
2825 2738 3112 2808 μονυδρίου
3170 2738 3450 2803 κεκίνηκε,
3506 2736 3600 2788 τοῦ

2041 2831 2223 2900 Ἀγίου
2257 2833 2426 2901 Μηνᾶ
2464 2831 2571 2883 τῶν
2605 2831 3123 2898 Κάτωῐῖτωμαίων,
3157 2831 3293 2896 ὅπερ
3315 2829 3383 2880 δι’
3414 2829 3601 2896 ἐτέρου

2029 2923 2354 2992 γράμματος
2385 2920 2480 2972 τοῦ
2503 2920 2750 2988 ἀοιδίμου
2780 2922 2838 2972 ἐν
2872 2920 3234 2990 πατριάρχαις
3262 2919 3366 2987 κῦρ
3409 2920 3606 2986 Ἀροε-

2030 3015 2145 3066 νίου
2189 3013 2283 3065 καὶ
2313 3012 2540 3065 ἀλλοίων
2584 3012 2974 3080 δικαιωμάτων
3012 3011 3357 3080 παρέστησεν
3389 3009 3604 3077 ἀληθῶς

2032 3105 2350 3158 ὑποκεῖσθαι
2386 3107 2452 3174 τῇ
2481 3103 2703 3173 τοιαύτῃ
2738 3103 2860 3154 κατ’
2894 3103 3056 3155 αὐτὸν
3086 3101 3440 3171 μητροπόλει,
3476 3101 3607 3152 κάν-

364 3214 462 3264 σης
513 3194 810 3263 τηνικαῦτα
864 3194 1180 3262 δικαιούσης
1237 3193 1334 3262 τὴν
1366 3194 1484 3245 κατ’
1512 3192 1674 3244 αὑτὸν
1727 3191 1928 3260 ταύτην
1960 3220 1999 3274 C
2034 3196 2224 3248 τεῦθεν
2250 3195 2593 3248 δεδικαίωται
2627 3197 2680 3246 ἐν
2712 3197 2918 3262 κατοχῇ
2944 3193 3040 3246 καὶ
3074 3191 3263 3245 τούτου
3299 3193 3606 3262 τυγχάνειν.

367 3287 697 3356 μητρόπολιν
717 3285 1030 3354 Μιτυλήνης
1059 3284 1150 3336 ἐπί
1165 3300 1224 3336 τε
1251 3286 1314 3354 τῇ
1345 3283 1646 3353 δηλωθείσῃ
1675 3285 1812 3352 μονῇ
1838 3281 1929 3333 τοῦ

376 3383 554 3434 Ἠσίου
579 3379 848 3448 Γεωργίου
876 3380 972 3433 καί⁷
995 3381 1107 3441 τοῖς
1140 3378 1233 3431 ὑπ’
1263 3379 1434 3450 αὐτὴν
1476 3379 1760 3448 μετοχίοις,
1779 3379 1936 3446 εὐρε-

365 3475 549 3541 θείσης
590 3489 647 3523 τε
679 3473 778 3540 ήδη
821 3469 1356 3538 καταγεγραμμένης
1396 3468 1488 3520 καὶ
1520 3470 1578 3520 ἐν
1612 3469 1724 3529 τοῖς
1771 3467 1935 3520 κωδι-

366 3567 502 3626 κίοις
533 3563 628 3616 τοῦ
675 3563 820 3632 ἱεροῦ
853 3560 1344 3630 χαρτοφυλακείου,
1379 3561 1406 3612 ό
1451 3560 1612 3622 αὐτὸς
1644 3557 1939 3629 ίερώτατος

373 3652 776 3724 μητροπολίτης
804 3653 898 3703 καὶ
935 3651 1233 3721 ὑπέρτιμος
1278 3650 1368 3702 ἐπὶ
1420 3649 1522 3718 τῆς
1551 3648 1700 3710 θείας
1730 3649 1837 3700 τῶν
1866 3649 1940 3698 ίεο

375 3745 632 3817 ρωτάτων
657 3740 959 3812 ἀρχιερέων
989 3738 1314 3810 όμηγύρεως
1357 3736 1455 3806 τὴν
1487 3735 1744 3802 τοιαύτην
1789 3751 1941 3788 συνο-

367 3836 524 3906 δικήν
551 3835 750 3905 πρᾶξιν
778 3833 1082 3904 προέτεινε,
1114 3830 1454 3899 κάπειδήπερ
1484 3828 1560 3898 τῷ
1590 3827 1786 3898 μακρῷ
1811 3827 1941 3896 χρό-

371 3947 445 3999 νῳ
478 3926 625 3998 ήτοῦ
666 3924 845 3978 Ὀσίου
876 3922 1146 3992 Γεωργίου
1177 3923 1312 3990 μονὴ
1333 3918 1754 3990 καταϐέϐληται,
1788 3920 1944 3989 μετέ·

370 4039 502 4076 πεσε
532 4021 599 4071 τά
646 4019 745 4087 τῆς
796 4016 1264 4087 ἀμφισϐητήσεως
1318 4015 1401 4076 εἷς
1431 4031 1487 4066 τε
1520 4015 1620 4080 τὴν
1657 4012 1747 4066 ὑπ’
1776 4012 1946 4080 αὐτὴν

369 4113 631 4165 τελοῦσαν
663 4108 963 4178 σεϐασμίαν
996 4106 1184 4177 μονὴν,
1215 4104 1303 4158 ἐπ’
1328 4105 1551 4174 ὀνόματι
1573 4102 1947 4172 τετιμημένην

371 4206 481 4258 τῶν
519 4203 712 4256 Ὀσίων
749 4202 1008 4270 Πατέρων
1054 4201 1148 4251 καὶ
1179 4196 1619 4266 ἐπικεκλημένην
1675 4198 1945 4262 Δαφνέαν,

379 4299 474 4352 καὶ
498 4299 593 4366 τὴν
618 4295 712 4348 τοῦ
757 4294 936 4361 Ἀγίου
971 4292 1218 4361 ’Δνδρέου
1247 4291 1342 4357 τῆς
1375 4289 1638 4358 Γλίστρας
1671 4287 1813 4340 οὕτω
1842 4303 1951 4346 πως

378 4387 879 4459 ἐπονομαζομένην,
905 4388 998 4438 καὶ
1022 4385 1347 4456 ἐξῃτήσατο,
1369 4381 1442 4450 μὴ
1464 4379 1723 4432 ἐπιπλέον
1755 4379 1950 4431 ἀδικεί-

379 4481 502 4533 σθαι
525 4481 688 4533 αὐτὸν
717 4478 809 4531 ἐπὶ
837 4477 1086 4537 ταύταις.
1115 4473 1306 4526 Ἔνθεν
1339 4487 1422 4524 τοι
1452 4471 1547 4523 καὶ
1570 4469 1668 4538 τῆς
1690 4468 1950 4548 ,τοιαύτης

2039 3289 2160 3341 Ἔτι
2193 3305 2254 3356 γε
2274 3288 2379 3357 μὴν
2409 3289 2501 3340 καὶ
2531 3288 2658 3356 περὶ
2684 3286 2870 3354 ἑτέρου
2892 3286 3201 3359 μονυδρίου,
3225 3284 3610 3352 ἀνεγερθέντος

2039 3379 2186 3444 παρά
2215 3377 2307 3428 τοῦ
2343 3376 2768 3445 προκαθημένου
2806 3376 3015 3428 ἐκείνου
3062 3374 3154 3426 τοῦ
3188 3375 3438 3435 Γίδωνος,
3475 3374 3612 3442 ὅπερ

2037 3471 2133 3522 καί
2159 3469 2290 3522 αὐτὸ
2317 3469 2568 3537 κατέχειν
2623 3467 2993 3529 δεδικαίωται,
3025 3466 3119 3518 ἅτε
3153 3467 3249 3533 τῆς
3281 3463 3470 3517 τούτου
3514 3481 3613 3516 κα-

2040 3559 2346 3630 θιερώσεως
2394 3558 2524 3625 παρ’
2559 3558 2725 3613 αὐτοῦ
2751 3558 2816 3627 δὴ
2868 3557 2958 3610 τοῦ
3008 3558 3304 3626 ίερωτάτου
3342 3573 3614 3625 μητροπο-

2040 3651 2186 3703 λίτου
2209 3651 2605 3719 γεγενημένης.
2653 3650 2927 3713 Ὡσαύτως
2959 3650 3305 3703 δεδικαίωται
3365 3649 3615 3717 κατέχειν

2042 3746 2139 3796 καὶ
2173 3746 2261 3796 τὸν
2316 3744 2463 3806 ἐντὸς
2498 3742 2589 3795 τοῦ
2621 3746 2863 3812 κάστρου
2896 3743 2962 3796 δι’
2993 3743 3384 3804 ἀναλωμάτων»
3413 3740 3512 3808 τῆς
3542 3742 3613 3791 εί-

2048 3837 2289 3906 ρημένης
2339 3838 2500 3903 μονῆς
2551 3835 2660 3887 τῶν
2703 3835 2898 3888 Ὀσίων
2943 3834 3200 3902 Πατέρων
3249 3832 3617 3900 ἀνεγερθέντα

2045 3931 2169 3981 ναδν
2199 3929 2270 3990 ὡς
2304 3930 2380 3988 είς
2434 3929 2682 3997 μετόχιον
2732 3929 2823 3979 καὶ
2876 3927 3142 3994 καθέδραν
3187 3925 3355 3990 αὐτῆς
3378 3941 3391 3955 ·
3424 3925 3472 3974 εί
3506 3925 3618 3988 γὰρ

2047 4021 2139 4073 τοῦ
2192 4021 2523 4089 κυριωτέρου
2583 4019 2886 4071 δικαιοῦται
2944 4019 3232 4086 τυγχάνειν
3287 4019 3343 4068 ἐν
3390 4017 3618 4082 κατοχῇ,

2051 4111 2228 4179 πολλῷ
2262 4112 2458 4178 μᾶλλον
2490 4112 2706 4174 καθέξει
2742 4111 2800 4161 τ³ι
2855 4112 2961 4172 τοῖς
2997 4110 3207 4162 ἐκεῖθεν
3262 4109 3618 4175 ἀναλώμασιν

2049 4205 2149 4275 τήν
2178 4204 2436 4254 σύστασιν
2467 4202 2628 4254 λοϐ”.ν
2666 4203 2758 4253 καὶ
2790 4204 2879 4254 ὑπ’
2912 4204 3084 4254 ἐκεῖνο
3129 4200 3338 4263 τελοῦν,
3365 4200 3438 4260 ὡς
3470 4201 3622 4268 δεδή-

2051 4297 2236 4348 λωται.
2269 4296 2407 4363 ιιρὸς
2452 4295 2656 4354 τούτοις
2691 4295 2811 4362 ἔσχε
2863 4298 2957 4364 τὴν
2990 4294 3270 4347 δικαίωσιν
3299 4297 3391 4348 καὶ
3426 4294 3516 4344 ἐπὶ
3548 4292 3623 4360 τῷ

2054 4388 2202 4456 παρά
2233 4386 2325 4438 τοῦ
2394 4385 2780 4450 Κα-κναεούτζη
2844 4388 3054 4442 ἐκείνου
3109 4386 3202 4439 τοῦ
3262 4386 3625 4455 δρουγγαρίου

2057 4478 2401 4545 ἀνεγερθέντι
2430 4476 2540 4544 ναῷ
2570 4473 2648 4539 είς
2679 4477 2848 4544 ὄνομα
2894 4476 2985 4528 τοῦ
3018 4477 3175 4543 ἀγίου
3210 4477 3627 4545 μεγαλομάρτυ-

357 4574 628 4642 ’πράξεως
659 4568 953 4631 συνοδικῶς
1001 4567 1080 4629 εἰς
1134 4566 1367 4635 ὲπήκοον
1398 4563 1863 4629 ἀναγνωσθείσης.
1912 4563 1944 4630 ἡ
1978 4568 2026 4627 υ
2055 4587 2144 4639 ρος
2162 4571 2252 4622 καὶ
2278 4570 2677 4639 τροπαιοφόρον
2708 4567 3003 4634 Γεωργίου,
3033 4568 3154 4619 ἐπεὶ
3176 4565 3268 4619 τοῦ
3301 4567 3464 4618 αὑτοῦ
3498 4566 3628 4618 ναοῦ

385 4665 678 4737 μετριότης
706 4662 861 4734 ήμῶν
912 4657 1423 4726 συνδιασκεψαμένη
1469 4658 1583 4717 τοῖς
1629 4657 1756 4725 περὶ
1787 4655 1957 4723 αὐτὴν

381 4758 696 4831 ιερωτάτοις
727 4752 1044 4826 ἀρχιερεῦσι
1072 4752 1166 4804 καὶ
1193 4748 1583 4820 ἀκριϐέστερον
1607 4746 1960 4816 προσσχοῦσα

379 4852 552 4921 ταύτῃ
586 4850 680 4902 καὶ
733 4847 794 4911 ἐξ
816 4845 984 4916 αὐτῆς
1017 4842 1378 4912 κατειληφυῖα
1411 4839 1739 4910 διεξιούσης,
1771 4839 1960 4909 τρόπῳ

384 4945 749 5016 πλεονεκτικῷ
779 4944 1005 4997 εἰσιέναι
1025 4942 1115 4995 τὸν
1146 4940 1548 5010 πατριαρχικδν
1570 4937 1797 5008 ἔξαρχον
1819 4936 1876 4989 ἐν
1902 4954 1959 4990 τε

387 5048 454 5116 τῇ
488 5044 716 5114 ῥηθείσῃ
776 5042 912 5110 μονῇ
947 5037 1039 5091 τοῦ
1085 5037 1261 5090 Ὀσίου
1297 5036 1570 5106 Γεωργίου
1601 5035 1694 5087 καὶ
1732 5036 1837 5095 τοῖς
1871 5032 1960 5084 ὑπ’

385 5136 555 5204 αὐτὴν
583 5132 875 5203 μετοχίοις,
907 5132 973 5200 τῇ
1021 5146 1079 5181 τε
1111 5129 1340 5198 τοιαύτῃ
1374 5127 1614 5196 δηλονότι
1675 5125 1814 5193 μονῇ
1855 5121 1962 5174 τῶν

396 5227 593 5280 Ὀσίων
653 5223 918 5291 Πατέρων
970 5219 1063 5272 καὶ
1117 5222 1183 5288 τῇ
1243 5217 1334 5269 τοῦ
1380 5215 1560 5284 Ἀγίου
1591 5214 1838 5282 Ἀνδρέου
1868 5213 1965 5280 τῆς

388 5320 673 5388 Γλίστρας,
710 5317 769 5367 ἐν
799 5314 939 5382 ἀγίῳ
965 5309 1397 5380 παρακελεύεται
1430 5306 1731 5377 Πνεύματι,
1765 5305 1965 5374 μηκέτι

385 5413 447 5464 τδ
476 5409 586 5463 ἀπὸ
614 5407 769 5461 τοῦδε
801 5405 928 5475 μήτ’
957 5405 1014 5455 ἐν
1043 5403 1169 5473 τῇδε
1199 5403 1264 5470 τῇ
1301 5402 1436 5470 μονῇ
1471 5398 1580 5451 τῶν
1629 5396 1827 5451 Ὁσίων
1857 5398 1967 5450 Πα-

387 5504 585 5572 τέρων,
640 5500 779 5570 μήτε
812 5498 919 5567 μὴν
971 5496 1029 5548 ἐν
1060 5497 1126 5564 τῇ
1177 5493 1271 5544 τοῦ
1313 5491 1496 5560 ’Δγίου
1540 5490 1812 5560 Ἀνδρέου,
1850 5489 1965 5542 ἀλλ’

390 5593 500 5648 οὐδ’
535 5596 592 5646 ἐν
622 5593 733 5654 τοῖς
767 5589 859 5642 ὑπ’
892 5587 1060 5649 αύτάς
1087 5585 1333 5655 κτήμασι
1372 5581 1742 5652 παραϐάλλειν
1781 5581 1966 5636 αὐτόν.

395 5689 457 5741 Εί
483 5687 592 5755 γὰρ
619 5685 717 5756 τὴν
746 5681 837 5735 τιῦ
881 5679 1066 5755 έΟσίου
1089 5676 1362 5747 Γεωργίου
1393 5675 1746 5745 πρωτότυπον
1782 5673 1969 5746 μονὴν,

393 5780 479 5850 ἐφ’
509 5773 544 5855 ᾗ
574 5779 638 5848 δή
665 5779 758 5831 καὶ
789 5777 821 5846 ή
855 5772 1086 5839 διένεξις
1111 5769 1352 5838 ἀνέκυψε
1379 5769 1475 5840 τὴν
1502 5767 1698 5838 ἀρχὴν,
1725 5767 1752 5820 ὁ
1777 5768 1833 5819 ἐν
1866 5780 1971 5819 πα-

395 5877 683 5947 τριάρχαις
745 5869 994 5940 ἀοίδιμος
1054 5861 1158 5935 κῦρ
1192 5862 1472 5934 Ἀρσένιος
1526 5859 1970 5932 παρακεχώρηκε

2060 4664 2287 4729 ἔγγιστα
2321 4664 2385 4731 τῇ
2423 4661 2650 4732 τοιαύτῃ
2686 4659 2965 4729 ἀγιωτὰτῃ
2998 4661 3327 4727 μητροπόλει
3350 4660 3629 4728 διακειμέ·

2059 4773 2148 4806 νου
2172 4756 2262 4806 καὶ
2309 4753 2400 4805 τοῦ
2444 4751 2710 4831 κοσμικοῦ
2753 4752 2881 4803 λαοῦ
2927 4753 2983 4802 ἐν
3035 4750 3206 4820 τούτῳ
3259 4751 3629 4819 συναγομένου

2061 4847 2287 4917 πλείστη
2319 4846 2620 4916 φιλονεικία
2650 4846 2744 4897 καὶ
2772 4844 2873 4896 ούκ
2901 4844 3098 4910 ὀλίγων
3123 4845 3371 4912 ἀφορμαὶ
3405 4843 3636 4896 σκανδάιο

2064 4940 2167 4990 λων
2203 4936 2592 5006 συμϐαίνουσιν
2615 4935 2696 4997 είς
2724 4934 2781 4987 τὸ
2808 4934 2975 5002 μέρος
3007 4937 3100 4986 τοῦ
3123 4935 3377 5004 ῥηθέντος
3409 4937 3636 5004 ἱερωτά-

2063 5048 2158 5083 του
2185 5029 2582 5099 μητροπολίτου
2602 5026 2915 5096 Μιτυλήνης
2937 5027 3026 5079 καὶ
3051 5009 3368 5097 ὑπερτίμου.
3407 5027 3636 5096 Ὁμοίως

2066 5121 2284 5190 ἐκίνησε
2317 5120 2410 5172 καὶ
2455 5120 2584 5188 περὶ
2629 5119 2815 5188 ἐτέρου
2872 5120 3016 5178 τινὸς
3073 5119 3355 5189 μονυδρίου
3406 5119 3535 5187 περὶ
3570 5121 3638 5169 τα

2069 5213 2332 5266 Βασιλικά
2361 5211 2453 5265 τοῦ
2484 5213 2666 5278 τιμίου
2696 5211 3138 5282 ἀρχιστρατήγου
3188 5211 3294 5263 τῶν
3326 5212 3437 5265 ἀνω
3483 5211 3641 5263 δυνάο

2072 5321 2215 5373 μεων
2264 5301 2486 5370 Μιχαὴλ
2531 5301 2624 5352 καὶ
2681 5301 3117 5370 ἐπικεκλημένου
3183 5299 3638 5370 Ἀκρονησιὼτου,

2070 5393 2164 5463 τῆς
2213 5391 2403 5444 τούτου
2451 5390 2833 5460 καθιερώσεως
2891 5391 3188 5461 γενομένης
3227 5393 3373 5462 παρά
3408 5389 3641 5450 1051:11-

2074 5485 2272 5539 σκόπου
2314 5482 2564 5556 Ἐρισσοῦ
2620 5483 2724 5552 κῦρ
2753 5483 3034 5554 θεοδὼρου
3065 5483 3129 5535 ἐκ
3184 5482 3498 5553 προτροπῆς
3548 5474 3644 5533 τοῦ

2073 5580 2151 5640 είς
2204 5575 2464 5644 ἀρχιερέα
2523 5573 2827 5644 τηνικαῦτα
2881 5573 3268 5645 εὑρισκομένου
3331 5572 3643 5642 Μιτυλήνης

2076 5670 2180 5740 κῦρ
2208 5670 2510 5740 Γρηγορίου
2549 5669 2786 5731 ἐκείνου,
2841 5667 3028 5729 καθὼς
3075 5667 3125 5719 οἱ
3165 5666 3240 5736 τῷ
3278 5666 3400 5718 τότε
3435 5666 3648 5736 ἱερουρ-

2076 5767 2342 5832 γήσαντες
2371 5763 2428 5814 ἐν
2460 5760 2608 5830 αὐτῷ
2635 5758 3018 5832 πρεσϐύτεροι,
3046 5760 3074 5811 ὃ
3104 5776 3161 5810 τε
3187 5758 3526 5828 σκετοφύλιξ
3549 5763 3648 5827 τῆς

2080 5856 2242 5926 αὐτῆς
2300 5853 2608 5923 ἁγιωτάτης
2665 5853 2973 5923 ἐπισκοπῆς
3018 5853 3045 5903 ό
3079 5851 3442 5921 Θωμότιουλος
3480 5854 3571 5906 καὶ
3623 5856 3648 5904 ό
