4360 6472
698 386 856 450 3175-

1837 389 2082 448 ESAl/E
2123 390 2236 450 ΟΡ.
2281 389 2792 452 PATRIARCH/E

3802 381 3820 442 1
3842 377 3935 439 178

693 496 1112 562 πρωτοπαππᾶς
1136 493 1336 563 ταύτης
1379 498 1406 547 ὁ
1432 494 1677 566 Λάζαρος
1706 497 1997 568 ἐγγράφως
2015 500 2250 567 ἐξησφα-
2289 499 2322 554 Δ
2352 501 2487 552 εἶναι
2515 501 2574 552 τδ
2608 501 2938 568 φιλοδίκαιον
2999 497 3274 566 προσῆκόν
3307 496 3424 548 ἐστι
3463 493 3557 546 καὶ
3586 491 3932 560 ὀφειλόμενον

697 585 930 652 λίσαντο,
973 587 1195 655 γηραιοὶ
1247 585 1437 654 ἀνδρες
1487 589 1580 640 καὶ
1628 586 1957 655 ἀξιόπιστοι,
2011 589 2145 645 ἀλλὰ
2190 590 2253 658 δὴ

695 677 786 729 καὶ
813 677 840 728 ό
871 678 937 730 τά
969 678 1342 745 πατριαρχικά
1362 677 1544 730 δίκαια
1570 678 1771 731 διέπων
1793 667 1973 733 ἐκεῖσε
2005 681 2112 748 πρὸ
2135 679 2255 747 χρό-

691 785 818 831 νων,
871 767 1103 835 μοναχὸς
1130 768 1400 835 Μάξιμος,
1434 769 1667 823 ἐνταῦθα
1703 771 1894 839 παρὼν
1921 773 2013 823 καὶ
2049 773 2256 840 ἐρωτη-

691 860 802 927 θεὶς
829 857 946 925 μετ’
975 858 1271 925 ἀσφαλείας
1291 859 1389 927 τῆς
1414 861 1795 931 προσηκούσης
1816 863 2254 930 ἁνωμολόγησεν,

691 949 765 1007 ὼς
793 948 1095 1016 ἐφορῶντος
1122 949 1278 1011 Θεοῦ,
1307 951 1396 1000 καὶ
1421 949 1862 1014 διεϐεϐαιώτατο,
1892 952 2145 1020 προσθεὶς
2176 954 2254 1012 εἰς

690 1037 914 1089 ⁹ιιλείοναι
972 1039 1068 1106 τήν
1129 1041 1474 1108 παράστασιν
1533 1044 1628 1095 καὶ
1677 1043 1752 1104 ὡς
1782 1043 2118 1112 χηρευούσης
2156 1043 2255 1108 τῆς

690 1127 945 1190 τοιαύτης
978 1128 1290 1196 ἁγιωτάτης
1336 1133 1720 1200 μητροπόλεως
1751 1133 2086 1202 Μιτυλήνης,
2117 1134 2144 1184 ὁ
2170 1132 2256 1201 βε-

693 1219 930 1284 στάρχης
961 1218 1188 1283 ἐκεῖνος,
1216 1220 1497 1289 ἐγκρατής
1522 1222 1630 1273 τῶν
1656 1222 1881 1275 δικαίων
1911 1222 2080 1292 αὐτῆς
2110 1222 2256 1289 εὑρι-

694 1309 977 1372 σκόμενος,
1007 1310 1353 1377 γραμμάτων
1383 1311 1529 1372 ἐντὸς
1555 1311 1647 1364 τοῦ
1689 1311 2076 1382 θυσιαστηρίου
2102 1312 2255 1366 τοῦδε

687 1395 792 1480 τοῦ.
809 1397 940 1448 ναοῦ
993 1398 1088 1450 τοῦ
1127 1399 1565 1468 Ἀκρονησιώτου
1600 1402 2096 1472 ἐπιγεγραμμένων
2149 1403 2258 1471 πρὸ

686 1484 778 1533 τοῦ
806 1485 1015 1554 τείχους
1040 1485 1204 1538 αὑτοῦ
1232 1489 1327 1540 καὶ
1350 1488 1655 1554 δηλούντων
1684 1491 2256 1560 ἐναργῶς,ὐποκείμεο

686 1590 773 1624 νον
803 1568 939 1624 εἶναι
979 1574 1168 1626 τοῦτον
1199 1576 1325 1644 τῇδε
1352 1580 1416 1646 τῇ
1464 1579 1747 1648 ἁγιωτάτῃ
1785 1579 2138 1646 μητροπόλει,
2168 1579 2255 1630 δό-

687 1665 762 1731 λῳ
795 1665 884 1716 καὶ
912 1655 1232 1734 ῥᾳδιουργίᾳ
1271 1667 1614 1734 χρησάμενος
1637 1706 1650 1729 ,
1690 1667 1958 1734 ἀπήλειψε
2005 1668 2100 1720 καὶ
2126 1669 2257 1720 ἀπέ-

686 1753 806 1818 ξεσε
840 1753 1007 1806 ταῦτα
1028 1771 1040 1785 ·
1070 1756 1213 1808 οὕτω
1242 1757 1419 1808 τοίνυν
1448 1758 1541 1809 καὶ
1571 1757 1720 1810 τοῦδε
1747 1757 1844 1810 τοῦ
1867 1758 2103 1828 μοναχοῦ
2131 1759 2254 1812 Μα-

688 1844 849 1911 ξίμου
881 1846 947 1897 τά
998 1847 1137 1899 αὑτὰ
1159 1849 1281 1909 τοῖς
1313 1847 1528 1916 ῥηθεῖσι
1557 1820 1954 1918 πρεσϐυτέροις
1993 1820 2258 1916 ἀμολογή-
2282 1820 2330 1929 ,Β

691 1951 905 1999 σαντος,
940 1937 1222 2004 ἐνεφάνισε
1254 1938 1349 1990 καὶ
1377 1939 1475 1999 τὰς
1508 1940 1818 2008 ἐγγράφους
1849 1939 2027 1992 αὐτῶν
2059 1956 2262 2008 μαρτυ-

691 2025 813 2092 ρίας
843 2027 870 2078 ό
892 2026 1150 2093 δηλωθεὶς
1184 2027 1476 2094 ἱερώτατος
1503 2028 1907 2098 μητροπολίτης
1943 2029 2258 2099 Μιτυλήνης

691 2119 786 2168 καὶ
819 2117 1140 2188 ὑπέρτιμος,
1165 2121 1259 2172 καὶ
1289 2120 1483 2189 ἐδεήθη
1512 2122 1607 2174 καὶ
1636 2121 1844 2174 τούτων
1873 2123 2031 2190 χάριν
2056 2120 2256 2173 συνοδι-

692 2209 793 2276 κῆς
832 2209 1195 2275 διαγνώσεως.
1251 2212 1582 2278 Διέγνωσται
1634 2207 1728 2264 οὖν
1773 2213 1869 2266 καὶ
1900 2212 2030 2281 ’περὶ
2054 2213 2258 2264 τούτων

695 2300 990 2363 συνοδικῶς
1020 2303 1086 2371 τῇ
1120 2302 1277 2371 ήμῶν
1311 2303 1649 2372 μετριότητι,
1680 2303 1856 2356 τελεῖν
1878 2304 1970 2356 καὶ
1995 2305 2166 2355 ταῦτα
2195 2304 2256 2372 δή

693 2391 761 2443 τά
793 2391 1050 2460 μονύδρια
1086 2382 1177 2444 καὶ
1202 2393 1330 2454 τοὺς
1353 2393 1677 2479 εἰρημένους
1704 2393 1866 2453 ναοὺς
1899 2391 2004 2444 ὑπὸ
2033 2392 2132 2462 τὴν
2159 2392 2254 2459 δη-

692 2483 956 2535 λωθεῖσαν
1000 2484 1308 2552 ἁγιωτάτην
1373 2484 1708 2552 μητρόπολιν
1753 2484 2064 2552 Μιτυλήνης
2111 2482 2255 2537 κατά

694 2577 791 2637 τὰς
827 2576 1145 2645 περιλήψεις
1190 2575 1282 2628 τοῦ
1338 2592 1397 2628 τε
1431 2577 1758 2645 γράμματος
1784 2576 1880 2628 τοῦ
1927 2575 2170 2644 ἀοιδίμου
2199 2576 2257 2628 ἐν

696 2667 1070 2736 πατριάρχαις
1099 2665 1203 2734 κῦρ
1244 2666 1524 2736 Ἀρσενίου
1550 2668 1646 2720 καὶ
1675 2666 1780 2720 τῶν
1812 2667 2012 2732 ἐτέρων
2036 2665 2258 2721 δικαιω-

702 2760 903 2827 μάτων,
941 2759 1021 2810 έτι
1047 2758 1101 2810 δέ
1139 2757 1232 2809 καὶ
1261 2757 1356 2818 τὰς
1396 2757 1506 2810 τῶν
1525 2756 1771 2809 τοπικῶν
1807 2757 2118 2828 ἱερωμένων
2160 2761 2255 2811 καὶ

696 2850 941 2921 γηραιῶν
970 2849 1181 2916 ἀνδρῶν
1212 2848 1520 2915 ἐγγράφους
1551 2847 1873 2916 μαρτυρίας,
1915 2847 2010 2900 καὶ
2036 2849 2094 2900 ἐν
2132 2846 2254 2900 τού-

694 2958 807 3004 τοις
844 2940 1279 3011 μνημονεύεσθαι
1327 2942 1452 3002 τους
1503 2939 1645 2993 κατά
1677 2941 1907 3009 καιροὺς
1941 2941 2249 3008 ἀρχιερατι-

693 3033 807 3094 κῶς
837 3033 932 3098 τῆς
969 3033 1264 3101 είρημένης
1298 3031 1611 3099 ἁγιωτάτης
1663 3031 1958 3096 ἐκκλησίας
1993 3035 2252 3098 προϊστα-

2363 591 2594 658 μάλιστα
2617 629 2632 654 ,
2679 590 2741 643 οὗ
2775 589 2936 659 μόνον
2979 589 3074 641 ἐπὶ
3102 589 3214 646 τοῖς
3249 582 3788 654 ἀμφισϐητουμένοις
3823 581 3933 632 τῶν

2358 681 2532 734 ἀλλων
2569 682 2914 750 πράγμασιν,
2952 680 3088 732 ἀλλὰ
3123 677 3216 731 καὶ
3247 671 3335 728 ἐπ’
3375 676 3561 736 αὐτοῖς
3595 675 3706 734 τοῖς
3732 674 3808 734 ὡς
3853 675 3935 724 ol-

2357 771 2526 834 κείοις
2555 772 2759 840 ταύτης
2783 769 3188 840 κατεχομένοις,
3235 769 3284 818 εί
3329 767 3394 834 δή
3426 784 3480 818 τι
3511 765 3715 818 τούτων
3747 764 3936 826 διαφέ⁵

2359 881 2473 932 ρειν
2519 862 2662 932 ἁλλῳ
2711 864 2815 914 τινὶ
2845 861 3250 930 ἀμφιϐάλλεται
3278 875 3291 889 ·
3326 857 3470 910 οῦτω
3501 859 3609 922 γάρ
3641 855 3733 908 καὶ
3778 855 3936 917 δόξαν

2361 951 2671 1018 πλεονεξίας
2703 951 3056 1021 ἀποκρούοιτ’
3112 949 3202 1012 ἀν,
3233 950 3325 1001 καὶ
3360 949 3479 1010 ταῖς
3509 947 3683 1005 ἄλλως
3711 944 3936 1009 γινομέ-

2360 1059 2478 1104 ναις
2511 1040 2685 1109 ταύτῃ
2715 1039 2984 1102 εὐποιίαις
3026 1038 3320 1107 εὐπρεπῶς
3354 1037 3595 1104 μάλιστα
3631 1033 3810 1103 χρῷτο
3839 1036 3939 1084 καὶ

2359 1131 2432 1191 ὼς
2458 1129 2609 1195 φίλον
2642 1129 2787 1198 Θεῷ,
2817 1129 3101 1199 προϊόντος
3128 1127 3284 1196 δῆλον
3315 1125 3537 1195 γένηται
3558 1124 3652 1178 τοῦ
3681 1125 3839 1193 λόγου
3873 1123 3934 1172 τδ

2362 1221 2630 1290 βούλημα.
2659 1223 2734 1276 τὸ
2767 1223 2907 1275 κατά
2951 1221 3054 1288 τὴν
3083 1221 3249 1288 νῆσον
3288 1220 3604 1288 Μιτυλήνην
3652 1217 3932 1283 μοναστή-

2361 1329 2474 1378 ριον
2501 1313 2561 1366 τδ
2609 1311 2702 1366 τοῦ
2757 1313 2936 1367 ὀσίου
2971 1312 3249 1382 Γεωργίου
3279 1310 3573 1378 λεγόμενον
3625 1311 3774 1370 ὅπως
3829 1307 3935 1373 μὲν

2359 1403 2596 1472 συνέστη
2630 1403 2728 1472 τήν
2761 1403 2960 1472 ἀρχὴν,
3002 1404 3098 1456 καὶ
3124 1402 3487 1471 περιφανείας
3518 1401 3667 1462 ὅπως
3696 1395 3809 1466 εἶχε
3841 1399 3939 1450 καὶ

2358 1493 2761 1562 λαμπρότητος,
2805 1494 2896 1545 καὶ
2930 1493 3074 1556 δσοις
3104 1492 3281 1558 ἐκόμα
3319 1493 3431 1553 τοῖς
3459 1491 3709 1557 ἀγαθοῖς,
3742 1489 3940 1554 φθάνει

2357 1583 2618 1646 διεξιόντα
2645 1582 2974 1652 τρανότερον
3018 1582 3087 1635 τά
3118 1582 3392 1651 προσόντα
3424 1581 3598 1650 τούτῳ
3625 1579 3941 1645 παλαιγενῆ

2357 1671 2723 1739 δικαιιίιματα,
2746 1673 2838 1726 καὶ
2864 1675 2892 1725 ό
2912 1688 3072 1725 τουτο
3101 1671 3310 1738 γνῶναι
3340 1671 3519 1738 ζητῶν
3551 1669 3789 1739 ἐντυχὼν
3809 1669 3946 1721 τού-

2360 1777 2470 1823 τοις
2501 1761 2744 1831 ἀκριϐῶς
2768 1762 2973 1814 εῐσεται
2995 1778 3009 1791 ·
3041 1761 3181 1830 πλήν
3214 1760 3458 1820 ἐνδόντος
3501 1760 3600 1813 καὶ
3642 1757 3737 1810 τοῦ
3761 1759 3944 1809 τοιού-

2365 1867 2459 1902 του
2494 1852 2856 1922 μοναστηρίου
2885 1851 2961 1920 τῷ
3012 1851 3189 1904 πάντα
3214 1852 3296 1912 είς
3328 1850 3441 1918 φῶς
3472 1849 3658 1915 ἀγοντι
3690 1849 3782 1902 καὶ
3823 1849 3945 1907 τοῖς

2366 1942 2588 2005 οίκείοις
2624 1941 2783 2006 αὖθις
2807 1941 3189 2012 λυμαινομένιρ
3229 1943 3536 2010 γεννήμασι
3571 1939 3771 2010 χρόνῳ,
3798 1939 3852 1992 οῖ
3879 1941 3945 1991 ἐν

2365 2032 2513 2102 αὐτῷ
2552 2035 2775 2104 μοναχοὶ
2807 2035 2886 2096 είς
2935 2033 3002 2087 τὰ
3033 2034 3125 2087 ὑπ’
3171 2031 3307 2085 αὐτὸ
3353 2031 3577 2101 μετόχια
3625 2029 3943 2097 μετοικοῦσι

2366 2125 2504 2176 κατά
2534 2125 2636 2178 τὴν
2682 2125 2853 2195 αὐτὴν
2881 2123 3200 2194 διακείμενα
3228 2123 3389 2191 νῆσον
3413 2122 3504 2175 καὶ
3534 2121 3638 2175 ὑπὸ
3660 2120 3761 2190 τήν
3793 2121 3943 2174 ἐκεῖ-

2369 2232 2428 2266 σε
2461 2215 2718 2269 τελοῦντα
2766 2216 2863 2283 τῆς
2900 2214 3209 2285 Μιτυλήνης
3241 2215 3549 2282 ἁγιωτάτην
3577 2212 3937 2282 μητρόπολιν,

2366 2311 2456 2361 καὶ
2488 2306 2712 2370 διένεξις
2741 2307 2801 2360 τὸ
2829 2307 2888 2371 ἐξ
2919 2306 3129 2358 ἐκείνου
3165 2305 3401 2375 ἀνέκυψε
3440 2305 3518 2374 τῷ
3553 2303 3942 2372 πατριαρχικῷ

2367 2399 2520 2466 μέρει
2563 2399 2656 2451 καὶ
2706 2397 2784 2466 τῷ
2817 2397 2916 2465 τῆς
2964 2397 3375 2466 μητροπόλεως,
3431 2395 3692 2462 ἐκατέρου
3757 2394 3941 2447 αὐτῶν

2363 2488 2840 2552 ἀντιποιουμένου,
2875 2484 2970 2538 τοῦ
3011 2486 3110 2555 μὲν
3138 2489 3248 2549 τοῖς
3280 2484 3715 2554 πατριαρχικοῖς,
3755 2481 3850 2534 τοῦ
3880 2481 3941 2532 δέ

2363 2581 2474 2638 τοῖς
2509 2577 2608 2645 τῆς
2642 2575 3026 2646 μητροπόλεως
3065 2575 3490 2645 ἐναριθμοῦντος
3541 2576 3636 2626 καὶ
3664 2573 3941 2625 κατατάτ-

2362 2685 2566 2732 τοντος,
2590 2669 2678 2721 ὅτε
2709 2667 2802 2720 καὶ
2829 2665 3123 2728 συνοδικῶς
3152 2665 3468 2733 κινηθείσης
3503 2665 3598 2732 τῆς
3627 2663 3944 2721 ὑποθέσεως

2363 2760 2456 2812 ἐπὶ
2481 2757 2573 2811 τοῦ
2605 2759 2728 2810 τότε
2781 2757 2869 2809 τδν
2909 2758 3314 2825 πατριαρχικὺν
3357 2754 3689 2821 κοσμοῦντος
3725 2755 3942 2822 θρόνον,

2365 2851 2613 2917 ἀοιδίμου
2645 2850 2701 2902 ἐν
2739 2850 3102 2920 πατριάρχαις
3136 2847 3240 2916 κῦρ
3273 2845 3574 2914 ’Δρσενίου.
3634 2847 3732 2912 τὴν
3779 2845 3945 2898 νικῶ-

2369 2960 2464 2995 σαν
2499 2944 2621 3011 ἔσχε
2651 2940 2709 2992 τὸ
2743 2941 2908 3008 μέρος
2941 2940 3040 3008 τῆς
3067 2937 3477 3007 μητροπόλεως.
3510 2935 3781 2988 Διέστειλε
3813 2935 3948 3002 μένε

2363 3054 2443 3088 τοι
2479 3036 2513 3104 ή
2544 3033 2723 3104 κρίσις
2754 3033 2809 3084 ἐν
2835 3029 2914 3098 τῷ
2948 3028 3369 3098 καθολικωτέρῳ
3400 3028 3497 3080 καὶ
3524 3027 3741 3095 ἀρχαίῳ
3775 3043 3947 3093 μονα-

695 3121 908 3189 μένους,
940 3123 1031 3172 καὶ
1080 3121 1344 3188 μηδαμῶς
1378 3121 1748 3190 παραϐάλλειν
1781 3121 1858 3183 είς
1912 3139 1962 3174 τι
2007 3122 2113 3174 ἀπὸ
2144 3123 2251 3175 τῶν
2277 3158 2322 3214 c
2363 3128 2567 3194 στηρίῳ
2591 3123 2667 3192 τῷ
2688 3121 2780 3175 τοῦ
2826 3121 3006 3174 Ὀσίου
3063 3119 3364 3186 Γεωργίου,
3410 3117 3572 3185 εἴπερ
3602 3116 3942 3180 συνίσταται,

689 3210 947 3266 τοιούτων
972 3214 1060 3264 τὸν
1087 3213 1483 3281 πατριαρχικὸν
1521 3213 1748 3281 ἔξαρχον
1782 3214 1872 3265 ἐπὶ¹
1915 3213 1990 3282 τῷ
2024 3215 2252 3281 ἀνακρί-

689 3321 800 3354 νειν
825 3303 962 3363 ὅλως
1011 3304 1301 3370 πειρᾶσθαι
1333 3305 1427 3356 καὶ
1465 3304 1702 3371 ἐνοχλεῖν
1750 3302 1811 3355 τὸ
1860 3307 2024 3373 μέρος
2053 3305 2256 3373 ταύτης

689 3395 752 3462 δὴ
807 3395 905 3462 τῆς
955 3395 1269 3464 ἁγιωτάτης
1331 3394 1718 3464 μητροπόλεως
1772 3396 2132 3462 Μιτυλήνης’
2167 3397 2259 3448 καὶ

693 3485 872 3536 πάντα
921 3485 978 3537 δὲ
1025 3485 1095 3536 τὰ
1133 3485 1504 3554 προγεγονότα
1539 3484 1915 3553 πατριαρχικά
1955 3485 2261 3553 γράμματα

694 3576 899 3627 τούτων
948 3575 1107 3643 χάριν
1142 3577 1219 3635 είς
1266 3574 1565 3641 καταδίκην
1597 3574 1694 3642 τῆς
1734 3573 1904 3642 αὐτῆς
1952 3574 2262 3642 ἁγιωτάτης

694 3667 990 3734 ἐκκλησίας
1044 3668 1224 3732 ἀκυρα
1281 3666 1376 3716 καὶ
1421 3666 1679 3736 ἄπρακτα
1730 3665 1840 3733 έχει
1882 3666 1914 3733 ή
1971 3666 2262 3736 μετριότης

696 3757 875 3823 ἡμῶν,
907 3756 981 3818 ὡς
1006 3755 1080 3823 μή
1113 3755 1256 3806 κατὰ
1285 3754 1376 3806 τὸν
1400 3753 1490 3804 τοῦ
1525 3753 1733 3806 δικαίου
1761 3753 1916 3820 λόγον
1948 3754 2220 3820 προϐάντα
2247 3773 2260 3786 ’

696 3848 927 3902 καθόλου
981 3847 1090 3914 γὰρ
1137 3844 1494 3913 περιαιροῦσα
1529 3843 1598 3895 τά
1643 3845 1742 3912 τῆς
1793 3843 2004 3904 ἀδικίας
2037 3842 2262 3911 ταύτης,

701 3941 795 3994 καὶ
847 3939 940 3991 τοῦ
984 3937 1172 3990 λοιποῦ
1211 3935 1484 4004 μηδεμίαν
1531 3927 1673 3985 εἶναι
1727 3933 1827 4000 τὴν
1858 3931 2266 4001 ἀμφισϐήτησιν

703 4031 1002 4100 βουλομένη
1033 4027 1234 4097 μεταξὺ
1265 4023 1360 4079 τοῦ
1400 4041 1458 4076 τε
1506 4022 1907 4092 πατριαρχικοῦ
1941 4023 2140 4092 μέρους
2176 4024 2268 4074 καὶ

700 4121 801 4189 τῆς
852 4116 1108 4184 τοιαύτης
1159 4112 1469 4181 ἁγιωτάτης
1524 4109 1907 4180 μητροπόλεως
1937 4109 2266 4178 Μιτυλήνης,

700 4207 1055 4280 ψηφισαμένη
1088 4206 1153 4258 τὰ
1184 4207 1310 4273 περὶ
1330 4203 1545 4266 τούτου,
1571 4201 1859 4270 κεκύρωκε
1885 4205 1974 4252 καὶ
1995 4215 2272 4269 κατησφα-

701 4304 924 4355 λίσατοο
960 4301 986 4351 ό
1017 4299 1124 4365 γάρ
1169 4297 1228 4347 τὸ
1261 4295 1370 4348 ἀπὸ
1397 4293 1551 4346 τοῦδε
1587 4291 1984 4360 πειρασόμενος
2035 4292 2115 4351 είς
2146 4292 2271 4341 ἀνα-

703 4393 914 4464 τροπὴν
972 4391 1065 4441 καὶ
1120 4387 1376 4455 ἀθέτησιν
1429 4385 1672 4454 χωρῆσαι
1719 4383 1826 4436 τῶν
1856 4383 2271 4450 διεγνωσμένων

2357 3213 2456 3282 τὴν
2493 3212 2767 3279 ἀναφορὰν
2819 3211 2911 3262 καλ⁵
2963 3209 3187 3276 μνήμην
3223 3205 3319 3259 τοῦ
3363 3204 3768 3274 πατριαρχιγοῦ
3823 3205 3946 3256 όνό⁶

2362 3317 2531 3372 ματος
2553 3301 2811 3372 ,γίνεσθαι
2839 3301 2895 3352 ὲν
2918 3301 3037 3360 ταῖς
3069 3298 3241 3365 ἱεραῖς
3266 3295 3402 3364 πρὸς
3424 3297 3560 3348 Θεὸν
3588 3295 3892 3362 ἁγιστείαις
3923 3311 3939 3325 ”

2361 3391 2502 3444 οὕτω
2528 3390 2585 3444 δέ
2607 3389 2808 3456 καίπερ
2833 3386 3216 3454 δικαιωθείσης
3257 3387 3352 3439 καὶ
3376 3385 3813 3455 περιγενομένης
3841 3387 3942 3453 τῆς

2364 3480 2751 3551 μητροπόλεως
2791 3478 2898 3530 τῶν
2948 3478 3519 3544 ἀντιπεριισταμένων
3573 3477 3732 3545 αὐτῇ.
3776 3479 3942 3545 χεῖρα

2363 3575 2455 3625 καὶ
2485 3571 2638 3634 αὖθις
2667 3571 2892 3639 ὕστερον
2938 3571 3046 3630 τοίς
3086 3567 3353 3630 τοιούτοις
3385 3569 3432 3619 οί
3477 3567 3573 3620 τοῦ
3607 3584 3944 3636 πατριαρχιο

2364 3663 2460 3716 κοῦ
2497 3666 2694 3732 μέρους
2728 3659 2998 3721 ἐνέϐαλον,
3052 3658 3174 3710 ὅθεν
3217 3662 3244 3710 ὁ
3271 3657 3364 3709 νῦν
3417 3659 3622 3726 ταύτης
3673 3660 3942 3727 ἀρχιερεῖ.⁴

2365 3755 2558 3817 τεύων,
2622 3749 2906 3819 ἀγαπητὸς
2951 3747 3091 3800 κατά
3128 3747 3335 3815 Κύριον
3369 3747 3595 3814 ἀδελφὸς
3633 3749 3736 3816 τῆς
3783 3749 3944 3818 ήμῶν

2371 3843 2721 3913 μετριότητος
2747 3840 2838 3893 καὶ
2874 3837 3149 3890 συλλειτου
3161 3837 3312 3907 ργδς,
3344 3838 3410 3905 τῇ
3437 3837 3596 3905 ήμῶν
3625 3839 3944 3906 μετριότητι

2370 3934 2731 4006 συνεδριάζων
2764 3929 3163 4002 προκαθημένῃ
3213 3929 3526 3993 συνοδικῶς,
3573 3930 3838 3999 ἀνήνεγκε
3871 3933 3947 3984 τά

2370 4029 2495 4100 περὶ
2525 4023 2738 4088 τούτου,
2771 4028 2864 4076 καὶ
2899 4024 2959 4075 τδ
3015 4021 3293 4074 συνοδικὸν
3349 4019 3444 4071 ἐπὶ
3493 4017 3587 4071 τοῦ
3629 4020 3796 4089 μέσου
3847 4037 3949 4088 ση-

2373 4122 2590 4190 μείωμα
2616 4117 2922 4182 ἐνεφάνισε,
2952 4112 3011 4165 τὸ
3043 4110 3137 4163 τοῦ
3163 4111 3408 4180 ἀοιδίμου
3435 4110 3636 4179 δηλαδὴ
3654 4114 3947 4180 πατριάς)-

2371 4227 2466 4280 χου
2497 4208 2601 4276 κῦρ
2645 4204 2944 4275 Ἃρσενίου.
2994 4201 3061 4272 Ἡ
3114 4201 3402 4270 μετριότης
3436 4195 3532 4254 οὖν
3575 4199 3735 4269 ήμῶν
3788 4202 3951 4269 χρέος

2373 4302 2568 4370 ἔχουσα
2603 4299 2713 4357 τοῖς
2749 4294 2927 4358 καλῶς
2965 4292 3380 4360 διεγνωσμένοις
3433 4290 3718 4358 ἐμμένειν,
3767 4291 3955 4353 άλλως

2373 4409 2432 4445 τε
2469 4389 2603 4459 μηδέ
2637 4386 3014 4460 ἀποδεχομένη
3067 4382 3188 4435 καθ’
3215 4382 3523 4450 οἱανδήτινα
3552 4381 3825 4449 πρόφασιν
3851 4381 3956 4432 ἁνο

709 4482 1002 4544 συνοδικῶς
1033 4479 1124 4532 τοῦ
1156 4479 1364 4532 δικαίου
1395 4477 1730 4549 ἐξεχομένων
1777 4475 1872 4527 καὶ
1898 4474 2145 4544 ὀχλήσεις
2178 4474 2275 4526 καὶ
2307 4496 2350 4549 D
2378 4478 2790 4538 τικαθὶστασθαι
2825 4478 2937 4538 τοῖς
2961 4473 3251 4545 ἡμετέροις
3299 4471 3544 4536 ἀδελφοῖς
3589 4472 3686 4523 καὶ
3733 4471 3956 4522 συλλει-

707 4579 982 4632 σκάνδαλα
1014 4579 1106 4629 καὶ
1140 4573 1296 4637 αὖθις
1329 4572 1610 4643 προξενεῖν
1644 4573 1721 4639 ιιῷ
1766 4589 1820 4624 τε
1860 4570 2265 4640 πατριαρχικῷ,

703 4673 778 4731 ὼς
804 4670 1118 4738 δεδήλωται,
1157 4668 1311 4735 μέρει
1343 4666 1434 4718 καὶ
1483 4668 1548 4734 τῇ
1578 4664 1804 4735 ῥηθείσῃ
1854 4665 2133 4734 ἁγιωτάτῃ
2169 4680 2274 4729 μη-

707 4761 958 4828 τροπόλει
981 4757 1294 4826 Μιτυλήνης
1319 4757 1452 4824 πρὸς
1486 4754 1562 4822 τῷ
1592 4755 1699 4805 ἀπὸ
1731 4751 1867 4805 Θεοῦ
1902 4751 2274 4820 κατακρίματι

702 4852 798 4903 καὶ
832 4849 1260 4916 ἐκκλησιαστικῇ
1317 4846 1635 4913 ἐπιτιμήσει
1680 4839 2274 4895 ὑποπεσεῖται.·Ταῦτα

704 4941 1152 5010 παρεκϐληθέντα
1183 4939 1291 4991 ἀπὸ
1339 4937 1453 4988 τῶν
1480 4936 1797 5006 ἠμερησίων
1839 4932 2130 4985 συνοδικῶν
2171 4948 2274 4982 πα-

708 5031 1140 5103 ρασημειώσεων
1193 5033 1284 5081 καὶ
1341 5031 1407 5098 τῇ
1440 5029 1732 5096 ὑπογραφῇ
1783 5026 1878 5078 καὶ
1933 5022 2150 5090 σφσγῖδι
2180 5019 2274 5072 τοῦ

704 5127 1040 5196 τιμιωτάτου
1099 5122 1513 5194 χαρτοφύλακος
1550 5119 1915 5190 βεϐαιωθέντα
1949 5116 2041 5168 καὶ
2075 5130 2276 5165 πιστω-

706 5222 866 5271 Οέντα
893 5217 1124 5285 ἐπεδόθη
1167 5215 1295 5284 μηνὶ
1326 5216 1418 5264 καὶ
1468 5213 1564 5265 ἰνδ.
1601 5213 1712 5274 τοῖς
1760 5206 2275 5279 προγεγραμμένοις

705 5315 862 5372 ἔτους
890 5313 987 5382 ,ς-ον
1015 5314 1102 5358 tu“
1137 5304 1460 5376 τριακοστοῦ
1501 5305 1704 5371 τρίτου.

743 5426 879 5481 νιιι.
935 5423 1122 5477 Esaias
1179 5421 1456 5486 conﬁrmat
1508 5416 1822 5469 decisionem
1866 5413 2240 5482 pracedenlem

1398 5489 1607 5556 synodi.

709 5612 746 5680 υί-
818 5612 1152 5680 ’Υπόμνημα
1217 5605 1311 5680 τοῦ
1375 5605 1687 5680 Δἀγιιυτάτῄου
1767 5599 2107 5680 πειτριάρχου
2173 5596 2277 5666 κῦρ

795 5668 1019 5733 Ἦσαῐου
1052 5668 1275 5746 γεγονὸς
1305 5677 1396 5728 ἐπὶ
1426 5668 1550 5743 τῇδε
1575 5674 1642 5741 τῇ
1666 5672 1918 5738 συνοδικῇ
1964 5668 2203 5737 πράξει..

783 5774 862 5843 Τῇ
893 5770 1262 5842 πατριαρχικῇ
1302 5766 1549 5836 περιωπῇ
1581 5761 1858 5824 ἐκπαντὸς
1886 5758 2086 5828 τρόπου
2111 5775 2274 5828 προο-

2376 4576 2621 4643 τουργοίς
2665 4571 2755 4622 ἐπὶ
2787 4569 2975 4636 κτήσει
3022 4563 3386 4634 πραγμάτων,
3433 4563 3527 4612 καὶ
3560 4561 3736 4612 δοκεῖν
3778 4564 3959 4612 ποιεῖ-

2377 4669 2500 4720 σθαι
2558 4663 2687 4732 περὶ
2717 4660 2998 4720 ἐλάττονος
3031 4657 3215 4724 σχέσιν
3242 4655 3335 4705 καὶ⁵
3371 4653 3594 4721 εἰρήνην
3628 4652 3953 4718 ἀδελφικὴν,

2373 4759 2460 4812 διὰ
2512 4757 2682 4807 ταῦτα
2732 4751 3006 4820 ἔστερξεν,
3036 4749 3222 4816 ῶσπερ
3253 4747 3361 4814 ἁρα
3393 4745 3487 4796 καὶ
3515 4744 3661 4805 εἰκὸς
3705 4740 3797 4810 ἦν,
3845 4745 3955 4812 τὴν

2376 4846 2658 4918 προϐἇσαν
2696 4841 2976 4908 συνοδικὴν
3006 4837 3226 4908 πρᾶξιν,
3255 4835 3491 4904 γράμμα
3531 4832 3813 4884 συνοδικὺν
3848 4834 3955 4882 αὑ-

2376 4943 2472 5008 τῆς
2498 4936 2814 4990 ἀπολύσασα
2843 4935 2924 4994 εἰς
2952 4932 3050 4998 τὴν
3093 4930 3223 4998 περὶ
3243 4926 3432 4979 τούτου
3464 4924 3779 4991 βεϐαίωσιν,
3810 4922 3957 4975 ἀλλὰ

2329 5077 2342 5086 .,
2378 5033 2470 5082 καὶ
2500 5031 2592 5080 ἐπὶ
2629 5027 2789 5080 πλέον
2815 5026 2881 5076 τά
2915 5021 3009 5074 τοῦ
3057 5021 3380 5091 πράγματος
3429 5016 3836 5083 ἀσφαλιζομένη
3869 5017 3954 5076 εἰς

2375 5121 2708 5190 ἀποσόϐησιν
2743 5119 2833 5170 καὶ
2858 5114 3173 5183 ἀποτροπὴν
3200 5109 3439 5178 παντελῆ
3467 5108 3573 5160 τῶν
3603 5110 3682 5166 εἰς
3715 5107 3803 5158 τὸν
3820 5106 3956 5174 ἑξῆς

2378 5214 2596 5268 ᾶπαντα
2639 5211 2732 5262 καὶ
2773 5206 2997 5272 διηνεκῆ
3051 5203 3237 5272 χρόνον
3299 5198 3602 5268 ἐξαρχικῶς
3646 5198 3714 5248 τὰ
3765 5198 3957 5250 ἐκεῖσε

2380 5301 2753 5372 πατριάρχικά
2814 5298 2997 5349 δίκαια
3051 5290 3514 5357 ἐπιτρεπομένων,
3580 5288 3958 5356 αἰτησαμένου

2377 5398 2534 5449 τοῦτο
2559 5393 2654 5447 τοῦ
2687 5389 2850 5444 αὑτοῦ
2887 5387 3181 5455 ἱερωτάτου
3214 5382 3535 5452 ἀρχιερέως,
3563 5380 3622 5433 ἐν
3668 5379 3810 5446 ἁγίῳ
3834 5377 3958 5430 δη-

2380 5483 2662 5539 κελεύεται
2715 5479 2992 5548 Πνεύματι
3023 5475 3118 5526 καὶ
3149 5472 3234 5525 διὰ.
3275 5469 3370 5522 τοῦ
3401 5470 3663 5537 παρόντος
3695 5467 3957 5535 ὑπομνη-

2382 5575 2659 5647 ματώδους
2703 5570 3052 5641 γράμματος,
3089 5565 3271 5634 μένειν
3306 5564 3383 5620 εί,
3415 5562 3535 5621 τοὺς
3565 5558 3689 5624 ἐξῆῖ
3725 5559 3957 5624 χρόνους

2380 5674 2474 5728 τὰς
2502 5667 2608 5718 ὑπὸ
2625 5664 2685 5715 τὸ
2707 5661 2996 5731 εἰρημένον
3024 5657 3381 5726 μοναστήριον
3433 5650 3520 5702 τοῦ
3556 5651 3733 5701 ὐσίου
3766 5648 3956 5715 Γεωρ-

2392 5761 2500 5826 γίου
2533 5755 2830 5823 σεϐασμίας
2862 5753 3051 5823 μονάς,
3094 5748 3191 5818 τήν
3219 5764 3271 5798 τε
3295 5745 3402 5799 τῶν
3445 5744 3638 5802 Ὁσίων
3687 5741 3958 5810 Πατέρων
