4360 6472
789 445 932 514 1179

1927 447 2176 506 ESAIIE
2216 447 2322 510 ΕΡ.
2372 449 2568 508 PATR
2586 450 2890 510 ίΑῐιίῖΙΙιΕ

3885 412 4029 497 11'30

789 563 1100 629 ἁγιωτάτης
1130 560 1387 628 Μεγάλης
1429 559 1524 612 τοῦ
1555 559 1689 612 Θεοῦ
1766 556 2116 626 Ἐκκλησίας,
2163 558 2366 628 πρυϐἧ-
2397 563 2439 620 Α
2470 576 2646 613 κειται
2677 557 3078 628 μεγαλειότητι,
3127 557 3251 611 οὔτε
3306 559 3374 628 τῇ
3439 555 3538 624 τῆς
3566 549 3897 618 Μιτυλήνης.
3947 545 4030 604 ὥς

787 672 872 705 ναι
897 653 950 704 δέ
1002 651 1093 704 ἐπὶ

790 733 1028 810 πράξιέι,
1077 742 1566 809 διαλαμϐάνουσαν,
1628 741 1918 807 ἐπιστῆναι
1963 740 2107 792 κατά
2159 741 2360 802 τόπους

785 837 882 887 tu
937 837 1046 887 τῶν
1104 836 1574 904 ἐκκλησιαστικῶν
1627 835 1717 886 καὶ
1777 835 2069 903 ἐρευνῆσαι
2116 832 2358 902 ἀκριϐῶς

786 927 855 977 τά
881 928 978 992 τῆς
1014 925 1320 987 ὑποθέσεως
1355 944 1368 957 ο
1400 925 1500 975 οὐκ
1547 923 1752 991 ἔφθασε
1813 924 1870 976 δέ
1922 923 2242 991 τελεσθῆναι
2291 923 2362 974 τά

793 1018 922 1084 περὶ
949 1017 1164 1080 τούτου,
1225 1015 1406 1078 καθὼς
1437 1016 1561 1068 τότε
1593 1014 1928 1083 ὡρίσθησαν,
1958 1013 2040 1066 διδ
2079 1013 2173 1066 καὶ
2235 1013 2362 1080 ἀρτι

789 1106 1168 1175 έπιδημούσης
1228 1107 1305 1174 τῷ
1359 1105 1634 1175 Νυμφαίῳ
1677 1106 1776 1174 τῆς
1826 1105 1986 1174 ἡμῶν
2014 1103 2362 1173 μετριότητος

792 1199 860 1248 τά
891 1197 1242 1263 πεςιὶτούτου,
1273 1198 1367 1250 καὶ
1423 1193 1580 1261 αὖθις
1629 1199 1658 1250 ό
1714 1197 2026 1265 Μιτυλήνης
2076 1196 2361 1262 κεκίνηκε,

793 1287 886 1339 καὶ
915 1288 1086 1356 τομὴν
1114 1287 1366 1353 γενέσθαι
1394 1287 1594 1356 ἀπῄτει
1633 1287 1732 1353 τῆς
1756 1287 2064 1347 ὑποθέσεως
2091 1303 2105 1318 ·
2159 1286 2364 1338 ἀδικεῖ-

795 1380 918 1430 σθαι
955 1382 1060 1448 γάρ
1094 1381 1160 1431 τὰ
1213 1381 1445 1448 μέγιστα
1499 1380 1806 1442 διετείνετο,
1868 1379 1963 1432 ᾶτε
2017 1379 2126 1431 τῶν
2194 1380 2366 1430 Ὅσιο-

791 1471 1114 1537 γεωργιτῶν
1147 1471 1400 1539 μοναχῶν
1432 1472 1507 1540 μὴ
1531 1473 1590 1523 tv
1618 1474 1683 1540 τῇ
1737 1470 2082 1538 πρωτοτύπῳ
2127 1487 2363 1536 προσκα-

794 1561 1047 1629 θημένων
1083 1563 1392 1631 μονῇ,ἦτις
1442 1563 1537 1615 καὶ
1593 1561 1967 1631 πατριαρχική
2028 1559 2363 1628 ὠνομάζετο,

793 1649 908 1701 ἀλλ’
936 1652 995 1702 ἐν
1023 1652 1292 1719 μετοχίοις
1341 1651 1520 1702 αὐτῶν
1549 1653 1613 1716 τῇ
1644 1651 1764 1701 κατ’
1823 1649 1985 1703 αὑτὸν
2039 1651 2367 1719 μητροπόλει

796 1743 1204 1809 ὑποκειμένοις,
1247 1743 1278 1810 ἢ
1309 1747 1401 1795 καὶ
1430 1745 1550 1804 ταῖς
1581 1741 1674 1794 ὑπ’
1724 1741 1892 1812 αὐτὸν
1916 1743 2243 1804 ἐπισκοπαῖς
2274 1746 2368 1796 καὶ

793 1835 1193 1903 διεξαγομένων
1216 1838 1364 1902 παρά
1394 1832 1488 1886 τοῦ
1523 1834 1666 1886 κατά
1694 1836 1915 1904 καιροὺς
1971 1835 2370 1903 ἀποστελλομέ-

789 1940 890 1976 νου
921 1921 1320 1992 πατριαρχικοῦ
1356 1922 1607 1992 ἐξάρχου.
1632 1923 2052 1992 Διεμηνύθησαν
2080 1922 2367 1991 τοιγαροῦν

781 2014 844 2065 ὀί
879 2015 976 2082 τῆς
1016 2011 1109 2064 τοῦ
1157 2012 1339 2065 Ὀσὶου
1373 2013 1645 2080 Γεωργίου
1679 2012 1851 2080 μονῆς
1897 2013 2126 2081 μοναχοὶ
2164 2012 2366 2063 ἀποκο-

797 2109 954 2174 μίσαι
1017 2105 1156 2172 πρὸς
1210 2106 1309 2172 τὴν
1368 2105 1525 2173 ἡμῶν
1591 2105 1922 2175 μετριότητα
1975 2105 2043 2157 τά
2098 2104 2368 2171 προσόντα

795 2199 981 2259 αὐτοῖς
1014 2197 1316 2264 παλαιγενῆ
1351 2195 1721 2264 δικαιώματα,
1762 2197 1826 2248 ἶν’
1860 2197 2072 2248 ἐκεῖθεν
2096 2194 2231 2264 γνῷ,
2259 2197 2368 2248 εἴτε

794 2290 860 2357 τῇ
900 2288 1274 2356 πατριαρχικῇ
1306 2286 1689 2359 μεγαλειότητι
1752 2286 2088 2355 ὑποκειμένη
2150 2287 2296 2339 ἐστὶν
2335 2287 2368 2354 ἡ

795 2378 888 2430 τοῦ
923 2377 1112 2430 ὐσίου
1137 2377 1409 2447 Γεωργίου
1444 2381 1600 2447 μονὴ,
1641 2377 1751 2430 είτε
1777 2380 1843 2447 τῇ
1894 2375 2222 2448 μητροπόλει
2270 2378 2372 2430 Μι-
2402 2377 2407 2383 ”

796 2470 1055 2537 τυλήνης.
1090 2470 1198 2520 Καὶ
1225 2470 1409 2536 μέντοι
1447 2470 1541 2522 καὶ
1593 2469 2050 2538 ἀπεκομίσθησαν
2079 2468 2252 2522 ταῦτα
2283 2467 2371 2522 διά

797 2562 890 2616 τοῦ
924 2560 1158 2630 μοναχοῦ
1223 2560 1506 2630 Βαρλαάμ,
1569 2563 1665 2615 καὶ
1710 2561 2160 2632 ἐνεχειρίσθησαν
2197 2563 2371 2632 ταύτῃ

799 2655 1194 2725 προκαθημένῃ
1250 2653 1580 2716 συνοδικῶςο
1647 2653 2019 2722 χρυσόϐουλλα
2088 2654 2145 2706 δέ
2200 2654 2374 2707 ταῦτα

797 2746 1095 2815 ἐτύγχανον
1122 2745 1234 2798 τῶν
1269 2745 1530 2816 ἀοιδίμων
1570 2746 1838 2815 βασιλέων
1873 2747 1965 2800 καὶ
2001 2745 2375 2815 ὑπομνήματα

790 2833 1104 2903 παλαιγενῆ
1155 2835 1264 2887 τῶν
1319 2835 1644 2901 ἁγιωτάτων
1693 2836 1919 2888 ἐκείνων
1973 2835 2374 2904 πατριαρχῶν,

797 2925 1234 2996 διαλαμϐάνοντα
1261 2927 1397 2996 ὁμοῦ
1429 2930 1631 2993 πάντα,
1685 2927 1784 2998 τὴν
1832 2925 1924 2980 τοῦ
1969 2925 2147 2981 Ὀσίου
2198 2927 2378 2996 Γεωρ-

801 3018 922 3083 γίου
979 3019 1145 3087 μονὴν
1193 3020 1588 3073 αὐτοδέσποτον
1655 3013 1829 3084 εἶναι,
1894 3019 2094 3089 κυρίαν
2162 3035 2222 3071 τε
2284 3020 2378 3071 καὶ

801 3112 922 3164 καθ’
945 3112 1164 3178 ἑαυτὴν,
1197 3113 1290 3165 κιὶ
1327 3114 1464 3182 μήτε
1494 3115 1556 3182 τῇ
1589 3113 1869 3182 ἁγιωτάτῃ
1892 3113 1984 3166 τοῦ
2017 3112 2154 3166 Θεοῦ
2188 3113 2378 3178 Μεγά-

1146 654 1211 720 zu
1278 651 1501 721 τοιαύτῃ
1562 649 1870 718 διαδικασίᾳ
1928 650 2021 701 καὶ
2079 648 2359 716 συνοδικὴν
2460 666 2618 716 φασι,
2655 650 3008 718 μητροπόλει,
3040 648 3236 701 ἀλλὀὐ
3259 648 3476 708 πάντως
3504 645 3600 697 καὶ
3628 644 3695 694 τά
3721 641 3811 693 ὑπ’
3852 636 4033 702 αὐτὴν

2463 735 2713 803 μετόχια,
2748 734 2892 802 άπερ
2929 735 3374 803 ὁμολογουμένως
3410 736 3477 802 τῇ
3541 727 3876 802 μητροπόλει
3923 726 4033 778 Μι-

2460 826 2693 895 τυλήνης
2719 827 2816 878 καὶ
2856 830 2924 895 τῇ
2983 827 3076 878 ὑπ’
3126 826 3298 895 αὐτὴν
3350 825 3626 891 ἐπισκοπῇ
3689 815 4036 884 ὑποκείμενά

2461 919 2621 971 είσιν.
2658 917 2747 970 Ἐν
2796 919 2972 988 τούτῳ
3015 919 3126 986 γάρ
3172 920 3266 970 καὶ
3312 913 3617 969 ἀδικεῖσθαι
3667 911 3736 964 τά
3798 909 4038 977 μέγιστα

2464 1008 2836 1078 προσετίθετο,
2867 1010 2950 1063 ὅτι
2991 1009 3088 1077 τῆς
3116 1007 3476 1078 πρωτοτύπηυ
3513 1002 3681 1072 μονῆς
3712 998 3805 1053 τοῦ
3847 998 4038 1051 Ὀσίου

2464 1098 2740 1169 Γεωργίου
2767 1097 3139 1167 ἀμεληθείσης
3166 1098 3259 1148 καὶ
3303 1095 3414 1148 τῶν
3453 1086 3921 1158 Ὀσιογεωργιτῶν
3977 1083 4042 1134 ἐν

2463 1195 2574 1254 τοῖς
2601 1193 2706 1244 ὑπὸ
2735 1193 2834 1262 τὴν
2869 1190 3201 1260 μητρόπολιν
3225 1188 3542 1255 Μιτυλήνης
3573 1182 3842 1253 μετοχίοις
3869 1191 4042 1245 προσ-

2465 1284 2807 1351 καθημένων,
2854 1280 3308 1350 όπατριαρχικδς
3364 1279 3594 1344 ἔξαρχος
3647 1273 3954 1340 εἰσέρχεται
3983 1269 4044 1318 ἐν

2466 1376 2668 1439 αὐτοῖς,
2703 1374 2797 1428 καὶ
2821 1373 3104 1441 ἀνακρίνει
3143 1372 3388 1435 τούτους,
3443 1369 3536 1420 καὶ
3579 1363 3818 1430 διεξάγει
3872 1375 4045 1411 πνευ-

2471 1465 2735 1534 ματικῶς,
2767 1463 2930 1517 αὑτὸν
2961 1463 3018 1515 δέ
3045 1463 3135 1515 τὸν
3169 1460 3575 1533 μητροπολίτην
3631 1454 3850 1518 ἐξωθεῖν
3897 1451 4047 1503 ἐκεῖ·

2468 1555 2562 1608 θεν
2618 1557 2896 1625 πειρᾶται.
2962 1552 3132 1608 Ταῦθ’
3187 1555 3215 1606 6
3286 1552 3579 1620 ἱερώτατος
3642 1542 4050 1618 μητροπολίτης

2469 1648 2785 1716 Μιτυλήνης
2817 1645 2910 1699 ἐπὶ
2929 1645 3024 1698 τοῦ
3055 1643 3226 1712 μέσου
3259 1640 3542 1712 προέθετο,
3597 1638 3689 1690 καὶ
3717 1634 3890 1705 τομὴν
3920 1632 4052 1699 ἐζη-

2467 1755 2551 1792 τει
2580 1738 2838 1806 γενέσθαι
2898 1738 2999 1804 τῆς
3053 1735 3389 1794 ὑποθέσεως.
3457 1733 3522 1785 Ἦ
3574 1727 3710 1798 γοῦν
3756 1726 4052 1796 μετριότης

2399 1881 2440 1937 Β
2469 1831 2628 1900 ἡμῶν
2662 1830 2779 1899 ἅμα
2808 1832 2873 1900 τῇ
2905 1829 3035 1899 περὶ
3064 1827 3234 1895 αὐτὴν
3285 1826 3409 1896 ίερᾷ
3453 1821 3774 1888 ἀδελφότητι
3812 1819 3882 1870 τά
3936 1814 4054 1867 τῶν

2473 1921 2497 1937 α
2725 1921 2738 1937 1
2897 1918 2955 1937 ιη
2983 1918 3179 1937 ηρι---
3207 1932 3286 1937 μμ-
3326 1910 3629 1937 1_-~.n-:_-
3687 1909 3794 1937 αι..
3843 1907 4054 1937 --.Ἅι--.υ

2468 1921 2858 1989 δικαιωμάτων
2888 1918 3286 1986 ἀκριϐέστερον
3325 1910 3633 1967 ἐπελθοῦσα
3687 1909 3798 1962 κάκ
3843 1907 4058 1959 τούτων

2472 2012 2822 2080 διεγνωκυῖα,
2852 2011 2925 2080 μὴ
2963 2010 3186 2069 δικαίως
3239 2003 3587 2074 είσέρχεσθαι
3634 2001 3727 2053 τδν
3781 2012 4059 2066 πατριάρ-

2474 2107 2629 2175 χικδν
2658 2105 2884 2172 ἔξαρχον
2913 2104 2970 2155 ἐν
3000 2104 3062 2170 τῇ
3093 2099 3182 2154 τοῦ
3224 2097 3404 2151 Ὀσίου
3437 2094 3714 2164 Γεωργίου
3750 2094 3911 2163 μονῇ,
3933 2089 4060 2143 ἐπεὶ

2475 2200 2540 2251 ἐκ
2560 2199 2658 2266 τῆς
2707 2197 2816 2249 τῶν
2871 2194 3258 2262 δικαιωμάτων
3301 2189 3628 2258 ἀπείργεται
3681 2185 4058 2257 περιλήψεως,

2475 2287 2770 2356 διορίζεται
2802 2284 3121 2346 συνοδικῶς,
3154 2282 3354 2352 μηκέτι
3381 2281 3441 2333 τὸ
3459 2279 3566 2332 ἀπὸ
3589 2277 3742 2330 τοῦδε
3771 2273 4059 2345 παραϐάλ-

2475 2383 2591 2433 λειν
2619 2377 2828 2441 τοῦτον,
2862 2376 2937 2447 μὴ
2962 2377 3044 2429 ὅτι
3075 2392 3138 2442 γε
3164 2375 3221 2428 ἐν
3256 2376 3322 2443 τῇ
3373 2372 3468 2426 τοῦ
3526 2373 3709 2425 Ὀσίου
3775 2367 4060 2438 Γεωργίου

2479 2471 2830 2541 πρωτοτύπῳ
2857 2472 3016 2541 μονῇ,
3045 2467 3161 2522 ἀλλ’
3187 2466 3296 2521 οὐδ’
3321 2467 3379 2521 tv
3413 2467 3525 2526 τοῖς
3556 2463 3652 2516 ὑπ’
3676 2461 3840 2515 αὐτὸν
3893 2475 4061 2528 μετο-

2479 2566 2616 2637 χίοις
2653 2564 2746 2618 καὶ
2775 2567 3073 2634 κτήμασιν,
3104 2564 3161 2614 ἐν
3211 2556 3294 2622 οἷς
3342 2559 3440 2612 καὶ
3494 2551 3572 2609 οῖ’
3604 2555 4060 2621 ὐσιογεωργῖται

2479 2656 2890 2728 προσκάθηνται
2917 2652 3143 2724 μοναχοί
3171 2669 3185 2685 ο
3216 2650 3391 2703 ταῦτα
3414 2649 3524 2718 γάρ
3549 2647 3654 2699 ὑπὸ
3695 2645 3795 2715 τὴν
3827 2643 3922 2696 τοῦ
3955 2659 4060 2711 μη-

2479 2750 2802 2821 τροπολίτου
2857 2747 2952 2800 καὶ
3007 2743 3312 2798 ἐπισκόπου
3354 2741 3625 2808 διοίκησιν
3676 2737 3910 2796 ἔσονται,
3967 2733 4064 2785 καὶ

2483 2841 2614 2909 παρ’
2640 2837 2819 2892 αὐτῶν
2843 2835 3336 2903 ποιμανθήσονται,
3366 2831 3463 2883 καὶ
3485 2829 3534 2881 οί
3553 2827 3614 2880 ἐν
3636 2825 3847 2884 τούτοις
3883 2822 4064 2876 ὀσιο-

2481 2933 2783 3002 γεωργῖται
2818 2925 3048 2997 μοναχοὶ
3079 2925 3172 2978 καὶ
3227 2922 3692 2992 ἀνακριθήσονται
3751 2916 3848 2968 καὶ
3886 2914 4066 2966 ἐπιτι-

2485 3025 2848 3095 μηθήσονται,
2880 3022 2930 3073 εί
2965 3019 3174 3090 δεήσει,
3207 3017 3303 3070 καὶ
3361 3012 3766 3083 συγχωρήσεως
3823 3004 4067 3072 ἀξιωθήο

2485 3135 2689 3172 σονται.
2717 3114 3004 3180 Ἐπιζυγοῖ
3033 3112 3125 3164 καὶ
3155 3110 3264 3178 γάρ
3294 3108 3391 3169 τάς
3421 3105 3532 3158 τῶν
3587 3100 3847 3156 τοιούτων
3906 3113 4066 3166 μετο-

803 3205 869 3273 in
901 3205 1196 3275 Ἐκκλησία
1225 3205 1565 3271 ὑποκεῖσθαι,
1616 3207 1752 3277 μήτε
1808 3205 1914 3258 τινὶ
1977 3206 2139 3277 ἑτέρᾳ
2186 3207 2380 3274 ἐκκληοι
2409 3231 2453 3289 c
2485 3211 2619 3280 χίων
2651 3207 2822 3275 θύρας
2849 3206 2929 3275 τῷ
2974 3199 3361 3274 πατριαρχικῷ
3411 3196 3626 3265 ἐξάρχῳ
3769 3188 4065 3289 μετριότης

806 3298 920 3364 σία,
957 3294 1072 3348 ἀλλ’
1121 3296 1231 3348 οὐδ’
1294 3297 1599 3365 ἡγούμενον
1656 3297 1922 3350 ἐνεδίδουν
1985 3296 2380 3367 σφραγίζεσθαι

805 3391 864 3438 ἑν
893 3391 957 3457 τῇ
1016 3388 1241 3458 τοιαύτῃ
1311 3393 1446 3458 μονῇ
1510 3389 1663 3456 παρὰ
1706 3390 2048 3460 πατριάρχου
2105 3390 2136 3457 ἢ
2196 3391 2382 3458 ἐτέρου

806 3479 971 3541 τινός.
1011 3478 1197 3532 Ταῦτα
1236 3481 1345 3551 γὰρ
1381 3481 1557 3533 πάντα
1585 3481 1652 3532 τά
1687 3480 2059 3549 ὑπομνήματα
2094 3480 2385 3532 διεκώλυον

806 3572 1270 3642 δι’ὲκφωνὴσεως
1319 3571 1630 3642 ἀφορισμοῦ
1693 3572 2003 3641 φρικώδους
2059 3575 2184 3634 τοὺς
2243 3571 2382 3624 κατά

808 3665 999 3733 καιρὸν
1032 3665 1398 3734 πατριάρχας,
1432 3669 1479 3718 εί
1511 3667 1602 3717 καὶ
1643 3666 1748 3734 πρὸ
1806 3665 2017 3733 χρόνων
2073 3665 2307 3733 μετρίων
2359 3665 2387 3715 6

813 3760 916 3827 πρὸ
945 3759 1101 3827 ἡμῶν
1129 3758 1437 3826 ἀγιώτατος
1470 3757 1816 3827 πατριάρχης
1840 3757 1943 3825 κῦρ
1996 3757 2256 3826 Μανουήλ
2290 3758 2389 3808 οὐκ

807 3849 905 3903 οἷδ’
939 3851 1086 3913 ὅπως
1145 3851 1373 3918 ἀγνοιαν
1435 3851 1652 3912 πάντως
1710 3851 1807 3918 τῆς
1877 3849 2226 3918 περιλήψεως
2281 3849 2390 3901 τῶν

812 3943 1029 3998 σεπτῶν
1058 3943 1470 4013 χρυσοϐούλλων
1495 3943 1587 3996 καὶ
1611 3942 1720 3995 τῶν
1750 3943 2167 4012 πατριάρχικών
2194 3959 2394 4012 κεκτη-

815 4038 977 4106 μένος
1033 4037 1465 4104 ὑπομνημάτων,
1529 4036 1866 4105 ἡγουμένους
1937 4036 2391 4104 ὐσιογεωργίτας

813 4131 1137 4200 ἐσφράγισε.
1169 4128 1351 4180 Ταῦτα
1383 4129 1502 4198 μὲν,
1551 4129 1625 4191 ώς
1670 4128 1905 4198 εἴρηται,
1935 4126 2295 4197 διελάμϐανον
2325 4130 2396 4180 τά

812 4222 969 4291 παρά
994 4222 1088 4274 τοῦ
1121 4222 1320 4291 μέρους
1346 4223 1440 4290 τῆς
1478 4224 1650 4292 μονῆς
1699 4220 2140 4290 προκομισθέντα
2197 4221 2396 4274 παλαι-

814 4317 948 4383 γενῆ
973 4315 1341 4383 δικαιώματα.
1375 4313 1665 4384 ’Δπῃτεῖτο
1689 4313 1746 4388 δὲ
1791 4314 1818 4365 6
1840 4312 2156 4381 Μιτυλήνης
2198 4329 2398 4381 προκο-

819 4407 976 4472 μίσαι
1031 4423 1083 4457 τι
1137 4406 1414 4473 δικαίωμα
1465 4406 1764 4472 ἔγγραφον,
1815 4403 1875 4468 ἐξ
1917 4404 2090 4473 οὕπερ
2145 4406 2397 4474 ἀναφανῇ

816 4497 1196 4568 δικαιούμενος
1221 4499 1310 4550 ἐπὶ
1337 4499 1402 4568 τῇ
1459 4497 1553 4550 τοῦ
1594 4496 1772 4551 Ὀσίου
1825 4495 2103 4566 Γεωργίου
2145 4499 2280 4565 μονῇ
2307 4510 2322 4524 ⁶
2372 4495 2401 4546 ό

2485 3279 2641 3374 MLch
2666 3316 2680 3331 '
2706 3301 2767 3353 οὗ
2802 3299 2962 3369 μόνον
2983 3297 3093 3365 γάρ
3117 3294 3184 3347 τά
3236 3293 3421 3353 κακῶς
3454 3284 3820 3355 ἐπικτηθέντα
3873 3279 4070 3335 ἀποτί-

2486 3392 2680 3447 θεσθαι
2708 3389 2981 3460 βούλεται,
3012 3385 3130 3439 ἀλλ’
3159 3383 3309 3436 ἔστιν
3336 3375 3395 3435 οὗ
3415 3380 3504 3433 διὰ
3545 3377 3731 3449 σχέσιν
3773 3386 4071 3440 πνευματι-

2486 3486 2589 3554 κὴν
2621 3483 2714 3536 καὶ
2747 3481 2973 3549 είρήνην
3012 3475 3310 3545 ἀδελφικὴν
3355 3471 3451 3525 καὶ
3482 3469 3578 3523 τοῦ
3634 3467 3843 3522 οἰκείου
3898 3479 4072 3518 κατα-

2488 3575 2731 3644 φρονεῖν.
2781 3573 2934 3626 Ἐπεὶ
2965 3569 3022 3622 δέ
3046 3568 3243 3634 ἀδηλία
3273 3562 3342 3636 ἦν
3365 3564 3497 3633 περὶ
3523 3562 3628 3632 τῆς
3654 3563 3711 3615 ἐν
3743 3563 3810 3629 τῇ
3859 3574 4073 3628 πρωτο-

2487 3668 2645 3736 τύπῳ
2719 3665 2857 3735 μονῇ
2917 3660 3010 3714 τοῦ
3089 3659 3271 3713 Ὀσίου
3339 3655 3617 3725 Γεωργίου
3679 3652 4077 3722 ἀρχιερατικῆς

2489 3758 2798 3828 ἀναφορᾶς,
2822 3755 2940 3809 οὑδέ
2964 3754 3074 3823 γάρ
3102 3751 3333 3821 ἐφέρετο
3381 3749 3511 3818 περὶ
3541 3745 3735 3799 τούτου
3787 3742 3970 3813 ῥητῶς
4021 3743 4079 3793 ἐν

2492 3853 2604 3914 τοῖς
2635 3849 3027 3920 ἐμφανισθεῖσι
3060 3841 3430 3912 δικαιώμασιν
3456 3841 3683 3903 ἀπασιν,
3731 3833 3802 3906 ἦν
3833 3835 3888 3888 δέ
3934 3835 4076 3886 πάν·

2495 3961 2601 4008 τως
2635 3944 2847 4012 ἀνάγκη
2879 3935 3255 4007 ἀναφέρεσθαι
3286 3935 3461 4001 ϐνομα
3480 3929 3788 4001 ἀρχιερέως
3851 3929 3913 3979 ἐν
3957 3927 4081 3987 ταῖς

2495 4038 2554 4089 tv
2584 4036 2720 4103 αὐτῇ
2745 4031 3099 4102 τελουμέναις
3136 4028 3309 4088 θείαις
3333 4023 3662 4092 ἁγιστείαις,
3693 4019 3928 4088 ὥρισται
3953 4034 4082 4068 συν-

2498 4127 2709 4189 οδικῶς,
2738 4121 3114 4182 συναινοῦντος
3171 4117 3264 4170 ἐπὶ
3300 4115 3600 4184 τούτῳκαὶ
3635 4111 3728 4165 τοῦ
3747 4108 4082 4177 Μιτυλήνης,

2498 4217 2599 4286 τὴν
2651 4215 2749 4282 τῆς
2802 4210 2960 4283 ἡμῶν
3027 4208 3386 4279 μετριότητος
3436 4202 3684 4272 γίνεσθαι
3747 4198 4034 4266 ἀναφοράν
4066 4211 4080 4225 ·

2501 4309 2660 4362 τοῦτο
2684 4308 2792 4375 γὰρ
2817 4304 2909 4357 καὶ
2954 4292 3116 4371 μόνον
3143 4298 3255 4364 ἔξει
3310 4300 3345 4367 ἡ
3403 4292 3778 4364 πατριαρχικὴ
3827 4290 4089 4360 περιωπή

2501 4404 2566 4453 ἐκ
2623 4405 2721 4470 τῆς
2777 4396 3138 4469 πρωτοτύπου
3175 4393 3271 4445 τοῦ
3333 4389 3522 4444 Ὀσίου
3563 4387 3602 4438 Γ
3606 4385 3839 4456 εωργίου
3892 4381 4089 4450 μονῆς,

2505 4497 2598 4548 καὶ
2630 4494 2784 4547 οὐδέν
2809 4511 2860 4544 τι
2882 4493 3068 4544 πλέον.
3097 4488 3285 4542 Ταῦτα
3330 4479 3787 4552 παρεκϐληθέντα
3836 4475 3948 4528 ἀπὸ
3976 4475 4091 4526 τῶν

811 4590 874 4644 δέ
897 4567 1174 4658 δικαίωμα
1226 4589 1287 4640 ού
1357 4567 1722 4658 προεκόμιζεν
1782 4588 2080 4657 ἔγγραφον,
2121 4587 2276 4653 ἔλεγε
2315 4583 2393 4650 δὲ,
2429 4586 2473 4642 D
2503 4587 2823 4658 ἡμερησίων
2853 4581 3147 4636 συνοδικῶν
3174 4576 3525 4646 διαγνώσεων
3583 4573 3679 4626 καὶ
3722 4572 3788 4639 τῇ
3842 4567 4093 4635 ὑπογρα-

817 4683 1120 4750 κεκτῆσθαι
1162 4683 1366 4751 μᾶλλον
1396 4683 1498 4752 τὴν
1531 4681 1654 4736 κατ’
1708 4681 1871 4734 αὑτὸν
1925 4679 2259 4750 μητρόπολιν
2307 4679 2400 4729 ἐπὶ

813 4776 883 4844 τῇ
920 4777 1053 4843 μονῇ
1104 4775 1211 4826 ἀπὸ
1263 4775 1372 4826 τῶν
1421 4775 1904 4846 πῳκομισθέντων
1967 4772 2396 4841 δικαιωμάτων

815 4869 941 4919 ἐπεὶ
974 4869 1066 4919 καὶ
1093 4867 1204 4935 γάρ
1229 4868 1288 4919 ού
1319 4868 1753 4937 διαλαμϐάνουσι
1781 4868 1843 4920 τὸ
1876 4867 2084 4937 ταύτην
2145 4865 2252 4919 ὑπὸ
2301 4867 2400 4934 τὴν

753 4955 760 4962 ’
819 4961 1228 5030 πατριαρχικὴν
1254 4962 1504 5028 ἐξουσίαν
1541 4979 1598 5014 τε
1634 4963 1725 5013 καὶ
1751 4961 2022 5020 διοίκησιν
2074 4960 2249 5011 τελεῖν
2300 4958 2400 5028 τὴν

819 5057 1013 5127 μονὴν,
1049 5058 1189 5127 μήτε
1216 5055 1324 5126 μὴν
1355 5055 1662 5124 ἡγούμενον
1693 5052 1781 5105 ἐπ’
1814 5052 2066 5118 ἐξουσίας
2101 5051 2400 5121 κεκτῆσθαι

817 5152 910 5202 τὸν
937 5150 1075 5201 κατά
1103 5149 1330 5218 καιροὺς
1358 5148 1708 5217 πατριάρχην
1746 5146 2076 5217 σφραγίζειν
2120 5146 2180 5198 ἑν
2237 5145 2397 5213 αὐτῇ.

813 5243 928 5296 οὐδ’
955 5243 1186 5312 ἔξαρχον
1245 5240 1598 5295 ἀποστέλλειν
1652 5241 1856 5303 ἐκεῖσε,
1915 5237 2038 5290 οὕτε
2096 5253 2149 5289 τι
2214 5235 2404 5306 ἕτερον

818 5340 1126 5406 διενεργεῖν
1189 5333 1650 5405 ἐκκλησιαστικὸν
1698 5333 1789 5384 ἐπὶ
1835 5334 1903 5400 τῇ
1959 5329 2185 5399 τοιαύτῃ
2241 5330 2400 5398 μονῇ,

819 5429 1014 5483 ἔστιδὲ
1042 5429 1189 5492 ἐντὸς
1223 5428 1322 5495 τῆς
1348 5426 1564 5496 ἐνορίσς
1597 5443 1700 5496 μου
1745 5423 1908 5493 αῦτη,
1954 5423 2048 5475 καὶ
2077 5419 2298 5491 μάλισθ’
2323 5420 2406 5471 ὅτι

821 5517 915 5579 καὶ
957 5523 1183 5592 πλησίον
1211 5523 1483 5592 ἐνίδρυται
1505 5522 1604 5590 τῆς
1657 5519 1777 5573 κατ’
1842 5519 1942 5585 ἐμέ
1993 5514 2402 5586 μητροπόλεως,

821 5621 1036 5687 ἀνάγκη
1091 5617 1308 5677 πάντως
1355 5615 1448 5668 καὶ
1500 5615 1872 5681 ὑποκειμένην
1929 5608 2101 5678 αὐτὴν
2149 5601 2291 5660 εἶναι
2340 5605 2406 5675 τῇ

823 5713 943 5765 κατ’
974 5712 1073 5780 ἐμὲ
1102 5710 1436 5780 μητροπόλει
1483 5709 1577 5760 καὶ
1610 5708 1717 5760 ὑπο
1748 5707 1839 5758 τὸν
1871 5705 2012 5757 κατὰ
2043 5700 2270 5783 καιροὺς
2301 5715 2406 5768 μηο

823 5806 1154 5874 τροπολίτην
1182 5804 1521 5873 Μιτυλήνης.
1559 5803 1618 5853 El
1647 5801 1701 5852 δὲ
1736 5801 1831 5851 καὶ
1881 5795 2003 5849 καθ’
2053 5792 2254 5864 ἑαυτὴν
2315 5792 2408 5845 καὶ

825 5898 1220 5962 αύτοδέσποτός
1258 5899 1395 5965 ἐδτι,
1430 5898 1522 5949 καὶ
1557 5894 1680 5949 οῦτε
1713 5896 1776 5965 τῇ
1838 5890 2217 5962 πατριαρχικῇ
2277 5885 2408 5939 ὑπό-

2503 4682 2576 4748 φῇ
2608 4680 2703 4731 καὶ
2731 4676 2989 4746 σφραγῖδι
3016 4672 3110 4726 τοῦ
3141 4671 3479 4741 τιμιωτάτου
3519 4661 3939 4734 χαρτοφύλακος
3991 4659 4094 4724 τῆς

2503 4771 2819 4840 ἁγιωτάτης
2849 4767 3108 4836 Μεγάλης
3125 4764 3220 4818 τοῦ
3267 4762 3402 4815 Θεοῦ
3439 4759 3762 4827 Ἐκκλησίας
3808 4751 4095 4820 Θεοδώρου

2502 4864 2596 4918 τοῦ
2617 4862 2893 4930 Ξιφιλίνου
2928 4858 3172 4926 συνήθως
3237 4852 3604 4923 βεϐαιωθέντα
3660 4846 3891 4912 ἐπεδόθη
3959 4845 4095 4912 μηνὶ

2503 4960 2599 5013 καὶ
2647 4957 2864 5025 ίνδίκτῳ
2916 4956 3031 5013 τοῖς
3066 4945 3606 5018 προγεγραμμένοις,
3639 4943 3790 5000 ἔτους
3820 4944 3923 5001 ,ςον
3950 4934 4094 5003 ψξδο.

2505 5046 2635 5120 Εἶχε
2658 5047 2718 5101 τὸ
2739 5045 3095 5115 πρωτότυπον
3126 5041 3186 5092 τό
3218 5058 3234 5071 ο
3271 5036 3332 5090 '0
3385 5031 3735 5105 χαρτοφύλαξ
3762 5032 3859 5099 τῆς
3917 5028 4095 5094 ἀγιω-

2504 5143 2679 5210 τάτης
2721 5137 2981 5206 Μεγάλης
3031 5132 3126 5187 τοῦ
3183 5129 3320 5184 Θεοῦ
3369 5125 3720 5195 Ἐκκλησίας,
3753 5121 4038 5190 Θεόδωρος
4071 5120 4098 5170 6

2505 5233 2797 5301 Ξιφιλῖνος.

2515 5318 2518 5325 ’
2578 5325 2614 5393 -ι-
2666 5325 2732 5377 Ἢ
2763 5319 3016 5392 παροῦσα
3051 5315 3308 5386 συνοδικὴ
3336 5313 3537 5384 πρᾶξις
3585 5307 3680 5362 τοῦ
3735 5305 3987 5374 ἀοιδίμου
4039 5304 4099 5354 tv

2508 5416 2882 5487 πατριάρχαις
2926 5411 3033 5483 κῦρ
3067 5408 3352 5479 ’Δρσενίου
3389 5399 3901 5471 καταγεγραμμένη
3937 5396 4097 5466 εὑρε-

2510 5513 2666 5566 θεῖσα
2689 5511 2883 5570 ἐντοῖς
2915 5505 3171 5567 παλαιοῖς
3217 5500 3491 5561 κωδικίοις
3537 5495 3635 5550 τοῦ
3685 5491 3836 5563 ἱεροῦ
3894 5508 4096 5561 χάρτο-

2513 5601 2816 5673 φυλακείου
2848 5597 2948 5667 τῆς
2978 5597 3293 5662 ἁγιωτάτης
3323 5591 3581 5658 Μεγάλης
3632 5587 3726 5639 τοῦ
3769 5583 3904 5637 Θεοῦ
3973 5583 4094 5637 Ἐκ-

2513 5693 2774 5766 κλησίας,
2807 5689 3152 5762 σαθρωθεῖσα
3173 5689 3230 5742 δὲ
3272 5685 3351 5756 τῷ
3377 5686 3573 5755 χρόνῳ,
3617 5682 3723 5733 ῖνα
3784 5678 3861 5749 μὴ
3900 5678 3981 5739 είς
4037 5676 4097 5727 τὸ

2515 5785 2781 5847 παντελές
2810 5780 3108 5851 ἀφανισθῇ,
3141 5779 3561 5849 μεταγραφεῖσα
3581 5771 3812 5828 ἐνταῦθα
3847 5767 4095 5833 ἀπαραλ-

2515 5881 2727 5944 λάκτως
2755 5879 2849 5935 καὶ
2877 5877 3015 5932 κατά
3048 5876 3224 5931 πάντα
3281 5874 3602 5941 ἐξισάζουσα
3626 5872 3692 5939 τῇ
3725 5862 4091 5936 πρωτοτὺττῳ,
