4360 6472
767 415 896 480 1191

1917 405 2165 466 ESAUE
2205 404 2317 464 (ΣΡ.
2358 402 2502 463 ΡΛΤ
2517 404 2559 462 ﬂ
2574 405 2588 460 Ι
2603 403 2804 462 Αιωη
2820 405 2880 461 ΛΞ

3865 393 4009 464 119!

764 545 872 579 νων
915 525 1016 594 ήδη
1051 523 1208 575 πέντε
1252 521 1312 584 ἐξ
1358 519 1566 573 ἐκείνου
1616 516 2047 587 παραρρυέντων
2075 517 2136 568 οὐ
2174 515 2337 584 μόνον
2369 517 2409 571 Α
2438 511 2530 562 τόν
2576 512 2811 579 μοναχὸν
2858 481 3119 580 Βαρλαὰμ
3162 511 3250 563 διά
3302 510 3627 579 γρίμματος
3673 509 3738 560 τὰ
3780 508 3873 560 ἐπὶ
3921 506 4004 574 τῷ

764 622 1033 688 διαφόρως
1062 617 1423 669 ἐπεϐούλευσε
1447 614 1640 681 ταύτῃ,
1669 611 1805 663 ἀλλὰ
1832 612 1923 662 καὶ
1950 609 2159 662 πολλῶν
2180 607 2334 659 ἀνια-

767 714 877 782 ρῶν
920 715 1110 776 γέγονε
1159 695 1438 776 πρόξενοςξ
1488 704 1749 756 ἄσπονδον
1797 701 1852 752 δὲ
1896 700 2051 768 μῖσος
2091 700 2184 751 καὶ
2232 697 2332 762 τῆς

767 802 1034 869 θυγατρὸς
1071 800 1155 850 ἐπ’
1187 797 1335 864 αὐτῷ
1372 793 1701 864 τρεφούσης.
1744 793 1835 844 καὶ
1872 791 2007 859 μηδέ
2034 789 2335 857 ὀφθαλμοῖς

768 895 898 944 ίδεῖν
951 892 1136 943 τοῦτον
1186 890 1478 957 φερούσης,
1530 886 1724 952 ἐδεήθη
1775 885 2056 951 συνοδικῆς
2097 879 2332 946 διαγνώ-

765 1002 923 1044 σεως.
969 983 1165 1048 ΙΙαρὼν
1195 982 1246 1031 δὲ
1284 982 1370 1030 καὶ
1419 981 1446 1029 0
1489 978 1728 1038 τοιοῦτος
1767 975 2039 1040 Θεόδωρος
2072 973 2162 1022 καὶ
2193 973 2330 1022 ἀπο-

763 1075 1100 1139 λογήσασθαι
1156 1072 1496 1138 προτραπεὶς
1554 1067 1906 1135 προεϐάλετο,
1959 1063 2174 1131 ἀληθῶς
2231 1060 2333 1128 μέν

765 1167 929 1231 ἔχειν,
972 1164 1051 1214 ὅτι
1093 1163 1155 1229 δὴ
1189 1160 1448 1226 διιπετὴς
1485 1161 1517 1226 ἡ
1559 1159 1693 1226 κόρη
1734 1157 2044 1223 ἐτύγχανεν,
2074 1153 2234 1220 ήνίκα
2269 1150 2334 1202 δι’

765 1248 1163 1318 ἁρῤαϐωνικῶν
1188 1247 1400 1312 δεσμῶν
1423 1247 1448 1295 0
1476 1247 1765 1312 εἰρημένος
1793 1243 2163 1311 πρεσϐύτερος
2185 1240 2330 1306 αύτῷ

765 1339 972 1404 ταύτην
1016 1341 1353 1405 συνήρμοσε,
1389 1337 1678 1388 διετείνετο
1718 1337 1772 1387 δὲ
1820 1335 2123 1388 κωλύεσθαι
2178 1333 2331 1400 παρὰ

765 1432 862 1494 τῆς
901 1443 1104 1496 μητρός
1158 1430 1290 1497 πρός
1341 1428 1438 1496 τὴν
1470 1428 1676 1494 ταύτης
1722 1429 2052 1494 συνοίκησιν.
2203 1425 2332 1489 γοῦν

773 1522 1057 1587 μετριότης
1097 1520 1252 1585 ήμῶν
1294 1517 1799 1583 συνδιασκεψαμένη
1842 1519 1952 1578 τοῖς
1995 1518 2121 1584 περὶ
2163 1515 2332 1582 αὐτὴν

769 1610 1085 1678 ἱερωτάτοις
1121 1609 1441 1677 ἀρχιερεῦσι
1474 1609 1566 1659 καὶ
1606 1608 1920 1675 παράνομον
1953 1605 2184 1674 κρίνασα
2215 1604 2330 1656 τόδε

768 1703 829 1753 :0
861 1701 1195 1754 συνοικέσιον
1225 1702 1311 1752 διὰ
1348 1702 1446 1768 τὴν
1485 1702 1752 1766 τοσαύτην
1781 1698 1878 1764 τῆς
1927 1700 2092 1765 κόρης
2137 1695 2333 1764 ἀνηϐό-

767 1809 926 1858 τητα,
966 1791 1258 1844 κάντεῦθεν
1305 1793 1536 1858 ἀκύρους
1585 1787 1722 1842 εἶναι
1767 1789 2033 1856 νομίσασα
2072 1788 2162 1839 καὶ
2208 1787 2332 1846 τοὺς

765 1884 853 1932 ἐπ’
907 1882 1043 1946 αὐτῇ
1098 1881 1408 1949 προϐάντας
1459 1879 1736 1938 τοιούτους
1795 1877 2207 1948 ὸῤῥσϐωνικους
2254 1877 2336 1926 δε-

766 1973 940 2040 σμοὺς
987 1971 1149 2024 τᾶλλα
1182 1971 1360 2022 πάντα
1389 1971 1595 2022 ἐάσασα
1642 1969 1984 2034 ἀπεφήνατο,
2037 1965 2178 2018 εἶναι
2237 1965 2354 2018 01:"

764 2061 1012 2130 ἀλλήλων
1038 2062 1206 2128 άμφω
1237 2060 1302 2110 τά
1335 2059 1475 2127 μέρη
1511 2058 1570 2108 :0
1604 2058 1712 2111 ἀπὸ
1758 2055 1910 2108 τοῦδε
1951 2055 2332 2123 διεζευγμένα,

762 2154 863 2218 τῆς
907 2149 1245 2218 ἀνηϐότητος
1279 2150 1458 2210 αἰτίας
1495 2146 1662 2215 οῦσης
1697 2147 1833 2213 πρὸς
1877 2145 2058 2208 τοῦτο,
2106 2146 2335 2214 ἐπείπερ

764 2246 813 2296 οῖ
845 2243 980 2296 θεῖοι
1010 2244 1166 2310 νόμοι
1196 2242 1286 2293 τὸν
1319 2240 1620 2292 δωδέκατον
1653 2241 1844 2308 χρόνον
1875 2238 2057 2292 ἀνύειν
2084 2239 2182 2306 τὴν
2215 2239 2337 2306 μέλ-

765 2337 968 2388 λουσαν
1009 2333 1164 2403 ἀνδρὶ
1207 2332 1572 2401 συζευχθῆναι
1625 2332 2021 2401 διαγορεύουσι,
2070 2333 2162 2384 καὶ
2202 2334 2339 2384 ἀπο-

764 2425 972 2488 λαϐεῖν,
1028 2428 1080 2477 εἰ
1123 2442 1176 2476 τι
1227 2425 1320 2476 καὶ
1366 2425 1488 2475 ὅσον
1539 2423 1768 2490 θάτερον
1827 2422 2055 2492 θατέρου
2118 2425 2339 2492 κατέχει

765 2519 1000 2586 πρᾶγμα
1027 2515 1159 2581 παρ’
1188 2513 1390 2581 ἐαυτῷ,
1427 2513 1515 2563 τὸν
1557 2513 1611 2564 δέ
1653 2530 1716 2579 γε
1768 2513 2113 2581 συστήσαντα
2162 2530 2340 2581 παρα-

763 2603 965 2670 νόμως,
990 2601 1134 2654 οὕτω
1161 2601 1528 2670 πρεσϐύτερον
1556 2603 1614 2651 το
1654 2601 1858 2667 μεταξὺ
1889 2601 2068 2653 αὐτῶν
2100 2603 2342 2655 συνοικέ-

766 2710 881 2744 σιον
929 2693 1300 2760 ἐπισχημένον
1351 2693 1446 2743 τοῦ
1504 2694 1806 2760 ἱερουργεῖν
1860 2688 2021 2744 εἶναι’
2073 2693 2178 2746 ἔδει
2233 2694 2341 2763 γὰρ

764 2785 928 2836 αὑτὸν
981 2785 1055 2852 μὴ
1101 2784 1426 2851 ἀπροόπτως
1472 2783 1618 2835 οὓτω
1647 2785 1744 2837 καὶ
1789 2784 2220 2854 ἀπερισκέπτως
2273 2785 2343 2836 τά

765 2873 989 2924 τοιαῦτα
1022 2874 1342 2942 προϐαίνειν
1374 2875 1753 2940 παραχωρεῖν,
1788 2871 1921 2924 ἀλλὰ
1959 2873 2092 2924 πᾶσι
2119 2873 2342 2941 τρόποις

768 2961 1196 3030 ἐξακριϐοῦσθαι
1262 2963 1354 3014 καὶ
1418 2961 1748 3030 ὁδηγοῦ-ιτας
1795 2962 1936 3030 ἐχειν
1985 2963 2110 3022 τοὺς
2165 2963 2342 3023 θείους

766 3055 1251 3122 νόμους.Ἐσονται
1287 3053 1463 3105 τοίνυν
1496 3055 1662 3122 άμφω
1690 3055 1756 3104 τά
1796 3054 1958 3122 μέρη,
2001 3054 2075 3114 ὠς
2101 3053 2338 3122 εἴρηται,

2441 601 2659 667 ῤ-“,θέντι
2692 601 2965 670 μονυδρίῳ
2997 602 3193 654 ἐαυτοῦ
3227 601 3411 653 δίκαια
3455 601 3657 666 εἱδήσει
3693 598 3787 649 καὶ
3818 613 4008 648 συναι-

2442 691 2586 742 νέσει
2616 691 2712 743 καὶ
2742 691 2934 762 γνώμῃ
2966 693 3058 744 καὶ
3084 691 3176 743 τοῦ
3209 691 3454 743 τοιούτου
3489 688 4005 757 τριακονταφύλλου

2445 782 2540 832 καὶ
2585 782 2894 834 ἀντιλαϐεῖν
2924 782 3058 851 παρ’
3089 782 3254 836 00:00
3283 784 3354 834 τά
3400 783 3622 834 τοιαῦτα
3673 780 4009 846 ἑϐδομηκον-

2441 870 2604 923 ταδύο
2635 872 2950 940 ὑπέρπυρα,
2978 873 3267 924 κάντεῦθεν
3297 874 3578 942 θαρρήσας
3601 867 3751 930 00:0;
3777 869 4008 921 ἐπέϐαλε

2443 962 2599 1028 χεῖρα
2642 960 2734 1011 ἐπὶ
2780 963 2844 1028 τῇ
2898 963 3235 1031 ὑποκειμένῃ
3285 961 3420 1030 τῷδε
3464 961 3539 1028 τῷ
3592 960 3858 1029 μονυδρίῳ
3908 959 4006 1024 γῇ.

2444 1050 2613 1118 ζεύγη
2670 1049 2808 1117 βοῶν
2865 1054 3273 1119 συστησάμενος
3333 1051 3430 1102 καὶ
3489 1054 3570 1112 εἰς
3628 1050 4011 1116 ζευγηλατεῖον

2447 1142 2909 1209 ἀποκαταστήσας
2937 1143 3125 1208 αὐτὴν,
3165 1143 3297 1211 πρδς
3329 1142 3385 1194 δέ
3415 1143 3508 1195 καὶ
3538 1143 3804 1210 ἀμπέλιον
3835 1157 4012 1194 κατα-

2445 1231 2716 1296 φυτεύσας
2762 1233 2855 1283 καὶ
2909 1232 3293 1299 ύδρολλύλωνας
3344 1235 3440 1285 καὶ
3484 1235 3648 1300 ’έτερα
3700 1235 3796 1283 οὐκ
3849 1233 4015 1292 ὀλίγα

2443 1324 2622 1374 ἐκεῖσε
2668 1322 3060 1392 προσθέμενος.
3103 1324 3165 1375 ’11
3205 1325 3333 1388 γοῦν
3366 1330 3651 1394 μετριότης
3697 1326 3853 1393 ήμῶν
3887 1341 4016 1374 συν·

2446 1411 2857 1479 διασκεψαμένη
2879 1414 2989 1472 τοῖς
3012 1416 3136 1480 περὶ
3160 1415 3333 1480 αὐτὴν
3354 1414 3670 1483 εερωτάτοις
3695 1411 4015 1482 ἀρχιερεῦσι

2446 1503 2542 1552 καὶ
2587 1502 2790 1567 ἄκυρον
2842 1502 3166 1570 ἡγησαμένη
3217 1504 3311 1554 καὶ
3351 1505 3584 1571 κρίνασα
3616 1503 3714 1572 τήν
3757 1502 4016 1568 τοιαύτην

2447 1590 2667 1658 πρᾶξιν,
2701 1592 2960 1659 ἄντικρυς
3005 1591 3300 1661 διάπρασιν
3329 1589 3520 1653 οὖσαν,
3551 1593 3647 1645 άτε
3696 1593 3802 1642 τῶν
3847 1591 4013 1658 ίερῶν

2449 1681 2693 1732 κανόνων
2719 1682 3056 1749 ἁνεκποίητα
3078 1684 3167 1734 τὸν
3192 1685 3281 1736 ἀεὶ
3305 1686 3496 1752 χρόνον
3522 1683 3808 1751 τυγχάνειν
3840 1701 3997 1752 παρα

2447 1774 2818 1841 κελευομένων
2848 1776 2912 1824 τά
2944 1775 3297 1844 ἀφιερωμένι
3330 1775 3469 1843 Θεῷ,
3511 1777 3707 1839 διέγνω
3737 1777 3830 1828 καὶ
3876 1779 4013 1826 ἀπε.

2443 1865 2671 1932 φήνατο,
2700 1866 2876 1916 τελεῖν
2918 1866 3314 1918 αὑτοδέσποτον
3344 1869 3520 1936 πάντη
3570 1868 3664 1919 καὶ
3713 1868 4017 1920 ἀκαταδού-

2442 1952 2610 2002 λωτον
2643 1953 2751 2004 ἀπὸ
2785 1954 2982 2015 παντὸς
3030 1956 3298 2023 κοσμικοῦ
3348 1957 3641 2026 προσώπου
3671 1958 3730 2008 τὸ
3773 1955 4020 2008 τοιοῦτον

2445 2041 2730 2110 μονύδριον
2759 2044 2858 2112 τῆς
2901 2047 3341 2115 Παχνιωτίσσης,
3383 2049 3478 2099 καὶ
3523 2048 3876 2114 ἀντιστρέψαι
3925 2046 4020 2096 τόν

2443 2133 2752 2202 δηλωθέντα
2787 2137 3021 2204 μοναχὸν
3056 2137 3323 2206 Βαρλαάμ
3345 2139 3428 2207 τῷ
3463 2139 3682 2208 ῥηθέντι
3708 2137 4019 2207 Φιλανθρω-

2443 2223 2619 2291 πηνῷ,
2649 2223 2792 2293 άπερ
2825 2224 2981 2275 ἔλαϐε
3013 2224 3146 2296 παρ’
3175 2227 3340 2278 00:00
3375 2225 3565 2280 τούτου
3595 2228 3758 2295 χάριν
3784 2226 4019 2293 ἑϐδομη-

2441 2315 2702 2367 κονταδύο
2729 2317 3047 2386 ὑπέρπυραο
3073 2317 3192 2370 ούδέ
3232 2318 3340 2388 γάρ
3371 2315 3519 2386 εἶχεν
3557 2318 3644 2370 ἐπ’
3667 2319 3847 2381 ἀδείας
3879 2321 4019 2381 ὃὶως

2441 2408 2602 2469 00:0;
2639 2411 2842 2476 πρᾶσιν
2876 2409 2968 2460 ἐπὶ
2997 2412 3112 2472 τοῖς
3139 2410 3406 2474 τοιούτοις
3439 2411 3729 2467 ποιεῖσθαι.
3777 2411 3929 2464 Ἐπεὶ
3961 2411 4018 2462 δέ

2440 2501 2469 2552 0
2504 2499 2791 2568 εἰρημένος
2825 2501 3284 2571 Φιλανθρωπηνὺς
3316 2503 3564 2556 άπαιτῶν
3591 2498 3658 2573 ἦν
3701 2504 3796 2565 τὰς
3841 2518 4016 2570 προσ-

2443 2589 2618 2659 θήκας
2686 2590 2883 2644 ἐαυτοῦ
2932 2591 3160 2654 καὶτὰς
3215 2591 3528 2660 βελτιώσεις
3561 2595 3654 2647 καὶ
3697 2595 3762 2646 τὰ
3808 2597 4021 2662 συστή-

2447 2696 2613 2746 ματα,
2655 2678 2866 2732 δίκαιον
2907 2680 3126 2751 ἐκρίθη,
3177 2681 3250 2744 ὡς
3303 2684 3369 2735 ἂν
3417 2684 3719 2746 ἐξετάσεως
3755 2685 4020 2753 ἀκριϐοῦς

2442 2771 2743 2840 γενομένης
2770 2773 2884 2839 μετ’
2909 2772 3209 2840 ἀσφαλείας
3233 2775 3330 2841 τῆς
3359 2776 3765 2845 προσηκούσης,
3789 2780 3885 2829 ὅσα
3919 2779 4023 2845 μὲν

2442 2864 2749 2933 ἀναφανείη
2782 2865 3068 2934 προσεῖναι
3111 2866 3210 2935 τὴν
3255 2867 3432 2935 ἀρχὴν
3477 2869 3553 2935 τῷ
3597 2870 3822 2938 τοιούτῳ
3855 2886 4024 2936 μονυ-

2443 2957 2578 3025 δρίῳ
2607 2955 2696 3009 διά
2730 2974 2788 3008 τε
2822 2959 3048 3010 εἰκόνων
3079 2957 3170 3010 καὶ
3207 2957 3451 3027 βιϐλίων,
3486 2960 3566 3011 ἐτι
3617 2961 3672 3013 δέ
3719 2962 4024 3030 κτημάτων

2445 3051 2537 3103 καὶ
2575 3050 2943 3119 πραγμάτων,
2993 3050 3051 3116 ἐξ
3083 3052 3209 3104 ὅτου
3256 3050 3501 3119 δηλονότι
3551 3052 3848 3105 ἐπελάϐετο
3892 3055 4024 3106 τού·

765 3144 862 3196 ἀπ’
889 3145 1134 3212 ἀλλήλων
1159 3143 1535 3212 διεζευγμένα,
1560 3144 1644 3194 ἐπ’
1669 3143 1848 3206 ἀδείας
1872 3145 2085 3212 ἔχοντα,
2112 3145 2337 3212 ἑτέροις,
2370 3161 2411 3218 c
2447 3159 2541 3193 του
2574 3144 2600 3194 ό
2640 3142 2802 3203 αὐτὸς
2833 3141 3312 3212 Φιλανθρωπηνδς,
3339 3146 3433 3196 καὶ
3467 3146 3569 3199 ὅσα
3599 3147 3650 3198 oi
3684 3147 4024 3215 φιλόχριστοι

765 3238 820 3289 εῐ
868 3253 930 3302 γε
978 3236 1271 3304 βούλοιντο,
1321 3237 1577 3304 ὁμιλῆσαι
1632 3237 1848 3303 γάμοις,
1904 3236 2340 3305 ἀντιστρέψαντα

765 3326 1055 3394 πρότερον,
1100 3325 1154 3377 εἴ
1201 3342 1254 3377 τι
1299 3327 1393 3377 καὶ
1433 3326 1560 3377 ὅσον
1612 3328 1845 3394 πρᾶγμα
1890 3327 2083 3395 ἀνήκει
2130 3326 2340 3390 τούτοις

765 3417 896 3485 παρ’
933 3418 1219 3483 ἐκατέρου.
1245 3415 1430 3468 Ταῦτα
1465 3415 1942 3484 παρεκϐληθέντα,
1973 3434 2028 3469 κ.
2057 3432 2108 3470 τ.
2136 3421 2196 3472 .1.

840 3595 905 3646 V.
945 3594 984 3662 τ
1020 3594 1167 3658 Μηνὶ
1197 3593 1275 3660 τῷ
1304 3592 1474 3657 αὐτῷ,
1513 3591 1577 3655 ιζ’
1607 3594 1808 3662 ἡμέρᾳ,
1841 3593 2100 3663 Δευτέρα,
2140 3596 2235 3646 ίνδ,
2271 3602 2342 3663 η’,

765 3688 1194 3757 προκαθημένου
1220 3686 1311 3737 τοῦ
1341 3687 1758 3752 παναγιωτάτου
1782 3688 1936 3755 ἡμῶν
1959 3687 2218 3739 δεσπότου
2247 3689 2344 3740 τοῦ

765 3777 1153 3844 οἰκουμενικοῦ
1202 3777 1546 3845 πατριάρχου
1579 3779 1637 3828 ἐν
1668 3778 1744 3844 τῷ
1795 3779 1944 3846 αύτῷ
1975 3781 2152 3848 τόπῳ,
2191 3797 2344 3830 συνε-

767 3871 1101 3939 δριαζόντων
1132 3872 1197 3938 τῇ
1250 3869 1462 3941 μεγάλῃ
1498 3867 1780 3939 ἁγιωσύνῃ
1816 3869 1984 3921 αὑτοῦ
2018 3870 2124 3922 τῶν
2159 3869 2344 3922 αὐτῶν

770 3965 1088 4031 ἐερωτάτων
1116 3963 1440 4032 ἀρχιερέων.

838 4055 881 4121 1'
920 4057 1173 4124 ΙΙαρέστη
1234 4059 1299 4124 τῇ
1359 4054 1520 4124 ήμῶν
1583 4055 1897 4125 μετριότητι
1949 4053 2344 4124 προκαθημένῃ

769 4148 1067 4208 συνοδικῶς
1096 4150 1121 4199 0
1145 4149 1342 4206 οἰκεῖος
1368 4145 1443 4214 τῷ
1469 4147 1750 4216 κρατίστῳ
1771 4148 1866 4198 καὶ
1895 4147 2036 4215 ἀγίῳ
2063 4164 2164 4216 μου
2191 4147 2350 4198 00:0-

770 4239 1004 4307 κρατορι
1047 4237 1155 4304 κῦρ
1200 4239 1453 4306 Ἰωάννης
1485 4242 1511 4289 ό
1543 4238 2069 4305 Τριακοντάφυλλος,
2099 4238 2193 4289 καὶ
2226 4237 2350 4289 ἀνέ-

769 4347 958 4400 φερεν,
994 4329 1069 4391 ὡς
1099 4332 1127 4382 0
1165 4329 1342 4399 πατὴρ
1377 4329 1543 4382 αὑτοῦ
1577 4332 1604 4382 0
1641 4331 1967 4400 Μονομάχος
2000 4333 2225 4397 ἐκεῖνος,
2255 4351 2350 4402 μο-

771 4422 982 4491 νύδριόν
1041 4437 1092 4472 τι
1156 4420 1491 4488 κεκτημένος
1553 4422 1616 4473 ἐκ
1679 4422 2031 4491 γονικότητος
2095 4424 2222 4492 περὶ
2289 4425 2348 4476 :0

773 4488 1012 4579 κάστρον
1051 4510 1144 4561 τοῦ
1188 4509 1524 4577 Ἐεαμιλίου,
1555 4511 1635 4572 είς
1683 4511 1853 4578 δνομα
1896 4488 2205 4582 τ-ιμῶμενοτν
2249 4514 2344 4581 τῆς
2377 4488 2426 4546 Ῑ)

773 4600 1087 4665 ύπεράγνου
1134 4599 1423 4664 δεσποίνης
1472 4598 1569 4651 καὶ
1625 4599 1970 4669 Θεομήτορος
2013 4604 2104 4654 καὶ
2159 4604 2348 4656 ἐπικε-

773 4689 1058 4756 κλημένης
1084 4688 1521 4757 Παχνιωτίσσης,
1554 4691 1766 4753 ἐξέδοτο
1807 4691 1964 4743 τοῦτο
2001 4693 2115 4760 ίδίῳ
2149 4695 2344 4746 ἐαυτοῦ

770 4781 1063 4848 γράμματι
1125 4778 1260 4847 πρὸς
1315 4777 1407 4830 τδν
1439 4817 1454 4831 .
1489 4817 1502 4831 .
1545 4815 1559 4830 .
1605 4819 1617 4831 .
1654 4779 1712 4830 ὸν
1765 4779 1929 4832 αὐτοῦ
1978 4782 2069 4832 τὸν
2114 4784 2347 4851 μοναχὸν

775 4867 1041 4934 Βαρλαάμ
1075 4867 1215 4935 μετά
1244 4867 1462 4920 πάντων
1494 4866 1602 4918 τῶν
1647 4867 1962 4935 προσόντων
1992 4869 2163 4938 αύτῷ.
2211 4872 2348 4922 Και-

775 4957 871 5028 ροῦ
901 4957 959 5010 δέ
1006 4955 1193 5008 ἱκανοῦ
1241 4957 1608 5026 παρελθόντος
1647 4956 2048 5025 δεξιωσάμενος
2086 4959 2277 5013 τοῦτον
2320 4961 2349 5012 0

769 5049 976 5108 οἰκεῖος
1001 5047 1078 5115 τῷ
1105 5046 1384 5116 κρατίστῳ
1412 5047 1506 5100 καὶ
1543 5047 1685 5116 ἀγίῳ
1718 5063 1818 5115 μου
1853 5047 2208 5117 αὐτοκράτορι
2243 5048 2348 5119 κῦρ

787 5139 1042 5206 Ίωάνιης
1086 5141 1114 5190 0
1159 5138 1640 5208 Φιλανθρωπηνδς,
1685 5139 1762 5208 τῷ
1810 5138 1987 5192 δοκεῖν
2048 5144 2168 5209 μέν,
2211 5143 2350 5212 ὅπερ

772 5230 886 5299 εἶχε
936 5233 1264 5299 κτητορικὸν
1313 5230 1526 5284 δίκαιον
1575 5231 1738 5304 ἐλαϐε
1786 5231 1918 5300 παρ⁹
1960 5231 2145 5295 αὑτοῦ,
2193 5235 2258 5302 τῇ
2304 5233 2349 5286 δ’

771 5321 1006 5390 ἀληθείᾳ
1039 5321 1352 5390 ἐξωνήσατο
1384 5321 1442 5372 τὸ
1469 5321 1714 5374 τοιοῦτον
1747 5321 2035 5390 μονύδριον
2076 5325 2156 5384 είς
2182 5324 2351 5393 ὑπέρ-

775 5431 928 5485 πυρα
973 5413 1464 5484 ἐϐδομήκονταδύο,
1515 5414 1576 5466 δν
1621 5414 1685 5484 δὴ
1732 5414 1936 5484 τρόπον
1981 5417 2075 5468 καὶ
2118 5416 2181 5469 :0
2215 5421 2351 5488 πρὸς

775 5508 940 5558 αὑτὸν
976 5506 1197 5575 γεγονὸς
1249 5506 1485 5575 γράμμα
1536 5505 1814 5571 διέξεισιν,
1845 5507 1968 5560 ὅθεν
2017 5507 2172 5571 00:0;
2217 5510 2280 5578 δὴ
2326 5513 2353 5564 ό

776 5599 1283 5669 Τριακοντάφυλλος
1325 5599 1712 5669 άντικριθῆναι
1745 5599 1824 5668 τῷ
1853 5599 2004 5670 αὐτῷ
2043 5599 2353 5670 Φιλανθρωο

775 5692 936 5762 πηνῷ
966 5691 1181 5762 ἐδεήθη.
1216 5690 1414 5762 Παρὼν
1444 5692 1501 5744 δὲ
1532 5693 1628 5745 καὶ
1656 5691 1818 5754 αὐτὸς
1865 5693 1961 5746 καὶ
1987 5694 2097 5746 τῶν
2129 5695 2356 5764 εἰρημέ-

783 5803 890 5840 νων
925 5786 1350 5855 ἐπακροώμενοέ
1390 5785 1675 5839 διετείνετο
1709 5786 1959 5842 ἐκδοῦναι
2007 5787 2158 5858 αὑτῷ
2207 5788 2354 5841 τόνδε

2445 3229 2744 3298 θεραπείας
2793 3230 3182 3301 εὐμοιροῦντες
3224 3232 3380 3302 παρά
3421 3231 3518 3299 τῆς
3560 3234 3904 3305 Θεομήτορος
3947 3236 4022 3302 τῷ

2444 3321 2578 3388 πρὸς
2599 3321 2769 3385 αὐτὴν
2799 3321 2986 3391 θερμῷ
3013 3323 3184 3390 πόθῳ,
3210 3323 3584 3390 προσενέξεως
3613 3325 3773 3392 χάριν
3802 3340 4020 3374 συνεισ-

2443 3411 2638 3478 έφερον
2696 3415 2876 3464 ἐκεῖσε
2927 3415 3017 3467 διά
3061 3430 3121 3480 τε
3162 3415 3387 3482 κόσμων
3424 3413 3719 3481 ίερῶνκαὶ
3769 3413 4018 3482 βιϐλίων,

2449 3503 2816 3569 εὐρίσκωνται
2873 3501 3042 3554 ταῦτα
3104 3504 3196 3554 καὶ
3259 3503 3424 3554 πάλιν
3481 3505 3858 3572 ἀναφαιρέτως
3920 3507 4027 3556 ὑπ’»

2447 3594 2606 3644 τοῦτο
2635 3592 2698 3662 δή
2733 3593 2791 3643 :0
2822 3594 3133 3660 μονύδριον,
3167 3596 3266 3646 ὅσα
3303 3595 3346 3644 δ’
3383 3595 3441 3658 ἐξ
3482 3597 3700 3647 οἰκείων
3733 3595 4031 3662 ἀναλωμά-

2449 3703 2555 3737 των
2585 3684 2669 3737 ὅδε
2703 3686 2730 3736 ό
2759 3684 3219 3755 Φιλανθρωπηνὸς
3250 3687 3550 3753 προσέθετο
3568 3690 3628 3740 ἐν
3652 3688 3818 3754 αὐτῷ,
3850 3688 3900 3738 εἰ
3927 3690 4028 3756 μέν

2449 3777 2658 3846 αὲροῖτο
2703 3775 2802 3828 καὶ
2838 3775 3085 3845 βούλοιτο
3133 3778 3292 3829 ἐᾶσαι
3342 3779 3517 3831 ταῦτα
3560 3778 3794 3847 ψυχικῆς
3838 3777 4029 3830 ἕνεκεν

2449 3866 2645 3919 ἐαυτοῦ
2681 3866 2981 3935 σωτηρίας,
3013 3865 3072 3919 εὖ
3115 3867 3180 3920 ἄν
3217 3863 3310 3920 κᾶὶ
3342 3868 3684 3935 καλῶς,ἐχοιο
3727 3871 3776 3920 εί
3814 3867 3858 3919 δ’
3905 3863 4023 3931 οὖν,

2450 3959 2589 4028 λάϐῃ
2616 3957 2790 4012 ταῦτα
2834 3958 2929 4009 καὶ
2975 3957 3218 4026 ὑπεκστῇ
3252 3958 3352 4026 τῆς
3381 3975 3441 4011 τε
3472 3960 3713 4028 κατοχῆς
3761 3947 3856 4012 καί
3896 3962 4032 4026 ἐφο-

2453 4053 2606 4121 ρείας
2656 4047 2847 4113 αὑτοῦ,
2899 4049 3199 4118 ἀπέχοντος
3251 4052 3463 4103 ἐκεῖθεν
3520 4053 3658 4104 κατά
3700 4053 3791 4104 τὸν
3837 4053 4031 4120 ὅμοιον

2451 4144 2652 4213 τρόπον
2695 4143 2792 4196 καὶ
2846 4142 2940 4192 τοῦ
2980 4142 3225 4193 τοιούτου
3274 4141 4033 4210 Τριακονταφύλλου,-μόνων

2451 4235 2558 4285 τῶν
2591 4235 2874 4303 κτητόρων
2901 4233 3000 4302 τὴν
3031 4233 3239 4302 συνήθη
3275 4236 3498 4303 μνήμην
3530 4235 3781 4302 ἐχόντων,
3811 4236 3908 4288 άτε
3934 4236 4032 4286 τοῦ

2453 4324 2596 4376 κατὰ
2625 4324 2715 4375 τὸν
2745 4324 2909 4376 τόπον
2939 4325 3248 4377 ἐπισκόπου
3274 4326 3374 4392 τὴν
3401 4325 3781 4393 πνευματικὴν
3809 4327 4038 4394 ἀνάκρι-

2457 4437 2541 4471 σιν
2571 4420 2666 4472 ἐπὶ
2698 4421 2875 4489 τούτῳ
2909 4420 3055 4488 ἔχειν
3083 4420 3394 4486 ὀφείλοντος
3432 4421 3569 4472 κατά
3605 4421 3704 4487 τὴν
3731 4422 3837 4471 τῶν
3864 4422 4034 4489 ἱερῶν

2455 4511 2696 4566 κανόνων
2757 4511 2963 4580 ἀκριϐῆ
3015 4513 3420 4581 παρατήρησιν.
3488 4513 3622 4578 Περὶ
3682 4512 3864 4578 μέντοι
3913 4512 4035 4578 ίτῆε

2455 4603 2832 4669 κατασπορᾶς,
2862 4602 2926 4670 ἣν
2950 4602 3041 4653 ἐπὶ
3071 4605 3135 4669 τῇ
3169 4601 3400 4670 ῥηθείσῃ
3437 4599 3529 4652 τοῦ
3567 4601 3852 4669 μονυδρίου
3895 4604 3965 4669 γῇ
4007 4603 4039 4652 0

2453 4687 2774 4755 διαληφθεὶς
2804 4673 3264 4755 Φὶλανθρωπηνὸς
3292 4687 3670 4756 κατέσπειρεν,
3700 4688 3906 4757 ἐτάχθη
3940 4694 4037 4740 καὶ

2454 4778 2778 4846 διεγνώσθη,
2811 4780 2886 4839 ὡς
2922 4777 3010 4844 ἂν,
3041 4779 3162 4831 ἐπεὶ
3200 4779 3342 4848 καλῇ
3385 4781 3569 4848 πίστει
3619 4779 3688 4830 τὰ
3733 4781 4038 4848 σπέρματα

2456 4868 2790 4920 κατεϐάλετο
2831 4870 2888 4919 ἐν
2921 4868 3061 4936 αὐτῇ
3105 4867 3258 4928 ίδὶοις
3311 4847 3486 4930 πόνοις
3522 4847 3631 4919 ’καὶ
3679 4847 4033 4937 ἀναλώμασι,

2459 4959 2753 5029 συγκλείσῃ
2782 4960 2876 5011 καὶ
2909 4959 3197 5030 συναγάγῃ
3224 4959 3399 5012 ταῦτα
3438 4960 3808 5034 ἀνενοχλήτως
3849 4962 4036 5030 πάντη

2457 5054 2549 5104 καὶ
2598 5050 2981 5114 άδιασείστως,
3029 5050 3169 5122 λάϐῃ
3221 5069 3279 5103 τε
3330 5052 3426 5104 καὶ
3475 5051 3573 5119 τήν
3617 5051 3879 5120 ήμίσειαν
3926 5053 4037 5104 τῶν

2459 5141 2856 5212 ὐδρομυλώνων
2911 5142 3124 5209 μερίδα,
3173 5143 3266 5194 καὶ
3319 5143 3454 5210 ὅσην
3507 5145 3588 5206 εἰς
3637 5143 3705 5196 τὰ
3747 5145 4038 5212 οἰκήματα

2458 5231 2842 5308 κατηνάλωσεν
2873 5231 3074 5296 ἔξοδον,
3114 5234 3276 5299 εῖπερ
3311 5231 3436 5284 οὔτε
3464 5232 3816 5302 ὐδρομύλωνα
3843 5235 4035 5302 εὗρεν,

2460 5323 2620 5392 ήνίκα
2649 5321 2950 5374 ἐπελάϐετο
2983 5322 3078 5373 τοῦ
3124 5323 3370 5375 τοιούτου
3421 5324 3730 5393 μονυδρίου,
3761 5325 3888 5379 οὔτε
3927 5328 4040 5396 μὴν

2459 5417 2755 5484 οἰκήματα,
2786 5416 2880 5467 ἐπὶ
2905 5414 2962 5466 δέ
2987 5431 3049 5482 γε
3077 5417 3155 5484 τῷ
3187 5417 3658 5484 καταφυτευθέντι
3701 5417 3832 5488 παρ’
3866 5420 4037 5471 αὑτοῦ

2462 5505 2717 5576 ἀμπελίῳ
2769 5507 3025 5579 κρατήσῃ
3075 5510 3107 5577 ή
3161 5509 3362 5579 τοπική
3416 5509 3677 5579 συνήθεια
3746 5511 3890 5563 κατά
3945 5513 4038 5563 τον

2461 5599 2769 5667 γεωργικὸν
2797 5600 2983 5668 νόμον.
3010 5599 3204 5651 Τοίνυν
3235 5604 3327 5652 καὶ
3371 5600 3578 5670 ὀφείλει
3612 5602 3928 5671 πραχθῆναι
3971 5607 4038 5657 τα

2465 5694 2593 5756 περὶ
2624 5690 2815 5741 τούτου
2851 5692 2993 5742 κατὰ
3027 5689 3122 5760 τὴν
3152 5690 3439 5760 συνοδικήν
3471 5692 3676 5763 ταύτην
3707 5694 3802 5744 καὶ
3828 5697 4039 5763 ημετέη

2470 5803 2567 5856 ρτν
2592 5784 2900 5851 διάγνωσιν.
2933 5784 3117 5837 Ταᾶτα
3146 5785 3618 5856 παρεκϐληθέντα,
3649 5804 3708 5840 κ.
3739 5803 3794 5841 τ.
3827 5789 3892 5841 λ.
