4360 6472
815 365 951 427 1215

961 507 1521 520 nun-~—

818 509 1865 540 =___._._____

1823 365 2031 425 JOAN.
2076 365 2380 425 CALEC:E
2422 367 2527 424 Cl’.
2574 365 3076 436 PATRMRCHE

1525 507 3924 544 Μ

3905 351 4046 425 1216

1709 659 2348 774 JOANNES
2460 656 3140 772 CALECAS.

1648 984 1983 1040 ΚΩΔΙΚΙΟΝ
2008 982 2143 1038 ΤΩΝ
2174 981 2574 1039 ΣΥΝΟΔΙΚΩΝ
2609 981 3234 1038 ΠᾹΡΔΣΗΜΕΙΩΣΕΩΝ

2287 1102 2594 1156 ΓΕΓΟΝΟΣ

980 1226 1092 1280 ΕΠΙ
1121 1224 1257 1278 ΤΩΝ
1289 1219 1573 1276 ΗΜΕΡΩΝ
1604 1221 1744 1274 ΤΟΥ
1775 1217 2307 1273 [ΙΑΝΛΓΙΩΤΑΤΟΥ
2329 1216 2693 1271 ΔΕΣΠΟΤΟΥ
2722 1216 2859 1271 ΤΟΥ
2883 1217 3875 1272 ΟΙΚΟΥΜΕΝΙΚΟΥΠΔΤΡΙΔΡΧΟΥ

1921 1342 2062 1394 ΚΥΡ
2115 1339 2418 1394 ΙΩΑΝΝΟΥ
2453 1339 2589 1394 ΤΟΥ
2639 1340 2949 1396 ΚΔΛΕΚΔ.

816 1553 856 1603 Ι.
893 1551 1122 1605 Joannes
1152 1551 1372 1607 Calecas
1414 1557 1649 1608 concedit
1699 1553 1913 1623 [gnatio
1954 1552 2232 1607 Calolheto
2274 1566 2381 1604 mo-
2417 1557 2458 1610 Λ
2490 1549 2538 1602 τί

2350 1567 2381 1600 ν.
2417 1557 2458 1610 Α
2490 1549 2587 1616 τὴν
2622 1545 3053 1617 Πετραλοιφίναν
3083 1547 3455 1616 εἰσαγομένην
3480 1551 3619 1602 κατὰ
3651 1550 3866 1620 πρῶτον
3897 1553 4072 1607 ὕπνον

1308 1625 1596 1676 παειενὶιιηι
1642 1623 1924 1678 Soslhem'i.

886 1735 925 1803 -ι-
977 1734 1038 1786 Ἠ
1080 1735 1374 1804 μετριότης
1432 1736 1595 1804 ήμῶν
1628 1737 1718 1789 διά
1766 1735 1860 1788 τοῦ
1893 1721 2166 1803 παρόντος
2215 1735 2386 1804 αὐτῆς

817 1826 1145 1894 γράμματος
1177 1826 1615 1894 παρακελεύεται
1661 1824 1801 1880 εἶναι
1837 1830 1929 1880 τὸν
1969 1825 2299 1895 τιμιώτατον
2329 1827 2387 1879 ἑν

819 1919 1214 1986 ἱερομονάχοις,
1267 1921 1325 1972 ὲν
1360 1919 1500 1989 ἁγίῳ
1566 1919 1844 1988 Πνεῦματι
1875 1920 2161 1988 ἀγαπητὸν
2215 1919 2387 1988 αὐτῆς

819 2012 955 2074 υἱὸν,
1003 2012 1108 2081 κῦρ
1155 2013 1414 2079 Ἰγνάτιον
1457 2013 1549 2064 τὸν
1581 2011 1890 2066 Καλόθετον
1940 2017 1998 2067 ὲν
2034 2016 2238 2082 κατοχῇ
2289 2013 2384 2066 τοῦ

818 2100 944 2166 περὶ
993 2100 1083 2152 τὸν
1135 2101 1436 2155 Ἀνάπλουν
1481 2101 1833 2171 διακειμένου
1884 2104 2249 2172 μοναστηρίου
2293 2105 2385 2157 τοῦ

815 2193 894 2253 εἰς
925 2191 1096 2260 ὄνομα
1125 2193 1437 2262 τιμωμένου
1474 2192 1568 2246 τοῦ
1603 2194 1787 2263 τιμίου
1819 2193 2114 2265 ταξιάρχου
2140 2194 2248 2248 τῶν
2275 2196 2388 2250 άνω

815 2281 1106 2351 δυνάμεων
1127 2285 1349 2355 Μιχαὴλ
1392 2287 1487 2340 καὶ
1539 2288 1976 2358 ὲπικεκλημένου
2031 2285 2129 2342 τοῦ
2173 2287 2388 2342 Σωσθε-

813 2377 952 2438 νίου,
999 2377 1141 2430 ὥστε
1191 2379 1492 2431 ἀπολαύειν
1541 2380 1700 2433 τοῦτό
1749 2398 1808 2433 τε
1849 2381 1942 2435 καὶ
1991 2382 2059 2436 τά
2112 2382 2388 2453 προσόντα

811 2467 962 2535 αὐτῷ
991 2470 1248 2536 κτήματα
1267 2469 1367 2538 τῆς
1396 2470 1564 2524 αὑτοῦ
1597 2472 1853 2542 ἐφορείας
1881 2472 1975 2526 καὶ
2006 2475 2385 2544 πνευματικῆς

811 2558 1179 2626 ἐπισκέψεως,
1219 2560 1342 2613 ὅθεν
1378 2562 1474 2613 καὶ
1504 2561 1835 2632 ἐπιλήψεται
1867 2564 1963 2617 τοῦ
2010 2565 2253 2618 τοιούτου
2289 2584 2386 2636 μο-

813 2651 1108 2720 ναστηρίου
1146 2653 1239 2705 καὶ
1290 2653 1400 2706 τῶν
1433 2654 1526 2707 ὑπ’
1576 2655 1727 2720 αὐτὸ,
1776 2657 1870 2710 καὶ
1924 2657 2014 2709 ἐπ’
2046 2657 2230 2722 ἀδείας
2273 2658 2386 2723 ἱξει

815 2746 1074 2814 συνιστᾷν
1101 2746 1196 2798 καὶ
1247 2744 1493 2813 βελτιοῦν
1543 2748 1638 2799 καὶ
1685 2748 1939 2813 ὲπαύξειν
1963 2749 2031 2802 τὰ
2075 2750 2197 2803 κατ’
2230 2750 2383 2816 αὐτὸ,

815 2837 1063 2906 κατέχων
1118 2837 1277 2891 τοῦτο
1334 2839 1714 2909 ἁναφαιρέτως
1767 2841 1864 2895 καὶ
1923 2843 2385 2908 ἀναποσπάστως,

815 2935 896 2986 ἔτι
943 2951 1005 3002 γε
1045 2934 1152 3003 μὴν
1191 2934 1484 3003 ἀταράχως
1533 2933 1626 2986 καὶ
1665 2933 2036 3003 άνενοχλήτως
2082 2934 2168 2987 διὰ
2204 2935 2388 3005 πάσης

817 3028 979 3081 αὑτοῦ
1031 3027 1130 3096 τῆς
1165 3026 1310 3096 ζωῆς
1335 3042 1348 3054 ·
1380 3027 1468 3079 διὰ
1514 3026 1672 3080 τοῦτο
1703 3026 1977 3094 ὀφείλουσι
2010 3027 2104 3080 καὶ
2145 3027 2195 3079 οἰ
2227 3030 2285 3079 ὲν
2310 3027 2387 3096 τῷ

823 3120 1177 3190 μοναστηρίῳ
1227 3119 1361 3188 τῷδε
1417 3119 1801 3187 εὑρισκόμενοι
1855 3119 2083 3188 μοναχοὶ
2118 3117 2386 3181 εὐπειθῶς

816 3216 962 3281 ἔχειν
1002 3212 1138 3281 πρὸς
1185 3211 1276 3263 τὸν
1312 3210 1460 3280 παρά
1499 3209 1692 3262 τούτου
1737 3209 2256 3281 άποταχθησόμενον
2292 3211 2387 3263 ἐπὶ
2433 3253 2437 3257 .

816 3309 882 3374 τῇ
923 3306 1186 3373 διοικήσει
1220 3302 1410 3356 τούτου
1443 3303 1538 3355 καὶ
1580 3301 1888 3371 διεξαγωγῇ
1922 3301 2015 3354 καὶ
2060 3304 2179 3364 ταῖς
2223 3301 2386 3355 αὑτοῦ

821 3397 1216 3466 πνευματικαῖς
1267 3394 1622 3464 εἰσηγήσεσιν
1676 3393 1999 3446 ὑποκεῖσθαι
2037 3394 2132 3446 καὶ
2162 3393 2388 3462 πειθαρ-

814 3491 952 3556 χεῖν.
1004 3489 1098 3550 Εἰς
1128 3487 1236 3556 γὰρ
1288 3489 1390 3554 τήν
1447 3487 1575 3556 περὶ
1615 3485 1806 3538 τούτου
1841 3485 2147 3553 ἀσφάλειαν
2197 3486 2386 3552 γέγονε

817 3583 910 3632 καὶ
961 3580 1191 3649 ἐπεδόθη
1222 3578 1301 3648 τῷ
1350 3577 1500 3647 αὑτῷ
1545 3579 1863 3647 τιμιωτάτῳ
1902 3579 1960 3629 ἐν
2015 3577 2387 3647 ἰερομονάχοις

819 3675 923 3740 κῦρ
967 3672 1214 3740 Ἰγνατίῳ
1261 3672 1355 3724 καὶ
1388 3671 1448 3724 τὸ
1479 3672 1652 3740 παρὸν
1695 3670 1931 3740 γράμμα
1959 3670 2059 3738 τῆς
2094 3668 2249 3740 ήμῶν
2287 3686 2388 3738 με-

816 3769 1116 3839 τριότητος,
1154 3768 1283 3838 μηνὶ
1325 3767 1530 3837 Ἰουλίῳ
1561 3766 1657 3818 ἰνδ.
1685 3763 1747 3820 ε’.

813 3901 1129 3974 ILSyuodus
1148 3901 1565 3956 excommunicat
1595 3898 1981 3969 metropolitam
2005 3897 2387 3968 Philipporum.

1173 4017 1213 4082 -ι-
1246 4013 1581 4083 Καθαίρεσις
1603 4012 1695 4066 τοῦ
1724 4001 2034 4067 Φιλίππων.

885 4135 925 4205 ηι-
969 4130 1225 4202 Ὲκινήθη
1279 4131 1373 4182 ἐπὶ
1406 4129 1505 4198 τῆς
1563 4127 1687 4181 καθ’
1716 4127 1864 4196 ήμᾶς
1913 4127 2066 4195 ἰερᾶς
2116 4128 2211 4179 καὶ
2241 4125 2391 4191 θείας

2489 1644 2640 1712 παρά
2674 1641 2770 1696 τοῦ
2805 1643 3096 1710 ἀνθρώπου
3137 1642 3231 1696 τοῦ
3281 1644 3704 1711 μητροπολίτου,
3737 1647 3831 1699 τοῦ
3874 1647 4071 1702 Ἀλσα-

2487 1736 2632 1788 νίτου
2661 1733 2880 1803 Μιχαὴλ
2911 1733 3000 1787 διά
3032 1734 3132 1802 τῆς
3157 1733 3328 1804 αὐλῆς
3356 1735 3450 1786 τοῦ
3488 1737 3851 1807 μοναστηρίου
3893 1741 3978 1802 εἰς
4006 1741 4070 1791 τι

2488 1824 2698 1877 κελλίον
2737 1825 2831 1876 τοῦ
2881 1826 3305 1895 μητροπολίτου,
3344 1827 3562 1896 ἀνδρῷα
3595 1827 3871 1897 φοροῦσαν
3915 1831 4073 1883 ἐνδύ-

2490 1934 2658 1981 ματα,
2693 1917 2787 1970 καὶ
2821 1917 2988 1970 πάλιν
3016 1917 3266 1984 ἐξιοῦσαν
3309 1920 3428 1987 μετ’
3460 1918 3628 1972 αὑτοῦ
3673 1920 3766 1973 τοῦ
3812 1921 4066 1975 Ἀλϐανί-

2485 2021 2581 2062 του
2617 2008 2758 2061 κατά
2789 2008 2883 2063 τὸν
2910 2008 3100 2078 καιρὸν
3140 2008 3233 2062 τοῦ
3267 2009 3468 2080 δρθρου
3489 2025 3504 2040 ⁶
3539 2011 3803 2076 ὡσαύτως
3833 2013 4070 2068 ἔϐλεπον

2488 2102 2658 2172 αὐτὴν
2684 2103 2776 2155 καὶ
2805 2102 2947 2155 κατὰ
2973 2102 3266 2172 διαφόρους
3297 2103 3510 2174 ἡμέρας
3543 2106 3941 2177 εἰσερχομένην
3970 2107 4070 2160 καὶ

2488 2194 2855 2263 ἐξερχομὲνην
2886 2194 3157 2263 φανερῶς.
3200 2213 3219 2246 ι

2556 2285 2597 2356 1-
2639 2305 2656 2338 ι
2706 2285 2848 2354 Ἐγὼ
2889 2287 2918 2339 6
2977 2285 3329 2358 ἰερομόναχος
3375 2287 3632 2357 Ίερόθεος
3669 2290 3853 2358 λέγω·
3892 2289 4068 2345 Εὐλο-

2491 2381 2659 2448 γητὸς
2702 2381 2730 2432 6
2759 2378 2890 2441 Θεὸς
2921 2381 3014 2432 καὶ
3060 2379 3248 2449 Πατήρ
3301 2380 3396 2433 τοῦ
3433 2381 3644 2452 Κυρίου
3683 2383 3842 2450 ἡμῶν
3885 2383 4068 2452 Ἰησοῦ

2487 2470 2727 2540 Χριστοῦ
2758 2472 2786 2523 6
2822 2471 2899 2525 ὢν
2952 2474 3031 2535 εἰς
3075 2471 3201 2535 τοὺς
3251 2472 3478 2537 αἰῶνας,
3526 2473 3586 2526 οὐ
3635 2473 3930 2544 ψεύδομαι,
3968 2477 4070 2528 καὶ

2486 2565 2676 2635 ὀμνύω
2705 2567 2785 2627 εἰς
2815 2566 2884 2618 τά
2919 2568 3049 2633 άγια
3080 2566 3390 2634 Εὑαγγέλια
3421 2567 3515 2620 τοῦ
3556 2567 3717 2634 Θεοῦ,
3752 2569 3834 2622 δτι
3869 2571 3902 2638 ή
3936 2569 4072 2622 ὑπο-

2487 2658 2796 2729 πτευομένη
2848 2659 3248 2728 Πετραλοιφίνα
3300 2660 3501 2730 ἤρχετο
3557 2661 3818 2723 πολλάκις
3873 2662 3955 2721 εἰς
4005 2663 4071 2714 τὸ

2488 2749 2700 2804 κελλίον
2728 2750 2825 2804 τοῦ
2874 2752 3286 2821 μετροπολίτου,
3331 2753 3429 2806 καὶ
3471 2753 3730 2822 συνήσθιε
3778 2753 3871 2806 καί
3908 2756 4070 2806 συνέ-

2494 2857 2612 2893 πινε
2641 2842 2736 2894 καὶ
2793 2842 3221 2912 συνδιημέρευεν
3250 2843 3420 2912 αὐτῷ,
3476 2844 3571 2895 καὶ
3611 2845 3878 2912 ἐξήρχετο
3932 2847 4069 2898 ποτε

2498 2931 2596 2999 μὲν
2635 2931 2849 3000 ἡμέρας
2877 2932 3069 3004 οὔσης,
3119 2935 3249 2987 ποτὲ
3278 2935 3334 2987 δὲ
3384 2935 3591 2998 νυκτὸς,
3632 2936 3775 2999 ἰδίως
3801 2936 3856 2988 δὲ
3901 2937 4072 2988 διεσίς

2494 3022 2661 3074 ϐασεν
2690 3021 2839 3084 ὲντδς
2881 3022 2978 3075 τοῦ
3020 3025 3232 3078 κελλίου
3279 3026 3376 3079 τοῦ
3412 3026 3812 3097 μητροπολίτου
3862 3029 4070 3098 νυχθή-

2497 3130 2641 3183 μερα
2657 3113 2783 3182 τρία
2807 3129 2820 3143 ⁸
2845 3115 2932 3167 ὅτε
2953 3114 3010 3168 δὲ
3037 3117 3326 3187 συνήσθιον
3352 3119 3445 3170 καὶ
3465 3120 3774 3181 συνέπινον,
3794 3121 3926 3171 ποτὲ
3965 3122 4069 3187 μὲν

2495 3204 2851 3272 παριστάμην
2883 3206 2978 3257 καὶ
3009 3207 3316 3277 ὑπηρέτουν
3344 3209 3548 3274 αὐτοῖς,
3581 3209 3713 3263 ποτε
3738 3209 3793 3261 δὲ
3817 3209 4069 3278 καθήμε-

2495 3312 2580 3359 νος
2613 3295 2802 3365 ἤσθιον
2831 3298 2922 3348 καὶ
2954 3297 3064 3363 ἐγὼ
3105 3299 3271 3362 ἰδίως.
3312 3321 3330 3353 ι

2567 3393 2606 3454 1·
2654 3409 2670 3439 ι
2717 3389 2860 3457 Ἐγὼ
2891 3390 3196 3460 Γρηγόριος
3225 3395 3457 3464 μοναχδς
3489 3399 3581 3448 καὶ
3607 3395 3852 3457 διάκονος
3883 3395 4030 3462 λέγω
4054 3412 4070 3427 ⁸

2499 3482 2804 3552 Εὐλογητὸς
2833 3483 2861 3534 6
2894 3484 3026 3545 Θεὸς
3053 3485 3150 3536 καὶ
3189 3486 3378 3558 Πατὴρ
3401 3486 3498 3540 τοῦ
3530 3488 3734 3556 Κυρίου
3768 3488 3925 3556 ήμῶν
3966 3487 4073 3556 Ἰη-

2498 3573 2590 3625 σοῦ
2627 3574 2863 3642 Χριστοῦ
2894 3575 2921 3625 6
2948 3573 3024 3625 ῶν
3044 3576 3125 3638 εἰς
3150 3578 3277 3640 τοὺς
3302 3579 3528 3642 αἰῶνας,
3554 3579 3616 3630 ού
3650 3579 3944 3648 ψεύδομαι,
3977 3584 4075 3633 καὶ

2494 3665 2683 3734 ὀμνύω
2738 3665 2818 3726 εἰς
2844 3665 2910 3718 τὰ
2941 3664 3072 3732 άγια
3120 3667 3215 3721 τοῦ
3267 3669 3403 3721 Θεοῦ
3437 3670 3768 3738 Εὐαγγέλια,
3821 3672 3901 3723 ὅτι
3933 3670 4077 3722 εἶδον

2496 3759 2598 3827 τὴν
2657 3759 3111 3828 ὕποπτευομένην
3165 3761 3596 3830 Πετραλοιφίναν
3674 3765 4077 3833 εἰσερχομένην

2495 3853 2585 3906 διὰ
2608 3855 2719 3920 τῆς.
2733 3852 2903 3922 αὐλῆς
2929 3852 3020 3905 τοῦ
3052 3855 3422 3924 μοναστηρίου
3447 3854 3541 3907 καὶ
3572 3855 3962 3926 ἀπερχομένην
3993 3858 4075 3918 εἰς

2496 3944 2558 3998 τὸ
2589 3944 2799 3998 κελλίον
2834 3945 2928 3996 τοῦ
2979 3946 3383 4013 μητροπολίτΟυ
3416 3948 3556 4015 μετά
3601 3948 3692 3999 καὶ
3735 3949 3942 4018 ἑτέρων
3975 3965 4077 4014 γυο

2498 4037 2703 4091 ναικῶν
2729 4036 2900 4104 αὐτῆς
2943 4037 3224 4106 τεσσάρων
3252 4039 3393 4090 κατὰ
3444 4039 3536 4091 τὸν
3575 4040 3769 4109 καιρὸν
3800 4041 3903 4109 τῆς
3929 4041 4076 4109 ψαλ-

2503 4127 2708 4198 μῳδίας
2747 4127 2842 4180 τοῦ
2877 4127 3292 4195 μεσονυκτικοῦ,
3323 4130 3416 4181 καὶ
3445 4129 3657 4194 ἄλλοτε,
3687 4131 3776 4182 ὅτε
3808 4131 4078 4198 έψάλλετο

817 4227 1039 4279 συνόδου
1072 4223 1216 4276 κατὰ
1246 4221 1342 4274 τοῦ
1379 4220 1780 4291 μητροπολίτου
1809 4217 2092 4272 Φιλίππων
2121 4218 2394 4272 καθοσιώ-
2421 4243 2462 4297 C
2500 4225 2532 4291 ή
2571 4222 2809 4292 τετάρτη
2841 4220 2952 4291 ᾠδή
2982 4220 3119 4282 κατά
3144 4221 3235 4275 τὸν
3261 4222 3479 4293 ὄρθρον,
3508 4224 3643 4292 μετά
3666 4222 3758 4276 δύο
3793 4226 4079 4292 γυναικῶν

817 4334 953 4380 σεως
1021 4316 1298 4384 ἔγκλημα,
1352 4312 1583 4375 οῦτινος,
1639 4312 1717 4374 ὼς
1767 4311 1936 4375 εἰκὸς,
1997 4310 2388 4380 ἐξεταζομένου

817 4409 1096 4478 παρουσίᾳ
1128 4409 1220 4459 καὶ
1268 4408 1366 4458 τοῦ
1408 4406 1702 4475 κρατίστου
1749 4403 1844 4456 καὶ
1874 4404 2031 4470 άγίου
2065 4420 2170 4472 μου
2226 4403 2387 4455 αὖτο-

817 4502 1082 4569 κράτορος
1115 4496 1317 4568 μεταξὺ
1344 4497 1452 4549 τῶν
1484 4495 1734 4565 περὶτοῦ
1768 4495 2007 4548 τοιούτου
2046 4492 2388 4563 ἐγκλήματος

814 4593 1123 4660 λεγομένων
1155 4589 1394 4659 ἀνέκυψέ
1429 4607 1515 4652 τις
1552 4588 1714 4658 ἑτέρα
1760 4588 2065 4657 κατηγορία
2109 4587 2390 4656 ἐγκλήμα-

814 4700 900 4744 τος
944 4668 1215 4751 μοιχικοῦ,
1252 4682 1379 4748 περὶ
1414 4675 1475 4733 οὗ
1505 4679 1598 4730 καὶ
1627 4676 1827 4746 πολλῆς
1859 4677 1954 4729 καὶ
1984 4675 2246 4745 ἀκριϐοῦς
2274 4675 2390 4740 ἐξε-

816 4776 1026 4836 τάσεως
1072 4774 1372 4842 γενομένης
1405 4772 1501 4840 ούχ
1535 4771 1685 4835 ἅπαξ
1737 4771 1829 4822 καὶ
1883 4769 1963 4830 δὶς
1995 4768 2089 4822 καὶ
2142 4770 2262 4837 τρὶς
2297 4767 2390 4819 καὶ

819 4868 1102 4929 πολλάκις,
1150 4865 1451 4936 ἐπειδήπερ
1483 4865 1668 4932 ἐδέησε
1703 4861 2000 4932 μαρτύρων
2042 4862 2118 4924 εἰς
2164 4864 2261 4929 τὴν
2291 4861 2389 4928 τῆς

815 4958 1073 5024 ἀληθείας
1110 4958 1329 5027 εὕρεσιν
1363 4957 1456 5010 καὶ
1489 4954 1856 5025 παράστασιν,
1883 4951 2253 5022 παρήχθησαν
2280 4952 2388 5003 ἀπὸ

809 5055 919 5108 τῶν
953 5053 1367 5123 ὲνασκουμένων
1401 5049 1652 5120 μοναχῶν
1675 5050 1743 5119 τῇ
1773 5046 1866 5100 τοῦ
1897 5045 2387 5115 Πρωτοσυγκέλλου

813 5147 1086 5216 σεῦασμίᾳ
1120 5148 1278 5216 μονῇ,
1308 5145 1366 5198 ὲν
1455 5144 1547 5196 καὶ
1578 5141 1737 5206 αὐτὸς
1764 5140 1862 5212 τὴν
1887 5140 2104 5207 οἴκησιν
2125 5141 2384 5203 ἐποιεῖτο,

812 5243 840 5292 6
877 5239 1230 5308 ἱερομόναχος
1275 5235 1602 5306 Γρηγόριος,
1638 5237 1665 5287 6
1721 5233 2074 5305 ἰερομόναχος
2123 5231 2389 5301 Ἰερόθεος

813 5335 907 5386 καὶ
938 5335 965 5385 ὀ
1012 5333 1257 5395 διάκονος
1288 5332 1382 5384 καὶ
1416 5330 1650 5401 μοναχὺς
1697 5329 2025 5399 Γρηγόριος,
2060 5327 2256 5390 οἵτινες
2295 5326 2389 5380 καὶ

808 5426 964 5480 εἷπον
994 5427 1089 5479 καὶ
1120 5426 1519 5496 ἐμαρτύρησαν
1548 5422 1846 5492 ἐγγράφως
1877 5421 2084 5474 ταῦτα⁹

876 5521 915 5595 1-
956 5539 974 5572 ι
1027 5521 1166 5590 Ἐγὼ
1203 5522 1230 5573 ὁ
1267 5519 1616 5588 ἰερομόναχος
1653 5518 1955 5588 Γρηγὸριος
1998 5515 2143 5581 λέγω
2172 5530 2185 5544 ⁸
2223 5514 2387 5567 Εὐλο-

2500 4330 2690 4377 αυτης.
2731 4332 2748 4363 ι

2584 4406 2708 4458 Ἐπὶ
2737 4406 2949 4467 τούτοις
2979 4407 3342 4479 ἀπῃτήθησαν
3383 4409 3514 4477 παρ’
3543 4407 3698 4476 ήμῶν
3724 4409 3818 4460 καὶ
3843 4411 4004 4460 αὺτοῖ
4033 4413 4081 4460 οἰ

2500 4497 2560 4550 τὸ
2588 4498 2687 4566 τῆς
2731 4498 3112 4561 καθοσιώσεως
3168 4499 3424 4569 ἔγκλημα
3469 4499 3826 4568 κεκινηκότες
3869 4498 4079 4551 πιστῶς

2501 4590 2718 4652 σασθαι,
2750 4592 2862 4643 εῐτε
2888 4591 2976 4643 διά
3025 4591 3320 4661 μαρτύρων
3350 4592 3461 4644 εἴτε
3495 4593 3698 4660 τρόπον
3728 4591 3891 4644 ἄλλον
3915 4593 4084 4644 ἀναν-

2499 4681 2756 4752 τίρρητον
2780 4684 2871 4734 καὶ
2899 4680 3116 4750 βέῦαιον
3145 4684 3214 4734 τά
3247 4683 3370 4734 κατ’
3397 4683 3550 4745 αὐτὸ,
3584 4683 3680 4736 καὶ
3710 4685 3832 4736 ἐπεὶ
3867 4685 4084 4750 μάρτυο

2501 4792 2601 4846 ρας
2629 4775 2784 4826 οὐδὲν
2817 4769 2966 4844 εἶχον
2997 4776 3367 4842 παραγαγεῖν,
3404 4774 3638 4844 ἑτοίμως
3670 4775 3724 4827 δὲ
3755 4775 3823 4826 δι’
3846 4776 4082 4844 ὲνόρκου

2499 4865 2800 4930 ἀσφαλείας
2833 4867 2980 4935 ἔχειν
3009 4866 3076 4917 τά
3111 4866 3232 4918 κατ’
3265 4865 3398 4935 αὺτζ)
3429 4867 3702 4919 πιστῶσαι
3727 4865 4077 4929 διετείνοντο,

2497 4956 2732 5027 εὕρομεν
2755 4957 2811 5010 δὲ
2839 4957 2932 5008 καὶ
2956 4957 3105 5026 παρά
3129 4957 3236 5009 τῶν
3265 4957 3372 5027 πρὸ
3397 4957 3431 5026 ή
3442 4957 3555 5025 μῶν
3573 4957 3632 5008 έν
3658 4958 3769 5019 τοῖς
3798 4957 4079 5019 κωδικίοις

2495 5050 2836 5119 διαπράξεων
2865 5048 3616 5118 παραπλησίανξὲνδεδομένην
3634 5047 3731 5119 τὴν
3761 5048 4077 5117 δι’ὲνὺρκου

2499 5143 2802 5211 ἀσφαλείας
2842 5143 3023 5196 πίστιν
3054 5142 3148 5196 καὶ
3172 5141 3466 5207 ἀπόδειξιν,
3495 5142 3765 5194 ἀκόλουθα
3799 5146 4077 5211 κατεπρά-

2500 5240 2694 5308 ξαμεν,
2739 5239 2832 5291 καὶ
2863 5237 2926 5306 δὴ
2965 5236 3071 5288 τῶν
3120 5235 3292 5302 ἁγίων
3333 5233 3680 5302 Εὑαγγελίων
3712 5232 3808 5286 τοῦ
3831 5235 4077 5302 Χριστοῦ

2497 5332 2868 5401 προτεθέντων
2906 5330 2992 5381 ἐπ’
3025 5327 3373 5398 Ἐκκλησίας,
3404 5327 3774 5397 ἠσφαλίσαντο
3801 5328 3955 5380 τάδε·

2569 5423 2607 5494 -ι-
2645 5441 2663 5474 ι
2707 5423 2850 5490 Ἐγὼ
2876 5425 2902 5476 6
2931 5420 3120 5485 δοῦλος
3147 5421 3244 5474 τοῦ
3278 5420 3544 5491 κραταιοῦ
3586 5419 3683 5473 καὶ
3713 5420 3872 5486 ἁγίου
3915 5420 4078 5490 ἡμῶν

2499 5518 2760 5570 αύθέντου
2789 5515 2884 5568 καὶ
2923 5515 3190 5584 βασιλέως
3224 5514 3486 5576 σεϐαστδς
3529 5513 3779 5582 Ἰωάννης
3811 5516 3841 5566 6
3867 5513 4076 5581 Τριχεῖς

807 5617 974 5687 γητὶς
1011 5618 1040 5669 6
1085 5615 1220 5678 Θεὸς
1264 5615 1357 5667 καὶ
1390 5614 1580 5682 Πατὴρ
1623 5611 1718 5666 τοῦ
1753 5612 1962 5682 Κυρίου
2012 5611 2170 5681 ήμῶν
2211 5608 2387 5680 Ἰησοῦ
2422 5607 2464 5663 D
2493 5610 2680 5681 ὀμνύω
2715 5612 2793 5672 εἰς
2826 5610 2895 5663 τὰ
2927 5610 3060 5676 ἅγια
3092 5608 3189 5662 τοῦ
3218 5607 3355 5662 Θεοῦ
3401 5607 3714 5676 Εὐαγγέλια
3747 5609 3841 5659 καὶ
3869 5609 3950 5668 εἰς
3982 5607 4076 5658 τὸν

808 5710 1046 5781 Χριστοῦ
1077 5713 1104 5763 6
1151 5707 1226 5761 ὢν
1286 5709 1364 5771 εἰς
1396 5709 1522 5770 τοὺς
1576 5707 1797 5769 αἰῶνας,
1833 5705 1893 5756 οὐ
1946 5703 2241 5772 ψεύδομαι,
2295 5703 2386 5754 καὶ

802 5803 990 5872 ὀμνύω
1035 5805 1114 5864 εἰς
1153 5801 1220 5856 τὰ
1255 5801 1386 5871 ἅγια
1433 5802 1527 5855 τοῦ
1576 5799 1711 5854 Θεοῦ
1759 5796 2088 5866 Εὐαγγέλια,
2120 5796 2199 5848 ὅτι
2238 5791 2376 5848 εἰδον

2494 5703 2675 5770 τίμιον
2716 5701 2810 5754 καὶ
2835 5701 3099 5766 ζωοποιὺν
3128 5702 3387 5769 σταυρὸν,
3417 5701 3500 5753 ὅτι
3540 5699 3648 5752 ἀπὸ
3674 5697 3770 5753 τοῦ
3805 5698 4071 5768 στόματος

2490 5793 2583 5847 τοῦ
2646 5793 2846 5862 ’Λσάνη
2899 5794 3002 5860 κῦρ
3038 5794 3257 5863 Μιχαὴλ
3295 5792 3402 5861 ἔχω
3454 5793 3544 5844 καὶ
3585 5790 3744 5845 τοῦτο
3800 5792 3936 5858 μετὰ
3965 5789 4072 5842 τῶν
