  <div class='ocr_page' id='page_1' title='image "/cluster/home/n/w/nwhite01/storage/ocr_20150623/152/nnc1.0046980377/619.png"; bbox 0 0 4444 6452; ppageno 0'>
   <div class='ocr_carea' id='block_1_1' title="bbox 797 421 937 486">
    <p class='ocr_par' dir='ltr' id='par_1_1' title="bbox 797 421 937 486">
     <span class='ocr_line' id='line_1_1' title="bbox 797 421 937 486; baseline -0.029 0"><span class='ocrx_word' id='word_1_1' title='bbox 797 421 937 486; x_wconf 75' lang='grc'><strong>1219</strong></span> 
     </span>
    </p>
   </div>
   <div class='ocr_carea' id='block_1_2' title="bbox 1777 418 3039 484">
    <p class='ocr_par' dir='ltr' id='par_1_2' title="bbox 1777 418 3039 484">
     <span class='ocr_line' id='line_1_2' title="bbox 1777 418 3039 484; baseline 0.005 -6"><span class='ocrx_word' id='word_1_2' title='bbox 1777 418 1987 479; x_wconf 67' lang='lat' dir='ltr'><strong>JOAN.</strong></span> <span class='ocrx_word' id='word_1_3' title='bbox 2034 419 2340 478; x_wconf 78' lang='lat' dir='ltr'>CALEC/E</span> <span class='ocrx_word' id='word_1_4' title='bbox 2377 422 2484 482; x_wconf 75' lang='grc' dir='ltr'><strong>(ΣΡ.</strong></span> <span class='ocrx_word' id='word_1_5' title='bbox 2531 423 3039 484; x_wconf 63' lang='grc' dir='ltr'><strong>ΡΛΤΠΜΠΟΠίΕ</strong></span> 
     </span>
    </p>
   </div>
   <div class='ocr_carea' id='block_1_3' title="bbox 3890 393 4025 492">
    <p class='ocr_par' dir='ltr' id='par_1_3' title="bbox 3890 393 4025 492">
     <span class='ocr_line' id='line_1_3' title="bbox 3890 393 4025 492; baseline 0 0"><span class='ocrx_word' id='word_1_6' title='bbox 3890 393 4025 492; x_wconf 71' lang='lat' dir='ltr'><strong>leéo</strong></span> 
     </span>
    </p>
   </div>
   <div class='ocr_carea' id='block_1_4' title="bbox 791 528 4028 615">
    <p class='ocr_par' dir='ltr' id='par_1_4' title="bbox 791 528 4028 615">
     <span class='ocr_line' id='line_1_4' title="bbox 791 528 4028 615; baseline 0.003 -32"><span class='ocrx_word' id='word_1_7' title='bbox 791 532 931 584; x_wconf 80' lang='grc' dir='ltr'><strong>εἶναι</strong></span> <span class='ocrx_word' id='word_1_8' title='bbox 961 531 1198 590; x_wconf 87' lang='grc' dir='ltr'><strong>ἐκείνου,</strong></span> <span class='ocrx_word' id='word_1_9' title='bbox 1254 529 1323 579; x_wconf 84' lang='grc' dir='ltr'><strong>δι’</strong></span> <span class='ocrx_word' id='word_1_10' title='bbox 1363 529 1397 580; x_wconf 82' lang='grc' dir='ltr'><strong>ἃ.</strong></span> <span class='ocrx_word' id='word_1_11' title='bbox 1426 529 1520 579; x_wconf 76' lang='grc' dir='ltr'><strong>καὶ</strong></span> <span class='ocrx_word' id='word_1_12' title='bbox 1573 529 1830 597; x_wconf 72' lang='grc' dir='ltr'><strong>ἐπιορκία</strong></span> <span class='ocrx_word' id='word_1_13' title='bbox 1868 528 2086 590; x_wconf 84' lang='grc' dir='ltr'><strong>τούτους</strong></span> <span class='ocrx_word' id='word_1_14' title='bbox 2137 530 2361 590; x_wconf 76' lang='grc' dir='ltr'><strong>ἁλόντας</strong></span> <span class='ocrx_word' id='word_1_15' title='bbox 2392 536 2435 591; x_wconf 82' lang='grc' dir='ltr'>Α</span> <span class='ocrx_word' id='word_1_16' title='bbox 2467 533 2563 584; x_wconf 81' lang='grc' dir='ltr'><strong>ἐάν</strong></span> <span class='ocrx_word' id='word_1_17' title='bbox 2589 534 2643 585; x_wconf 83' lang='grc' dir='ltr'><strong>δὲ</strong></span> <span class='ocrx_word' id='word_1_18' title='bbox 2675 536 2756 597; x_wconf 86' lang='grc' dir='ltr'><strong>είς</strong></span> <span class='ocrx_word' id='word_1_19' title='bbox 2787 537 2977 602; x_wconf 90' lang='grc' dir='ltr'><strong>ὑγείαν</strong></span> <span class='ocrx_word' id='word_1_20' title='bbox 3010 539 3304 609; x_wconf 80' lang='grc' dir='ltr'><strong>ἐπανέλθῃ,</strong></span> <span class='ocrx_word' id='word_1_21' title='bbox 3343 540 3641 606; x_wconf 78' lang='grc' dir='ltr'><strong>ἀπέχεσθαι</strong></span> <span class='ocrx_word' id='word_1_22' title='bbox 3677 545 3903 602; x_wconf 87' lang='grc' dir='ltr'><strong>τούτων,</strong></span> <span class='ocrx_word' id='word_1_23' title='bbox 3930 553 4028 615; x_wconf 81' lang='grc' dir='ltr'><strong>μέ-</strong></span> 
     </span>
    </p>
   </div>
   <div class='ocr_carea' id='block_1_5' title="bbox 791 620 2355 691">
    <p class='ocr_par' dir='ltr' id='par_1_5' title="bbox 791 620 2355 691">
     <span class='ocr_line' id='line_1_5' title="bbox 791 620 2355 691; baseline -0.007 -18"><span class='ocrx_word' id='word_1_24' title='bbox 791 624 962 691; x_wconf 82' lang='grc' dir='ltr'><strong>ἐχρῆν</strong></span> <span class='ocrx_word' id='word_1_25' title='bbox 993 622 1095 686; x_wconf 90' lang='grc' dir='ltr'><strong>μέν</strong></span> <span class='ocrx_word' id='word_1_26' title='bbox 1123 623 1236 680; x_wconf 88' lang='grc' dir='ltr'><strong>τοῖς</strong></span> <span class='ocrx_word' id='word_1_27' title='bbox 1276 620 1725 686; x_wconf 87' lang='grc' dir='ltr'><strong>διηγορευμένοις</strong></span> <span class='ocrx_word' id='word_1_28' title='bbox 1758 620 1837 685; x_wconf 82' lang='grc' dir='ltr'><strong>τῷ</strong></span> <span class='ocrx_word' id='word_1_29' title='bbox 1871 621 1998 688; x_wconf 66' lang='grc' dir='ltr'><strong>περὶ</strong></span> <span class='ocrx_word' id='word_1_30' title='bbox 2038 621 2228 672; x_wconf 82' lang='grc' dir='ltr'><strong>τούτου</strong></span> <span class='ocrx_word' id='word_1_31' title='bbox 2257 638 2355 673; x_wconf 91' lang='grc' dir='ltr'><strong>κα-</strong></span> 
     </span>
    </p>
   </div>
   <div class='ocr_carea' id='block_1_6' title="bbox 788 707 2357 776">
    <p class='ocr_par' dir='ltr' id='par_1_6' title="bbox 788 707 2357 776">
     <span class='ocr_line' id='line_1_6' title="bbox 788 707 2357 776; baseline -0.006 -13"><span class='ocrx_word' id='word_1_32' title='bbox 788 713 900 763; x_wconf 88' lang='grc' dir='ltr'><strong>νόνι</strong></span> <span class='ocrx_word' id='word_1_33' title='bbox 948 707 1262 775; x_wconf 76' lang='grc' dir='ltr'><strong>ὑπαχθῆναι</strong></span> <span class='ocrx_word' id='word_1_34' title='bbox 1309 707 1629 772; x_wconf 70' lang='grc' dir='ltr'><strong>ἐπιτιμίοις,</strong></span> <span class='ocrx_word' id='word_1_35' title='bbox 1680 707 2087 774; x_wconf 86' lang='grc' dir='ltr'><strong>συγκαταϐἀσει</strong></span> <span class='ocrx_word' id='word_1_36' title='bbox 2131 707 2176 759; x_wconf 80' lang='grc' dir='ltr'><strong>δ’</strong></span> <span class='ocrx_word' id='word_1_37' title='bbox 2206 711 2357 776; x_wconf 76' lang='grc' dir='ltr'><strong>ὅμως</strong></span> 
     </span>
    </p>
   </div>
   <div class='ocr_carea' id='block_1_7' title="bbox 788 798 2357 869">
    <p class='ocr_par' dir='ltr' id='par_1_7' title="bbox 788 798 2357 869">
     <span class='ocr_line' id='line_1_7' title="bbox 788 798 2357 869; baseline 0.002 -18"><span class='ocrx_word' id='word_1_38' title='bbox 788 801 1147 869; x_wconf 78' lang='grc' dir='ltr'><strong>χρησάμενοι,</strong></span> <span class='ocrx_word' id='word_1_39' title='bbox 1195 799 1368 850; x_wconf 85' lang='grc' dir='ltr'><strong>ταῦτα</strong></span> <span class='ocrx_word' id='word_1_40' title='bbox 1408 798 1710 865; x_wconf 83' lang='grc' dir='ltr'><strong>διέγνωμεν</strong></span> <span class='ocrx_word' id='word_1_41' title='bbox 1754 800 2108 852; x_wconf 81' lang='grc' dir='ltr'><strong>ἐκδουλεῦσαι</strong></span> <span class='ocrx_word' id='word_1_42' title='bbox 2159 801 2357 864; x_wconf 74' lang='grc' dir='ltr'><strong>αὐτοὺς</strong></span> 
     </span>
    </p>
   </div>
   <div class='ocr_carea' id='block_1_8' title="bbox 787 889 2358 960">
    <p class='ocr_par' dir='ltr' id='par_1_8' title="bbox 787 889 2358 960">
     <span class='ocr_line' id='line_1_8' title="bbox 787 889 2358 960; baseline 0.001 -19"><span class='ocrx_word' id='word_1_43' title='bbox 787 893 855 942; x_wconf 81' lang='grc' dir='ltr'><strong>τα</strong></span> <span class='ocrx_word' id='word_1_44' title='bbox 879 891 1130 957; x_wconf 86' lang='grc' dir='ltr'><strong>ἐπιτίμια</strong></span> <span class='ocrx_word' id='word_1_45' title='bbox 1151 907 1162 919; x_wconf 77' lang='grc' dir='ltr'><strong>ο</strong></span> <span class='ocrx_word' id='word_1_46' title='bbox 1193 891 1241 941; x_wconf 88' lang='grc' dir='ltr'><strong>οί</strong></span> <span class='ocrx_word' id='word_1_47' title='bbox 1276 889 1375 956; x_wconf 83' lang='grc' dir='ltr'><strong>μὲν</strong></span> <span class='ocrx_word' id='word_1_48' title='bbox 1401 890 1509 940; x_wconf 87' lang='grc' dir='ltr'><strong>ἀπὸ</strong></span> <span class='ocrx_word' id='word_1_49' title='bbox 1534 890 1741 942; x_wconf 86' lang='grc' dir='ltr'><strong>τούτων</strong></span> <span class='ocrx_word' id='word_1_50' title='bbox 1773 891 2231 960; x_wconf 86' lang='grc' dir='ltr'><strong>οίκονομήσαντες</strong></span> <span class='ocrx_word' id='word_1_51' title='bbox 2257 893 2358 956; x_wconf 74' lang='grc' dir='ltr'><strong>τὴν</strong></span> 
     </span>
    </p>
   </div>
   <div class='ocr_carea' id='block_1_9' title="bbox 788 981 2357 1050">
    <p class='ocr_par' dir='ltr' id='par_1_9' title="bbox 788 981 2357 1050">
     <span class='ocr_line' id='line_1_9' title="bbox 788 981 2357 1050; baseline 0.001 -19"><span class='ocrx_word' id='word_1_52' title='bbox 788 982 1087 1050; x_wconf 83' lang='grc' dir='ltr'><strong>εἰρημένην</strong></span> <span class='ocrx_word' id='word_1_53' title='bbox 1114 982 1454 1033; x_wconf 79' lang='grc' dir='ltr'><strong>ἀποστασίαν</strong></span> <span class='ocrx_word' id='word_1_54' title='bbox 1503 981 1596 1032; x_wconf 77' lang='grc' dir='ltr'><strong>καὶ</strong></span> <span class='ocrx_word' id='word_1_55' title='bbox 1635 983 2038 1050; x_wconf 80' lang='grc' dir='ltr'><strong>συνδραμόντες</strong></span> <span class='ocrx_word' id='word_1_56' title='bbox 2075 983 2157 1044; x_wconf 90' lang='grc' dir='ltr'><strong>είς</strong></span> <span class='ocrx_word' id='word_1_57' title='bbox 2186 983 2357 1049; x_wconf 83' lang='grc' dir='ltr'><strong>αὐτὴν</strong></span> 
     </span>
    </p>
   </div>
   <div class='ocr_carea' id='block_1_10' title="bbox 787 1070 2355 1142">
    <p class='ocr_par' dir='ltr' id='par_1_10' title="bbox 787 1070 2355 1142">
     <span class='ocr_line' id='line_1_10' title="bbox 787 1070 2355 1142; baseline 0.001 -18"><span class='ocrx_word' id='word_1_58' title='bbox 787 1075 881 1124; x_wconf 85' lang='grc' dir='ltr'><strong>καὶ</strong></span> <span class='ocrx_word' id='word_1_59' title='bbox 913 1075 992 1132; x_wconf 89' lang='grc' dir='ltr'><strong>είς</strong></span> <span class='ocrx_word' id='word_1_60' title='bbox 1023 1073 1150 1133; x_wconf 71' lang='grc' dir='ltr'><strong>τοὺς</strong></span> <span class='ocrx_word' id='word_1_61' title='bbox 1211 1070 1443 1137; x_wconf 80' lang='grc' dir='ltr'><strong>ὕστερον</strong></span> <span class='ocrx_word' id='word_1_62' title='bbox 1474 1072 1528 1123; x_wconf 85' lang='grc' dir='ltr'><strong>δέ</strong></span> <span class='ocrx_word' id='word_1_63' title='bbox 1575 1075 1867 1138; x_wconf 82' lang='grc' dir='ltr'><strong>γεγονότας</strong></span> <span class='ocrx_word' id='word_1_64' title='bbox 1918 1074 2118 1142; x_wconf 86' lang='grc' dir='ltr'><strong>ὅρκους</strong></span> <span class='ocrx_word' id='word_1_65' title='bbox 2167 1074 2259 1125; x_wconf 76' lang='grc' dir='ltr'><strong>ἐπὶ</strong></span> <span class='ocrx_word' id='word_1_66' title='bbox 2290 1077 2355 1141; x_wconf 83' lang='grc' dir='ltr'><strong>τῇ</strong></span> 
     </span>
    </p>
   </div>
   <div class='ocr_carea' id='block_1_11' title="bbox 786 1162 2357 1234">
    <p class='ocr_par' dir='ltr' id='par_1_11' title="bbox 786 1162 2357 1234">
     <span class='ocr_line' id='line_1_11' title="bbox 786 1162 2357 1234; baseline 0 -20"><span class='ocrx_word' id='word_1_67' title='bbox 786 1164 1010 1228; x_wconf 68' lang='grc' dir='ltr'><strong>γυναικὶ</strong></span> <span class='ocrx_word' id='word_1_68' title='bbox 1063 1164 1158 1214; x_wconf 87' lang='grc' dir='ltr'><strong>καὶ</strong></span> <span class='ocrx_word' id='word_1_69' title='bbox 1188 1162 1267 1230; x_wconf 84' lang='grc' dir='ltr'><strong>τῷ</strong></span> <span class='ocrx_word' id='word_1_70' title='bbox 1316 1163 1514 1230; x_wconf 79' lang='grc' dir='ltr'><strong>παιδίῳ</strong></span> <span class='ocrx_word' id='word_1_71' title='bbox 1566 1164 1780 1216; x_wconf 90' lang='grc' dir='ltr'><strong>ἐκείνου</strong></span> <span class='ocrx_word' id='word_1_72' title='bbox 1830 1164 2040 1234; x_wconf 85' lang='grc' dir='ltr'><strong>πρῶτοι</strong></span> <span class='ocrx_word' id='word_1_73' title='bbox 2096 1165 2357 1232; x_wconf 80' lang='grc' dir='ltr'><strong>φανέντες</strong></span> 
     </span>
    </p>
   </div>
   <div class='ocr_carea' id='block_1_12' title="bbox 788 1254 2357 1324">
    <p class='ocr_par' dir='ltr' id='par_1_12' title="bbox 788 1254 2357 1324">
     <span class='ocr_line' id='line_1_12' title="bbox 788 1254 2357 1324; baseline 0 -18"><span class='ocrx_word' id='word_1_74' title='bbox 788 1254 956 1306; x_wconf 67' lang='grc' dir='ltr'><strong>αἴτιοι</strong></span> <span class='ocrx_word' id='word_1_75' title='bbox 1003 1254 1294 1320; x_wconf 77' lang='grc' dir='ltr'><strong>ἀφέξονται</strong></span> <span class='ocrx_word' id='word_1_76' title='bbox 1352 1255 1443 1304; x_wconf 75' lang='grc' dir='ltr'><strong>ἐπὶ</strong></span> <span class='ocrx_word' id='word_1_77' title='bbox 1479 1256 1718 1322; x_wconf 80' lang='grc' dir='ltr'><strong>τριετίαν</strong></span> <span class='ocrx_word' id='word_1_78' title='bbox 1761 1257 1859 1324; x_wconf 85' lang='grc' dir='ltr'><strong>τῆς</strong></span> <span class='ocrx_word' id='word_1_79' title='bbox 1915 1256 2201 1317; x_wconf 77' lang='grc' dir='ltr'><strong>κοινωνίας</strong></span> <span class='ocrx_word' id='word_1_80' title='bbox 2250 1256 2357 1306; x_wconf 86' lang='grc' dir='ltr'><strong>τῶν</strong></span> 
     </span>
    </p>
   </div>
   <div class='ocr_carea' id='block_1_13' title="bbox 788 1345 2358 1414">
    <p class='ocr_par' dir='ltr' id='par_1_13' title="bbox 788 1345 2358 1414">
     <span class='ocr_line' id='line_1_13' title="bbox 788 1345 2358 1414; baseline 0.002 -19"><span class='ocrx_word' id='word_1_81' title='bbox 788 1345 950 1396; x_wconf 86' lang='grc' dir='ltr'><strong>θείων</strong></span> <span class='ocrx_word' id='word_1_82' title='bbox 986 1346 1304 1414; x_wconf 78' lang='grc' dir='ltr'><strong>μυστηρίων</strong></span> <span class='ocrx_word' id='word_1_83' title='bbox 1337 1346 1442 1397; x_wconf 64' lang='grc' dir='ltr'><strong>ἀπὸ</strong></span> <span class='ocrx_word' id='word_1_84' title='bbox 1471 1345 1564 1397; x_wconf 80' lang='grc' dir='ltr'><strong>τοῦ</strong></span> <span class='ocrx_word' id='word_1_85' title='bbox 1601 1346 1817 1413; x_wconf 82' lang='grc' dir='ltr'><strong>καιροῦ,</strong></span> <span class='ocrx_word' id='word_1_86' title='bbox 1867 1347 1989 1398; x_wconf 86' lang='grc' dir='ltr'><strong>καθ’</strong></span> <span class='ocrx_word' id='word_1_87' title='bbox 2026 1347 2084 1397; x_wconf 86' lang='grc' dir='ltr'><strong>ὃν</strong></span> <span class='ocrx_word' id='word_1_88' title='bbox 2111 1347 2358 1414; x_wconf 89' lang='grc' dir='ltr'><strong>διακομι-</strong></span> 
     </span>
    </p>
   </div>
   <div class='ocr_carea' id='block_1_14' title="bbox 790 1436 2352 1505">
    <p class='ocr_par' dir='ltr' id='par_1_14' title="bbox 790 1436 2352 1505">
     <span class='ocr_line' id='line_1_14' title="bbox 790 1436 2352 1505; baseline 0.002 -20"><span class='ocrx_word' id='word_1_89' title='bbox 790 1439 889 1503; x_wconf 80' lang='grc' dir='ltr'><strong>σθῇ</strong></span> <span class='ocrx_word' id='word_1_90' title='bbox 925 1436 985 1486; x_wconf 69' lang='grc' dir='ltr'><strong>τὸ</strong></span> <span class='ocrx_word' id='word_1_91' title='bbox 1012 1436 1188 1503; x_wconf 79' lang='grc' dir='ltr'><strong>παρὸν</strong></span> <span class='ocrx_word' id='word_1_92' title='bbox 1223 1437 1461 1503; x_wconf 82' lang='grc' dir='ltr'><strong>γράμμα</strong></span> <span class='ocrx_word' id='word_1_93' title='bbox 1497 1437 1704 1500; x_wconf 85' lang='grc' dir='ltr'><strong>αὐτοῖς,</strong></span> <span class='ocrx_word' id='word_1_94' title='bbox 1736 1436 1948 1488; x_wconf 83' lang='grc' dir='ltr'><strong>ἔσονται</strong></span> <span class='ocrx_word' id='word_1_95' title='bbox 1986 1437 2040 1488; x_wconf 81' lang='grc' dir='ltr'><strong>δὲ</strong></span> <span class='ocrx_word' id='word_1_96' title='bbox 2070 1437 2352 1505; x_wconf 75' lang='grc' dir='ltr'><strong>ἱστάμενοι</strong></span> 
     </span>
    </p>
   </div>
   <div class='ocr_carea' id='block_1_15' title="bbox 788 1522 2355 1595">
    <p class='ocr_par' dir='ltr' id='par_1_15' title="bbox 788 1522 2355 1595">
     <span class='ocr_line' id='line_1_15' title="bbox 788 1522 2355 1595; baseline 0.003 -21"><span class='ocrx_word' id='word_1_97' title='bbox 788 1527 878 1575; x_wconf 79' lang='grc' dir='ltr'><strong>καὶ</strong></span> <span class='ocrx_word' id='word_1_98' title='bbox 934 1525 1361 1591; x_wconf 81' lang='grc' dir='ltr'><strong>προσκλαίοντες</strong></span> <span class='ocrx_word' id='word_1_99' title='bbox 1415 1524 1519 1588; x_wconf 78' lang='grc' dir='ltr'><strong>ἔξω</strong></span> <span class='ocrx_word' id='word_1_100' title='bbox 1565 1527 1661 1593; x_wconf 72' lang='grc' dir='ltr'><strong>τῆς</strong></span> <span class='ocrx_word' id='word_1_101' title='bbox 1712 1522 2007 1594; x_wconf 70' lang='grc' dir='ltr'><strong>ἐκκλησίας</strong></span> <span class='ocrx_word' id='word_1_102' title='bbox 2042 1526 2355 1595; x_wconf 79' lang='grc' dir='ltr'><strong>ψαλλούσης</strong></span> 
     </span>
    </p>
   </div>
   <div class='ocr_carea' id='block_1_16' title="bbox 786 1613 2353 1682">
    <p class='ocr_par' dir='ltr' id='par_1_16' title="bbox 786 1613 2353 1682">
     <span class='ocr_line' id='line_1_16' title="bbox 786 1613 2353 1682; baseline 0.001 -18"><span class='ocrx_word' id='word_1_103' title='bbox 786 1614 879 1665; x_wconf 72' lang='grc' dir='ltr'><strong>ἐπὶ</strong></span> <span class='ocrx_word' id='word_1_104' title='bbox 909 1615 1252 1680; x_wconf 85' lang='grc' dir='ltr'><strong>τριμηνιαῖον</strong></span> <span class='ocrx_word' id='word_1_105' title='bbox 1287 1615 1478 1680; x_wconf 75' lang='grc' dir='ltr'><strong>καιρόν</strong></span> <span class='ocrx_word' id='word_1_106' title='bbox 1500 1629 1514 1642; x_wconf 90' lang='grc'><strong>·</strong></span> <span class='ocrx_word' id='word_1_107' title='bbox 1551 1613 1738 1664; x_wconf 79' lang='grc' dir='ltr'><strong>τοῦτον</strong></span> <span class='ocrx_word' id='word_1_108' title='bbox 1775 1615 1829 1664; x_wconf 81' lang='grc' dir='ltr'><strong>δὲ</strong></span> <span class='ocrx_word' id='word_1_109' title='bbox 1881 1615 1972 1665; x_wconf 73' lang='grc' dir='ltr'><strong>τὸν</strong></span> <span class='ocrx_word' id='word_1_110' title='bbox 2007 1615 2199 1682; x_wconf 69' lang='grc' dir='ltr'><strong>καιρδν</strong></span> <span class='ocrx_word' id='word_1_111' title='bbox 2228 1616 2353 1666; x_wconf 77' lang='grc' dir='ltr'><strong>οὕτε</strong></span> 
     </span>
    </p>
   </div>
   <div class='ocr_carea' id='block_1_17' title="bbox 785 1704 2350 1773">
    <p class='ocr_par' dir='ltr' id='par_1_17' title="bbox 785 1704 2350 1773">
     <span class='ocr_line' id='line_1_17' title="bbox 785 1704 2350 1773; baseline 0 -16"><span class='ocrx_word' id='word_1_112' title='bbox 785 1706 1085 1771; x_wconf 69' lang='grc' dir='ltr'><strong>ἀντιδώρου</strong></span> <span class='ocrx_word' id='word_1_113' title='bbox 1142 1705 1577 1772; x_wconf 67' lang='grc' dir='ltr'><strong>μεταλήψονται,</strong></span> <span class='ocrx_word' id='word_1_114' title='bbox 1609 1704 1726 1757; x_wconf 75' lang='grc' dir='ltr'><strong>οὔτε</strong></span> <span class='ocrx_word' id='word_1_115' title='bbox 1769 1706 2112 1773; x_wconf 82' lang='grc' dir='ltr'><strong>ἀγιάσματος</strong></span> <span class='ocrx_word' id='word_1_116' title='bbox 2161 1707 2350 1757; x_wconf 81' lang='grc' dir='ltr'><strong>πιοῦν-</strong></span> 
     </span>
    </p>
   </div>
   <div class='ocr_carea' id='block_1_18' title="bbox 784 1789 2348 1866">
    <p class='ocr_par' dir='ltr' id='par_1_18' title="bbox 784 1789 2348 1866">
     <span class='ocr_line' id='line_1_18' title="bbox 784 1789 2348 1866; baseline 0.001 -20"><span class='ocrx_word' id='word_1_117' title='bbox 784 1813 896 1857; x_wconf 87' lang='grc' dir='ltr'><strong>ται,</strong></span> <span class='ocrx_word' id='word_1_118' title='bbox 934 1796 1102 1863; x_wconf 89' lang='grc' dir='ltr'><strong>μόνην</strong></span> <span class='ocrx_word' id='word_1_119' title='bbox 1143 1795 1198 1847; x_wconf 89' lang='grc' dir='ltr'><strong>δὲ</strong></span> <span class='ocrx_word' id='word_1_120' title='bbox 1248 1796 1525 1860; x_wconf 87' lang='grc' dir='ltr'><strong>παναγίαν</strong></span> <span class='ocrx_word' id='word_1_121' title='bbox 1567 1797 1830 1864; x_wconf 70' lang='grc' dir='ltr'><strong>λήψονται</strong></span> <span class='ocrx_word' id='word_1_122' title='bbox 1869 1789 2010 1866; x_wconf 82' lang='grc' dir='ltr'><strong>μετά</strong></span> <span class='ocrx_word' id='word_1_123' title='bbox 2040 1799 2101 1848; x_wconf 78' lang='grc' dir='ltr'><strong>το</strong></span> <span class='ocrx_word' id='word_1_124' title='bbox 2135 1800 2348 1864; x_wconf 80' lang='grc' dir='ltr'><strong>φαγεῖν,</strong></span> 
     </span>
    </p>
   </div>
   <div class='ocr_carea' id='block_1_19' title="bbox 2457 623 4026 700">
    <p class='ocr_par' dir='ltr' id='par_1_19' title="bbox 2457 623 4026 700">
     <span class='ocr_line' id='line_1_19' title="bbox 2457 623 4026 700; baseline 0.021 -30"><span class='ocrx_word' id='word_1_125' title='bbox 2457 639 2577 689; x_wconf 80' lang='grc' dir='ltr'><strong>χρις</strong></span> <span class='ocrx_word' id='word_1_126' title='bbox 2621 623 2686 674; x_wconf 84' lang='grc' dir='ltr'><strong>ἂν</strong></span> <span class='ocrx_word' id='word_1_127' title='bbox 2716 626 2743 674; x_wconf 99' lang='lat'><strong>6</strong></span> <span class='ocrx_word' id='word_1_128' title='bbox 2782 629 3116 694; x_wconf 85' lang='grc' dir='ltr'><strong>τεταγμένος</strong></span> <span class='ocrx_word' id='word_1_129' title='bbox 3147 630 3398 699; x_wconf 76' lang='grc' dir='ltr'><strong>παρέλθῃ</strong></span> <span class='ocrx_word' id='word_1_130' title='bbox 3449 633 3662 700; x_wconf 77' lang='grc' dir='ltr'><strong>καιρός.</strong></span> <span class='ocrx_word' id='word_1_131' title='bbox 3717 634 3828 687; x_wconf 66' lang='grc' dir='ltr'><strong>καὶ</strong></span> <span class='ocrx_word' id='word_1_132' title='bbox 3858 638 4026 692; x_wconf 65' lang='grc' dir='ltr'><strong>ταῦτα</strong></span> 
     </span>
    </p>
   </div>
   <div class='ocr_carea' id='block_1_20' title="bbox 2463 714 4023 796">
    <p class='ocr_par' dir='ltr' id='par_1_20' title="bbox 2463 714 4023 796">
     <span class='ocr_line' id='line_1_20' title="bbox 2463 714 4023 796; baseline 0.013 -33"><span class='ocrx_word' id='word_1_133' title='bbox 2463 718 2560 778; x_wconf 74' lang='grc' dir='ltr'><strong>μὲν</strong></span> <span class='ocrx_word' id='word_1_134' title='bbox 2588 714 2864 780; x_wconf 83' lang='grc' dir='ltr'><strong>ὀφείλουσι</strong></span> <span class='ocrx_word' id='word_1_135' title='bbox 2897 718 3180 771; x_wconf 82' lang='grc' dir='ltr'><strong>δουλεῦσαι</strong></span> <span class='ocrx_word' id='word_1_136' title='bbox 3208 722 3275 790; x_wconf 79' lang='grc' dir='ltr'><strong>τά</strong></span> <span class='ocrx_word' id='word_1_137' title='bbox 3306 723 3563 791; x_wconf 87' lang='grc' dir='ltr'><strong>ἐπιτίμια</strong></span> <span class='ocrx_word' id='word_1_138' title='bbox 3588 723 3754 777; x_wconf 79' lang='grc' dir='ltr'><strong>οὗτοι.</strong></span> <span class='ocrx_word' id='word_1_139' title='bbox 3797 728 3932 796; x_wconf 79' lang='grc' dir='ltr'><strong>Περὶ</strong></span> <span class='ocrx_word' id='word_1_140' title='bbox 3969 731 4023 783; x_wconf 77' lang='grc' dir='ltr'><strong>δὲ</strong></span> 
     </span>
    </p>
   </div>
   <div class='ocr_carea' id='block_1_21' title="bbox 2458 803 4028 890">
    <p class='ocr_par' dir='ltr' id='par_1_21' title="bbox 2458 803 4028 890">
     <span class='ocr_line' id='line_1_21' title="bbox 2458 803 4028 890; baseline 0.011 -36"><span class='ocrx_word' id='word_1_141' title='bbox 2458 803 2554 855; x_wconf 75' lang='grc' dir='ltr'><strong>τοῦ</strong></span> <span class='ocrx_word' id='word_1_142' title='bbox 2598 808 2885 873; x_wconf 84' lang='grc' dir='ltr'><strong>γεγονότος</strong></span> <span class='ocrx_word' id='word_1_143' title='bbox 2935 810 3268 879; x_wconf 86' lang='grc' dir='ltr'><strong>ἀφορισμοῦ,</strong></span> <span class='ocrx_word' id='word_1_144' title='bbox 3303 815 3427 864; x_wconf 76' lang='grc' dir='ltr'><strong>ἐπεὶ</strong></span> <span class='ocrx_word' id='word_1_145' title='bbox 3479 815 3573 866; x_wconf 80' lang='grc' dir='ltr'><strong>καὶ</strong></span> <span class='ocrx_word' id='word_1_146' title='bbox 3600 817 3649 867; x_wconf 90' lang='grc' dir='ltr'><strong>οί</strong></span> <span class='ocrx_word' id='word_1_147' title='bbox 3696 823 4028 890; x_wconf 80' lang='grc' dir='ltr'><strong>περιφρονή-</strong></span> 
     </span>
    </p>
   </div>
   <div class='ocr_carea' id='block_1_22' title="bbox 2461 898 4024 980">
    <p class='ocr_par' dir='ltr' id='par_1_22' title="bbox 2461 898 4024 980">
     <span class='ocr_line' id='line_1_22' title="bbox 2461 898 4024 980; baseline 0.011 -36"><span class='ocrx_word' id='word_1_148' title='bbox 2461 911 2654 957; x_wconf 86' lang='grc' dir='ltr'><strong>οαντες</strong></span> <span class='ocrx_word' id='word_1_149' title='bbox 2715 898 2920 964; x_wconf 79' lang='grc' dir='ltr'><strong>τοῦτον,</strong></span> <span class='ocrx_word' id='word_1_150' title='bbox 2976 903 3331 971; x_wconf 81' lang='grc' dir='ltr'><strong>ὁπωσδήποτε</strong></span> <span class='ocrx_word' id='word_1_151' title='bbox 3380 904 3471 956; x_wconf 83' lang='grc' dir='ltr'><strong>καὶ</strong></span> <span class='ocrx_word' id='word_1_152' title='bbox 3532 906 3770 972; x_wconf 86' lang='grc' dir='ltr'><strong>ἐγένετο,</strong></span> <span class='ocrx_word' id='word_1_153' title='bbox 3825 910 4024 980; x_wconf 76' lang='grc' dir='ltr'><strong>εὑθύνῃ</strong></span> 
     </span>
    </p>
   </div>
   <div class='ocr_carea' id='block_1_23' title="bbox 2461 985 4021 1066">
    <p class='ocr_par' dir='ltr' id='par_1_23' title="bbox 2461 985 4021 1066">
     <span class='ocr_line' id='line_1_23' title="bbox 2461 985 4021 1066; baseline 0.01 -30"><span class='ocrx_word' id='word_1_154' title='bbox 2461 985 2755 1054; x_wconf 86' lang='grc' dir='ltr'><strong>ἐνέχονται,</strong></span> <span class='ocrx_word' id='word_1_155' title='bbox 2792 991 2884 1041; x_wconf 86' lang='grc' dir='ltr'><strong>καὶ</strong></span> <span class='ocrx_word' id='word_1_156' title='bbox 2904 991 2952 1041; x_wconf 89' lang='grc' dir='ltr'><strong>οί</strong></span> <span class='ocrx_word' id='word_1_157' title='bbox 2983 992 3398 1062; x_wconf 82' lang='grc' dir='ltr'><strong>ἐκφωνήσαντες</strong></span> <span class='ocrx_word' id='word_1_158' title='bbox 3435 994 3626 1048; x_wconf 83' lang='grc' dir='ltr'><strong>τοῦτον</strong></span> <span class='ocrx_word' id='word_1_159' title='bbox 3658 998 3823 1066; x_wconf 88' lang='grc' dir='ltr'><strong>ίερεῖς</strong></span> <span class='ocrx_word' id='word_1_160' title='bbox 3852 1002 4021 1051; x_wconf 85' lang='grc' dir='ltr'><strong>ἀσύν-</strong></span> 
     </span>
    </p>
   </div>
   <div class='ocr_carea' id='block_1_24' title="bbox 2461 1079 4028 1158">
    <p class='ocr_par' dir='ltr' id='par_1_24' title="bbox 2461 1079 4028 1158">
     <span class='ocr_line' id='line_1_24' title="bbox 2461 1079 4028 1158; baseline 0.008 -30"><span class='ocrx_word' id='word_1_161' title='bbox 2461 1079 2590 1146; x_wconf 85' lang='grc' dir='ltr'><strong>ηθες</strong></span> <span class='ocrx_word' id='word_1_162' title='bbox 2616 1082 2682 1148; x_wconf 78' lang='grc' dir='ltr'><strong>τῇ</strong></span> <span class='ocrx_word' id='word_1_163' title='bbox 2744 1079 3040 1150; x_wconf 74' lang='grc' dir='ltr'><strong>Ἐκκλησία</strong></span> <span class='ocrx_word' id='word_1_164' title='bbox 3073 1084 3233 1150; x_wconf 82' lang='grc' dir='ltr'><strong>ἔργον</strong></span> <span class='ocrx_word' id='word_1_165' title='bbox 3267 1086 3610 1154; x_wconf 73' lang='grc' dir='ltr'><strong>εἰργάσαντο,</strong></span> <span class='ocrx_word' id='word_1_166' title='bbox 3643 1091 3736 1140; x_wconf 77' lang='grc' dir='ltr'><strong>καὶ</strong></span> <span class='ocrx_word' id='word_1_167' title='bbox 3782 1091 3924 1158; x_wconf 78' lang='grc' dir='ltr'><strong>μόνῳ</strong></span> <span class='ocrx_word' id='word_1_168' title='bbox 3953 1093 4028 1158; x_wconf 76' lang='grc' dir='ltr'><strong>τῷ</strong></span> 
     </span>
    </p>
   </div>
   <div class='ocr_carea' id='block_1_25' title="bbox 2459 1172 4028 1249">
    <p class='ocr_par' dir='ltr' id='par_1_25' title="bbox 2459 1172 4028 1249">
     <span class='ocr_line' id='line_1_25' title="bbox 2459 1172 4028 1249; baseline 0.007 -28"><span class='ocrx_word' id='word_1_169' title='bbox 2459 1172 2710 1240; x_wconf 77' lang='grc' dir='ltr'><strong>ἀρχιερεῖ</strong></span> <span class='ocrx_word' id='word_1_170' title='bbox 2753 1174 3062 1243; x_wconf 77' lang='grc' dir='ltr'><strong>ἐφειμένον,</strong></span> <span class='ocrx_word' id='word_1_171' title='bbox 3097 1177 3192 1230; x_wconf 79' lang='grc' dir='ltr'><strong>καὶ</strong></span> <span class='ocrx_word' id='word_1_172' title='bbox 3236 1178 3408 1247; x_wconf 86' lang='grc' dir='ltr'><strong>τούτῳ</strong></span> <span class='ocrx_word' id='word_1_173' title='bbox 3441 1179 3581 1248; x_wconf 83' lang='grc' dir='ltr'><strong>μετὰ</strong></span> <span class='ocrx_word' id='word_1_174' title='bbox 3624 1179 3867 1249; x_wconf 84' lang='grc' dir='ltr'><strong>μεγάλης</strong></span> <span class='ocrx_word' id='word_1_175' title='bbox 3900 1185 4028 1232; x_wconf 74' lang='grc' dir='ltr'><strong>σκέο</strong></span> 
     </span>
    </p>
   </div>
   <div class='ocr_carea' id='block_1_26' title="bbox 2458 1258 4029 1334">
    <p class='ocr_par' dir='ltr' id='par_1_26' title="bbox 2458 1258 4029 1334">
     <span class='ocr_line' id='line_1_26' title="bbox 2458 1258 4029 1334; baseline 0.005 -25"><span class='ocrx_word' id='word_1_176' title='bbox 2458 1258 2604 1326; x_wconf 81' lang='grc' dir='ltr'><strong>ψεως</strong></span> <span class='ocrx_word' id='word_1_177' title='bbox 2651 1263 2749 1312; x_wconf 71' lang='grc' dir='ltr'><strong>καὶ</strong></span> <span class='ocrx_word' id='word_1_178' title='bbox 2800 1262 3128 1330; x_wconf 83' lang='grc' dir='ltr'><strong>συμϐούλοις</strong></span> <span class='ocrx_word' id='word_1_179' title='bbox 3162 1265 3433 1334; x_wconf 83' lang='grc' dir='ltr'><strong>χρωμένῳ</strong></span> <span class='ocrx_word' id='word_1_180' title='bbox 3478 1267 3592 1325; x_wconf 89' lang='grc' dir='ltr'><strong>τοῖς</strong></span> <span class='ocrx_word' id='word_1_181' title='bbox 3644 1264 3807 1328; x_wconf 88' lang='grc' dir='ltr'><strong>θείοις</strong></span> <span class='ocrx_word' id='word_1_182' title='bbox 3839 1268 4029 1317; x_wconf 84' lang='grc' dir='ltr'><strong>κανόσι</strong></span> 
     </span>
    </p>
   </div>
   <div class='ocr_carea' id='block_1_27' title="bbox 2459 1348 3997 1422">
    <p class='ocr_par' dir='ltr' id='par_1_27' title="bbox 2459 1348 3997 1422">
     <span class='ocr_line' id='line_1_27' title="bbox 2459 1348 3997 1422; baseline 0.003 -22"><span class='ocrx_word' id='word_1_183' title='bbox 2459 1348 2553 1400; x_wconf 82' lang='grc' dir='ltr'><strong>καὶ</strong></span> <span class='ocrx_word' id='word_1_184' title='bbox 2582 1351 2788 1417; x_wconf 86' lang='grc' dir='ltr'><strong>νόμοις,</strong></span> <span class='ocrx_word' id='word_1_185' title='bbox 2816 1351 2993 1413; x_wconf 80' lang='grc' dir='ltr'><strong>ἄλλως</strong></span> <span class='ocrx_word' id='word_1_186' title='bbox 3022 1370 3082 1404; x_wconf 91' lang='grc' dir='ltr'><strong>τε</strong></span> <span class='ocrx_word' id='word_1_187' title='bbox 3116 1353 3173 1406; x_wconf 86' lang='grc' dir='ltr'><strong>δέ</strong></span> <span class='ocrx_word' id='word_1_188' title='bbox 3209 1357 3304 1406; x_wconf 83' lang='grc' dir='ltr'><strong>καὶ</strong></span> <span class='ocrx_word' id='word_1_189' title='bbox 3337 1357 3397 1404; x_wconf 80' lang='grc' dir='ltr'><strong>τὸ</strong></span> <span class='ocrx_word' id='word_1_190' title='bbox 3431 1354 3524 1405; x_wconf 81' lang='grc' dir='ltr'><strong>τοῦ</strong></span> <span class='ocrx_word' id='word_1_191' title='bbox 3557 1355 3648 1405; x_wconf 79' lang='grc' dir='ltr'><strong>ἐπὶ</strong></span> <span class='ocrx_word' id='word_1_192' title='bbox 3676 1356 3742 1422; x_wconf 80' lang='grc' dir='ltr'><strong>τῇ</strong></span> <span class='ocrx_word' id='word_1_193' title='bbox 3777 1371 3997 1422; x_wconf 87' lang='grc' dir='ltr'><strong>συνωμο</strong></span> 
     </span>
    </p>
   </div>
   <div class='ocr_carea' id='block_1_28' title="bbox 2461 1440 4031 1513">
    <p class='ocr_par' dir='ltr' id='par_1_28' title="bbox 2461 1440 4031 1513">
     <span class='ocr_line' id='line_1_28' title="bbox 2461 1440 4031 1513; baseline 0 -19"><span class='ocrx_word' id='word_1_194' title='bbox 2461 1440 2552 1509; x_wconf 72' lang='grc' dir='ltr'><strong>σία</strong></span> <span class='ocrx_word' id='word_1_195' title='bbox 2581 1443 2678 1494; x_wconf 74' lang='grc' dir='ltr'><strong>καὶ</strong></span> <span class='ocrx_word' id='word_1_196' title='bbox 2707 1443 2912 1513; x_wconf 77' lang='grc' dir='ltr'><strong>φατρία</strong></span> <span class='ocrx_word' id='word_1_197' title='bbox 2938 1444 3164 1507; x_wconf 78' lang='grc' dir='ltr'><strong>κανόνος</strong></span> <span class='ocrx_word' id='word_1_198' title='bbox 3193 1445 3423 1499; x_wconf 78' lang='grc' dir='ltr'><strong>ἀπτεται</strong></span> <span class='ocrx_word' id='word_1_199' title='bbox 3451 1446 3633 1498; x_wconf 90' lang='grc' dir='ltr'><strong>αὑτῶν</strong></span> <span class='ocrx_word' id='word_1_200' title='bbox 3664 1447 3772 1499; x_wconf 84' lang='grc' dir='ltr'><strong>τῶν</strong></span> <span class='ocrx_word' id='word_1_201' title='bbox 3795 1446 4031 1513; x_wconf 78' lang='grc' dir='ltr'><strong>διαπρα-</strong></span> 
     </span>
    </p>
   </div>
   <div class='ocr_carea' id='block_1_29' title="bbox 2459 1531 4028 1606">
    <p class='ocr_par' dir='ltr' id='par_1_29' title="bbox 2459 1531 4028 1606">
     <span class='ocr_line' id='line_1_29' title="bbox 2459 1531 4028 1606; baseline 0.002 -24"><span class='ocrx_word' id='word_1_202' title='bbox 2459 1531 2708 1598; x_wconf 88' lang='grc' dir='ltr'><strong>ξαμένων</strong></span> <span class='ocrx_word' id='word_1_203' title='bbox 2761 1536 2822 1584; x_wconf 84' lang='grc' dir='ltr'><strong>τὸ</strong></span> <span class='ocrx_word' id='word_1_204' title='bbox 2854 1533 3099 1586; x_wconf 78' lang='grc' dir='ltr'><strong>τοιοῦτον</strong></span> <span class='ocrx_word' id='word_1_205' title='bbox 3147 1536 3332 1606; x_wconf 91' lang='grc' dir='ltr'><strong>ἔργον,</strong></span> <span class='ocrx_word' id='word_1_206' title='bbox 3359 1537 3683 1605; x_wconf 82' lang='grc' dir='ltr'><strong>διέγνωμεν,</strong></span> <span class='ocrx_word' id='word_1_207' title='bbox 3721 1535 3797 1597; x_wconf 85' lang='grc' dir='ltr'><strong>ὡς</strong></span> <span class='ocrx_word' id='word_1_208' title='bbox 3841 1536 3905 1588; x_wconf 81' lang='grc' dir='ltr'><strong>ἂν</strong></span> <span class='ocrx_word' id='word_1_209' title='bbox 3936 1538 4028 1586; x_wconf 73' lang='grc' dir='ltr'><strong>ἐπὶ</strong></span> 
     </span>
    </p>
   </div>
   <div class='ocr_carea' id='block_1_30' title="bbox 2457 1621 4024 1696">
    <p class='ocr_par' dir='ltr' id='par_1_30' title="bbox 2457 1621 4024 1696">
     <span class='ocr_line' id='line_1_30' title="bbox 2457 1621 4024 1696; baseline 0.003 -23"><span class='ocrx_word' id='word_1_210' title='bbox 2457 1623 2656 1692; x_wconf 86' lang='grc' dir='ltr'><strong>ἐτέραν</strong></span> <span class='ocrx_word' id='word_1_211' title='bbox 2684 1626 2926 1694; x_wconf 80' lang='grc' dir='ltr'><strong>τριετίαν</strong></span> <span class='ocrx_word' id='word_1_212' title='bbox 2961 1628 3054 1679; x_wconf 84' lang='grc' dir='ltr'><strong>καὶ</strong></span> <span class='ocrx_word' id='word_1_213' title='bbox 3087 1621 3234 1680; x_wconf 73' lang='grc' dir='ltr'><strong>οὗτοι</strong></span> <span class='ocrx_word' id='word_1_214' title='bbox 3267 1627 3317 1678; x_wconf 85' lang='grc' dir='ltr'><strong>οί</strong></span> <span class='ocrx_word' id='word_1_215' title='bbox 3354 1629 3520 1696; x_wconf 89' lang='grc' dir='ltr'><strong>ίερεῖς</strong></span> <span class='ocrx_word' id='word_1_216' title='bbox 3567 1628 3660 1680; x_wconf 75' lang='grc' dir='ltr'><strong>καὶ</strong></span> <span class='ocrx_word' id='word_1_217' title='bbox 3686 1629 3734 1679; x_wconf 87' lang='grc' dir='ltr'><strong>οί</strong></span> <span class='ocrx_word' id='word_1_218' title='bbox 3768 1628 3857 1679; x_wconf 64' lang='grc' dir='ltr'><strong>τὸν</strong></span> <span class='ocrx_word' id='word_1_219' title='bbox 3888 1629 4024 1693; x_wconf 64' lang='grc' dir='ltr'><strong>ἀφο-</strong></span> 
     </span>
    </p>
   </div>
   <div class='ocr_carea' id='block_1_31' title="bbox 2460 1717 4025 1788">
    <p class='ocr_par' dir='ltr' id='par_1_31' title="bbox 2460 1717 4025 1788">
     <span class='ocr_line' id='line_1_31' title="bbox 2460 1717 4025 1788; baseline 0.001 -21"><span class='ocrx_word' id='word_1_220' title='bbox 2460 1717 2655 1786; x_wconf 84' lang='grc' dir='ltr'><strong>ρισμὸν</strong></span> <span class='ocrx_word' id='word_1_221' title='bbox 2685 1717 3054 1786; x_wconf 85' lang='grc' dir='ltr'><strong>ἀθετήσαντες</strong></span> <span class='ocrx_word' id='word_1_222' title='bbox 3100 1719 3177 1788; x_wconf 84' lang='grc' dir='ltr'><strong>τῷ</strong></span> <span class='ocrx_word' id='word_1_223' title='bbox 3215 1720 3399 1771; x_wconf 84' lang='grc' dir='ltr'><strong>κανόνι</strong></span> <span class='ocrx_word' id='word_1_224' title='bbox 3435 1720 3610 1787; x_wconf 85' lang='grc' dir='ltr'><strong>τούτῳ</strong></span> <span class='ocrx_word' id='word_1_225' title='bbox 3641 1721 3733 1772; x_wconf 82' lang='grc' dir='ltr'><strong>καὶ</strong></span> <span class='ocrx_word' id='word_1_226' title='bbox 3763 1720 3874 1779; x_wconf 87' lang='grc' dir='ltr'><strong>τοῖς</strong></span> <span class='ocrx_word' id='word_1_227' title='bbox 3903 1720 4025 1769; x_wconf 81' lang='grc' dir='ltr'><strong>ἐπι-</strong></span> 
     </span>
    </p>
   </div>
   <div class='ocr_carea' id='block_1_32' title="bbox 2453 1809 4028 1881">
    <p class='ocr_par' dir='ltr' id='par_1_32' title="bbox 2453 1809 4028 1881">
     <span class='ocr_line' id='line_1_32' title="bbox 2453 1809 4028 1881; baseline 0.001 -23"><span class='ocrx_word' id='word_1_228' title='bbox 2453 1809 2663 1877; x_wconf 85' lang='grc' dir='ltr'><strong>τιμίοις</strong></span> <span class='ocrx_word' id='word_1_229' title='bbox 2704 1810 3070 1862; x_wconf 84' lang='grc' dir='ltr'><strong>δουλεύσωσιν</strong></span> <span class='ocrx_word' id='word_1_230' title='bbox 3094 1827 3109 1842; x_wconf 75' lang='grc' dir='ltr'><strong><em>ο</em></strong></span> <span class='ocrx_word' id='word_1_231' title='bbox 3144 1812 3238 1862; x_wconf 77' lang='grc' dir='ltr'><strong>ἐπὶ</strong></span> <span class='ocrx_word' id='word_1_232' title='bbox 3279 1810 3453 1881; x_wconf 78' lang='grc' dir='ltr'><strong>ταύτῃ</strong></span> <span class='ocrx_word' id='word_1_233' title='bbox 3496 1814 3561 1881; x_wconf 79' lang='grc' dir='ltr'><strong>τῇ</strong></span> <span class='ocrx_word' id='word_1_234' title='bbox 3599 1812 3810 1880; x_wconf 85' lang='grc' dir='ltr'><strong>τριετίᾳ</strong></span> <span class='ocrx_word' id='word_1_235' title='bbox 3834 1811 3887 1861; x_wconf 79' lang='grc' dir='ltr'><strong>δὲ</strong></span> <span class='ocrx_word' id='word_1_236' title='bbox 3915 1811 4028 1874; x_wconf 79' lang='grc' dir='ltr'><strong>ἐξέ-</strong></span> 
     </span>
    </p>
   </div>
   <div class='ocr_carea' id='block_1_33' title="bbox 785 1886 4020 1973">
    <p class='ocr_par' dir='ltr' id='par_1_33' title="bbox 785 1886 4020 1973">
     <span class='ocr_line' id='line_1_33' title="bbox 785 1886 4020 1973; baseline 0.002 -35"><span class='ocrx_word' id='word_1_237' title='bbox 785 1887 1060 1954; x_wconf 81' lang='grc' dir='ltr'><strong>όφείλουσι</strong></span> <span class='ocrx_word' id='word_1_238' title='bbox 1096 1888 1237 1937; x_wconf 75' lang='grc' dir='ltr'><strong>κατα</strong></span> <span class='ocrx_word' id='word_1_239' title='bbox 1268 1886 1360 1938; x_wconf 82' lang='grc' dir='ltr'><strong>τὸν</strong></span> <span class='ocrx_word' id='word_1_240' title='bbox 1391 1888 1579 1952; x_wconf 73' lang='grc' dir='ltr'><strong>καιρ⁵,ν</strong></span> <span class='ocrx_word' id='word_1_241' title='bbox 1617 1886 1805 1939; x_wconf 80' lang='grc' dir='ltr'><strong>τοῦτον</strong></span> <span class='ocrx_word' id='word_1_242' title='bbox 1840 1891 1933 1939; x_wconf 77' lang='grc' dir='ltr'><strong>καὶ</strong></span> <span class='ocrx_word' id='word_1_243' title='bbox 1965 1890 2194 1956; x_wconf 79' lang='grc' dir='ltr'><strong>κρέατος</strong></span> <span class='ocrx_word' id='word_1_244' title='bbox 2218 1893 2351 1942; x_wconf 87' lang='grc' dir='ltr'><strong>ἀπέ-</strong></span> <span class='ocrx_word' id='word_1_245' title='bbox 2384 1919 2424 1972; x_wconf 74' lang='grc' dir='ltr'><strong>Β</strong></span> <span class='ocrx_word' id='word_1_246' title='bbox 2456 1901 2667 1972; x_wconf 76' lang='grc' dir='ltr'><strong>σταιτῷ</strong></span> <span class='ocrx_word' id='word_1_247' title='bbox 2688 1901 2967 1971; x_wconf 71' lang='grc' dir='ltr'><strong>ἱερωτάτφ</strong></span> <span class='ocrx_word' id='word_1_248' title='bbox 2990 1904 3237 1973; x_wconf 75' lang='grc' dir='ltr'><strong>ἀρχιερεῖ</strong></span> <span class='ocrx_word' id='word_1_249' title='bbox 3265 1902 3577 1956; x_wconf 78' lang='grc' dir='ltr'><strong>Ίωαννίνων</strong></span> <span class='ocrx_word' id='word_1_250' title='bbox 3595 1903 3688 1954; x_wconf 76' lang='grc' dir='ltr'><strong>καὶ</strong></span> <span class='ocrx_word' id='word_1_251' title='bbox 3710 1901 4020 1971; x_wconf 59' lang='grc' dir='ltr'><strong>ὑπερτίμερ,</strong></span> 
     </span>
    </p>
   </div>
   <div class='ocr_carea' id='block_1_34' title="bbox 787 1977 2351 2049">
    <p class='ocr_par' dir='ltr' id='par_1_34' title="bbox 787 1977 2351 2049">
     <span class='ocr_line' id='line_1_34' title="bbox 787 1977 2351 2049; baseline 0.001 -19"><span class='ocrx_word' id='word_1_252' title='bbox 787 1980 1003 2049; x_wconf 83' lang='grc' dir='ltr'><strong>χεσθαι,</strong></span> <span class='ocrx_word' id='word_1_253' title='bbox 1029 1977 1274 2046; x_wconf 85' lang='grc' dir='ltr'><strong>Τετράδα</strong></span> <span class='ocrx_word' id='word_1_254' title='bbox 1292 1977 1346 2028; x_wconf 84' lang='grc' dir='ltr'><strong>δὲ</strong></span> <span class='ocrx_word' id='word_1_255' title='bbox 1376 1979 1469 2028; x_wconf 81' lang='grc' dir='ltr'><strong>καὶ</strong></span> <span class='ocrx_word' id='word_1_256' title='bbox 1494 1977 1874 2047; x_wconf 78' lang='grc' dir='ltr'><strong>ίΙαρασκευὴν,</strong></span> <span class='ocrx_word' id='word_1_257' title='bbox 1904 1978 2231 2048; x_wconf 84' lang='grc' dir='ltr'><strong>ξηροφαγεῖν</strong></span> <span class='ocrx_word' id='word_1_258' title='bbox 2258 1984 2351 2034; x_wconf 70' lang='grc' dir='ltr'><strong>καὶ</strong></span> 
     </span>
    </p>
   </div>
   <div class='ocr_carea' id='block_1_35' title="bbox 789 2069 2352 2140">
    <p class='ocr_par' dir='ltr' id='par_1_35' title="bbox 789 2069 2352 2140">
     <span class='ocr_line' id='line_1_35' title="bbox 789 2069 2352 2140; baseline 0 -17"><span class='ocrx_word' id='word_1_259' title='bbox 789 2073 1127 2139; x_wconf 84' lang='grc' dir='ltr'><strong>ὑδροποτεῖν,</strong></span> <span class='ocrx_word' id='word_1_260' title='bbox 1158 2071 1252 2121; x_wconf 74' lang='grc' dir='ltr'><strong>καὶ</strong></span> <span class='ocrx_word' id='word_1_261' title='bbox 1305 2071 1481 2120; x_wconf 86' lang='grc' dir='ltr'><strong>ποιεῖν</strong></span> <span class='ocrx_word' id='word_1_262' title='bbox 1511 2069 1749 2138; x_wconf 77' lang='grc' dir='ltr'><strong>ἑκάστης</strong></span> <span class='ocrx_word' id='word_1_263' title='bbox 1796 2071 2008 2140; x_wconf 81' lang='grc' dir='ltr'><strong>ἡμέρας</strong></span> <span class='ocrx_word' id='word_1_264' title='bbox 2064 2073 2352 2139; x_wconf 79' lang='grc' dir='ltr'><strong>μετανοίας</strong></span> 
     </span>
    </p>
   </div>
   <div class='ocr_carea' id='block_1_36' title="bbox 786 2161 2354 2232">
    <p class='ocr_par' dir='ltr' id='par_1_36' title="bbox 786 2161 2354 2232">
     <span class='ocr_line' id='line_1_36' title="bbox 786 2161 2354 2232; baseline 0 -16"><span class='ocrx_word' id='word_1_265' title='bbox 786 2164 1150 2230; x_wconf 79' lang='grc' dir='ltr'><strong>πεντήκοντα,</strong></span> <span class='ocrx_word' id='word_1_266' title='bbox 1183 2161 1311 2215; x_wconf 87' lang='grc' dir='ltr'><strong>ἀνευ</strong></span> <span class='ocrx_word' id='word_1_267' title='bbox 1344 2161 1624 2213; x_wconf 86' lang='grc' dir='ltr'><strong>Σαϐϐἀτου</strong></span> <span class='ocrx_word' id='word_1_268' title='bbox 1657 2162 1751 2213; x_wconf 78' lang='grc' dir='ltr'><strong>καὶ</strong></span> <span class='ocrx_word' id='word_1_269' title='bbox 1781 2163 2087 2232; x_wconf 85' lang='grc' dir='ltr'><strong>Κυριακῆς,</strong></span> <span class='ocrx_word' id='word_1_270' title='bbox 2127 2165 2220 2216; x_wconf 82' lang='grc' dir='ltr'><strong>ἐπὶ</strong></span> <span class='ocrx_word' id='word_1_271' title='bbox 2248 2167 2354 2216; x_wconf 85' lang='grc' dir='ltr'><strong>ἐνι-</strong></span> 
     </span>
    </p>
   </div>
   <div class='ocr_carea' id='block_1_37' title="bbox 788 2251 2351 2324">
    <p class='ocr_par' dir='ltr' id='par_1_37' title="bbox 788 2251 2351 2324">
     <span class='ocr_line' id='line_1_37' title="bbox 788 2251 2351 2324; baseline 0.001 -21"><span class='ocrx_word' id='word_1_272' title='bbox 788 2252 940 2322; x_wconf 87' lang='grc' dir='ltr'><strong>αυτῷ</strong></span> <span class='ocrx_word' id='word_1_273' title='bbox 994 2253 1147 2322; x_wconf 74' lang='grc' dir='ltr'><strong>ἐντὸς</strong></span> <span class='ocrx_word' id='word_1_274' title='bbox 1203 2251 1454 2304; x_wconf 78' lang='grc' dir='ltr'><strong>ἵστασθαι</strong></span> <span class='ocrx_word' id='word_1_275' title='bbox 1504 2253 1602 2320; x_wconf 84' lang='grc' dir='ltr'><strong>τῆς</strong></span> <span class='ocrx_word' id='word_1_276' title='bbox 1635 2251 1967 2321; x_wconf 87' lang='grc' dir='ltr'><strong>Ἐκκλησίας</strong></span> <span class='ocrx_word' id='word_1_277' title='bbox 2022 2253 2351 2324; x_wconf 78' lang='grc' dir='ltr'><strong>ψαλλούσης,</strong></span> 
     </span>
    </p>
   </div>
   <div class='ocr_carea' id='block_1_38' title="bbox 783 2342 2355 2413">
    <p class='ocr_par' dir='ltr' id='par_1_38' title="bbox 783 2342 2355 2413">
     <span class='ocr_line' id='line_1_38' title="bbox 783 2342 2355 2413; baseline 0.002 -18"><span class='ocrx_word' id='word_1_278' title='bbox 783 2343 977 2396; x_wconf 86' lang='grc' dir='ltr'><strong>δπισθε</strong></span> <span class='ocrx_word' id='word_1_279' title='bbox 1017 2343 1202 2412; x_wconf 90' lang='grc' dir='ltr'><strong>μέντοι</strong></span> <span class='ocrx_word' id='word_1_280' title='bbox 1235 2343 1342 2394; x_wconf 89' lang='grc' dir='ltr'><strong>τῶν</strong></span> <span class='ocrx_word' id='word_1_281' title='bbox 1376 2342 1714 2411; x_wconf 81' lang='grc' dir='ltr'><strong>ψαλλόντων,</strong></span> <span class='ocrx_word' id='word_1_282' title='bbox 1746 2344 1840 2394; x_wconf 82' lang='grc' dir='ltr'><strong>ἐπὶ</strong></span> <span class='ocrx_word' id='word_1_283' title='bbox 1874 2343 1932 2395; x_wconf 83' lang='grc' dir='ltr'><strong>δὲ</strong></span> <span class='ocrx_word' id='word_1_284' title='bbox 1959 2343 2036 2412; x_wconf 85' lang='grc' dir='ltr'><strong>τῷ</strong></span> <span class='ocrx_word' id='word_1_285' title='bbox 2070 2346 2242 2413; x_wconf 83' lang='grc' dir='ltr'><strong>ἑτέρῳ</strong></span> <span class='ocrx_word' id='word_1_286' title='bbox 2274 2345 2355 2398; x_wconf 72' lang='grc' dir='ltr'><strong>ἐνὶ</strong></span> 
     </span>
    </p>
   </div>
   <div class='ocr_carea' id='block_1_39' title="bbox 784 2435 2350 2505">
    <p class='ocr_par' dir='ltr' id='par_1_39' title="bbox 784 2435 2350 2505">
     <span class='ocr_line' id='line_1_39' title="bbox 784 2435 2350 2505; baseline 0.001 -17"><span class='ocrx_word' id='word_1_287' title='bbox 784 2437 879 2488; x_wconf 81' lang='grc' dir='ltr'><strong>καὶ</strong></span> <span class='ocrx_word' id='word_1_288' title='bbox 907 2438 1020 2497; x_wconf 82' lang='grc' dir='ltr'><strong>τοῖς</strong></span> <span class='ocrx_word' id='word_1_289' title='bbox 1053 2435 1209 2489; x_wconf 90' lang='grc' dir='ltr'><strong>ἐννέα</strong></span> <span class='ocrx_word' id='word_1_290' title='bbox 1234 2438 1398 2505; x_wconf 74' lang='grc' dir='ltr'><strong>μησὶν</strong></span> <span class='ocrx_word' id='word_1_291' title='bbox 1429 2435 1648 2487; x_wconf 84' lang='grc' dir='ltr'><strong>ἔσονται</strong></span> <span class='ocrx_word' id='word_1_292' title='bbox 1683 2435 2018 2498; x_wconf 84' lang='grc' dir='ltr'><strong>συνεστῶτες</strong></span> <span class='ocrx_word' id='word_1_293' title='bbox 2039 2437 2132 2488; x_wconf 75' lang='grc' dir='ltr'><strong>καὶ</strong></span> <span class='ocrx_word' id='word_1_294' title='bbox 2166 2453 2350 2502; x_wconf 77' lang='grc' dir='ltr'><strong>συνευο</strong></span> 
     </span>
    </p>
   </div>
   <div class='ocr_carea' id='block_1_40' title="bbox 784 2528 2357 2598">
    <p class='ocr_par' dir='ltr' id='par_1_40' title="bbox 784 2528 2357 2598">
     <span class='ocr_line' id='line_1_40' title="bbox 784 2528 2357 2598; baseline 0.001 -18"><span class='ocrx_word' id='word_1_295' title='bbox 784 2529 1007 2597; x_wconf 86' lang='grc' dir='ltr'><strong>χόμενοι</strong></span> <span class='ocrx_word' id='word_1_296' title='bbox 1067 2529 1177 2589; x_wconf 85' lang='grc' dir='ltr'><strong>τοῖς</strong></span> <span class='ocrx_word' id='word_1_297' title='bbox 1219 2530 1455 2592; x_wconf 82' lang='grc' dir='ltr'><strong>πιστοῖς,</strong></span> <span class='ocrx_word' id='word_1_298' title='bbox 1502 2529 1594 2580; x_wconf 75' lang='grc' dir='ltr'><strong>καὶ</strong></span> <span class='ocrx_word' id='word_1_299' title='bbox 1632 2530 1771 2596; x_wconf 87' lang='grc' dir='ltr'><strong>μετά</strong></span> <span class='ocrx_word' id='word_1_300' title='bbox 1820 2529 1921 2598; x_wconf 78' lang='grc' dir='ltr'><strong>τὴν</strong></span> <span class='ocrx_word' id='word_1_301' title='bbox 1969 2528 2180 2582; x_wconf 85' lang='grc' dir='ltr'><strong>τούτων</strong></span> <span class='ocrx_word' id='word_1_302' title='bbox 2218 2547 2357 2598; x_wconf 84' lang='grc' dir='ltr'><strong>συμ-</strong></span> 
     </span>
    </p>
   </div>
   <div class='ocr_carea' id='block_1_41' title="bbox 785 2618 2356 2690">
    <p class='ocr_par' dir='ltr' id='par_1_41' title="bbox 785 2618 2356 2690">
     <span class='ocr_line' id='line_1_41' title="bbox 785 2618 2356 2690; baseline 0.003 -18"><span class='ocrx_word' id='word_1_303' title='bbox 785 2622 1069 2690; x_wconf 77' lang='grc' dir='ltr'><strong>πλήρωσιν</strong></span> <span class='ocrx_word' id='word_1_304' title='bbox 1121 2618 1522 2688; x_wconf 79' lang='grc' dir='ltr'><strong>ἀξιωθήσονται</strong></span> <span class='ocrx_word' id='word_1_305' title='bbox 1570 2621 1670 2688; x_wconf 83' lang='grc' dir='ltr'><strong>τῆς</strong></span> <span class='ocrx_word' id='word_1_306' title='bbox 1725 2620 2011 2684; x_wconf 88' lang='grc' dir='ltr'><strong>κοινωνίας</strong></span> <span class='ocrx_word' id='word_1_307' title='bbox 2050 2621 2157 2674; x_wconf 88' lang='grc' dir='ltr'><strong>τῶν</strong></span> <span class='ocrx_word' id='word_1_308' title='bbox 2195 2621 2356 2676; x_wconf 82' lang='grc' dir='ltr'><strong>θείων</strong></span> 
     </span>
    </p>
   </div>
   <div class='ocr_carea' id='block_1_42' title="bbox 786 2712 2356 2784">
    <p class='ocr_par' dir='ltr' id='par_1_42' title="bbox 786 2712 2356 2784">
     <span class='ocr_line' id='line_1_42' title="bbox 786 2712 2356 2784; baseline 0.001 -18"><span class='ocrx_word' id='word_1_309' title='bbox 786 2716 1106 2784; x_wconf 76' lang='grc' dir='ltr'><strong>μυστηρίων</strong></span> <span class='ocrx_word' id='word_1_310' title='bbox 1159 2713 1256 2763; x_wconf 79' lang='grc' dir='ltr'><strong>καὶ</strong></span> <span class='ocrx_word' id='word_1_311' title='bbox 1309 2712 1470 2764; x_wconf 76' lang='grc' dir='ltr'><strong>ἄλλον</strong></span> <span class='ocrx_word' id='word_1_312' title='bbox 1504 2713 1707 2781; x_wconf 87' lang='grc' dir='ltr'><strong>τρόπον</strong></span> <span class='ocrx_word' id='word_1_313' title='bbox 1756 2713 1970 2783; x_wconf 89' lang='grc' dir='ltr'><strong>ἔχοντες</strong></span> <span class='ocrx_word' id='word_1_314' title='bbox 2023 2717 2157 2784; x_wconf 79' lang='grc' dir='ltr'><strong>πρὸς</strong></span> <span class='ocrx_word' id='word_1_315' title='bbox 2195 2715 2356 2769; x_wconf 82' lang='grc' dir='ltr'><strong>τοῦτο</strong></span> 
     </span>
    </p>
   </div>
   <div class='ocr_carea' id='block_1_43' title="bbox 781 2804 2354 2878">
    <p class='ocr_par' dir='ltr' id='par_1_43' title="bbox 781 2804 2354 2878">
     <span class='ocr_line' id='line_1_43' title="bbox 781 2804 2354 2878; baseline 0.001 -20"><span class='ocrx_word' id='word_1_316' title='bbox 781 2806 970 2868; x_wconf 84' lang='grc' dir='ltr'><strong>ἀξίως.</strong></span> <span class='ocrx_word' id='word_1_317' title='bbox 1005 2806 1066 2856; x_wconf 84' lang='grc' dir='ltr'><strong>Οί</strong></span> <span class='ocrx_word' id='word_1_318' title='bbox 1103 2804 1157 2856; x_wconf 90' lang='grc' dir='ltr'><strong>δέ</strong></span> <span class='ocrx_word' id='word_1_319' title='bbox 1193 2804 1668 2867; x_wconf 79' lang='grc' dir='ltr'><strong>ἀκολουθήσαντες</strong></span> <span class='ocrx_word' id='word_1_320' title='bbox 1704 2806 1888 2867; x_wconf 86' lang='grc' dir='ltr'><strong>αὑτοῖς</strong></span> <span class='ocrx_word' id='word_1_321' title='bbox 1939 2806 2069 2859; x_wconf 86' lang='grc' dir='ltr'><strong>ἀνευ</strong></span> <span class='ocrx_word' id='word_1_322' title='bbox 2109 2807 2354 2878; x_wconf 82' lang='grc' dir='ltr'><strong>ἀνάγκης</strong></span> 
     </span>
    </p>
   </div>
   <div class='ocr_carea' id='block_1_44' title="bbox 780 2897 2354 2971">
    <p class='ocr_par' dir='ltr' id='par_1_44' title="bbox 780 2897 2354 2971">
     <span class='ocr_line' id='line_1_44' title="bbox 780 2897 2354 2971; baseline 0.001 -21"><span class='ocrx_word' id='word_1_323' title='bbox 780 2899 1076 2966; x_wconf 78' lang='grc' dir='ltr'><strong>ἀφέξονται</strong></span> <span class='ocrx_word' id='word_1_324' title='bbox 1111 2898 1203 2948; x_wconf 82' lang='grc' dir='ltr'><strong>ἐπὶ</strong></span> <span class='ocrx_word' id='word_1_325' title='bbox 1232 2897 1440 2948; x_wconf 90' lang='grc' dir='ltr'><strong>διετίαν</strong></span> <span class='ocrx_word' id='word_1_326' title='bbox 1471 2900 1573 2965; x_wconf 88' lang='grc' dir='ltr'><strong>τῆς</strong></span> <span class='ocrx_word' id='word_1_327' title='bbox 1607 2900 1894 2962; x_wconf 89' lang='grc' dir='ltr'><strong>κοινωνίας</strong></span> <span class='ocrx_word' id='word_1_328' title='bbox 1929 2899 2039 2952; x_wconf 88' lang='grc' dir='ltr'><strong>τῶν</strong></span> <span class='ocrx_word' id='word_1_329' title='bbox 2065 2900 2226 2954; x_wconf 89' lang='grc' dir='ltr'><strong>θείων</strong></span> <span class='ocrx_word' id='word_1_330' title='bbox 2255 2920 2354 2971; x_wconf 91' lang='grc' dir='ltr'><strong>μυ-</strong></span> 
     </span>
    </p>
   </div>
   <div class='ocr_carea' id='block_1_45' title="bbox 781 2990 2354 3058">
    <p class='ocr_par' dir='ltr' id='par_1_45' title="bbox 781 2990 2354 3058">
     <span class='ocr_line' id='line_1_45' title="bbox 781 2990 2354 3058; baseline 0.002 -17"><span class='ocrx_word' id='word_1_331' title='bbox 781 2991 1045 3058; x_wconf 88' lang='grc' dir='ltr'><strong>στηρίων,</strong></span> <span class='ocrx_word' id='word_1_332' title='bbox 1072 2990 1562 3058; x_wconf 85' lang='grc' dir='ltr'><strong>οίκονομηθήσεται</strong></span> <span class='ocrx_word' id='word_1_333' title='bbox 1599 2990 1656 3042; x_wconf 84' lang='grc' dir='ltr'><strong>δὲ</strong></span> <span class='ocrx_word' id='word_1_334' title='bbox 1686 2991 1866 3052; x_wconf 81' lang='grc' dir='ltr'><strong>αὐτοῖς</strong></span> <span class='ocrx_word' id='word_1_335' title='bbox 1897 2993 1924 3044; x_wconf 90' lang='lat'><strong>6</strong></span> <span class='ocrx_word' id='word_1_336' title='bbox 1953 2992 2208 3054; x_wconf 83' lang='grc' dir='ltr'><strong>τοσοῦτος</strong></span> <span class='ocrx_word' id='word_1_337' title='bbox 2232 3011 2354 3044; x_wconf 89' lang='grc' dir='ltr'><strong>και-</strong></span> 
     </span>
    </p>
   </div>
   <div class='ocr_carea' id='block_1_46' title="bbox 780 3080 2353 3154">
    <p class='ocr_par' dir='ltr' id='par_1_46' title="bbox 780 3080 2353 3154">
     <span class='ocr_line' id='line_1_46' title="bbox 780 3080 2353 3154; baseline 0.003 -22"><span class='ocrx_word' id='word_1_338' title='bbox 780 3083 871 3151; x_wconf 71' lang='grc' dir='ltr'><strong>ρὸς</strong></span> <span class='ocrx_word' id='word_1_339' title='bbox 908 3080 1051 3134; x_wconf 87' lang='grc' dir='ltr'><strong>κατά</strong></span> <span class='ocrx_word' id='word_1_340' title='bbox 1080 3081 1179 3150; x_wconf 78' lang='grc' dir='ltr'><strong>τὴν</strong></span> <span class='ocrx_word' id='word_1_341' title='bbox 1203 3081 1498 3145; x_wconf 84' lang='grc' dir='ltr'><strong>ἀναλογίαν</strong></span> <span class='ocrx_word' id='word_1_342' title='bbox 1523 3081 1623 3149; x_wconf 83' lang='grc' dir='ltr'><strong>τῆς</strong></span> <span class='ocrx_word' id='word_1_343' title='bbox 1648 3083 1909 3152; x_wconf 84' lang='grc' dir='ltr'><strong>ἀνωτέρω</strong></span> <span class='ocrx_word' id='word_1_344' title='bbox 1937 3083 2182 3154; x_wconf 74' lang='grc' dir='ltr'><strong>δοθείσης</strong></span> <span class='ocrx_word' id='word_1_345' title='bbox 2208 3103 2353 3152; x_wconf 90' lang='grc' dir='ltr'><strong>τριε-</strong></span> 
     </span>
    </p>
   </div>
   <div class='ocr_carea' id='block_1_47' title="bbox 777 3173 2352 3246">
    <p class='ocr_par' dir='ltr' id='par_1_47' title="bbox 777 3173 2352 3246">
     <span class='ocr_line' id='line_1_47' title="bbox 777 3173 2352 3246; baseline 0.001 -20"><span class='ocrx_word' id='word_1_346' title='bbox 777 3176 920 3236; x_wconf 88' lang='grc' dir='ltr'><strong>τίας,</strong></span> <span class='ocrx_word' id='word_1_347' title='bbox 956 3174 1098 3225; x_wconf 85' lang='grc' dir='ltr'><strong>ὥστε</strong></span> <span class='ocrx_word' id='word_1_348' title='bbox 1131 3174 1271 3225; x_wconf 82' lang='grc' dir='ltr'><strong>κατὰ</strong></span> <span class='ocrx_word' id='word_1_349' title='bbox 1299 3175 1358 3225; x_wconf 82' lang='grc' dir='ltr'><strong>τὸ</strong></span> <span class='ocrx_word' id='word_1_350' title='bbox 1393 3173 1661 3241; x_wconf 87' lang='grc' dir='ltr'><strong>ἀνάλογον</strong></span> <span class='ocrx_word' id='word_1_351' title='bbox 1693 3173 2050 3244; x_wconf 83' lang='grc' dir='ltr'><strong>προσκλαίειν</strong></span> <span class='ocrx_word' id='word_1_352' title='bbox 2071 3177 2163 3227; x_wconf 77' lang='grc' dir='ltr'><strong>ἐπὶ</strong></span> <span class='ocrx_word' id='word_1_353' title='bbox 2194 3179 2352 3246; x_wconf 80' lang='grc' dir='ltr'><strong>διμη-</strong></span> 
     </span>
    </p>
   </div>
   <div class='ocr_carea' id='block_1_48' title="bbox 776 3256 2421 3336">
    <p class='ocr_par' dir='ltr' id='par_1_48' title="bbox 776 3256 2421 3336">
     <span class='ocr_line' id='line_1_48' title="bbox 776 3256 2421 3336; baseline 0.001 -20"><span class='ocrx_word' id='word_1_354' title='bbox 776 3270 948 3317; x_wconf 78' lang='grc' dir='ltr'><strong>νιαῖον</strong></span> <span class='ocrx_word' id='word_1_355' title='bbox 995 3267 1206 3335; x_wconf 66' lang='grc' dir='ltr'><strong>καιρὸν,</strong></span> <span class='ocrx_word' id='word_1_356' title='bbox 1261 3266 1355 3318; x_wconf 80' lang='grc' dir='ltr'><strong>καὶ</strong></span> <span class='ocrx_word' id='word_1_357' title='bbox 1388 3267 1488 3330; x_wconf 81' lang='grc' dir='ltr'><strong>τῆς</strong></span> <span class='ocrx_word' id='word_1_358' title='bbox 1535 3266 1836 3334; x_wconf 72' lang='grc' dir='ltr'><strong>ἐκκλησίας</strong></span> <span class='ocrx_word' id='word_1_359' title='bbox 1879 3266 2190 3336; x_wconf 76' lang='grc' dir='ltr'><strong>ψαλλούσης</strong></span> <span class='ocrx_word' id='word_1_360' title='bbox 2247 3256 2421 3335; x_wconf 72' lang='grc' dir='ltr'><strong>ἓξωϐ</strong></span> 
     </span>
    </p>
   </div>
   <div class='ocr_carea' id='block_1_49' title="bbox 775 3356 2346 3428">
    <p class='ocr_par' dir='ltr' id='par_1_49' title="bbox 775 3356 2346 3428">
     <span class='ocr_line' id='line_1_49' title="bbox 775 3356 2346 3428; baseline 0.003 -21"><span class='ocrx_word' id='word_1_361' title='bbox 775 3358 1054 3416; x_wconf 82' lang='grc' dir='ltr'><strong>ἵστασθαι,</strong></span> <span class='ocrx_word' id='word_1_362' title='bbox 1089 3356 1182 3408; x_wconf 78' lang='grc' dir='ltr'><strong>καὶ</strong></span> <span class='ocrx_word' id='word_1_363' title='bbox 1215 3358 1352 3425; x_wconf 89' lang='grc' dir='ltr'><strong>μήτε</strong></span> <span class='ocrx_word' id='word_1_364' title='bbox 1385 3357 1684 3428; x_wconf 79' lang='grc' dir='ltr'><strong>ἀντιδωρου</strong></span> <span class='ocrx_word' id='word_1_365' title='bbox 1713 3357 2177 3426; x_wconf 87' lang='grc' dir='ltr'><strong>μεταλαμϐάνειν,</strong></span> <span class='ocrx_word' id='word_1_366' title='bbox 2208 3363 2346 3428; x_wconf 73' lang='grc' dir='ltr'><strong>μήτε</strong></span> 
     </span>
    </p>
   </div>
   <div class='ocr_carea' id='block_1_50' title="bbox 775 3450 2349 3521">
    <p class='ocr_par' dir='ltr' id='par_1_50' title="bbox 775 3450 2349 3521">
     <span class='ocr_line' id='line_1_50' title="bbox 775 3450 2349 3521; baseline 0.001 -19"><span class='ocrx_word' id='word_1_367' title='bbox 775 3450 1120 3517; x_wconf 84' lang='grc' dir='ltr'><strong>ἀγιάσματος</strong></span> <span class='ocrx_word' id='word_1_368' title='bbox 1173 3450 1372 3514; x_wconf 85' lang='grc' dir='ltr'><strong>πίνειν,</strong></span> <span class='ocrx_word' id='word_1_369' title='bbox 1415 3450 1586 3517; x_wconf 91' lang='grc' dir='ltr'><strong>μόνην</strong></span> <span class='ocrx_word' id='word_1_370' title='bbox 1630 3450 1686 3502; x_wconf 81' lang='grc' dir='ltr'><strong>δὲ</strong></span> <span class='ocrx_word' id='word_1_371' title='bbox 1721 3452 1994 3518; x_wconf 84' lang='grc' dir='ltr'><strong>παναγίαν</strong></span> <span class='ocrx_word' id='word_1_372' title='bbox 2047 3452 2349 3521; x_wconf 85' lang='grc' dir='ltr'><strong>λαμϐάνειν</strong></span> 
     </span>
    </p>
   </div>
   <div class='ocr_carea' id='block_1_51' title="bbox 779 3540 2350 3610">
    <p class='ocr_par' dir='ltr' id='par_1_51' title="bbox 779 3540 2350 3610">
     <span class='ocr_line' id='line_1_51' title="bbox 779 3540 2350 3610; baseline 0.001 -18"><span class='ocrx_word' id='word_1_373' title='bbox 779 3543 920 3610; x_wconf 84' lang='grc' dir='ltr'><strong>μετά</strong></span> <span class='ocrx_word' id='word_1_374' title='bbox 953 3542 1013 3592; x_wconf 87' lang='grc' dir='ltr'><strong>τὸ</strong></span> <span class='ocrx_word' id='word_1_375' title='bbox 1045 3544 1264 3609; x_wconf 84' lang='grc' dir='ltr'><strong>φαγεῖν,</strong></span> <span class='ocrx_word' id='word_1_376' title='bbox 1298 3540 1603 3608; x_wconf 82' lang='grc' dir='ltr'><strong>ἀπέχεσθαί</strong></span> <span class='ocrx_word' id='word_1_377' title='bbox 1626 3557 1684 3590; x_wconf 90' lang='grc' dir='ltr'><strong>τε</strong></span> <span class='ocrx_word' id='word_1_378' title='bbox 1719 3543 1811 3592; x_wconf 81' lang='grc' dir='ltr'><strong>ἐπὶ</strong></span> <span class='ocrx_word' id='word_1_379' title='bbox 1843 3544 1956 3604; x_wconf 88' lang='grc' dir='ltr'><strong>τοῖς</strong></span> <span class='ocrx_word' id='word_1_380' title='bbox 1982 3543 2104 3595; x_wconf 84' lang='grc' dir='ltr'><strong>δυσὶ</strong></span> <span class='ocrx_word' id='word_1_381' title='bbox 2139 3546 2350 3606; x_wconf 83' lang='grc' dir='ltr'><strong>τούτοις</strong></span> 
     </span>
    </p>
   </div>
   <div class='ocr_carea' id='block_1_52' title="bbox 777 3629 2348 3703">
    <p class='ocr_par' dir='ltr' id='par_1_52' title="bbox 777 3629 2348 3703">
     <span class='ocr_line' id='line_1_52' title="bbox 777 3629 2348 3703; baseline 0.003 -21"><span class='ocrx_word' id='word_1_382' title='bbox 777 3636 911 3702; x_wconf 89' lang='grc' dir='ltr'><strong>μησί</strong></span> <span class='ocrx_word' id='word_1_383' title='bbox 949 3633 1202 3701; x_wconf 87' lang='grc' dir='ltr'><strong>κρέατος,</strong></span> <span class='ocrx_word' id='word_1_384' title='bbox 1257 3633 1352 3683; x_wconf 77' lang='grc' dir='ltr'><strong>καὶ</strong></span> <span class='ocrx_word' id='word_1_385' title='bbox 1396 3634 1491 3692; x_wconf 83' lang='grc' dir='ltr'><strong>τὰς</strong></span> <span class='ocrx_word' id='word_1_386' title='bbox 1525 3629 1802 3698; x_wconf 84' lang='grc' dir='ltr'><strong>Τετράδας</strong></span> <span class='ocrx_word' id='word_1_387' title='bbox 1847 3635 1942 3685; x_wconf 73' lang='grc' dir='ltr'><strong>καὶ</strong></span> <span class='ocrx_word' id='word_1_388' title='bbox 1982 3633 2348 3703; x_wconf 79' lang='grc' dir='ltr'><strong>Παρασκευας</strong></span> 
     </span>
    </p>
   </div>
   <div class='ocr_carea' id='block_1_53' title="bbox 774 3724 2348 3794">
    <p class='ocr_par' dir='ltr' id='par_1_53' title="bbox 774 3724 2348 3794">
     <span class='ocr_line' id='line_1_53' title="bbox 774 3724 2348 3794; baseline 0.002 -18"><span class='ocrx_word' id='word_1_389' title='bbox 774 3727 1107 3794; x_wconf 79' lang='grc' dir='ltr'><strong>ξηροφαγεῖν</strong></span> <span class='ocrx_word' id='word_1_390' title='bbox 1131 3724 1223 3775; x_wconf 66' lang='grc' dir='ltr'><strong>καὶ</strong></span> <span class='ocrx_word' id='word_1_391' title='bbox 1239 3724 1557 3791; x_wconf 84' lang='grc' dir='ltr'><strong>ὑδροποτεῖν</strong></span> <span class='ocrx_word' id='word_1_392' title='bbox 1586 3725 1680 3775; x_wconf 69' lang='grc' dir='ltr'><strong>καὶ</strong></span> <span class='ocrx_word' id='word_1_393' title='bbox 1701 3727 1876 3776; x_wconf 88' lang='grc' dir='ltr'><strong>ποιεῖν</strong></span> <span class='ocrx_word' id='word_1_394' title='bbox 1895 3725 2155 3778; x_wconf 84' lang='grc' dir='ltr'><strong>ἐκάστοτε</strong></span> <span class='ocrx_word' id='word_1_395' title='bbox 2180 3744 2348 3794; x_wconf 88' lang='grc' dir='ltr'><strong>μετα-</strong></span> 
     </span>
    </p>
   </div>
   <div class='ocr_carea' id='block_1_54' title="bbox 775 3813 2345 3885">
    <p class='ocr_par' dir='ltr' id='par_1_54' title="bbox 775 3813 2345 3885">
     <span class='ocr_line' id='line_1_54' title="bbox 775 3813 2345 3885; baseline 0.004 -21"><span class='ocrx_word' id='word_1_396' title='bbox 775 3815 925 3873; x_wconf 75' lang='grc' dir='ltr'><strong>νοίας</strong></span> <span class='ocrx_word' id='word_1_397' title='bbox 961 3813 1318 3880; x_wconf 81' lang='grc' dir='ltr'><strong>πεντήκοντα,</strong></span> <span class='ocrx_word' id='word_1_398' title='bbox 1341 3813 1468 3864; x_wconf 71' lang='grc' dir='ltr'><strong>ἄνευ</strong></span> <span class='ocrx_word' id='word_1_399' title='bbox 1501 3814 1782 3868; x_wconf 80' lang='grc' dir='ltr'><strong>Σαϐϐάτου</strong></span> <span class='ocrx_word' id='word_1_400' title='bbox 1805 3815 1896 3865; x_wconf 76' lang='grc' dir='ltr'><strong>καὶ</strong></span> <span class='ocrx_word' id='word_1_401' title='bbox 1916 3816 2221 3885; x_wconf 80' lang='grc' dir='ltr'><strong>Κυριακῆς,</strong></span> <span class='ocrx_word' id='word_1_402' title='bbox 2252 3821 2345 3870; x_wconf 87' lang='grc' dir='ltr'><strong>ἐπί</strong></span> 
     </span>
    </p>
   </div>
   <div class='ocr_carea' id='block_1_55' title="bbox 770 3905 2347 3977">
    <p class='ocr_par' dir='ltr' id='par_1_55' title="bbox 770 3905 2347 3977">
     <span class='ocr_line' id='line_1_55' title="bbox 770 3905 2347 3977; baseline 0.003 -21"><span class='ocrx_word' id='word_1_403' title='bbox 770 3906 1127 3973; x_wconf 47' lang='grc' dir='ltr'><strong>ἐξαριηνιαιον</strong></span> <span class='ocrx_word' id='word_1_404' title='bbox 1161 3906 1306 3964; x_wconf 68' lang='grc' dir='ltr'><strong>ἐντος</strong></span> <span class='ocrx_word' id='word_1_405' title='bbox 1329 3905 1428 3972; x_wconf 76' lang='grc' dir='ltr'><strong>μὲν</strong></span> <span class='ocrx_word' id='word_1_406' title='bbox 1459 3905 1708 3957; x_wconf 74' lang='grc' dir='ltr'><strong>ἵστασθαι</strong></span> <span class='ocrx_word' id='word_1_407' title='bbox 1734 3907 1827 3975; x_wconf 83' lang='grc' dir='ltr'><strong>τῆς</strong></span> <span class='ocrx_word' id='word_1_408' title='bbox 1861 3907 2190 3976; x_wconf 81' lang='grc' dir='ltr'><strong>Ἐκκλησίας</strong></span> <span class='ocrx_word' id='word_1_409' title='bbox 2215 3909 2347 3977; x_wconf 64' lang='grc' dir='ltr'><strong>ψαλ-</strong></span> 
     </span>
    </p>
   </div>
   <div class='ocr_carea' id='block_1_56' title="bbox 772 3995 2347 4070">
    <p class='ocr_par' dir='ltr' id='par_1_56' title="bbox 772 3995 2347 4070">
     <span class='ocr_line' id='line_1_56' title="bbox 772 3995 2347 4070; baseline 0.004 -24"><span class='ocrx_word' id='word_1_410' title='bbox 772 3996 989 4064; x_wconf 83' lang='grc' dir='ltr'><strong>λούσης,</strong></span> <span class='ocrx_word' id='word_1_411' title='bbox 1031 3995 1255 4047; x_wconf 77' lang='grc' dir='ltr'><strong>ὄπισθεν</strong></span> <span class='ocrx_word' id='word_1_412' title='bbox 1281 3995 1336 4046; x_wconf 75' lang='grc' dir='ltr'><strong>δὲ</strong></span> <span class='ocrx_word' id='word_1_413' title='bbox 1362 3998 1470 4047; x_wconf 81' lang='grc' dir='ltr'><strong>τῶν</strong></span> <span class='ocrx_word' id='word_1_414' title='bbox 1497 3996 1832 4061; x_wconf 70' lang='grc' dir='ltr'><strong>ψαλλόντων,</strong></span> <span class='ocrx_word' id='word_1_415' title='bbox 1858 4000 1951 4050; x_wconf 77' lang='grc' dir='ltr'><strong>ἐπὶ</strong></span> <span class='ocrx_word' id='word_1_416' title='bbox 1981 4000 2036 4052; x_wconf 79' lang='grc' dir='ltr'><strong>δὲ</strong></span> <span class='ocrx_word' id='word_1_417' title='bbox 2068 4002 2144 4070; x_wconf 82' lang='grc' dir='ltr'><strong>τῷ</strong></span> <span class='ocrx_word' id='word_1_418' title='bbox 2177 4003 2347 4070; x_wconf 52' lang='grc' dir='ltr'><strong>ἑτέρῃ</strong></span> 
     </span>
    </p>
   </div>
   <div class='ocr_carea' id='block_1_57' title="bbox 771 4087 2346 4158">
    <p class='ocr_par' dir='ltr' id='par_1_57' title="bbox 771 4087 2346 4158">
     <span class='ocr_line' id='line_1_57' title="bbox 771 4087 2346 4158; baseline 0.005 -21"><span class='ocrx_word' id='word_1_419' title='bbox 771 4088 1007 4156; x_wconf 82' lang='grc' dir='ltr'><strong>ἐνιαυτῴ</strong></span> <span class='ocrx_word' id='word_1_420' title='bbox 1047 4087 1139 4139; x_wconf 82' lang='grc' dir='ltr'><strong>καὶ</strong></span> <span class='ocrx_word' id='word_1_421' title='bbox 1164 4090 1273 4149; x_wconf 87' lang='grc' dir='ltr'><strong>τοῖς</strong></span> <span class='ocrx_word' id='word_1_422' title='bbox 1306 4089 1567 4156; x_wconf 82' lang='grc' dir='ltr'><strong>τέσσαρσι</strong></span> <span class='ocrx_word' id='word_1_423' title='bbox 1606 4092 1771 4158; x_wconf 76' lang='grc' dir='ltr'><strong>μησὶν</strong></span> <span class='ocrx_word' id='word_1_424' title='bbox 1824 4091 2042 4144; x_wconf 79' lang='grc' dir='ltr'><strong>ἔσονται</strong></span> <span class='ocrx_word' id='word_1_425' title='bbox 2075 4096 2346 4145; x_wconf 89' lang='grc' dir='ltr'><strong>συνεστῶ-</strong></span> 
     </span>
    </p>
   </div>
   <div class='ocr_carea' id='block_1_58' title="bbox 766 4182 2348 4258">
    <p class='ocr_par' dir='ltr' id='par_1_58' title="bbox 766 4182 2348 4258">
     <span class='ocr_line' id='line_1_58' title="bbox 766 4182 2348 4258; baseline 0.004 -25"><span class='ocrx_word' id='word_1_426' title='bbox 766 4198 861 4243; x_wconf 83' lang='grc' dir='ltr'><strong>τες</strong></span> <span class='ocrx_word' id='word_1_427' title='bbox 895 4183 989 4233; x_wconf 80' lang='grc' dir='ltr'><strong>καὶ</strong></span> <span class='ocrx_word' id='word_1_428' title='bbox 1019 4182 1404 4250; x_wconf 85' lang='grc' dir='ltr'><strong>συνευχόμενοι</strong></span> <span class='ocrx_word' id='word_1_429' title='bbox 1428 4185 1541 4243; x_wconf 86' lang='grc' dir='ltr'><strong>τοῖς</strong></span> <span class='ocrx_word' id='word_1_430' title='bbox 1570 4186 1778 4245; x_wconf 80' lang='grc' dir='ltr'><strong>πιστοῖς</strong></span> <span class='ocrx_word' id='word_1_431' title='bbox 1810 4187 1904 4236; x_wconf 70' lang='grc' dir='ltr'><strong>καὶ</strong></span> <span class='ocrx_word' id='word_1_432' title='bbox 1936 4187 2075 4255; x_wconf 90' lang='grc' dir='ltr'><strong>μετά</strong></span> <span class='ocrx_word' id='word_1_433' title='bbox 2099 4187 2195 4258; x_wconf 80' lang='grc' dir='ltr'><strong>τὴν</strong></span> <span class='ocrx_word' id='word_1_434' title='bbox 2225 4190 2348 4240; x_wconf 89' lang='grc' dir='ltr'><strong>τού-</strong></span> 
     </span>
    </p>
   </div>
   <div class='ocr_carea' id='block_1_59' title="bbox 768 4272 2347 4343">
    <p class='ocr_par' dir='ltr' id='par_1_59' title="bbox 768 4272 2347 4343">
     <span class='ocr_line' id='line_1_59' title="bbox 768 4272 2347 4343; baseline 0.007 -21"><span class='ocrx_word' id='word_1_435' title='bbox 768 4289 877 4324; x_wconf 82' lang='grc' dir='ltr'><strong>των</strong></span> <span class='ocrx_word' id='word_1_436' title='bbox 909 4272 1309 4341; x_wconf 76' lang='grc' dir='ltr'><strong>συμπλήρωσιν</strong></span> <span class='ocrx_word' id='word_1_437' title='bbox 1356 4273 1757 4342; x_wconf 81' lang='grc' dir='ltr'><strong>ἀξιωθήσονται</strong></span> <span class='ocrx_word' id='word_1_438' title='bbox 1798 4277 1893 4343; x_wconf 73' lang='grc' dir='ltr'><strong>τῆς</strong></span> <span class='ocrx_word' id='word_1_439' title='bbox 1932 4280 2218 4341; x_wconf 83' lang='grc' dir='ltr'><strong>κοινωνίας</strong></span> <span class='ocrx_word' id='word_1_440' title='bbox 2253 4282 2347 4333; x_wconf 79' lang='grc' dir='ltr'><strong>καὶ</strong></span> 
     </span>
    </p>
   </div>
   <div class='ocr_carea' id='block_1_60' title="bbox 768 4365 2344 4435">
    <p class='ocr_par' dir='ltr' id='par_1_60' title="bbox 768 4365 2344 4435">
     <span class='ocr_line' id='line_1_60' title="bbox 768 4365 2344 4435; baseline 0.006 -18"><span class='ocrx_word' id='word_1_441' title='bbox 768 4365 929 4417; x_wconf 75' lang='grc' dir='ltr'><strong>ἄλλον</strong></span> <span class='ocrx_word' id='word_1_442' title='bbox 986 4365 1189 4434; x_wconf 88' lang='grc' dir='ltr'><strong>τρόπον</strong></span> <span class='ocrx_word' id='word_1_443' title='bbox 1250 4366 1464 4434; x_wconf 77' lang='grc' dir='ltr'><strong>ἔχοντες</strong></span> <span class='ocrx_word' id='word_1_444' title='bbox 1516 4368 1654 4434; x_wconf 70' lang='grc' dir='ltr'><strong>πρὸς</strong></span> <span class='ocrx_word' id='word_1_445' title='bbox 1702 4369 1862 4421; x_wconf 80' lang='grc' dir='ltr'><strong>τοῦτο</strong></span> <span class='ocrx_word' id='word_1_446' title='bbox 1920 4373 2141 4435; x_wconf 84' lang='grc' dir='ltr'><strong>ίκανώς.</strong></span> <span class='ocrx_word' id='word_1_447' title='bbox 2191 4376 2253 4424; x_wconf 76' lang='lat' dir='ltr'><strong>Ol</strong></span> <span class='ocrx_word' id='word_1_448' title='bbox 2289 4374 2344 4426; x_wconf 72' lang='grc' dir='ltr'><strong>δὲ</strong></span> 
     </span>
    </p>
   </div>
   <div class='ocr_carea' id='block_1_61' title="bbox 765 4457 2344 4536">
    <p class='ocr_par' dir='ltr' id='par_1_61' title="bbox 765 4457 2344 4536">
     <span class='ocr_line' id='line_1_61' title="bbox 765 4457 2344 4536; baseline 0.008 -29"><span class='ocrx_word' id='word_1_449' title='bbox 765 4457 1205 4523; x_wconf 83' lang='grc' dir='ltr'><strong>ἀναγκασθέντες</strong></span> <span class='ocrx_word' id='word_1_450' title='bbox 1236 4458 1330 4510; x_wconf 78' lang='grc' dir='ltr'><strong>καὶ</strong></span> <span class='ocrx_word' id='word_1_451' title='bbox 1366 4463 1777 4527; x_wconf 84' lang='grc' dir='ltr'><strong>παρασυρέντες</strong></span> <span class='ocrx_word' id='word_1_452' title='bbox 1812 4465 1891 4524; x_wconf 85' lang='grc' dir='ltr'><strong>είς</strong></span> <span class='ocrx_word' id='word_1_453' title='bbox 1918 4465 2016 4533; x_wconf 79' lang='grc' dir='ltr'><strong>τὴν</strong></span> <span class='ocrx_word' id='word_1_454' title='bbox 2046 4467 2344 4536; x_wconf 77' lang='grc' dir='ltr'><strong>εἰρημένην</strong></span> 
     </span>
    </p>
   </div>
   <div class='ocr_carea' id='block_1_62' title="bbox 765 4549 2677 4647">
    <p class='ocr_par' dir='ltr' id='par_1_62' title="bbox 765 4549 2677 4647">
     <span class='ocr_line' id='line_1_62' title="bbox 765 4549 2677 4647; baseline 0.005 -47"><span class='ocrx_word' id='word_1_455' title='bbox 765 4550 1064 4618; x_wconf 90' lang='grc' dir='ltr'><strong>ἐπιορκίαν</strong></span> <span class='ocrx_word' id='word_1_456' title='bbox 1094 4549 1311 4603; x_wconf 86' lang='grc' dir='ltr'><strong>ἔσονται</strong></span> <span class='ocrx_word' id='word_1_457' title='bbox 1347 4551 1451 4603; x_wconf 86' lang='grc' dir='ltr'><strong>ὑπὸ</strong></span> <span class='ocrx_word' id='word_1_458' title='bbox 1484 4552 1552 4604; x_wconf 88' lang='grc' dir='ltr'><strong>τά</strong></span> <span class='ocrx_word' id='word_1_459' title='bbox 1586 4556 1837 4624; x_wconf 84' lang='grc' dir='ltr'><strong>ἐπιτίμια</strong></span> <span class='ocrx_word' id='word_1_460' title='bbox 1874 4557 1964 4608; x_wconf 74' lang='grc' dir='ltr'><strong>ἐπὶ</strong></span> <span class='ocrx_word' id='word_1_461' title='bbox 2003 4562 2191 4626; x_wconf 80' lang='grc' dir='ltr'><strong>χρόνον</strong></span> <span class='ocrx_word' id='word_1_462' title='bbox 2223 4560 2340 4623; x_wconf 75' lang='grc' dir='ltr'><strong>ἕνα,</strong></span> <span class='ocrx_word' id='word_1_463' title='bbox 2377 4591 2422 4647; x_wconf 80' lang='lat' dir='ltr'><strong>D</strong></span> <span class='ocrx_word' id='word_1_464' title='bbox 2451 4549 2677 4646; x_wconf 41' lang='grc' dir='ltr'><strong>ἐλάλησα</strong></span> 
     </span>
    </p>
   </div>
   <div class='ocr_carea' id='block_1_63' title="bbox 762 4645 2340 4718">
    <p class='ocr_par' dir='ltr' id='par_1_63' title="bbox 762 4645 2340 4718">
     <span class='ocr_line' id='line_1_63' title="bbox 762 4645 2340 4718; baseline 0.007 -25"><span class='ocrx_word' id='word_1_465' title='bbox 762 4659 857 4693; x_wconf 81' lang='grc' dir='ltr'><strong>και</strong></span> <span class='ocrx_word' id='word_1_466' title='bbox 902 4645 1438 4714; x_wconf 77' lang='grc' dir='ltr'><strong>ἐπιμετρηθήσονται</strong></span> <span class='ocrx_word' id='word_1_467' title='bbox 1481 4647 1666 4709; x_wconf 89' lang='grc' dir='ltr'><strong>αὑτοῖς</strong></span> <span class='ocrx_word' id='word_1_468' title='bbox 1718 4648 1894 4701; x_wconf 84' lang='grc' dir='ltr'><strong>ταῦτα</strong></span> <span class='ocrx_word' id='word_1_469' title='bbox 1929 4653 2233 4718; x_wconf 84' lang='grc' dir='ltr'><strong>ἀναλόγως,</strong></span> <span class='ocrx_word' id='word_1_470' title='bbox 2267 4653 2340 4714; x_wconf 82' lang='grc' dir='ltr'><strong>ὡς</strong></span> 
     </span>
    </p>
   </div>
   <div class='ocr_carea' id='block_1_64' title="bbox 765 4734 2341 4812">
    <p class='ocr_par' dir='ltr' id='par_1_64' title="bbox 765 4734 2341 4812">
     <span class='ocr_line' id='line_1_64' title="bbox 765 4734 2341 4812; baseline 0.008 -28"><span class='ocrx_word' id='word_1_471' title='bbox 765 4738 898 4801; x_wconf 68' lang='grc' dir='ltr'><strong>πρὸς</strong></span> <span class='ocrx_word' id='word_1_472' title='bbox 927 4734 1025 4803; x_wconf 78' lang='grc' dir='ltr'><strong>τὴν</strong></span> <span class='ocrx_word' id='word_1_473' title='bbox 1056 4735 1164 4786; x_wconf 90' lang='grc' dir='ltr'><strong>τῶν</strong></span> <span class='ocrx_word' id='word_1_474' title='bbox 1192 4737 1361 4804; x_wconf 84' lang='grc' dir='ltr'><strong>τριῶν</strong></span> <span class='ocrx_word' id='word_1_475' title='bbox 1388 4738 1598 4806; x_wconf 86' lang='grc' dir='ltr'><strong>χρόνων</strong></span> <span class='ocrx_word' id='word_1_476' title='bbox 1632 4741 1725 4791; x_wconf 78' lang='grc' dir='ltr'><strong>καὶ</strong></span> <span class='ocrx_word' id='word_1_477' title='bbox 1757 4741 1866 4793; x_wconf 90' lang='grc' dir='ltr'><strong>τῶν</strong></span> <span class='ocrx_word' id='word_1_478' title='bbox 1897 4741 1988 4794; x_wconf 86' lang='grc' dir='ltr'><strong>δύο</strong></span> <span class='ocrx_word' id='word_1_479' title='bbox 2019 4742 2128 4794; x_wconf 81' lang='grc' dir='ltr'><strong>ἀπα</strong></span> <span class='ocrx_word' id='word_1_480' title='bbox 2142 4746 2341 4812; x_wconf 85' lang='grc' dir='ltr'><strong>ρίθμη-</strong></span> 
     </span>
    </p>
   </div>
   <div class='ocr_carea' id='block_1_65' title="bbox 759 4831 2336 4908">
    <p class='ocr_par' dir='ltr' id='par_1_65' title="bbox 759 4831 2336 4908">
     <span class='ocr_line' id='line_1_65' title="bbox 759 4831 2336 4908; baseline 0.008 -28"><span class='ocrx_word' id='word_1_481' title='bbox 759 4847 866 4880; x_wconf 87' lang='grc' dir='ltr'><strong>σιν.</strong></span> <span class='ocrx_word' id='word_1_482' title='bbox 907 4831 1082 4898; x_wconf 76' lang='grc' dir='ltr'><strong>Εἴπερ</strong></span> <span class='ocrx_word' id='word_1_483' title='bbox 1108 4831 1161 4881; x_wconf 79' lang='grc' dir='ltr'><strong>δὲ</strong></span> <span class='ocrx_word' id='word_1_484' title='bbox 1187 4831 1536 4900; x_wconf 84' lang='grc' dir='ltr'><strong>εὑρίσκονται</strong></span> <span class='ocrx_word' id='word_1_485' title='bbox 1576 4834 1715 4902; x_wconf 84' lang='grc' dir='ltr'><strong>μετὰ</strong></span> <span class='ocrx_word' id='word_1_486' title='bbox 1742 4837 1950 4889; x_wconf 84' lang='grc' dir='ltr'><strong>τούτων</strong></span> <span class='ocrx_word' id='word_1_487' title='bbox 1977 4842 2070 4893; x_wconf 83' lang='grc' dir='ltr'><strong>καὶ</strong></span> <span class='ocrx_word' id='word_1_488' title='bbox 2103 4842 2336 4908; x_wconf 81' lang='grc' dir='ltr'><strong>ἱερωμέ-</strong></span> 
     </span>
    </p>
   </div>
   <div class='ocr_carea' id='block_1_66' title="bbox 757 4923 2340 5000">
    <p class='ocr_par' dir='ltr' id='par_1_66' title="bbox 757 4923 2340 5000">
     <span class='ocr_line' id='line_1_66' title="bbox 757 4923 2340 5000; baseline 0.007 -28"><span class='ocrx_word' id='word_1_489' title='bbox 757 4940 862 4982; x_wconf 88' lang='grc' dir='ltr'><strong>νοι,</strong></span> <span class='ocrx_word' id='word_1_490' title='bbox 890 4923 937 4972; x_wconf 88' lang='grc' dir='ltr'><strong>εί</strong></span> <span class='ocrx_word' id='word_1_491' title='bbox 971 4923 1070 4990; x_wconf 82' lang='grc' dir='ltr'><strong>μὲν</strong></span> <span class='ocrx_word' id='word_1_492' title='bbox 1099 4925 1177 4984; x_wconf 89' lang='grc' dir='ltr'><strong>εἰς</strong></span> <span class='ocrx_word' id='word_1_493' title='bbox 1216 4925 1340 4984; x_wconf 76' lang='grc' dir='ltr'><strong>τοὺς</strong></span> <span class='ocrx_word' id='word_1_494' title='bbox 1371 4927 1620 4994; x_wconf 70' lang='grc' dir='ltr'><strong>πρώτους</strong></span> <span class='ocrx_word' id='word_1_495' title='bbox 1653 4930 2000 4996; x_wconf 86' lang='grc' dir='ltr'><strong>τεταγμένοι,</strong></span> <span class='ocrx_word' id='word_1_496' title='bbox 2038 4933 2340 5000; x_wconf 81' lang='grc' dir='ltr'><strong>ἀργήσουσι</strong></span> 
     </span>
    </p>
   </div>
   <div class='ocr_carea' id='block_1_67' title="bbox 763 5016 2338 5089">
    <p class='ocr_par' dir='ltr' id='par_1_67' title="bbox 763 5016 2338 5089">
     <span class='ocr_line' id='line_1_67' title="bbox 763 5016 2338 5089; baseline 0.007 -23"><span class='ocrx_word' id='word_1_497' title='bbox 763 5017 964 5077; x_wconf 65' lang='grc' dir='ltr'><strong>παντὸς</strong></span> <span class='ocrx_word' id='word_1_498' title='bbox 998 5016 1164 5085; x_wconf 86' lang='grc' dir='ltr'><strong>ἔργου</strong></span> <span class='ocrx_word' id='word_1_499' title='bbox 1190 5018 1470 5088; x_wconf 77' lang='grc' dir='ltr'><strong>ίερατικοῦ</strong></span> <span class='ocrx_word' id='word_1_500' title='bbox 1501 5021 1594 5071; x_wconf 73' lang='grc' dir='ltr'><strong>ἐπὶ</strong></span> <span class='ocrx_word' id='word_1_501' title='bbox 1626 5022 1898 5088; x_wconf 83' lang='grc' dir='ltr'><strong>τριετίαν,</strong></span> <span class='ocrx_word' id='word_1_502' title='bbox 1933 5025 1984 5075; x_wconf 80' lang='grc' dir='ltr'><strong>οἱ</strong></span> <span class='ocrx_word' id='word_1_503' title='bbox 2017 5024 2073 5077; x_wconf 75' lang='grc' dir='ltr'><strong>δέ</strong></span> <span class='ocrx_word' id='word_1_504' title='bbox 2106 5027 2183 5087; x_wconf 82' lang='grc' dir='ltr'><strong>είς</strong></span> <span class='ocrx_word' id='word_1_505' title='bbox 2211 5030 2338 5089; x_wconf 71' lang='grc' dir='ltr'><strong>τοὺς</strong></span> 
     </span>
    </p>
   </div>
   <div class='ocr_carea' id='block_1_68' title="bbox 753 5107 2336 5186">
    <p class='ocr_par' dir='ltr' id='par_1_68' title="bbox 753 5107 2336 5186">
     <span class='ocr_line' id='line_1_68' title="bbox 753 5107 2336 5186; baseline 0.008 -29"><span class='ocrx_word' id='word_1_506' title='bbox 753 5107 1043 5176; x_wconf 76' lang='grc' dir='ltr'><strong>δευτέρους</strong></span> <span class='ocrx_word' id='word_1_507' title='bbox 1095 5111 1187 5159; x_wconf 73' lang='grc' dir='ltr'><strong>ἐπὶ</strong></span> <span class='ocrx_word' id='word_1_508' title='bbox 1241 5112 1466 5175; x_wconf 84' lang='grc' dir='ltr'><strong>διετίαν,</strong></span> <span class='ocrx_word' id='word_1_509' title='bbox 1509 5114 1559 5164; x_wconf 85' lang='grc' dir='ltr'><strong>οί</strong></span> <span class='ocrx_word' id='word_1_510' title='bbox 1603 5113 1660 5165; x_wconf 89' lang='grc' dir='ltr'><strong>δὲ</strong></span> <span class='ocrx_word' id='word_1_511' title='bbox 1691 5115 1772 5176; x_wconf 90' lang='grc' dir='ltr'><strong>είς</strong></span> <span class='ocrx_word' id='word_1_512' title='bbox 1803 5118 1932 5179; x_wconf 83' lang='grc' dir='ltr'><strong>τοὺς</strong></span> <span class='ocrx_word' id='word_1_513' title='bbox 1981 5119 2191 5186; x_wconf 82' lang='grc' dir='ltr'><strong>τρίτους</strong></span> <span class='ocrx_word' id='word_1_514' title='bbox 2245 5119 2336 5170; x_wconf 83' lang='grc' dir='ltr'><strong>ἐπὶ</strong></span> 
     </span>
    </p>
   </div>
   <div class='ocr_carea' id='block_1_69' title="bbox 753 5202 2332 5279">
    <p class='ocr_par' dir='ltr' id='par_1_69' title="bbox 753 5202 2332 5279">
     <span class='ocr_line' id='line_1_69' title="bbox 753 5202 2332 5279; baseline 0.008 -28"><span class='ocrx_word' id='word_1_515' title='bbox 753 5202 1001 5252; x_wconf 71' lang='grc' dir='ltr'><strong>ἐνιαυτόν</strong></span> <span class='ocrx_word' id='word_1_516' title='bbox 1037 5219 1049 5231; x_wconf 87' lang='grc'><strong>·</strong></span> <span class='ocrx_word' id='word_1_517' title='bbox 1078 5203 1595 5273; x_wconf 71' lang='grc' dir='ltr'><strong>προσκληθήσονται</strong></span> <span class='ocrx_word' id='word_1_518' title='bbox 1624 5208 1677 5258; x_wconf 81' lang='grc' dir='ltr'><strong>δὲ</strong></span> <span class='ocrx_word' id='word_1_519' title='bbox 1705 5207 1930 5261; x_wconf 81' lang='grc' dir='ltr'><strong>ἄλλοθεν</strong></span> <span class='ocrx_word' id='word_1_520' title='bbox 1979 5213 2166 5279; x_wconf 88' lang='grc' dir='ltr'><strong>ἱερεῖς,</strong></span> <span class='ocrx_word' id='word_1_521' title='bbox 2202 5211 2332 5263; x_wconf 81' lang='grc' dir='ltr'><strong>οἵτι-</strong></span> 
     </span>
    </p>
   </div>
   <div class='ocr_carea' id='block_1_70' title="bbox 752 5295 2332 5370">
    <p class='ocr_par' dir='ltr' id='par_1_70' title="bbox 752 5295 2332 5370">
     <span class='ocr_line' id='line_1_70' title="bbox 752 5295 2332 5370; baseline 0.007 -26"><span class='ocrx_word' id='word_1_522' title='bbox 752 5311 841 5354; x_wconf 88' lang='grc' dir='ltr'><strong>νες</strong></span> <span class='ocrx_word' id='word_1_523' title='bbox 887 5295 1103 5347; x_wconf 89' lang='grc' dir='ltr'><strong>ἔσονται</strong></span> <span class='ocrx_word' id='word_1_524' title='bbox 1150 5299 1228 5357; x_wconf 90' lang='grc' dir='ltr'><strong>είς</strong></span> <span class='ocrx_word' id='word_1_525' title='bbox 1292 5298 1566 5365; x_wconf 71' lang='grc' dir='ltr'><strong>ἁγιασμόν</strong></span> <span class='ocrx_word' id='word_1_526' title='bbox 1602 5301 1827 5354; x_wconf 78' lang='grc' dir='ltr'><strong>τούτων.</strong></span> <span class='ocrx_word' id='word_1_527' title='bbox 1865 5302 1931 5356; x_wconf 84' lang='grc' dir='ltr'><strong>Δί</strong></span> <span class='ocrx_word' id='word_1_528' title='bbox 1986 5303 2040 5354; x_wconf 87' lang='grc' dir='ltr'><strong>δέ</strong></span> <span class='ocrx_word' id='word_1_529' title='bbox 2075 5307 2332 5370; x_wconf 86' lang='grc' dir='ltr'><strong>γυναῖκες</strong></span> 
     </span>
    </p>
   </div>
   <div class='ocr_carea' id='block_1_71' title="bbox 751 5387 2329 5464">
    <p class='ocr_par' dir='ltr' id='par_1_71' title="bbox 751 5387 2329 5464">
     <span class='ocr_line' id='line_1_71' title="bbox 751 5387 2329 5464; baseline 0.01 -30"><span class='ocrx_word' id='word_1_530' title='bbox 751 5387 851 5463; x_wconf 14' lang='grc' dir='ltr'><strong>καὶ,</strong></span> <span class='ocrx_word' id='word_1_531' title='bbox 873 5389 941 5437; x_wconf 73' lang='grc' dir='ltr'><strong>τά</strong></span> <span class='ocrx_word' id='word_1_532' title='bbox 974 5387 1164 5440; x_wconf 88' lang='grc' dir='ltr'><strong>παιδία</strong></span> <span class='ocrx_word' id='word_1_533' title='bbox 1199 5391 1293 5442; x_wconf 75' lang='grc' dir='ltr'><strong>ἐπὶ</strong></span> <span class='ocrx_word' id='word_1_534' title='bbox 1321 5395 1913 5464; x_wconf 80' lang='grc' dir='ltr'><strong>τεσσαρακονθήμερον</strong></span> <span class='ocrx_word' id='word_1_535' title='bbox 1943 5397 2329 5450; x_wconf 77' lang='grc' dir='ltr'><strong>ὑποκείσονται</strong></span> 
     </span>
    </p>
   </div>
   <div class='ocr_carea' id='block_1_72' title="bbox 747 5480 2328 5560">
    <p class='ocr_par' dir='ltr' id='par_1_72' title="bbox 747 5480 2328 5560">
     <span class='ocr_line' id='line_1_72' title="bbox 747 5480 2328 5560; baseline 0.009 -32"><span class='ocrx_word' id='word_1_536' title='bbox 747 5480 860 5538; x_wconf 84' lang='grc' dir='ltr'><strong>τοῖς</strong></span> <span class='ocrx_word' id='word_1_537' title='bbox 888 5482 1204 5549; x_wconf 79' lang='grc' dir='ltr'><strong>εἰρημένοις</strong></span> <span class='ocrx_word' id='word_1_538' title='bbox 1237 5485 1536 5555; x_wconf 81' lang='grc' dir='ltr'><strong>ἐπιτιμίοις</strong></span> <span class='ocrx_word' id='word_1_539' title='bbox 1570 5491 1710 5541; x_wconf 83' lang='grc' dir='ltr'><strong>κατὰ</strong></span> <span class='ocrx_word' id='word_1_540' title='bbox 1743 5489 1802 5540; x_wconf 84' lang='grc' dir='ltr'><strong>τὸ</strong></span> <span class='ocrx_word' id='word_1_541' title='bbox 1837 5491 2121 5557; x_wconf 87' lang='grc' dir='ltr'><strong>ἀνάλογον.</strong></span> <span class='ocrx_word' id='word_1_542' title='bbox 2157 5492 2328 5560; x_wconf 84' lang='grc' dir='ltr'><strong>Είπερ</strong></span> 
     </span>
    </p>
   </div>
   <div class='ocr_carea' id='block_1_73' title="bbox 749 5571 2328 5646">
    <p class='ocr_par' dir='ltr' id='par_1_73' title="bbox 749 5571 2328 5646">
     <span class='ocr_line' id='line_1_73' title="bbox 749 5571 2328 5646; baseline 0.01 -30"><span class='ocrx_word' id='word_1_543' title='bbox 749 5571 933 5634; x_wconf 86' lang='grc' dir='ltr'><strong>μέντοι</strong></span> <span class='ocrx_word' id='word_1_544' title='bbox 971 5571 1153 5641; x_wconf 79' lang='grc' dir='ltr'><strong>συμϐῇ</strong></span> <span class='ocrx_word' id='word_1_545' title='bbox 1189 5590 1314 5626; x_wconf 86' lang='grc' dir='ltr'><strong>τινα</strong></span> <span class='ocrx_word' id='word_1_546' title='bbox 1350 5575 1556 5627; x_wconf 74' lang='grc' dir='ltr'><strong>τούτων</strong></span> <span class='ocrx_word' id='word_1_547' title='bbox 1596 5577 1686 5628; x_wconf 80' lang='grc' dir='ltr'><strong>διὰ</strong></span> <span class='ocrx_word' id='word_1_548' title='bbox 1735 5578 1904 5646; x_wconf 83' lang='grc' dir='ltr'><strong>μέσου</strong></span> <span class='ocrx_word' id='word_1_549' title='bbox 1938 5578 2032 5631; x_wconf 81' lang='grc' dir='ltr'><strong>τοῦ</strong></span> <span class='ocrx_word' id='word_1_550' title='bbox 2067 5580 2175 5632; x_wconf 80' lang='grc' dir='ltr'><strong>τῶν</strong></span> <span class='ocrx_word' id='word_1_551' title='bbox 2210 5583 2328 5632; x_wconf 85' lang='grc' dir='ltr'><strong>ἐπι-</strong></span> 
     </span>
    </p>
   </div>
   <div class='ocr_carea' id='block_1_74' title="bbox 743 5661 2328 5740">
    <p class='ocr_par' dir='ltr' id='par_1_74' title="bbox 743 5661 2328 5740">
     <span class='ocr_line' id='line_1_74' title="bbox 743 5661 2328 5740; baseline 0.009 -29"><span class='ocrx_word' id='word_1_552' title='bbox 743 5661 944 5731; x_wconf 88' lang='grc' dir='ltr'><strong>τιμίων</strong></span> <span class='ocrx_word' id='word_1_553' title='bbox 976 5666 1173 5734; x_wconf 71' lang='grc' dir='ltr'><strong>καιροῦ</strong></span> <span class='ocrx_word' id='word_1_554' title='bbox 1230 5669 1488 5739; x_wconf 71' lang='grc' dir='ltr'><strong>ἀσθενείᾳ</strong></span> <span class='ocrx_word' id='word_1_555' title='bbox 1534 5674 1858 5740; x_wconf 85' lang='grc' dir='ltr'><strong>περιπεσεῖν</strong></span> <span class='ocrx_word' id='word_1_556' title='bbox 1905 5673 2134 5726; x_wconf 86' lang='grc' dir='ltr'><strong>θάνατον</strong></span> <span class='ocrx_word' id='word_1_557' title='bbox 2173 5676 2328 5727; x_wconf 88' lang='grc' dir='ltr'><strong>ἀπει-</strong></span> 
     </span>
    </p>
   </div>
   <div class='ocr_carea' id='block_1_75' title="bbox 744 5755 2328 5835">
    <p class='ocr_par' dir='ltr' id='par_1_75' title="bbox 744 5755 2328 5835">
     <span class='ocr_line' id='line_1_75' title="bbox 744 5755 2328 5835; baseline 0.011 -32"><span class='ocrx_word' id='word_1_558' title='bbox 744 5755 936 5826; x_wconf 76' lang='grc' dir='ltr'><strong>λούσῃ,</strong></span> <span class='ocrx_word' id='word_1_559' title='bbox 970 5757 1176 5825; x_wconf 80' lang='grc' dir='ltr'><strong>όφείλει</strong></span> <span class='ocrx_word' id='word_1_560' title='bbox 1229 5757 1383 5826; x_wconf 74' lang='grc' dir='ltr'><strong>οὗτος</strong></span> <span class='ocrx_word' id='word_1_561' title='bbox 1416 5766 1504 5817; x_wconf 85' lang='grc' dir='ltr'><strong>διά</strong></span> <span class='ocrx_word' id='word_1_562' title='bbox 1533 5767 1592 5817; x_wconf 76' lang='grc' dir='ltr'><strong>τὸ</strong></span> <span class='ocrx_word' id='word_1_563' title='bbox 1629 5767 1703 5835; x_wconf 81' lang='grc' dir='ltr'><strong>μὴ</strong></span> <span class='ocrx_word' id='word_1_564' title='bbox 1752 5767 2010 5820; x_wconf 84' lang='grc' dir='ltr'><strong>ἀπελθεῖν</strong></span> <span class='ocrx_word' id='word_1_565' title='bbox 2045 5769 2328 5835; x_wconf 83' lang='grc' dir='ltr'><strong>ἀνεφοδὶα-</strong></span> 
     </span>
    </p>
   </div>
   <div class='ocr_carea' id='block_1_76' title="bbox 743 5852 2318 5934">
    <p class='ocr_par' dir='ltr' id='par_1_76' title="bbox 743 5852 2318 5934">
     <span class='ocr_line' id='line_1_76' title="bbox 743 5852 2318 5934; baseline 0.008 -35"><span class='ocrx_word' id='word_1_566' title='bbox 743 5865 860 5911; x_wconf 76' lang='grc' dir='ltr'><strong>στος</strong></span> <span class='ocrx_word' id='word_1_567' title='bbox 890 5852 982 5902; x_wconf 61' lang='grc' dir='ltr'><strong>καὶ</strong></span> <span class='ocrx_word' id='word_1_568' title='bbox 1013 5853 1278 5924; x_wconf 73' lang='grc' dir='ltr'><strong>ἀμέτοχος</strong></span> <span class='ocrx_word' id='word_1_569' title='bbox 1306 5858 1410 5909; x_wconf 58' lang='grc' dir='ltr'><strong>τῶν</strong></span> <span class='ocrx_word' id='word_1_570' title='bbox 1439 5859 1600 5913; x_wconf 68' lang='grc' dir='ltr'><strong>θεῖων</strong></span> <span class='ocrx_word' id='word_1_571' title='bbox 1626 5864 1945 5934; x_wconf 71' lang='grc' dir='ltr'><strong>μυττηρὶων</strong></span> <span class='ocrx_word' id='word_1_572' title='bbox 1968 5861 2318 5931; x_wconf 62' lang='grc' dir='ltr'><strong>μεταλαϐέῖνυ</strong></span> 
     </span>
    </p>
   </div>
   <div class='ocr_carea' id='block_1_77' title="bbox 2457 1993 4027 2065">
    <p class='ocr_par' dir='ltr' id='par_1_77' title="bbox 2457 1993 4027 2065">
     <span class='ocr_line' id='line_1_77' title="bbox 2457 1993 4027 2065; baseline -0.008 -12"><span class='ocrx_word' id='word_1_573' title='bbox 2457 1994 2728 2064; x_wconf 82' lang='grc' dir='ltr'><strong>ἀγαπητῷ</strong></span> <span class='ocrx_word' id='word_1_574' title='bbox 2775 1995 2934 2065; x_wconf 80' lang='grc' dir='ltr'><strong>ἡμῶν</strong></span> <span class='ocrx_word' id='word_1_575' title='bbox 2984 1995 3125 2048; x_wconf 88' lang='grc' dir='ltr'><strong>κατά</strong></span> <span class='ocrx_word' id='word_1_576' title='bbox 3175 1996 3381 2065; x_wconf 82' lang='grc' dir='ltr'><strong>Κύριον</strong></span> <span class='ocrx_word' id='word_1_577' title='bbox 3415 1995 3630 2065; x_wconf 83' lang='grc' dir='ltr'><strong>ἀδελφῷ</strong></span> <span class='ocrx_word' id='word_1_578' title='bbox 3669 1996 3762 2047; x_wconf 76' lang='grc' dir='ltr'><strong>καὶ</strong></span> <span class='ocrx_word' id='word_1_579' title='bbox 3817 1993 4027 2045; x_wconf 83' lang='grc' dir='ltr'><strong>συλλει-</strong></span> 
     </span>
    </p>
   </div>
   <div class='ocr_carea' id='block_1_78' title="bbox 2456 2083 4027 2158">
    <p class='ocr_par' dir='ltr' id='par_1_78' title="bbox 2456 2083 4027 2158">
     <span class='ocr_line' id='line_1_78' title="bbox 2456 2083 4027 2158; baseline -0.004 -22"><span class='ocrx_word' id='word_1_580' title='bbox 2456 2085 2699 2153; x_wconf 84' lang='grc' dir='ltr'><strong>τουργῷ,</strong></span> <span class='ocrx_word' id='word_1_581' title='bbox 2733 2087 2870 2154; x_wconf 82' lang='grc' dir='ltr'><strong>πρὸς</strong></span> <span class='ocrx_word' id='word_1_582' title='bbox 2914 2085 3010 2156; x_wconf 80' lang='grc' dir='ltr'><strong>τὴν</strong></span> <span class='ocrx_word' id='word_1_583' title='bbox 3052 2086 3348 2158; x_wconf 75' lang='grc' dir='ltr'><strong>συντριϐὴν</strong></span> <span class='ocrx_word' id='word_1_584' title='bbox 3381 2087 3475 2139; x_wconf 74' lang='grc' dir='ltr'><strong>καὶ</strong></span> <span class='ocrx_word' id='word_1_585' title='bbox 3526 2086 3816 2156; x_wconf 81' lang='grc' dir='ltr'><strong>μετάνοιαν</strong></span> <span class='ocrx_word' id='word_1_586' title='bbox 3843 2083 3974 2134; x_wconf 72' lang='grc' dir='ltr'><strong>αὑιιῖ</strong></span> <span class='ocrx_word' id='word_1_587' title='bbox 3998 2098 4027 2130; x_wconf 94' lang='grc' dir='ltr'><strong>ν</strong></span> 
     </span>
    </p>
   </div>
   <div class='ocr_carea' id='block_1_79' title="bbox 2457 2179 4026 2248">
    <p class='ocr_par' dir='ltr' id='par_1_79' title="bbox 2457 2179 4026 2248">
     <span class='ocr_line' id='line_1_79' title="bbox 2457 2179 4026 2248; baseline -0.001 -20"><span class='ocrx_word' id='word_1_588' title='bbox 2457 2179 2552 2228; x_wconf 77' lang='grc' dir='ltr'><strong>καὶ</strong></span> <span class='ocrx_word' id='word_1_589' title='bbox 2576 2179 2759 2231; x_wconf 82' lang='grc' dir='ltr'><strong>ἄνεσιν</strong></span> <span class='ocrx_word' id='word_1_590' title='bbox 2788 2179 3192 2248; x_wconf 82' lang='grc' dir='ltr'><strong>ἐπιχορηγῆσαι</strong></span> <span class='ocrx_word' id='word_1_591' title='bbox 3219 2179 3402 2242; x_wconf 82' lang='grc' dir='ltr'><strong>αὐτοῖς</strong></span> <span class='ocrx_word' id='word_1_592' title='bbox 3427 2179 3536 2234; x_wconf 83' lang='grc' dir='ltr'><strong>τῶν</strong></span> <span class='ocrx_word' id='word_1_593' title='bbox 3561 2179 3819 2231; x_wconf 78' lang='grc' dir='ltr'><strong>τοιούτων</strong></span> <span class='ocrx_word' id='word_1_594' title='bbox 3850 2179 4026 2228; x_wconf 77' lang='grc' dir='ltr'><strong>ἐπιτι-</strong></span> 
     </span>
    </p>
   </div>
   <div class='ocr_carea' id='block_1_80' title="bbox 2461 2267 3222 2341">
    <p class='ocr_par' dir='ltr' id='par_1_80' title="bbox 2461 2267 3222 2341">
     <span class='ocr_line' id='line_1_80' title="bbox 2461 2267 3222 2341; baseline 0.007 -21"><span class='ocrx_word' id='word_1_595' title='bbox 2461 2267 2620 2338; x_wconf 91' lang='grc' dir='ltr'><strong>μίων,</strong></span> <span class='ocrx_word' id='word_1_596' title='bbox 2653 2270 2836 2333; x_wconf 86' lang='grc' dir='ltr'><strong>καθὼς</strong></span> <span class='ocrx_word' id='word_1_597' title='bbox 2861 2270 2926 2324; x_wconf 80' lang='grc' dir='ltr'><strong>ἂν</strong></span> <span class='ocrx_word' id='word_1_598' title='bbox 2951 2271 3222 2341; x_wconf 90' lang='grc' dir='ltr'><strong>διαγνοίη.</strong></span> 
     </span>
    </p>
   </div>
   <div class='ocr_carea' id='block_1_81' title="bbox 2582 2403 3895 2477">
    <p class='ocr_par' dir='ltr' id='par_1_81' title="bbox 2582 2403 3895 2477">
     <span class='ocr_line' id='line_1_81' title="bbox 2582 2403 3895 2477; baseline 0.002 -19"><span class='ocrx_word' id='word_1_599' title='bbox 2582 2405 2669 2460; x_wconf 83' lang='lat' dir='ltr'><strong>IV.</strong></span> <span class='ocrx_word' id='word_1_600' title='bbox 2699 2403 2947 2476; x_wconf 71' lang='lat' dir='ltr'><strong>Synodus</strong></span> <span class='ocrx_word' id='word_1_601' title='bbox 2976 2405 3192 2461; x_wconf 74' lang='lat' dir='ltr'><strong>absolvit</strong></span> <span class='ocrx_word' id='word_1_602' title='bbox 3217 2407 3474 2477; x_wconf 69' lang='lat' dir='ltr'><strong>quosdam</strong></span> <span class='ocrx_word' id='word_1_603' title='bbox 3503 2407 3895 2461; x_wconf 69' lang='lat' dir='ltr'><strong>ecclesiasticos.</strong></span> 
     </span>
    </p>
   </div>
   <div class='ocr_carea' id='block_1_82' title="bbox 2530 2533 4030 2615">
    <p class='ocr_par' dir='ltr' id='par_1_82' title="bbox 2530 2533 4030 2615">
     <span class='ocr_line' id='line_1_82' title="bbox 2530 2533 4030 2615; baseline 0.003 -22"><span class='ocrx_word' id='word_1_604' title='bbox 2530 2542 2566 2611; x_wconf 69' lang='grc' dir='ltr'><strong>ει-</strong></span> <span class='ocrx_word' id='word_1_605' title='bbox 2609 2541 2982 2610; x_wconf 78' lang='grc' dir='ltr'><strong>Ἐλαλὴθησάν</strong></span> <span class='ocrx_word' id='word_1_606' title='bbox 3029 2533 3150 2595; x_wconf 86' lang='grc' dir='ltr'><strong>τινα</strong></span> <span class='ocrx_word' id='word_1_607' title='bbox 3192 2544 3297 2611; x_wconf 83' lang='grc' dir='ltr'><strong>πρό</strong></span> <span class='ocrx_word' id='word_1_608' title='bbox 3339 2562 3485 2607; x_wconf 90' lang='grc' dir='ltr'><strong>τινος</strong></span> <span class='ocrx_word' id='word_1_609' title='bbox 3517 2545 3618 2615; x_wconf 73' lang='grc' dir='ltr'><strong>ἤδη</strong></span> <span class='ocrx_word' id='word_1_610' title='bbox 3670 2545 3889 2615; x_wconf 83' lang='grc' dir='ltr'><strong>καιροῦ,</strong></span> <span class='ocrx_word' id='word_1_611' title='bbox 3929 2546 4030 2598; x_wconf 83' lang='grc' dir='ltr'><strong>ὅσα</strong></span> 
     </span>
    </p>
   </div>
   <div class='ocr_carea' id='block_1_83' title="bbox 2455 2634 4028 2706">
    <p class='ocr_par' dir='ltr' id='par_1_83' title="bbox 2455 2634 4028 2706">
     <span class='ocr_line' id='line_1_83' title="bbox 2455 2634 4028 2706; baseline 0.004 -20"><span class='ocrx_word' id='word_1_612' title='bbox 2455 2635 2589 2703; x_wconf 82' lang='grc' dir='ltr'><strong>δῆτα</strong></span> <span class='ocrx_word' id='word_1_613' title='bbox 2623 2634 2716 2687; x_wconf 80' lang='grc' dir='ltr'><strong>καὶ</strong></span> <span class='ocrx_word' id='word_1_614' title='bbox 2761 2635 3104 2704; x_wconf 84' lang='grc' dir='ltr'><strong>ἐλαλήθησαν</strong></span> <span class='ocrx_word' id='word_1_615' title='bbox 3151 2638 3306 2706; x_wconf 87' lang='grc' dir='ltr'><strong>παρά</strong></span> <span class='ocrx_word' id='word_1_616' title='bbox 3341 2637 3436 2690; x_wconf 78' lang='grc' dir='ltr'><strong>τοῦ</strong></span> <span class='ocrx_word' id='word_1_617' title='bbox 3472 2639 3689 2691; x_wconf 84' lang='grc' dir='ltr'><strong>Χιονίου</strong></span> <span class='ocrx_word' id='word_1_618' title='bbox 3737 2639 3882 2692; x_wconf 90' lang='grc' dir='ltr'><strong>κατά</strong></span> <span class='ocrx_word' id='word_1_619' title='bbox 3933 2639 4028 2692; x_wconf 69' lang='grc' dir='ltr'><strong>τ’ιῦ</strong></span> 
     </span>
    </p>
   </div>
   <div class='ocr_carea' id='block_1_84' title="bbox 2456 2714 4030 2800">
    <p class='ocr_par' dir='ltr' id='par_1_84' title="bbox 2456 2714 4030 2800">
     <span class='ocr_line' id='line_1_84' title="bbox 2456 2714 4030 2800; baseline 0.003 -22"><span class='ocrx_word' id='word_1_620' title='bbox 2456 2727 2792 2796; x_wconf 85' lang='grc' dir='ltr'><strong>τιμιωτάτου</strong></span> <span class='ocrx_word' id='word_1_621' title='bbox 2823 2728 3250 2796; x_wconf 76' lang='grc' dir='ltr'><strong>δικαιοφύλακος</strong></span> <span class='ocrx_word' id='word_1_622' title='bbox 3283 2731 3376 2782; x_wconf 85' lang='grc' dir='ltr'><strong>καὶ</strong></span> <span class='ocrx_word' id='word_1_623' title='bbox 3415 2714 3699 2800; x_wconf 71' lang='grc' dir='ltr'><strong>οίκονόμου</strong></span> <span class='ocrx_word' id='word_1_624' title='bbox 3731 2731 3828 2800; x_wconf 82' lang='grc' dir='ltr'><strong>τῆς</strong></span> <span class='ocrx_word' id='word_1_625' title='bbox 3862 2732 4030 2798; x_wconf 85' lang='grc' dir='ltr'><strong>άγιω-</strong></span> 
     </span>
    </p>
   </div>
   <div class='ocr_carea' id='block_1_85' title="bbox 2455 2821 4026 2892">
    <p class='ocr_par' dir='ltr' id='par_1_85' title="bbox 2455 2821 4026 2892">
     <span class='ocr_line' id='line_1_85' title="bbox 2455 2821 4026 2892; baseline 0.002 -21"><span class='ocrx_word' id='word_1_626' title='bbox 2455 2822 2627 2888; x_wconf 89' lang='grc' dir='ltr'><strong>τάτης</strong></span> <span class='ocrx_word' id='word_1_627' title='bbox 2680 2821 3071 2892; x_wconf 90' lang='grc' dir='ltr'><strong>μητροπόλεως</strong></span> <span class='ocrx_word' id='word_1_628' title='bbox 3127 2821 3565 2890; x_wconf 84' lang='grc' dir='ltr'><strong>Θεσσαλονίκης,</strong></span> <span class='ocrx_word' id='word_1_629' title='bbox 3623 2822 3872 2874; x_wconf 83' lang='grc' dir='ltr'><strong>διακόνου</strong></span> <span class='ocrx_word' id='word_1_630' title='bbox 3930 2821 4026 2874; x_wconf 84' lang='grc' dir='ltr'><strong>τοῦ</strong></span> 
     </span>
    </p>
   </div>
   <div class='ocr_carea' id='block_1_86' title="bbox 2457 2909 4028 2983">
    <p class='ocr_par' dir='ltr' id='par_1_86' title="bbox 2457 2909 4028 2983">
     <span class='ocr_line' id='line_1_86' title="bbox 2457 2909 4028 2983; baseline 0.001 -19"><span class='ocrx_word' id='word_1_631' title='bbox 2457 2910 2774 2976; x_wconf 79' lang='grc' dir='ltr'><strong>Καϐἀσιλα,</strong></span> <span class='ocrx_word' id='word_1_632' title='bbox 2827 2912 2909 2965; x_wconf 78' lang='grc' dir='ltr'><strong>ἔτι</strong></span> <span class='ocrx_word' id='word_1_633' title='bbox 2990 2909 3198 2965; x_wconf 75' lang='grc' dir='ltr'><strong>τεκαὶ</strong></span> <span class='ocrx_word' id='word_1_634' title='bbox 3249 2913 3357 2965; x_wconf 89' lang='grc' dir='ltr'><strong>τῶν</strong></span> <span class='ocrx_word' id='word_1_635' title='bbox 3387 2915 3774 2983; x_wconf 77' lang='grc' dir='ltr'><strong>ἐντιμοτάτων,</strong></span> <span class='ocrx_word' id='word_1_636' title='bbox 3822 2914 3914 2966; x_wconf 78' lang='grc' dir='ltr'><strong>τοῦ</strong></span> <span class='ocrx_word' id='word_1_637' title='bbox 3969 2933 4028 2966; x_wconf 91' lang='grc' dir='ltr'><strong>τε</strong></span> 
     </span>
    </p>
   </div>
   <div class='ocr_carea' id='block_1_87' title="bbox 2459 3004 4026 3075">
    <p class='ocr_par' dir='ltr' id='par_1_87' title="bbox 2459 3004 4026 3075">
     <span class='ocr_line' id='line_1_87' title="bbox 2459 3004 4026 3075; baseline 0.003 -19"><span class='ocrx_word' id='word_1_638' title='bbox 2459 3005 2868 3074; x_wconf 76' lang='grc' dir='ltr'><strong>χαρτοφύλακος</strong></span> <span class='ocrx_word' id='word_1_639' title='bbox 2928 3004 3175 3058; x_wconf 83' lang='grc' dir='ltr'><strong>διακόνου</strong></span> <span class='ocrx_word' id='word_1_640' title='bbox 3210 3005 3307 3059; x_wconf 82' lang='grc' dir='ltr'><strong>τοῦ</strong></span> <span class='ocrx_word' id='word_1_641' title='bbox 3361 3006 3778 3075; x_wconf 84' lang='grc' dir='ltr'><strong>Στρυμϐἀκονος</strong></span> <span class='ocrx_word' id='word_1_642' title='bbox 3808 3010 3901 3060; x_wconf 70' lang='grc' dir='ltr'><strong>καὶ</strong></span> <span class='ocrx_word' id='word_1_643' title='bbox 3931 3007 4026 3060; x_wconf 75' lang='grc' dir='ltr'><strong>τοῦ</strong></span> 
     </span>
    </p>
   </div>
   <div class='ocr_carea' id='block_1_88' title="bbox 2458 3096 4025 3166">
    <p class='ocr_par' dir='ltr' id='par_1_88' title="bbox 2458 3096 4025 3166">
     <span class='ocr_line' id='line_1_88' title="bbox 2458 3096 4025 3166; baseline 0 -18"><span class='ocrx_word' id='word_1_644' title='bbox 2458 3097 2767 3160; x_wconf 75' lang='grc' dir='ltr'><strong>σακελλίου,</strong></span> <span class='ocrx_word' id='word_1_645' title='bbox 2827 3096 3075 3150; x_wconf 88' lang='grc' dir='ltr'><strong>διακόνου</strong></span> <span class='ocrx_word' id='word_1_646' title='bbox 3134 3097 3229 3150; x_wconf 81' lang='grc' dir='ltr'><strong>τοῦ</strong></span> <span class='ocrx_word' id='word_1_647' title='bbox 3264 3098 3573 3166; x_wconf 87' lang='grc' dir='ltr'><strong>Βρυεννίου.</strong></span> <span class='ocrx_word' id='word_1_648' title='bbox 3632 3099 3704 3150; x_wconf 78' lang='grc' dir='ltr'><strong>Τδ</strong></span> <span class='ocrx_word' id='word_1_649' title='bbox 3752 3098 3797 3152; x_wconf 83' lang='grc' dir='ltr'><strong>δ’</strong></span> <span class='ocrx_word' id='word_1_650' title='bbox 3829 3099 4025 3165; x_wconf 79' lang='grc' dir='ltr'><strong>αἴτιον,</strong></span> 
     </span>
    </p>
   </div>
   <div class='ocr_carea' id='block_1_89' title="bbox 2455 3179 4022 3260">
    <p class='ocr_par' dir='ltr' id='par_1_89' title="bbox 2455 3179 4022 3260">
     <span class='ocr_line' id='line_1_89' title="bbox 2455 3179 4022 3260; baseline 0.003 -22"><span class='ocrx_word' id='word_1_651' title='bbox 2455 3187 2536 3239; x_wconf 85' lang='grc' dir='ltr'><strong>ὅτι</strong></span> <span class='ocrx_word' id='word_1_652' title='bbox 2568 3187 3084 3256; x_wconf 80' lang='grc' dir='ltr'><strong>προσαγγειλάντων</strong></span> <span class='ocrx_word' id='word_1_653' title='bbox 3105 3190 3266 3242; x_wconf 88' lang='grc' dir='ltr'><strong>τινῶν</strong></span> <span class='ocrx_word' id='word_1_654' title='bbox 3297 3190 3608 3260; x_wconf 84' lang='grc' dir='ltr'><strong>ίερωμένων</strong></span> <span class='ocrx_word' id='word_1_655' title='bbox 3641 3191 3734 3244; x_wconf 74' lang='grc' dir='ltr'><strong>καὶ</strong></span> <span class='ocrx_word' id='word_1_656' title='bbox 3765 3179 4022 3260; x_wconf 84' lang='grc' dir='ltr'><strong>μοναχῶν</strong></span> 
     </span>
    </p>
   </div>
   <div class='ocr_carea' id='block_1_90' title="bbox 2455 3279 4020 3349">
    <p class='ocr_par' dir='ltr' id='par_1_90' title="bbox 2455 3279 4020 3349">
     <span class='ocr_line' id='line_1_90' title="bbox 2455 3279 4020 3349; baseline 0.003 -19"><span class='ocrx_word' id='word_1_657' title='bbox 2455 3279 2618 3331; x_wconf 74' lang='grc' dir='ltr'><strong>αὑτὸν</strong></span> <span class='ocrx_word' id='word_1_658' title='bbox 2645 3280 2698 3331; x_wconf 82' lang='grc' dir='ltr'><strong>δὲ</strong></span> <span class='ocrx_word' id='word_1_659' title='bbox 2735 3279 2826 3332; x_wconf 85' lang='grc' dir='ltr'><strong>τὸν</strong></span> <span class='ocrx_word' id='word_1_660' title='bbox 2855 3281 3091 3339; x_wconf 81' lang='grc' dir='ltr'><strong>Χιόνιον,</strong></span> <span class='ocrx_word' id='word_1_661' title='bbox 3125 3281 3199 3342; x_wconf 84' lang='grc' dir='ltr'><strong>ὡς</strong></span> <span class='ocrx_word' id='word_1_662' title='bbox 3233 3283 3316 3349; x_wconf 77' lang='grc' dir='ltr'><strong>εἴη</strong></span> <span class='ocrx_word' id='word_1_663' title='bbox 3359 3281 3497 3349; x_wconf 87' lang='grc' dir='ltr'><strong>μετά</strong></span> <span class='ocrx_word' id='word_1_664' title='bbox 3528 3282 3637 3334; x_wconf 90' lang='grc' dir='ltr'><strong>τῶν</strong></span> <span class='ocrx_word' id='word_1_665' title='bbox 3667 3282 3833 3336; x_wconf 83' lang='grc' dir='ltr'><strong>αὐτοῦ</strong></span> <span class='ocrx_word' id='word_1_666' title='bbox 3865 3285 4020 3335; x_wconf 83' lang='grc' dir='ltr'><strong>ἀδελ-</strong></span> 
     </span>
    </p>
   </div>
   <div class='ocr_carea' id='block_1_91' title="bbox 2452 3371 4023 3445">
    <p class='ocr_par' dir='ltr' id='par_1_91' title="bbox 2452 3371 4023 3445">
     <span class='ocr_line' id='line_1_91' title="bbox 2452 3371 4023 3445; baseline 0.004 -22"><span class='ocrx_word' id='word_1_667' title='bbox 2452 3371 2569 3438; x_wconf 84' lang='grc' dir='ltr'><strong>φῶν</strong></span> <span class='ocrx_word' id='word_1_668' title='bbox 2597 3373 2666 3424; x_wconf 87' lang='grc' dir='ltr'><strong>τά</strong></span> <span class='ocrx_word' id='word_1_669' title='bbox 2702 3373 2799 3441; x_wconf 85' lang='grc' dir='ltr'><strong>τῆς</strong></span> <span class='ocrx_word' id='word_1_670' title='bbox 2848 3371 3130 3436; x_wconf 76' lang='grc' dir='ltr'><strong>εὐσεϐείας</strong></span> <span class='ocrx_word' id='word_1_671' title='bbox 3184 3375 3610 3445; x_wconf 77' lang='grc' dir='ltr'><strong>ἐξομοσάμενος,</strong></span> <span class='ocrx_word' id='word_1_672' title='bbox 3645 3379 3736 3428; x_wconf 83' lang='grc' dir='ltr'><strong>καὶ</strong></span> <span class='ocrx_word' id='word_1_673' title='bbox 3784 3376 3851 3429; x_wconf 78' lang='grc' dir='ltr'><strong>τά</strong></span> <span class='ocrx_word' id='word_1_674' title='bbox 3889 3379 4023 3429; x_wconf 88' lang='grc' dir='ltr'><strong>Ἰου-</strong></span> 
     </span>
    </p>
   </div>
   <div class='ocr_carea' id='block_1_92' title="bbox 2451 3459 4027 3536">
    <p class='ocr_par' dir='ltr' id='par_1_92' title="bbox 2451 3459 4027 3536">
     <span class='ocr_line' id='line_1_92' title="bbox 2451 3459 4027 3536; baseline 0.004 -24"><span class='ocrx_word' id='word_1_675' title='bbox 2451 3461 2616 3513; x_wconf 90' lang='grc' dir='ltr'><strong>δαίων</strong></span> <span class='ocrx_word' id='word_1_676' title='bbox 2638 3462 2870 3530; x_wconf 87' lang='grc' dir='ltr'><strong>φρονῶν,</strong></span> <span class='ocrx_word' id='word_1_677' title='bbox 2905 3463 3240 3526; x_wconf 82' lang='grc' dir='ltr'><strong>διατεθέντες</strong></span> <span class='ocrx_word' id='word_1_678' title='bbox 3283 3459 3428 3516; x_wconf 64' lang='grc' dir='ltr'><strong>οὗτοι</strong></span> <span class='ocrx_word' id='word_1_679' title='bbox 3463 3465 3526 3534; x_wconf 83' lang='grc' dir='ltr'><strong>δὴ</strong></span> <span class='ocrx_word' id='word_1_680' title='bbox 3576 3467 3623 3518; x_wconf 85' lang='grc' dir='ltr'><strong>οί</strong></span> <span class='ocrx_word' id='word_1_681' title='bbox 3666 3467 3763 3534; x_wconf 87' lang='grc' dir='ltr'><strong>τῆς</strong></span> <span class='ocrx_word' id='word_1_682' title='bbox 3794 3466 4027 3536; x_wconf 71' lang='grc' dir='ltr'><strong>Ἐκκλη-</strong></span> 
     </span>
    </p>
   </div>
   <div class='ocr_carea' id='block_1_93' title="bbox 2455 3553 4024 3634">
    <p class='ocr_par' dir='ltr' id='par_1_93' title="bbox 2455 3553 4024 3634">
     <span class='ocr_line' id='line_1_93' title="bbox 2455 3553 4024 3634; baseline 0.006 -28"><span class='ocrx_word' id='word_1_683' title='bbox 2455 3557 2600 3619; x_wconf 86' lang='grc' dir='ltr'><strong>σίας,</strong></span> <span class='ocrx_word' id='word_1_684' title='bbox 2626 3556 2700 3618; x_wconf 84' lang='grc' dir='ltr'><strong>ὡς</strong></span> <span class='ocrx_word' id='word_1_685' title='bbox 2730 3558 2873 3620; x_wconf 82' lang='grc' dir='ltr'><strong>είκὸς</strong></span> <span class='ocrx_word' id='word_1_686' title='bbox 2904 3553 2973 3628; x_wconf 78' lang='grc' dir='ltr'><strong>ἦν</strong></span> <span class='ocrx_word' id='word_1_687' title='bbox 3011 3559 3100 3612; x_wconf 74' lang='grc' dir='ltr'><strong>καὶ</strong></span> <span class='ocrx_word' id='word_1_688' title='bbox 3129 3559 3363 3624; x_wconf 88' lang='grc' dir='ltr'><strong>δίκαιον,</strong></span> <span class='ocrx_word' id='word_1_689' title='bbox 3391 3562 3471 3624; x_wconf 87' lang='grc' dir='ltr'><strong>είς</strong></span> <span class='ocrx_word' id='word_1_690' title='bbox 3503 3562 3659 3615; x_wconf 77' lang='grc' dir='ltr'><strong>τοῦτο</strong></span> <span class='ocrx_word' id='word_1_691' title='bbox 3687 3564 4024 3634; x_wconf 81' lang='grc' dir='ltr'><strong>διατεθῆναι,</strong></span> 
     </span>
    </p>
   </div>
   <div class='ocr_carea' id='block_1_94' title="bbox 2451 3645 4024 3724">
    <p class='ocr_par' dir='ltr' id='par_1_94' title="bbox 2451 3645 4024 3724">
     <span class='ocr_line' id='line_1_94' title="bbox 2451 3645 4024 3724; baseline 0.008 -28"><span class='ocrx_word' id='word_1_692' title='bbox 2451 3645 2701 3707; x_wconf 78' lang='grc' dir='ltr'><strong>ἐξετάσει</strong></span> <span class='ocrx_word' id='word_1_693' title='bbox 2757 3648 2824 3700; x_wconf 78' lang='grc' dir='ltr'><strong>τὰ</strong></span> <span class='ocrx_word' id='word_1_694' title='bbox 2857 3648 2976 3701; x_wconf 86' lang='grc' dir='ltr'><strong>κατ’</strong></span> <span class='ocrx_word' id='word_1_695' title='bbox 3012 3651 3170 3702; x_wconf 71' lang='grc' dir='ltr'><strong>αὑτὸν</strong></span> <span class='ocrx_word' id='word_1_696' title='bbox 3198 3651 3495 3704; x_wconf 87' lang='grc' dir='ltr'><strong>δεδώκασιν</strong></span> <span class='ocrx_word' id='word_1_697' title='bbox 3523 3655 3742 3724; x_wconf 85' lang='grc' dir='ltr'><strong>ἀκριϐεῖ</strong></span> <span class='ocrx_word' id='word_1_698' title='bbox 3774 3657 3859 3708; x_wconf 79' lang='grc' dir='ltr'><strong>ἐπ’</strong></span> <span class='ocrx_word' id='word_1_699' title='bbox 3898 3657 4024 3710; x_wconf 82' lang='grc' dir='ltr'><strong>Ἐκ-</strong></span> 
     </span>
    </p>
   </div>
   <div class='ocr_carea' id='block_1_95' title="bbox 2453 3737 4026 3814">
    <p class='ocr_par' dir='ltr' id='par_1_95' title="bbox 2453 3737 4026 3814">
     <span class='ocr_line' id='line_1_95' title="bbox 2453 3737 4026 3814; baseline 0.01 -26"><span class='ocrx_word' id='word_1_700' title='bbox 2453 3737 2705 3806; x_wconf 81' lang='grc' dir='ltr'><strong>κλησίας,</strong></span> <span class='ocrx_word' id='word_1_701' title='bbox 2731 3739 2824 3791; x_wconf 83' lang='grc' dir='ltr'><strong>καὶ</strong></span> <span class='ocrx_word' id='word_1_702' title='bbox 2860 3741 3147 3804; x_wconf 72' lang='grc' dir='ltr'><strong>ίουδαῒζειν</strong></span> <span class='ocrx_word' id='word_1_703' title='bbox 3179 3744 3603 3814; x_wconf 82' lang='grc' dir='ltr'><strong>ἀπελεγχθέντα,</strong></span> <span class='ocrx_word' id='word_1_704' title='bbox 3667 3750 4026 3804; x_wconf 88' lang='grc' dir='ltr'><strong>συνελάϐοντο</strong></span> 
     </span>
    </p>
   </div>
   <div class='ocr_carea' id='block_1_96' title="bbox 2450 3830 4025 3908">
    <p class='ocr_par' dir='ltr' id='par_1_96' title="bbox 2450 3830 4025 3908">
     <span class='ocr_line' id='line_1_96' title="bbox 2450 3830 4025 3908; baseline 0.01 -28"><span class='ocrx_word' id='word_1_705' title='bbox 2450 3830 2640 3882; x_wconf 70' lang='grc' dir='ltr'><strong>τοῦτον</strong></span> <span class='ocrx_word' id='word_1_706' title='bbox 2678 3832 2771 3884; x_wconf 70' lang='grc' dir='ltr'><strong>καὶ</strong></span> <span class='ocrx_word' id='word_1_707' title='bbox 2806 3835 3091 3903; x_wconf 83' lang='grc' dir='ltr'><strong>κατέσχον,</strong></span> <span class='ocrx_word' id='word_1_708' title='bbox 3125 3839 3216 3890; x_wconf 74' lang='grc' dir='ltr'><strong>καὶ</strong></span> <span class='ocrx_word' id='word_1_709' title='bbox 3249 3839 3673 3908; x_wconf 86' lang='grc' dir='ltr'><strong>παραδεδώκασι</strong></span> <span class='ocrx_word' id='word_1_710' title='bbox 3723 3846 3815 3895; x_wconf 76' lang='grc' dir='ltr'><strong>τὸν</strong></span> <span class='ocrx_word' id='word_1_711' title='bbox 3849 3845 4025 3897; x_wconf 75' lang='grc' dir='ltr'><strong>τοιοῦ-</strong></span> 
     </span>
    </p>
   </div>
   <div class='ocr_carea' id='block_1_97' title="bbox 2451 3922 4023 4008">
    <p class='ocr_par' dir='ltr' id='par_1_97' title="bbox 2451 3922 4023 4008">
     <span class='ocr_line' id='line_1_97' title="bbox 2451 3922 4023 4008; baseline 0.012 -36"><span class='ocrx_word' id='word_1_712' title='bbox 2451 3938 2540 3973; x_wconf 90' lang='grc' dir='ltr'><strong>τον</strong></span> <span class='ocrx_word' id='word_1_713' title='bbox 2570 3922 2646 3992; x_wconf 83' lang='grc' dir='ltr'><strong>τῷ</strong></span> <span class='ocrx_word' id='word_1_714' title='bbox 2677 3924 2740 3974; x_wconf 87' lang='grc' dir='ltr'><strong>ἐκ</strong></span> <span class='ocrx_word' id='word_1_715' title='bbox 2784 3925 2920 3977; x_wconf 75' lang='grc' dir='ltr'><strong>θεοῦ</strong></span> <span class='ocrx_word' id='word_1_716' title='bbox 2953 3930 3231 4000; x_wconf 84' lang='grc' dir='ltr'><strong>κρατίστῳ</strong></span> <span class='ocrx_word' id='word_1_717' title='bbox 3269 3935 3362 3984; x_wconf 71' lang='grc' dir='ltr'><strong>καὶ</strong></span> <span class='ocrx_word' id='word_1_718' title='bbox 3396 3933 3537 4000; x_wconf 86' lang='grc' dir='ltr'><strong>ἁγίῳ</strong></span> <span class='ocrx_word' id='word_1_719' title='bbox 3595 3953 3697 4003; x_wconf 93' lang='grc' dir='ltr'><strong>μου</strong></span> <span class='ocrx_word' id='word_1_720' title='bbox 3746 3938 4023 4008; x_wconf 78' lang='grc' dir='ltr'><strong>αὐτοκραο</strong></span> 
     </span>
    </p>
   </div>
   <div class='ocr_carea' id='block_1_98' title="bbox 2450 4017 4025 4101">
    <p class='ocr_par' dir='ltr' id='par_1_98' title="bbox 2450 4017 4025 4101">
     <span class='ocr_line' id='line_1_98' title="bbox 2450 4017 4025 4101; baseline 0.012 -35"><span class='ocrx_word' id='word_1_721' title='bbox 2450 4033 2587 4083; x_wconf 90' lang='grc' dir='ltr'><strong>τορι.</strong></span> <span class='ocrx_word' id='word_1_722' title='bbox 2625 4017 2699 4078; x_wconf 86' lang='grc' dir='ltr'><strong>ὼς</strong></span> <span class='ocrx_word' id='word_1_723' title='bbox 2754 4019 2848 4071; x_wconf 84' lang='grc' dir='ltr'><strong>καὶ</strong></span> <span class='ocrx_word' id='word_1_724' title='bbox 2906 4023 3299 4093; x_wconf 85' lang='grc' dir='ltr'><strong>κατειρχθῆναι</strong></span> <span class='ocrx_word' id='word_1_725' title='bbox 3349 4027 3624 4084; x_wconf 76' lang='grc' dir='ltr'><strong>ἐντεῦθεν.</strong></span> <span class='ocrx_word' id='word_1_726' title='bbox 3679 4031 3770 4083; x_wconf 83' lang='grc' dir='ltr'><strong>Διδ</strong></span> <span class='ocrx_word' id='word_1_727' title='bbox 3822 4032 3887 4101; x_wconf 77' lang='grc' dir='ltr'><strong>δὴ</strong></span> <span class='ocrx_word' id='word_1_728' title='bbox 3931 4036 4025 4085; x_wconf 74' lang='grc' dir='ltr'><strong>καὶ</strong></span> 
     </span>
    </p>
   </div>
   <div class='ocr_carea' id='block_1_99' title="bbox 2450 4109 4019 4188">
    <p class='ocr_par' dir='ltr' id='par_1_99' title="bbox 2450 4109 4019 4188">
     <span class='ocr_line' id='line_1_99' title="bbox 2450 4109 4019 4188; baseline 0.011 -27"><span class='ocrx_word' id='word_1_729' title='bbox 2450 4109 2648 4176; x_wconf 80' lang='grc' dir='ltr'><strong>ἔχθραν</strong></span> <span class='ocrx_word' id='word_1_730' title='bbox 2698 4109 2853 4175; x_wconf 79' lang='grc' dir='ltr'><strong>οὗτος</strong></span> <span class='ocrx_word' id='word_1_731' title='bbox 2890 4114 2952 4182; x_wconf 82' lang='grc' dir='ltr'><strong>δὴ</strong></span> <span class='ocrx_word' id='word_1_732' title='bbox 2998 4116 3025 4167; x_wconf 92' lang='lat'><strong>6</strong></span> <span class='ocrx_word' id='word_1_733' title='bbox 3063 4116 3274 4180; x_wconf 83' lang='grc' dir='ltr'><strong>Χιόνιος</strong></span> <span class='ocrx_word' id='word_1_734' title='bbox 3307 4121 3401 4170; x_wconf 73' lang='grc' dir='ltr'><strong>καὶ</strong></span> <span class='ocrx_word' id='word_1_735' title='bbox 3438 4123 3635 4173; x_wconf 82' lang='grc' dir='ltr'><strong>κακίαν</strong></span> <span class='ocrx_word' id='word_1_736' title='bbox 3683 4126 3763 4186; x_wconf 83' lang='grc' dir='ltr'><strong>είς</strong></span> <span class='ocrx_word' id='word_1_737' title='bbox 3821 4128 4019 4188; x_wconf 72' lang='grc' dir='ltr'><strong>αὐτοὺς</strong></span> 
     </span>
    </p>
   </div>
   <div class='ocr_carea' id='block_1_100' title="bbox 2449 4207 4019 4285">
    <p class='ocr_par' dir='ltr' id='par_1_100' title="bbox 2449 4207 4019 4285">
     <span class='ocr_line' id='line_1_100' title="bbox 2449 4207 4019 4285; baseline 0.003 -25"><span class='ocrx_word' id='word_1_738' title='bbox 2449 4209 2607 4277; x_wconf 80' lang='grc' dir='ltr'><strong>ἔχων,</strong></span> <span class='ocrx_word' id='word_1_739' title='bbox 2657 4207 3368 4280; x_wconf 76' lang='grc' dir='ltr'><strong>ἐξεταζόμενος,προστάξει</strong></span> <span class='ocrx_word' id='word_1_740' title='bbox 3407 4212 3663 4285; x_wconf 77' lang='grc' dir='ltr'><strong>βασιλικῇ</strong></span> <span class='ocrx_word' id='word_1_741' title='bbox 3703 4222 3855 4284; x_wconf 76' lang='grc' dir='ltr'><strong>παρᾶ</strong></span> <span class='ocrx_word' id='word_1_742' title='bbox 3910 4221 4019 4270; x_wconf 62' lang='grc' dir='ltr'><strong>τῶν</strong></span> 
     </span>
    </p>
   </div>
   <div class='ocr_carea' id='block_1_101' title="bbox 2451 4301 4017 4375">
    <p class='ocr_par' dir='ltr' id='par_1_101' title="bbox 2451 4301 4017 4375">
     <span class='ocr_line' id='line_1_101' title="bbox 2451 4301 4017 4375; baseline 0.008 -23"><span class='ocrx_word' id='word_1_743' title='bbox 2451 4301 2828 4369; x_wconf 87' lang='grc' dir='ltr'><strong>συγκλητικῶν</strong></span> <span class='ocrx_word' id='word_1_744' title='bbox 2855 4303 3134 4371; x_wconf 85' lang='grc' dir='ltr'><strong>ἀρχόντων</strong></span> <span class='ocrx_word' id='word_1_745' title='bbox 3181 4307 3310 4375; x_wconf 75' lang='grc' dir='ltr'><strong>περὶ</strong></span> <span class='ocrx_word' id='word_1_746' title='bbox 3340 4308 3448 4358; x_wconf 85' lang='grc' dir='ltr'><strong>τῶν</strong></span> <span class='ocrx_word' id='word_1_747' title='bbox 3482 4309 3645 4363; x_wconf 77' lang='grc' dir='ltr'><strong>αὑτοῦ</strong></span> <span class='ocrx_word' id='word_1_748' title='bbox 3678 4311 4017 4365; x_wconf 79' lang='grc' dir='ltr'><strong>διδασκάλων</strong></span> 
     </span>
    </p>
   </div>
   <div class='ocr_carea' id='block_1_102' title="bbox 2448 4395 4013 4476">
    <p class='ocr_par' dir='ltr' id='par_1_102' title="bbox 2448 4395 4013 4476">
     <span class='ocr_line' id='line_1_102' title="bbox 2448 4395 4013 4476; baseline 0.011 -31"><span class='ocrx_word' id='word_1_749' title='bbox 2448 4396 2542 4447; x_wconf 83' lang='grc' dir='ltr'><strong>καὶ</strong></span> <span class='ocrx_word' id='word_1_750' title='bbox 2590 4395 2871 4465; x_wconf 90' lang='grc' dir='ltr'><strong>μαθητῶν,</strong></span> <span class='ocrx_word' id='word_1_751' title='bbox 2926 4400 3018 4449; x_wconf 91' lang='grc' dir='ltr'><strong>καί</strong></span> <span class='ocrx_word' id='word_1_752' title='bbox 3069 4414 3218 4460; x_wconf 89' lang='grc' dir='ltr'><strong>τινας</strong></span> <span class='ocrx_word' id='word_1_753' title='bbox 3253 4401 3422 4453; x_wconf 87' lang='grc' dir='ltr'><strong>είπὼν</strong></span> <span class='ocrx_word' id='word_1_754' title='bbox 3471 4407 3558 4456; x_wconf 75' lang='grc' dir='ltr'><strong>καὶ</strong></span> <span class='ocrx_word' id='word_1_755' title='bbox 3595 4409 4013 4476; x_wconf 71' lang='grc' dir='ltr'><strong>καταμηνύσαε,</strong></span> 
     </span>
    </p>
   </div>
   <div class='ocr_carea' id='block_1_103' title="bbox 2447 4489 4014 4566">
    <p class='ocr_par' dir='ltr' id='par_1_103' title="bbox 2447 4489 4014 4566">
     <span class='ocr_line' id='line_1_103' title="bbox 2447 4489 4014 4566; baseline 0.01 -28"><span class='ocrx_word' id='word_1_756' title='bbox 2447 4489 2676 4554; x_wconf 83' lang='grc' dir='ltr'><strong>τραπεὶς</strong></span> <span class='ocrx_word' id='word_1_757' title='bbox 2725 4490 2818 4540; x_wconf 81' lang='grc' dir='ltr'><strong>καὶ</strong></span> <span class='ocrx_word' id='word_1_758' title='bbox 2865 4491 3005 4541; x_wconf 81' lang='grc' dir='ltr'><strong>κατὰ</strong></span> <span class='ocrx_word' id='word_1_759' title='bbox 3063 4491 3169 4542; x_wconf 88' lang='grc' dir='ltr'><strong>τῶν</strong></span> <span class='ocrx_word' id='word_1_760' title='bbox 3210 4494 3472 4547; x_wconf 63' lang='grc' dir='ltr'><strong>τοιούτων</strong></span> <span class='ocrx_word' id='word_1_761' title='bbox 3518 4498 4014 4566; x_wconf 70' lang='grc' dir='ltr'><strong>ἐκκλησιαστικιὲν-,</strong></span> 
     </span>
    </p>
   </div>
   <div class='ocr_carea' id='block_1_104' title="bbox 2724 4583 4021 4651">
    <p class='ocr_par' dir='ltr' id='par_1_104' title="bbox 2724 4583 4021 4651">
     <span class='ocr_line' id='line_1_104' title="bbox 2724 4583 4021 4651; baseline 0.013 -21"><span class='ocrx_word' id='word_1_762' title='bbox 2724 4598 2873 4642; x_wconf 89' lang='grc' dir='ltr'><strong>τινας</strong></span> <span class='ocrx_word' id='word_1_763' title='bbox 2903 4583 3210 4650; x_wconf 82' lang='grc' dir='ltr'><strong>τηνικαῦτα</strong></span> <span class='ocrx_word' id='word_1_764' title='bbox 3256 4586 3347 4638; x_wconf 74' lang='grc' dir='ltr'><strong>καὶ</strong></span> <span class='ocrx_word' id='word_1_765' title='bbox 3401 4588 3580 4639; x_wconf 81' lang='grc' dir='ltr'><strong>αὐτῶν</strong></span> <span class='ocrx_word' id='word_1_766' title='bbox 3608 4592 3776 4651; x_wconf 79' lang='grc' dir='ltr'><strong>ἀκοάς</strong></span> <span class='ocrx_word' id='word_1_767' title='bbox 3805 4610 3818 4622; x_wconf 75' lang='grc' dir='ltr'><strong>ο</strong></span> <span class='ocrx_word' id='word_1_768' title='bbox 3853 4596 3916 4647; x_wconf 72' lang='grc' dir='ltr'><strong>τα</strong></span> <span class='ocrx_word' id='word_1_769' title='bbox 3950 4598 4021 4647; x_wconf 66' lang='grc' dir='ltr'><strong>ιάε</strong></span> 
     </span>
    </p>
   </div>
   <div class='ocr_carea' id='block_1_105' title="bbox 2445 4668 4017 4752">
    <p class='ocr_par' dir='ltr' id='par_1_105' title="bbox 2445 4668 4017 4752">
     <span class='ocr_line' id='line_1_105' title="bbox 2445 4668 4017 4752; baseline 0.012 -32"><span class='ocrx_word' id='word_1_770' title='bbox 2445 4668 2532 4741; x_wconf 83' lang='grc' dir='ltr'><strong>ἦν,</strong></span> <span class='ocrx_word' id='word_1_771' title='bbox 2570 4672 2714 4724; x_wconf 79' lang='grc' dir='ltr'><strong>κατὰ</strong></span> <span class='ocrx_word' id='word_1_772' title='bbox 2750 4673 2849 4740; x_wconf 89' lang='grc' dir='ltr'><strong>μέν</strong></span> <span class='ocrx_word' id='word_1_773' title='bbox 2880 4675 2974 4725; x_wconf 86' lang='grc' dir='ltr'><strong>τοῦ</strong></span> <span class='ocrx_word' id='word_1_774' title='bbox 3007 4677 3316 4743; x_wconf 85' lang='grc' dir='ltr'><strong>οίκονόμου,</strong></span> <span class='ocrx_word' id='word_1_775' title='bbox 3348 4678 3422 4739; x_wconf 86' lang='grc' dir='ltr'><strong>ὼς</strong></span> <span class='ocrx_word' id='word_1_776' title='bbox 3453 4681 3654 4749; x_wconf 76' lang='grc' dir='ltr'><strong>ἤκουσε</strong></span> <span class='ocrx_word' id='word_1_777' title='bbox 3699 4687 3824 4752; x_wconf 80' lang='grc' dir='ltr'><strong>περὶ</strong></span> <span class='ocrx_word' id='word_1_778' title='bbox 3854 4689 4017 4739; x_wconf 52' lang='grc' dir='ltr'><strong>αὐτο-ᾇ</strong></span> 
     </span>
    </p>
   </div>
   <div class='ocr_carea' id='block_1_106' title="bbox 2444 4765 4020 4842">
    <p class='ocr_par' dir='ltr' id='par_1_106' title="bbox 2444 4765 4020 4842">
     <span class='ocr_line' id='line_1_106' title="bbox 2444 4765 4020 4842; baseline 0.01 -27"><span class='ocrx_word' id='word_1_779' title='bbox 2444 4766 2472 4815; x_wconf 92' lang='lat'><strong>6</strong></span> <span class='ocrx_word' id='word_1_780' title='bbox 2501 4765 2736 4823; x_wconf 73' lang='grc' dir='ltr'><strong>τοιοῦτος</strong></span> <span class='ocrx_word' id='word_1_781' title='bbox 2774 4765 2985 4826; x_wconf 84' lang='grc' dir='ltr'><strong>Χιόνιος</strong></span> <span class='ocrx_word' id='word_1_782' title='bbox 3027 4767 3176 4832; x_wconf 84' lang='grc' dir='ltr'><strong>παρά</strong></span> <span class='ocrx_word' id='word_1_783' title='bbox 3217 4769 3311 4820; x_wconf 86' lang='grc' dir='ltr'><strong>τοῦ</strong></span> <span class='ocrx_word' id='word_1_784' title='bbox 3342 4770 3643 4842; x_wconf 78' lang='grc' dir='ltr'><strong>Σταχύτζη,</strong></span> <span class='ocrx_word' id='word_1_785' title='bbox 3677 4777 3750 4838; x_wconf 84' lang='grc' dir='ltr'><strong>ὡς</strong></span> <span class='ocrx_word' id='word_1_786' title='bbox 3777 4779 3856 4828; x_wconf 79' lang='grc' dir='ltr'><strong>ἔτι</strong></span> <span class='ocrx_word' id='word_1_787' title='bbox 3890 4786 4020 4841; x_wconf 77' lang='grc' dir='ltr'><strong>παῖς</strong></span> 
     </span>
    </p>
   </div>
   <div class='ocr_carea' id='block_1_107' title="bbox 2443 4855 4019 4937">
    <p class='ocr_par' dir='ltr' id='par_1_107' title="bbox 2443 4855 4019 4937">
     <span class='ocr_line' id='line_1_107' title="bbox 2443 4855 4019 4937; baseline 0.012 -31"><span class='ocrx_word' id='word_1_788' title='bbox 2443 4855 2518 4906; x_wconf 85' lang='grc' dir='ltr'><strong>ῶν</strong></span> <span class='ocrx_word' id='word_1_789' title='bbox 2562 4856 2589 4906; x_wconf 91' lang='lat'><strong>6</strong></span> <span class='ocrx_word' id='word_1_790' title='bbox 2646 4859 2925 4924; x_wconf 60' lang='grc' dir='ltr'><strong>οἰκονόμος</strong></span> <span class='ocrx_word' id='word_1_791' title='bbox 2962 4860 3258 4926; x_wconf 80' lang='grc' dir='ltr'><strong>εἰργάσατό</strong></span> <span class='ocrx_word' id='word_1_792' title='bbox 3290 4879 3343 4913; x_wconf 90' lang='grc' dir='ltr'><strong>τι</strong></span> <span class='ocrx_word' id='word_1_793' title='bbox 3377 4865 3537 4932; x_wconf 86' lang='grc' dir='ltr'><strong>ἔργον</strong></span> <span class='ocrx_word' id='word_1_794' title='bbox 3581 4871 3890 4937; x_wconf 76' lang='grc' dir='ltr'><strong>κοιρανικὸν</strong></span> <span class='ocrx_word' id='word_1_795' title='bbox 3925 4877 4019 4926; x_wconf 80' lang='grc' dir='ltr'><strong>καὶ</strong></span> 
     </span>
    </p>
   </div>
   <div class='ocr_carea' id='block_1_108' title="bbox 2442 4943 4018 5022">
    <p class='ocr_par' dir='ltr' id='par_1_108' title="bbox 2442 4943 4018 5022">
     <span class='ocr_line' id='line_1_108' title="bbox 2442 4943 4018 5022; baseline 0.015 -30"><span class='ocrx_word' id='word_1_796' title='bbox 2442 4943 2815 5010; x_wconf 86' lang='grc' dir='ltr'><strong>δαιμονιῶδες,</strong></span> <span class='ocrx_word' id='word_1_797' title='bbox 2849 4945 2989 4997; x_wconf 86' lang='grc' dir='ltr'><strong>κατά</strong></span> <span class='ocrx_word' id='word_1_798' title='bbox 3021 4947 3075 4999; x_wconf 86' lang='grc' dir='ltr'><strong>δέ</strong></span> <span class='ocrx_word' id='word_1_799' title='bbox 3124 4948 3217 5001; x_wconf 84' lang='grc' dir='ltr'><strong>τοῦ</strong></span> <span class='ocrx_word' id='word_1_800' title='bbox 3247 4954 3686 5022; x_wconf 86' lang='grc' dir='ltr'><strong>χαρτοφύλακος,</strong></span> <span class='ocrx_word' id='word_1_801' title='bbox 3715 4960 3796 5011; x_wconf 85' lang='grc' dir='ltr'><strong>ὅτι</strong></span> <span class='ocrx_word' id='word_1_802' title='bbox 3826 4963 4018 5014; x_wconf 87' lang='grc' dir='ltr'><strong>ἀναδε-</strong></span> 
     </span>
    </p>
   </div>
   <div class='ocr_carea' id='block_1_109' title="bbox 2443 5031 4015 5110">
    <p class='ocr_par' dir='ltr' id='par_1_109' title="bbox 2443 5031 4015 5110">
     <span class='ocr_line' id='line_1_109' title="bbox 2443 5031 4015 5110; baseline 0.013 -25"><span class='ocrx_word' id='word_1_803' title='bbox 2443 5031 2676 5100; x_wconf 80' lang='grc' dir='ltr'><strong>ξάμενος</strong></span> <span class='ocrx_word' id='word_1_804' title='bbox 2704 5036 2732 5086; x_wconf 90' lang='lat'><strong>6</strong></span> <span class='ocrx_word' id='word_1_805' title='bbox 2757 5034 2920 5098; x_wconf 83' lang='grc' dir='ltr'><strong>αὑτὺς</strong></span> <span class='ocrx_word' id='word_1_806' title='bbox 2948 5037 3162 5101; x_wconf 79' lang='grc' dir='ltr'><strong>Χιόνιος</strong></span> <span class='ocrx_word' id='word_1_807' title='bbox 3186 5040 3285 5108; x_wconf 83' lang='grc' dir='ltr'><strong>τὴν</strong></span> <span class='ocrx_word' id='word_1_808' title='bbox 3315 5042 3498 5110; x_wconf 90' lang='grc' dir='ltr'><strong>κρίσιν</strong></span> <span class='ocrx_word' id='word_1_809' title='bbox 3527 5048 3636 5098; x_wconf 82' lang='grc' dir='ltr'><strong>τῶν</strong></span> <span class='ocrx_word' id='word_1_810' title='bbox 3662 5049 3836 5102; x_wconf 80' lang='grc' dir='ltr'><strong>ἐκεῖσε</strong></span> <span class='ocrx_word' id='word_1_811' title='bbox 3881 5053 3982 5105; x_wconf 72' lang='grc' dir='ltr'><strong>Ίον</strong></span> <span class='ocrx_word' id='word_1_812' title='bbox 4001 5083 4015 5092; x_wconf 87' lang='grc'><strong>-</strong></span> 
     </span>
    </p>
   </div>
   <div class='ocr_carea' id='block_1_110' title="bbox 2440 5124 4014 5206">
    <p class='ocr_par' dir='ltr' id='par_1_110' title="bbox 2440 5124 4014 5206">
     <span class='ocr_line' id='line_1_110' title="bbox 2440 5124 4014 5206; baseline 0.012 -30"><span class='ocrx_word' id='word_1_813' title='bbox 2440 5124 2603 5179; x_wconf 82' lang='grc' dir='ltr'><strong>δαίων</strong></span> <span class='ocrx_word' id='word_1_814' title='bbox 2654 5129 2746 5178; x_wconf 79' lang='grc' dir='ltr'><strong>καὶ</strong></span> <span class='ocrx_word' id='word_1_815' title='bbox 2795 5128 2893 5190; x_wconf 70' lang='grc' dir='ltr'><strong>τὰς</strong></span> <span class='ocrx_word' id='word_1_816' title='bbox 2940 5133 3442 5198; x_wconf 75' lang='grc' dir='ltr'><strong>παρεμπιπτούτας</strong></span> <span class='ocrx_word' id='word_1_817' title='bbox 3495 5137 3679 5200; x_wconf 60' lang='grc' dir='ltr'><strong>αύτιῖς</strong></span> <span class='ocrx_word' id='word_1_818' title='bbox 3723 5141 4014 5206; x_wconf 77' lang='grc' dir='ltr'><strong>ὑποθέσεις</strong></span> 
     </span>
    </p>
   </div>
   <div class='ocr_carea' id='block_1_111' title="bbox 2438 5218 4012 5293">
    <p class='ocr_par' dir='ltr' id='par_1_111' title="bbox 2438 5218 4012 5293">
     <span class='ocr_line' id='line_1_111' title="bbox 2438 5218 4012 5293; baseline 0.01 -25"><span class='ocrx_word' id='word_1_819' title='bbox 2438 5218 2754 5283; x_wconf 87' lang='grc' dir='ltr'><strong>διευλυτῶν,</strong></span> <span class='ocrx_word' id='word_1_820' title='bbox 2817 5221 3003 5288; x_wconf 82' lang='grc' dir='ltr'><strong>ἐπειδὴ</strong></span> <span class='ocrx_word' id='word_1_821' title='bbox 3056 5223 3371 5275; x_wconf 77' lang='grc' dir='ltr'><strong>συνέϐαινεν</strong></span> <span class='ocrx_word' id='word_1_822' title='bbox 3430 5227 3641 5279; x_wconf 79' lang='grc' dir='ltr'><strong>ἐπιέναι</strong></span> <span class='ocrx_word' id='word_1_823' title='bbox 3696 5231 3845 5293; x_wconf 70' lang='grc' dir='ltr'><strong>τινὰς</strong></span> <span class='ocrx_word' id='word_1_824' title='bbox 3903 5235 4012 5284; x_wconf 75' lang='grc' dir='ltr'><strong>τῶν</strong></span> 
     </span>
    </p>
   </div>
   <div class='ocr_carea' id='block_1_112' title="bbox 2439 5311 4014 5385">
    <p class='ocr_par' dir='ltr' id='par_1_112' title="bbox 2439 5311 4014 5385">
     <span class='ocr_line' id='line_1_112' title="bbox 2439 5311 4014 5385; baseline 0.01 -25"><span class='ocrx_word' id='word_1_825' title='bbox 2439 5311 2676 5362; x_wconf 85' lang='grc' dir='ltr'><strong>ἐποίκων</strong></span> <span class='ocrx_word' id='word_1_826' title='bbox 2721 5311 2817 5378; x_wconf 75' lang='grc' dir='ltr'><strong>τῆς</strong></span> <span class='ocrx_word' id='word_1_827' title='bbox 2852 5312 3057 5374; x_wconf 65' lang='grc' dir='ltr'><strong>πόλεως</strong></span> <span class='ocrx_word' id='word_1_828' title='bbox 3090 5315 3302 5377; x_wconf 76' lang='grc' dir='ltr'><strong>τούτοις</strong></span> <span class='ocrx_word' id='word_1_829' title='bbox 3339 5317 3401 5383; x_wconf 80' lang='grc' dir='ltr'><strong>δὴ</strong></span> <span class='ocrx_word' id='word_1_830' title='bbox 3453 5320 3567 5380; x_wconf 84' lang='grc' dir='ltr'><strong>τοῖς</strong></span> <span class='ocrx_word' id='word_1_831' title='bbox 3612 5321 3884 5385; x_wconf 60' lang='grc' dir='ltr'><strong>Ἰουδαίοις</strong></span> <span class='ocrx_word' id='word_1_832' title='bbox 3918 5328 4014 5376; x_wconf 78' lang='grc' dir='ltr'><strong>καὶ</strong></span> 
     </span>
    </p>
   </div>
   <div class='ocr_carea' id='block_1_113' title="bbox 2438 5401 4014 5475">
    <p class='ocr_par' dir='ltr' id='par_1_113' title="bbox 2438 5401 4014 5475">
     <span class='ocr_line' id='line_1_113' title="bbox 2438 5401 4014 5475; baseline 0.01 -23"><span class='ocrx_word' id='word_1_833' title='bbox 2438 5401 2644 5454; x_wconf 77' lang='grc' dir='ltr'><strong>κακοῦν</strong></span> <span class='ocrx_word' id='word_1_834' title='bbox 2693 5405 2912 5468; x_wconf 63' lang='grc' dir='ltr'><strong>αὐτοὺς,</strong></span> <span class='ocrx_word' id='word_1_835' title='bbox 2948 5404 3259 5473; x_wconf 76' lang='grc' dir='ltr'><strong>ἐξυϐρίζειν</strong></span> <span class='ocrx_word' id='word_1_836' title='bbox 3283 5425 3339 5459; x_wconf 89' lang='grc' dir='ltr'><strong>τε</strong></span> <span class='ocrx_word' id='word_1_837' title='bbox 3370 5410 3464 5460; x_wconf 80' lang='grc' dir='ltr'><strong>καὶ</strong></span> <span class='ocrx_word' id='word_1_838' title='bbox 3509 5410 3567 5462; x_wconf 89' lang='lat'><strong>1:6</strong></span> <span class='ocrx_word' id='word_1_839' title='bbox 3605 5413 3765 5475; x_wconf 81' lang='grc' dir='ltr'><strong>σέϐας</strong></span> <span class='ocrx_word' id='word_1_840' title='bbox 3796 5425 3890 5466; x_wconf 74' lang='grc' dir='ltr'><strong>καὶ</strong></span> <span class='ocrx_word' id='word_1_841' title='bbox 3923 5420 4014 5467; x_wconf 70' lang='grc' dir='ltr'><strong>τὸν</strong></span> 
     </span>
    </p>
   </div>
   <div class='ocr_carea' id='block_1_114' title="bbox 2438 5494 4009 5572">
    <p class='ocr_par' dir='ltr' id='par_1_114' title="bbox 2438 5494 4009 5572">
     <span class='ocr_line' id='line_1_114' title="bbox 2438 5494 4009 5572; baseline 0.011 -29"><span class='ocrx_word' id='word_1_842' title='bbox 2438 5495 2601 5559; x_wconf 76' lang='grc' dir='ltr'><strong>νόμον</strong></span> <span class='ocrx_word' id='word_1_843' title='bbox 2630 5494 2811 5546; x_wconf 71' lang='grc' dir='ltr'><strong>αὐτῶν</strong></span> <span class='ocrx_word' id='word_1_844' title='bbox 2839 5494 3233 5566; x_wconf 84' lang='grc' dir='ltr'><strong>δεινοπαθήσας</strong></span> <span class='ocrx_word' id='word_1_845' title='bbox 3261 5500 3422 5566; x_wconf 81' lang='grc' dir='ltr'><strong>αὐτὸς</strong></span> <span class='ocrx_word' id='word_1_846' title='bbox 3459 5504 3549 5555; x_wconf 84' lang='grc' dir='ltr'><strong>ἐπὶ</strong></span> <span class='ocrx_word' id='word_1_847' title='bbox 3580 5507 3688 5566; x_wconf 68' lang='grc' dir='ltr'><strong>τοῖ,</strong></span> <span class='ocrx_word' id='word_1_848' title='bbox 3721 5506 4009 5572; x_wconf 83' lang='grc' dir='ltr'><strong>τοιούτοις,</strong></span> 
     </span>
    </p>
   </div>
   <div class='ocr_carea' id='block_1_115' title="bbox 2437 5587 4006 5671">
    <p class='ocr_par' dir='ltr' id='par_1_115' title="bbox 2437 5587 4006 5671">
     <span class='ocr_line' id='line_1_115' title="bbox 2437 5587 4006 5671; baseline 0.013 -35"><span class='ocrx_word' id='word_1_849' title='bbox 2437 5588 2531 5637; x_wconf 80' lang='grc' dir='ltr'><strong>καὶ</strong></span> <span class='ocrx_word' id='word_1_850' title='bbox 2567 5587 2825 5653; x_wconf 85' lang='grc' dir='ltr'><strong>μάλιστα,</strong></span> <span class='ocrx_word' id='word_1_851' title='bbox 2855 5589 2940 5642; x_wconf 82' lang='grc' dir='ltr'><strong>ὅτι</strong></span> <span class='ocrx_word' id='word_1_852' title='bbox 2964 5591 3054 5642; x_wconf 76' lang='grc' dir='ltr'><strong>τὸν</strong></span> <span class='ocrx_word' id='word_1_853' title='bbox 3081 5591 3173 5644; x_wconf 84' lang='grc' dir='ltr'><strong>τοῦ</strong></span> <span class='ocrx_word' id='word_1_854' title='bbox 3200 5594 3332 5646; x_wconf 88' lang='grc' dir='ltr'><strong>Μωῡ</strong></span> <span class='ocrx_word' id='word_1_855' title='bbox 3346 5598 3475 5660; x_wconf 82' lang='grc' dir='ltr'><strong>σέως</strong></span> <span class='ocrx_word' id='word_1_856' title='bbox 3501 5598 3779 5668; x_wconf 73' lang='grc' dir='ltr'><strong>ὑϐρίζουσι</strong></span> <span class='ocrx_word' id='word_1_857' title='bbox 3819 5605 4006 5671; x_wconf 83' lang='grc' dir='ltr'><strong>νόμον,</strong></span> 
     </span>
    </p>
   </div>
   <div class='ocr_carea' id='block_1_116' title="bbox 2435 5676 4007 5759">
    <p class='ocr_par' dir='ltr' id='par_1_116' title="bbox 2435 5676 4007 5759">
     <span class='ocr_line' id='line_1_116' title="bbox 2435 5676 4007 5759; baseline 0.011 -30"><span class='ocrx_word' id='word_1_858' title='bbox 2435 5677 2500 5729; x_wconf 82' lang='grc' dir='ltr'><strong>δι’</strong></span> <span class='ocrx_word' id='word_1_859' title='bbox 2559 5676 2725 5730; x_wconf 76' lang='grc' dir='ltr'><strong>αὑτοῦ</strong></span> <span class='ocrx_word' id='word_1_860' title='bbox 2779 5678 2997 5731; x_wconf 87' lang='grc' dir='ltr'><strong>δοθέντα</strong></span> <span class='ocrx_word' id='word_1_861' title='bbox 3033 5682 3183 5748; x_wconf 82' lang='grc' dir='ltr'><strong>παρὰ</strong></span> <span class='ocrx_word' id='word_1_862' title='bbox 3226 5683 3383 5748; x_wconf 83' lang='grc' dir='ltr'><strong>Θεοῦ,</strong></span> <span class='ocrx_word' id='word_1_863' title='bbox 3441 5688 3651 5756; x_wconf 77' lang='grc' dir='ltr'><strong>ἀπῆλθε</strong></span> <span class='ocrx_word' id='word_1_864' title='bbox 3700 5692 4007 5759; x_wconf 80' lang='grc' dir='ltr'><strong>διεγκαλῶν</strong></span> 
     </span>
    </p>
   </div>
   <div class='ocr_carea' id='block_1_117' title="bbox 2435 5770 4007 5842">
    <p class='ocr_par' dir='ltr' id='par_1_117' title="bbox 2435 5770 4007 5842">
     <span class='ocr_line' id='line_1_117' title="bbox 2435 5770 4007 5842; baseline 0.012 -22"><span class='ocrx_word' id='word_1_865' title='bbox 2435 5770 2572 5837; x_wconf 66' lang='grc' dir='ltr'><strong>πρὸς</strong></span> <span class='ocrx_word' id='word_1_866' title='bbox 2607 5772 2699 5823; x_wconf 83' lang='grc' dir='ltr'><strong>τὸν</strong></span> <span class='ocrx_word' id='word_1_867' title='bbox 2741 5774 3134 5842; x_wconf 74' lang='grc' dir='ltr'><strong>χαρτοφύλακα</strong></span> <span class='ocrx_word' id='word_1_868' title='bbox 3166 5779 3309 5829; x_wconf 82' lang='grc' dir='ltr'><strong>κατά</strong></span> <span class='ocrx_word' id='word_1_869' title='bbox 3340 5779 3448 5830; x_wconf 87' lang='grc' dir='ltr'><strong>τῶν</strong></span> <span class='ocrx_word' id='word_1_870' title='bbox 3479 5781 3734 5836; x_wconf 85' lang='grc' dir='ltr'><strong>τοιούτων</strong></span> <span class='ocrx_word' id='word_1_871' title='bbox 3768 5786 4007 5839; x_wconf 79' lang='grc' dir='ltr'><strong>ἐποίκων</strong></span> 
     </span>
    </p>
   </div>
   <div class='ocr_carea' id='block_1_118' title="bbox 2435 5863 4006 5942">
    <p class='ocr_par' dir='ltr' id='par_1_118' title="bbox 2435 5863 4006 5942">
     <span class='ocr_line' id='line_1_118' title="bbox 2435 5863 4006 5942; baseline 0.024 -36"><span class='ocrx_word' id='word_1_872' title='bbox 2435 5863 2531 5930; x_wconf 68' lang='grc' dir='ltr'><strong>τῆς</strong></span> <span class='ocrx_word' id='word_1_873' title='bbox 2572 5864 2798 5929; x_wconf 66' lang='grc' dir='ltr'><strong>πόλεως,</strong></span> <span class='ocrx_word' id='word_1_874' title='bbox 2834 5866 2919 5917; x_wconf 76' lang='grc' dir='ltr'><strong>ὅτε</strong></span> <span class='ocrx_word' id='word_1_875' title='bbox 2957 5869 3044 5918; x_wconf 68' lang='grc' dir='ltr'><strong>καὶ</strong></span> <span class='ocrx_word' id='word_1_876' title='bbox 3085 5871 3312 5932; x_wconf 51' lang='lat' dir='ltr'><strong>sin/22:1,</strong></span> <span class='ocrx_word' id='word_1_877' title='bbox 3371 5872 3444 5935; x_wconf 75' lang='grc' dir='ltr'><strong>ὡς</strong></span> <span class='ocrx_word' id='word_1_878' title='bbox 3477 5874 3593 5926; x_wconf 78' lang='grc' dir='ltr'><strong>οὑδέ</strong></span> <span class='ocrx_word' id='word_1_879' title='bbox 3627 5876 3784 5929; x_wconf 73' lang='grc' dir='ltr'><strong>τοῦτο</strong></span> <span class='ocrx_word' id='word_1_880' title='bbox 3825 5880 4006 5942; x_wconf 81' lang='grc' dir='ltr'><strong>καλῶς</strong></span> 
     </span>
    </p>
   </div>
  </div>
