4444 6452
776 4798 790 4869 1

852 419 994 488 1223

1837 418 2042 482 ῘΟΛΝ.
2079 415 2384 476 (ἸΑῙΕΕᾹΞ
2425 415 2538 473 CP.
2581 411 3085 474 PATRIARCHB

3960 408 4096 474 1224

858 539 980 607 ρίας
1008 536 1410 593 καὶάσωτείλς.
1453 534 1638 587 Ταῦτα
1673 533 1766 586 καὶ
1821 535 1958 602 μετὰ
1990 531 2230 584 τοιούτου
2293 547 2420 582 σκο-
2453 537 2493 590 Α
2526 530 2690 598 τέρας
2747 529 2839 580 καὶ
2901 528 3186 596 συνηδικῆς
3249 527 3594 595 διαγνώσεως
3652 526 3971 594 ἐφίστανται
4025 527 4094 594 τῇ

854 629 958 679 ποῦ
991 627 1250 678 καὶκατὰ
1285 625 1375 675 τὸν
1408 623 1649 674 τοιοῦτον
1675 623 1799 674 νοῦν
1837 621 1990 674 εἷπον
2051 621 2149 674 καὶ
2181 622 2422 688 ἐλάλησα

851 719 988 783 πρὸς
1015 716 1107 766 τὸν
1139 715 1375 775 Χιόνιον,
1400 714 1526 766 ὅσον
1557 711 1734 765 εἷπον·
1763 712 1994 764 ἐνώπιον
2037 712 2094 764 δὲ
2158 710 2254 763 τοῦ
2285 709 2422 762 Θεοῦ

848 807 977 858 οὔτε
1016 804 1145 872 παρ’
1176 802 1344 856 αὑτοῦ
1397 802 1496 854 τοῦ
1548 801 1830 854 σακελὶέου
1887 801 1956 854 δι’
2001 801 2240 870 ἐμαυτοῦ
2269 803 2302 869 ἢ
2357 799 2423 852 δι’

851 899 1040 963 ἑτερου
1065 894 1208 956 τινὸς
1234 894 1266 963 ἦ
1293 895 1499 961 ῆκουσα
1521 893 1553 959 ἦ
1580 893 1877 945 κατέλαϐον
1925 893 2192 961 τρέφοντα
2245 891 2422 958 δόγμα

861 985 1175 1054 ἐτερόδοξον
1203 984 1304 1050 τῆς
1335 983 1631 1048 καθολικῆς
1668 981 2017 1051 Ἑκκλησίας,
2051 982 2186 1033 ἀλλά
2224 981 2424 1043 μάλλον

850 1080 1108 1143 γινώσκω
1145 1079 1238 1129 καὶ
1274 1077 1466 1128 τοῦτον
1491 1076 1692 1144 εὐσεϐῆ
1722 1079 1817 1128 καὶ
1841 1073 2098 1144 δμὸδοξον
2155 1075 2296 1142 μετά
2324 1074 2423 1140 τῆς

862 1168 1159 1234 καθολικῆς
1192 1167 1523 1235 Ἐκκλησίας
1576 1167 1671 1218 καὶ
1710 1166 2029 1233 ἱερωμένον,
2084 1165 2177 1216 καὶ
2228 1165 2306 1224 είς

828 1260 1018 1311 ,λωσιν
1047 1259 1237 1310 τούτου
1267 1259 1330 1309 τὸ
1363 1259 1534 1323 παρὸν
1561 1257 1834 1325 ιξεθέμην
1863 1255 2098 1324 γράμμα
2135 1255 2267 1322 μηνὶ
2296 1256 2421 1306 Ὀκ-

847 1352 1092 1420 τωϐρίῳ,
1124 1352 1343 1417 εἰκοστῇ
1377 1351 1634 1418 τετάρτη,
1677 1349 1779 1400 ίνδ.
1807 1347 2086 1416 πέμπτης.
2141 1364 2160 1397 ε
2198 1346 2419 1398 Τούτων

845 1442 944 1494 οὖν
973 1443 1120 1492 οὕτω
1156 1440 1499 1506 λαληθέντων
1550 1438 1632 1490 ἐπ’
1667 1437 1927 1505 ἀκροάσει
1982 1439 2080 1505 τῆς
2130 1436 2251 1488 καθ’
2276 1437 2421 1503 ἡμᾶς

849 1532 1003 1598 ίερᾶς
1032 1531 1124 1580 καὶ
1153 1527 1302 1588 θείας
1338 1527 1575 1588 συνόδου,
1635 1526 1744 1576 τῶν
1776 1541 1832 1575 τε
1885 1524 2268 1592 συγκλητικῶν
2320 1525 2421 1591 ἀρ-

847 1624 1056 1690 χόντων
1119 1621 1218 1671 καὶ
1277 1617 1477 1678 παντδς
1549 1615 1649 1668 τοῦ
1688 1615 2106 1683 συνειλεγμένου
2182 1614 2420 1682 πλήθους

843 1712 1091 1781 ἀκριϐῶς
1149 1706 1571 1774 ἐξετασθέντων,
1630 1705 1818 1775 ἐπειδὴ
1875 1707 1902 1758 ὁ
1936 1704 2034 1774 μὲν
2063 1703 2278 1766 Χιόνιος
2327 1705 2417 1755 ἐκο

845 1802 1067 1868 φεύγων
1094 1794 1184 1867 ἦν,
1225 1797 1298 1857 ὡς
1330 1797 1395 1848 ἂν
1427 1796 1570 1846 εἴποι
1626 1811 1730 1858 τις,
1788 1796 1856 1844 τά
1911 1793 2010 1860 τῆς
2059 1791 2415 1860 κατηγορίας,

844 1890 1219 1960 ἀπαράδεκτος
1248 1887 1345 1951 ὣν,
1383 1887 1477 1937 καὶ
1500 1886 1675 1946 ἄλλως
1708 1884 1784 1954 μὴ
1837 1885 1921 1937 ὅτι
1954 1899 2016 1950 γε
2049 1884 2128 1945 είς
2187 1898 2419 1950 κατηγο-
2453 1872 2491 1925 Β

847 1983 971 2052 ρίαν
1003 1980 1304 2049 ἀνθρώπων
1340 1978 1680 2047 ίερωμένων,
1750 1976 1869 2028 ἀλλ’
1897 1977 2018 2028 οὐδὲ
2075 1977 2154 2038 είς
2209 1991 2418 2042 μαρτυ-

853 2075 997 2144 ρίαν,
1031 2074 1125 2126 άτε
1162 2072 1225 2139 δὴ
1263 2072 1356 2122 καὶ
1390 2071 1552 2137 μόνος
1611 2070 1705 2121 καὶ
1777 2070 2003 2122 τοιαῦτα
2055 2067 2416 2137 πεφρονηκὼς

840 2163 1168 2231 διωμολόγει
1192 2178 1250 2213 τε
1286 2161 1379 2213 καὶ
1412 2159 1491 2222 ὡς
1513 2161 1578 2228 τῇ
1608 2158 1743 2228 πρὸς
1779 2160 1974 2222 αὐτοὺς
2004 2159 2174 2230 ἔχθρᾳ
2203 2161 2294 2210 καὶ
2321 2176 2417 2211 κα-

843 2256 960 2324 κίᾳ,
987 2254 1163 2314 καθὼς
1185 2252 1423 2323 εἰρηται,
1446 2251 1515 2303 τά
1542 2250 1766 2303 τοιαῦτα
1799 2251 2033 2318 ἐλάλησε
2067 2251 2188 2303 κατ’
2211 2251 2415 2316 αὐτῶν,

844 2347 1125 2399 ἀσύστατα
1159 2341 1217 2397 δέ
1253 2340 1320 2412 ἦν
1375 2342 1555 2395 ταῦτα
1589 2343 1957 2396 ἀναπόδεικτα
2011 2343 2291 2404 παντελῶς
2324 2344 2418 2395 καὶ

844 2435 1109 2495 ἀπίθανα,
1143 2427 1215 2494 ὼς
1250 2431 1341 2483 τοῦ
1375 2431 1474 2498 μὲν
1508 2432 1820 2503 Σταχύτζη,
1883 2432 2013 2502 παρ’
2045 2431 2104 2484 οῦ
2137 2435 2366 2502 ἠκηκόει
2390 2435 2416 2484 ὁ

846 2528 1081 2588 Χιόνιος,
1123 2527 1195 2586 ὠς
1227 2525 1402 2589 ἐλεγε,
1435 2527 1494 2574 τὸ
1520 2525 1661 2576 κατά
1681 2524 1776 2576 τοῦ
1831 2523 2121 2592 οἰκονόμου
2160 2525 2246 2575 ἐπ’
2277 2525 2408 2576 ἀσε-

842 2620 968 2689 ϐείᾳ
1001 2621 1094 2671 καὶ
1128 2617 1290 2670 αὑτοῦ
1323 2615 1812 2684 διαϐεϐαιουμένου
1871 2614 2293 2685 παραπλησίως,
2348 2616 2415 2667 δι’

843 2717 913 2782 ἦν
937 2714 1119 2766 αἰτίαν
1150 2712 1241 2762 καὶ
1278 2713 1426 2780 παρα
1457 2713 1554 2780 τῆς
1604 2709 1699 2761 τοῦ
1723 2708 1859 2761 Θεοῦ
1895 2708 2224 2776 Ἐκκλησίας
2281 2710 2417 2760 ἁπο-

845 2805 1144 2875 κηρυχθεὶς
1186 2806 1214 2856 ό
1259 2803 1507 2866 τοιοῦτος
1573 2802 1754 2870 φυγάς
1803 2799 1998 2871 ᾤχετο·
2066 2802 2160 2854 καὶ
2189 2801 2329 2868 ὅπερ
2359 2799 2417 2852 δέ

841 2901 1062 2970 εἴρηται
1097 2898 1238 2950 κατά
1278 2895 1373 2948 τοῦ
1402 2896 1838 2964 χαρτοφύλακος,
1863 2893 2016 2946 οὐδὲν
2055 2889 2124 2962 ἦν
2175 2892 2419 2945 τοιοῦτον

841 2986 955 3042 οἷον
1019 2988 1291 3056 ὑπόληψίν
1348 3005 1469 3039 τινα
1532 2975 1716 3040 δοῦναί
1763 2988 1883 3038 κατ’
1915 2984 2082 3038 αὑτοῦ
2144 2985 2273 3053 περὶ
2323 2982 2417 3035 τοῦ

844 3080 1034 3147 ὑγιοῦς
1064 3082 1156 3131 καὶ
1182 3078 1469 3146 ὀρθοδόξου
1502 3079 1850 3147 φρονήματος
1877 3095 1890 3108 ·
1925 3079 1987 3130 τὸ
2024 3079 2163 3129 κατά
2193 3077 2285 3129 τοῦ
2322 3093 2416 3127 σα-

843 3169 1059 3219 κελλίου
1107 3168 1161 3219 δέ
1209 3169 1300 3218 καὶ
1329 3167 1459 3218 αὐτὸ
1483 3166 1658 3228 άλλως
1687 3165 1810 3235 ἐχον
1845 3167 2086 3236 ἀνεφάνη
2109 3165 2414 3237 προδήλως,

840 3259 937 3327 ἀφ’
967 3255 1033 3329 ἧς
1071 3253 1224 3320 οὗτος
1249 3259 1315 3328 δὴ
1354 3259 1382 3309 ό
1416 3257 1703 3310 σακελλίου
1732 3261 2100 3327 προεκόμισεν
2133 3261 2414 3331 ἐγγράφου

843 3350 1156 3421 μαρτυρίας
1183 3350 1277 3402 τοῦ
1318 3349 1602 3416 ’Δγγέλου,
1659 3349 1957 3418 δεξαμένου
1999 3351 2194 3402 τούτου
2253 3354 2416 3422 χάριν

839 3448 937 3500 καὶ
977 3445 1144 3515 βάρος
1181 3444 1513 3515 ἀφορισμοῦ,
1547 3445 1667 3513 ἥτις
1699 3443 1978 3512 ἔγγραφος
2008 3447 2292 3514 μαρτυρία
2320 3450 2415 3499 καὶ

840 3538 1143 3605 ὑπογραφῇ
1176 3538 1242 3604 τῇ
1295 3532 1484 3596 αὑτοῦ,
1515 3532 1596 3584 ἐτι
1634 3532 1692 3584 δὲ
1723 3533 1814 3584 καὶ
1863 3521 2066 3585 ίκανῶν
2095 3533 2272 3588 ἀλλων
2320 3539 2415 3587 καὶ

839 3630 1178 3695 ἀξιοπίστων
1214 3633 1274 3682 τὸ
1304 3632 1745 3701 ἀπαράγραπτον
1773 3622 1888 3695 εἶχε
1927 3627 2021 3678 καὶ
2051 3627 2289 3695 βέϐαιον.
2315 3630 2413 3681 Διά

837 3723 1014 3775 ταῦτα
1044 3724 1198 3791 κοινῇ
1239 3720 1438 3792 γνώμῃ
1472 3721 1565 3773 καὶ
1584 3718 1867 3787 διασκέψει
1911 3718 2107 3786 διέγνω
2141 3721 2234 3770 καὶ
2283 3721 2417 3770 ἀπε-

837 3817 1049 3884 φήνατο
1085 3815 1118 3883 ὴ
1152 3815 1452 3883 μετριότης
1503 3812 1666 3882 ἡμῶν
1703 3812 1844 3879 μετά
1898 3809 2010 3864 τῶν
2057 3812 2184 3881 περὶ
2239 3812 2414 3881 αὐτὴν

838 3909 1155 3979 ἱερωτάτων
1182 3907 1505 3977 ἀρχιερέων,
1541 3904 1638 3958 τοῦ
1683 3901 1934 3972 Ἐφέσου,
1985 3905 2081 3956 τοῦ
2147 3904 2411 3968 Κυζίκου,

832 4002 932 4054 τοῦ
965 4001 1236 4070 Σάρδεων,
1301 4000 1395 4053 τοῦ
1453 3999 1722 4062 Πισιδίας,
1784 3998 1877 4050 τοῦ
1925 3998 2272 4068 Δυρραχίου,
2319 3996 2413 4050 τοῦ

845 4092 1216 4163 ’Λμάστριδος
1240 4092 1334 4144 καὶ
1372 4090 1466 4143 τοῦ
1496 4090 1828 4162 Μηθύμνης,
1853 4088 2065 4152 ἀθώους
2086 4086 2231 4141 εἶναι
2291 4089 2412 4140 τού-

831 4202 961 4247 τους
1018 4186 1082 4254 δὴ
1134 4185 1264 4247 τοὺς
1310 4183 1707 4252 διαληφθέντας
1763 4183 2257 4252 ἐκκλησιαστικοὺς
2317 4184 2412 4234 καὶ

831 4280 1145 4348 ἁνωτέρους
1177 4279 1277 4347 τῆς
1306 4275 1566 4346 τοιαύτης
1620 4277 1982 4346 κατηγορίας,
2036 4276 2160 4346 ῆτις
2227 4278 2408 4346 μάτην

829 4373 1045 4434 τούτοις
1080 4370 1416 4440 προσετρίϐη
1455 4371 1548 4422 καὶ
1578 4371 2019 4438 συκοφαντικῶς,
2061 4369 2204 4422 καθα
2266 4369 2407 4436 μετά

829 4461 1035 4530 πολλὴν
1071 4465 1164 4515 καὶ
1194 4463 1400 4531 ἀκριϐῆ
1438 4463 1535 4525 τὴν
1553 4462 1797 4524 ἐξέτασιν
1826 4461 2235 4514 ἀποδέδεικται.
2269 4463 2408 4512 Μέλι-

2529 618 2813 686 καθ⁹ἡμάς
2847 619 2969 686 ἱερᾷ
2993 619 3089 670 καὶ
3117 618 3242 687 θείᾳ
3277 619 3482 688 συνόδῳ
3510 619 3581 671 τά
3613 618 3756 688 μέρη
3780 619 4093 687 ἀμφότερα,

2528 708 2750 776 καὶτῆς
2801 707 3120 770 ὑποθέσεως
3171 708 3396 776 ἀκριϐεῖ
3453 707 3726 777 δοθείσης,
3789 706 3868 770 ὥς
3902 708 4093 776 ἐχρῆν,

2525 799 2787 864 ἐξετάσει,
2827 798 3062 866 γράμμα
3096 791 3242 850 οῦτοι
3275 798 3340 866 δὴ
3362 799 3410 849 οἰ
3441 798 3535 849 τοῦ
3582 798 3787 865 μέρους
3844 795 3939 849 τοῦ
3979 812 4085 863 μο-

2526 889 2748 956 νυδρίου
2811 889 3208 958 προκομίζουσι
3265 889 3664 958 πατριαρχικὸν
3725 889 3820 939 καὶ
3892 887 4096 939 σεπτὸν

2525 982 2877 1048 πρόσταγμα,
2922 977 3191 1047 προϐῆναι
3221 977 3469 1044 λέγοντες
3491 977 3664 1030 ταῦτα
3701 976 3761 1040 ἐξ
3810 978 4092 1043 ἀναφορὲς

2523 1070 2632 1120 τῶν
2678 1069 2959 1136 προγόνων
3011 1067 3192 1120 αὐτῶν
3245 1067 3725 1135 δυναστευομένων
3784 1069 3939 1133 παρά
3996 1065 4094 1118 τοῦ

2523 1160 2823 1228 τηνικαῦτα
2862 1161 3188 1223 ἐπισκόπου,
3222 1162 3315 1211 καὶ
3355 1159 3477 1211 ἐπεὶ
3526 1157 3854 1227 διελάμϐανε
3894 1157 4092 1220 ταῦτα,

2522 1250 2881 1317 ἐξετασθῆναι
2920 1250 3020 1317 τὴν
3076 1249 3341 1300 ὑπόθεσιν
3393 1249 3662 1312 τοπικῶς,
3720 1249 3958 1318 γράμμα
3991 1249 4094 1316 μὶν

2520 1342 2675 1393 οὐδὲν
2719 1337 2862 1406 εἰχον
2924 1338 3230 1402 ἐξετάσεως
3289 1340 3610 1408 ἐμφανίσαι,
3665 1341 3982 1408 προέτειναν
4034 1341 4093 1391 δέ

2527 1431 2839 1500 μαρτυρίας
2873 1430 3184 1498 ἐγγράφους
3216 1429 3326 1480 τῶν
3355 1430 3598 1481 τοπικῶν
3633 1431 4084 1499 μαρτυρούντων,

2522 1527 2617 1578 καὶ
2647 1525 2923 1592 γονικόθεν
2950 1527 3131 1588 αὖτοίς
3159 1524 3317 1576 τοῦτο
3345 1525 3407 1592 δὴ
3436 1525 3496 1576 τὸ
3522 1524 3810 1592 μονόδριυν
3843 1525 4090 1591 ἀνήκειν,

2520 1618 2618 1670 καὶ
2667 1617 2817 1683 παρὰ
2859 1616 2952 1667 τοῦ
2985 1617 3180 1686 μέρους
3211 1615 3388 1668 αὐτῶν
3414 1617 3507 1666 καὶ
3533 1615 3803 1684 πρότερον
3835 1615 3929 1666 καὶ
3952 1615 4094 1683 μετά

2522 1709 2590 1760 τά
2652 1709 2924 1776 εἰρημένα
2980 1706 3330 1773 δικαιώματα
3384 1706 3732 1774 κατέχεσθαι.
3795 1704 3853 1758 ’0
3904 1705 4093 1774 μέντοι

2520 1797 2933 1866 θεοφιλέστατος
2992 1798 3287 1858 ἐπίσκοπος
3338 1799 3667 1866 ἀντεπῆγεν,
3734 1796 3807 1860 ὡς
3871 1795 4093 1862 ἐξεδόθη

2523 1887 2735 1956 φθάσαν
2766 1890 2842 1950 είς
2866 1889 3158 1956 πρόσωπον
3192 1889 3380 1960 ἕτερον
3436 1889 3586 1960 παρά
3615 1887 3710 1940 τοῦ
3742 1887 3848 1956 πρὸ
3923 1887 4091 1938 αὐτοῦ

2521 1980 2844 2045 ἐπισκόπου,
2871 1980 3172 2048 προτείνων
3197 1980 3376 2032 δὲκαὶ
3431 1979 3500 2032 τὰ
3561 1979 3756 2048 ἐκείνῳ
3806 1976 4091 2045 προϐάντα

2521 2071 2862 2141 δικαιώματα
2884 2072 2977 2124 ἐπὶ
3005 2074 3070 2142 τῇ
3095 2072 3302 2124 ἐκδόσει
3336 2071 3433 2124 τοῦ
3469 2070 3783 2140 μονυδρίου,
3829 2069 4094 2138 ἐπειρᾶτο

2519 2164 2612 2216 τόν
2637 2163 2841 2233 τρόπον
2871 2162 3062 2216 τοῦτον
3107 2164 3408 2232 ἀμετόχους
3461 2161 3627 2217 αὑτοῦ
3683 2163 3906 2227 τούτους
3971 2163 4088 2214 δει-

2521 2253 2725 2316 κνύειν,
2761 2255 2827 2323 ἢν
2868 2253 3002 2322 δῆτα
3027 2252 3241 2306 ἔκδοσιν
3276 2253 3370 2305 καὶ
3390 2253 3560 2323 αὐτὴν
3595 2255 3748 2324 παρά
3778 2254 3870 2306 τὸν
3903 2253 4091 2305 εἰκότα

2522 2349 2616 2401 καὶ
2651 2347 2859 2400 δίκαιον
2886 2346 3044 2419 λόγον
3073 2345 3220 2398 οὗτοι
3251 2346 3506 2414 γενέσθαι
3534 2347 3877 2399 διετείνοντο·
3908 2345 4094 2412 ἔλεγον

2520 2439 2574 2492 δὲ
2600 2439 2715 2509 ἆμα
2748 2441 2841 2490 καὶ
2871 2440 2946 2497 ὡς
2974 2439 3114 2492 κατά
3153 2440 3353 2492 σκοπὸν
3379 2438 3560 2491 λαϐὼν
3583 2437 3716 2490 αὐτὸ
3743 2437 3837 2490 τοῦ
3867 2437 4093 2505 βελτιῶ-

2521 2544 2634 2592 σαι,
2664 2527 2976 2580 τούναντίον
3010 2528 3156 2581 άπαν
3184 2527 3326 2597 ἔφθη
3379 2528 3719 2597 πεποιηκὼς,
3766 2527 3832 2580 δι’
3855 2527 3920 2588 ἀς
3953 2528 4094 2596 δῆτα

2520 2620 2700 2682 αἰτίας
2726 2619 2820 2672 καὶ
2843 2615 3109 2688 ἐξεϐλήθη
3129 2619 3233 2694 τῆς,
3257 2618 3420 2672 αὐτοῦ
3453 2620 3710 2688 κατοχῆς,
3739 2617 3824 2688 ἐφ’
3857 2613 3934 2679 οἷς
3955 2619 4088 2670 οὐκ·

2523 2713 2603 2763 ἐτι
2660 2711 2935 2764 ἀντειπεῖν
2966 2706 3112 2780 εἶχεν
3141 2712 3170 2762 ό
3198 2710 3519 2773 ἐπίσκοπος,
3555 2710 3675 2761 οὐδέ
3720 2726 3774 2762 τι
3808 2708 3973 2762 πλέον
4002 2709 4086 2770 εἰς

2518 2802 2726 2854 οἰκείαν
2756 2801 3130 2870 προϐαλέσθαι
3159 2801 3469 2855 δικαίωσιν·
3504 2801 3662 2854 ἐνθεν
3687 2818 3770 2854 τοι
3837 2802 3928 2854 καὶ
3979 2800 4089 2852 διέ-

2522 2907 2758 2956 γνωσται
2785 2894 2848 2959 τῇ
2879 2890 3038 2958 ἡμῶν
3086 2890 3406 2960 μετριότητι
3471 2893 3709 2952 καὶτοῖς
3747 2890 3874 2960 περὶ
3919 2890 4096 2958 αὐτὴν

2521 2983 2833 3050 ίερωτάτοις
2887 2982 3235 3051 ἀρχιερεῦσι,
3268 2982 3347 3053 τῷ
3404 2983 3659 3050 Ἐφέσου,
3714 2980 3793 3050 τῷ
3825 2979 4091 3045 Κυζίκου,

2521 3072 2599 3140 τῷ
2632 3073 2899 3142 Σάρδεων,
2934 3073 3012 3143 τῷ
3051 3075 3380 3144 Δυρραχίου,
3412 3074 3492 3144 τῷ
3557 3072 3949 3144 ’Λμάστριδος,
4013 3075 4094 3143 τῷ

2525 3166 2814 3233 Σουγδαίας
2840 3168 2934 3219 καὶ
2961 3166 3036 3237 τῷ
3060 3167 3390 3238 Μηθύμνης,
3424 3169 3710 3237 προσεῖναι
3749 3167 3850 3237 μὲν
3875 3167 4093 3230 τούτοις

2517 3263 2580 3314 τὸ
2617 3262 2714 3330 τῆς
2746 3263 3097 3332 γονικότητος
3132 3263 3344 3316 δίκαιον
3380 3263 3474 3316 ἐπὶ
3527 3264 3605 3334 τῷ
3647 3263 3874 3332 τοιούτῳ
3927 3279 4095 3332 μονυ-

2518 3358 2676 3424 δρίῳ,
2709 3357 2803 3412 ἅτε
2830 3359 2894 3428 δὴ
2921 3361 3065 3412 κατὰ
3094 3361 3192 3423 τὰς
3222 3361 3331 3414 τῶν
3365 3359 3614 3413 τοπικῶν
3643 3364 3952 3430 μαρτυρίας
3979 3363 4094 3422 τοῖς

2519 3450 2807 3517 προγόνοις
2851 3451 3032 3504 αὐτῶν
3059 3453 3418 3522 διαφέροντος
3449 3456 3545 3506 καὶ
3571 3456 3702 3523 παρ’
3731 3456 3981 3518 ἐκείνων,
4015 3453 4094 3516 ὡς

2518 3545 2754 3612 εεῐρηται,
2784 3545 3148 3613 κατεχομένου
3178 3548 3273 3598 καὶ
3325 3547 3611 3616 πρότερον,
3675 3547 3770 3600 καὶ
3836 3546 3970 3616 μεθὸ
4023 3549 4095 3597 τά

2519 3633 2793 3702 εἰρημένα
2845 3634 3162 3704 προέϐησαν
3206 3635 3581 3702 δικαιώματα,
3646 3638 3828 3689 πάντα
3888 3638 4095 3706 τρόπον

2519 3725 3010 3794 πραγματεύεσθαι
3037 3725 3316 3793 ὀφείλουσι
3351 3727 3421 3779 τά
3446 3727 3525 3786 εἰς
3558 3727 3657 3796 τὴν
3690 3727 3856 3781 αὑτοῦ
3890 3730 4095 3783 σύσταο

2519 3834 2602 3868 σιν
2631 3817 2724 3868 καὶ
2752 3816 3073 3886 ἐπαύξησιν,
3103 3817 3248 3887 ἔχειν
3273 3819 3329 3871 δέ
3361 3819 3454 3871 καὶ⁸
3483 3819 3574 3871 τὸν
3607 3819 3906 3873 ἐπίσκοπον
3934 3823 4002 3874 τὰ
4035 3823 4095 3886 ἐξ

2517 3907 2680 3959 αὑτοῦ
2703 3910 2877 3978 τούτῳ
2905 3909 3176 3977 ἀνήκοντα
3211 3912 3476 3962 κανονικά
3505 3911 3716 3974 δίκαια,
3775 3913 4092 3981 φροντίζειν

2515 4001 2822 4067 ὀφείλοντος
2857 4002 2949 4052 καὶ
2975 4000 3140 4052 αὑτοῦ
3178 3990 3270 4053 καὶ
3295 4004 3682 4072 προσηκόντως
3707 4006 4094 4071 ἐπιμελεῖσθαι

2516 4093 2613 4158 τῆς
2645 4094 2739 4144 ἐπὶ
2778 4094 2838 4142 τὸ
2875 4095 3125 4161 κρεῖττον
3187 4093 3354 4146 αὑτοῦ
3411 4095 3731 4159 ἐπιδόσεως,
3783 4096 3864 4149 διὸ
3892 4097 3956 4167 δὴ
4001 4103 4096 4152 καὶ

2516 4183 2730 4235 ἔσονται
2758 4183 2850 4234 τοῦ
2893 4184 3083 4236 λοιποῦ
3110 4185 3204 4236 καὶ
3239 4184 3524 4254 ἀμφότερα
3555 4185 3622 4238 τά
3653 4187 3799 4256 μέρη
3838 4189 4092 4257 μένοντα,

2515 4277 2596 4335 είς
2648 4276 2773 4326 ὅσον
2829 4273 3141 4344 διεγνώσθη
3197 4277 3517 4339 συνοδικῶς,
3571 4278 3664 4329 καὶ
3699 4280 4096 4350 ἀνενοχλησὶαν

2516 4367 2650 4434 πρὸς
2681 4365 2886 4435 ἄλληλα
2915 4367 3122 4430 ἕξουσι,
3165 4368 3291 4436 μήθ’
3325 4369 3515 4438 ἐτέρου
3543 4371 3771 4438 τούτων,
3825 4375 3959 4444 μήτε
3994 4377 4092 4428 τοῦ

2514 4459 2817 4510 ἐπισκόπου
2840 4459 2994 4511 τοῦδε
3021 4460 3054 4528 ἡ
3081 4475 3228 4522 τινος
3285 4461 3397 4513 τῶν
3436 4461 3555 4530 μετ’
3575 4463 3763 4528 αὑτὸν,
3800 4467 3937 4533 μήτε
3980 4469 4093 4520 τῶν

827 4571 914 4606 τοι
947 4571 1010 4622 γε
1043 4556 1135 4606 καὶ
1185 4556 1428 4623 μετιέναι
1490 4554 1775 4621 ὀφείλουσι
1824 4553 1892 4606 τὰ
1957 4534 2057 4622 τῆς
2112 4551 2411 4622 ἱερωσύνης
2445 4551 2487 4606 D
2517 4552 2624 4604 ἀπό
2650 4551 2743 4604 τοῦ
2776 4551 2978 4620 μέρους
3006 4551 3199 4604 τούτου
3233 4552 3298 4623 δὴ
3331 4552 3423 4605 τοῦ
3461 4555 3754 4625 μονυδρίου
3780 4557 4090 4625 ὀφείλοντος

822 4649 1032 4701 αὐτῶν.
1072 4687 1086 4700 .
1123 4685 1138 4700 .
1168 4687 1182 4700 .
1219 4685 1234 4700 .
1263 4687 1280 4702 .
1349 4645 1501 4700 Finis
1534 4647 1698 4700 decu.

1080 4784 1142 4838 V.
1186 4782 1427 4853 Synodu:
1461 4782 1663 4836 dirimit
1699 4781 2130 4834 controversiam.

891 4922 932 4991 οξ-
951 4917 1186 4982 Διένεξις
1211 4916 1449 4982 ἀνέκυψε
1485 4913 1689 4983 μεταξὺ
1713 4910 1808 4964 τοῦ
1843 4911 2259 4977 θεοφιλεστάτου
2291 4909 2405 4959 ἐπι-

820 5017 1028 5068 σκὸπου
1068 5010 1377 5079 Ἐξαμιλίου
1418 5010 1513 5060 καὶ
1546 5007 1640 5059 τοῦ
1673 5008 1873 5074 μέρους
1901 5003 1998 5056 τοῦ
2035 5005 2215 5065 ἐκεῖσε
2245 5018 2403 5070 μονυ-

813 5109 971 5178 δρίου
1011 5104 1106 5157 τοῦ
1149 5103 1228 5166 είς
1272 5101 1446 5171 ὄνομα
1477 5101 1796 5166 τιμωμένου
1832 5096 1931 5165 τῆς
1967 5096 2275 5165 ὑπεράγνου
2307 5097 2403 5145 Δε-

816 5200 1049 5268 σποίνης
1071 5196 1165 5249 καὶ
1183 5193 1532 5265 Θεομήτορος
1554 5193 1654 5262 τῆς
1683 5191 1962 5258 Παναγίας
1992 5188 2120 5267 περὶ
2147 5185 2312 5239 αὐτοῦ
2337 5186 2404 5254 δὴ

816 5291 912 5345 τοῦ
947 5289 1261 5359 μονυδρίου,
1293 5285 1402 5338 τῶν
1443 5285 1543 5355 μέν
1572 5282 1683 5337 ἀπὸ
1703 5279 1799 5334 τοῦ
1851 5281 2050 5350 μέρους
2086 5277 2273 5342 αὐτοῦ,
2305 5276 2398 5329 τοῦ

814 5384 1218 5454 ἱερομνήμονος
1241 5379 1485 5447 δηλονότι
1503 5375 1602 5444 τῆς
1617 5372 1791 5442 αὐτῆς
1809 5371 2140 5440 Ἐκκλησίας
2161 5367 2400 5436 πρεσϐυ-

813 5475 977 5547 τέρου
1010 5472 1270 5544 Μανουὴλ
1296 5471 1388 5524 τοῦ
1435 5469 1674 5540 ’Δρτανά
1729 5467 1827 5522 καὶ
1872 5463 2230 5534 ἀναγνώστου
2285 5460 2393 5513 Μιο

2516 4644 2766 4697 ἐκδοῦναί
2799 4660 2932 4695 ποτε
2981 4645 3113 4697 αὐτὸ
3142 4648 3221 4707 εἰς
3259 4647 3530 4715 μετόχιον,
3581 4650 3679 4700 καὶ
3726 4649 3823 4718 τῆς
3859 4651 4090 4718 Ἐκκλη.

2517 4739 2637 4795 σίας
2666 4733 2923 4786 ἐντεῦθεν
2952 4735 3319 4800 ἀποξενῶσαι·
3381 4737 3461 4806 τῷ
3492 4743 3601 4808 γὰρ
3632 4741 4090 4813 πειραθησομένῳ

2514 4827 2851 4895 ποιήσασθαι
2893 4827 3056 4878 τοῦτο
3089 4828 3367 4897 ἐπιτίμιον
3417 4829 3697 4882 συνοδικὸν
3741 4831 4083 4892 ἐπανατεινό-

2515 4919 2681 4988 μεθα.
2730 4920 2857 4972 Ἐπὶ
2885 4919 3064 4989 τούτῳ
3093 4922 3204 4989 γὰρ
3233 4923 3328 4973 καὶ
3357 4923 3389 4988 ἡ
3423 4921 3673 4991 παροῦσα
3699 4924 3946 4994 ἡμετέρα
3992 4927 4090 4978 καὶ

2516 5007 2770 5079 συκοδικὴ
2823 5009 3102 5081 ἔγγραφος
3160 5011 3454 5078 διάγνωσις
3509 5013 3604 5066 καὶ
3668 5014 3946 5082 ἀπόφασις
4006 5021 4086 5080 εἰς

2513 5101 2815 5169 ἀσφάλειαν
2855 5102 3166 5157 ἐπιδέδοται
3193 5105 3328 5174 μηνὶ
3360 5103 3719 5175 Φεϐρουαρίῳ
3761 5107 3858 5160 ινδ.
3894 5107 4084 5179 ἐκτης.

2513 5253 2603 5308 Vl.
2643 5253 2902 5309 Tribunal
2956 5256 3117 5310 ecdici
3165 5256 3330 5328 afﬁcit”
3367 5274 3518 5328 poma
3565 5259 3916 5316 ecclesiastica
3961 5263 4094 5318 Tu—

3005 5336 3235 5381 remum
3293 5327 3593 5399 Georgium.

2582 5459 2619 5530 1-
2653 5459 2755 5512 Τὸν
2777 5461 3122 5531 τζερέντζην
3147 5461 3425 5534 Γεὼργιον
3449 5464 3540 5517 ἐπὶ
3567 5467 3826 5535 μαγείαις
3848 5471 3943 5522 καὶ
3989 5472 4091 5526 ἀλ-

811 5570 954 5643 χαὴλ
973 5567 1068 5621 τοῦ
1091 5565 1486 5638 Κρυονερίτου,
1517 5560 1989 5630 ἀντιποιουμένων
2023 5555 2117 5609 τοῦ
2151 5553 2399 5606 τοιούτου
2509 5551 2629 5612 λαις
2650 5552 3083 5622 ἀρῤητουργίαις
3127 5555 3480 5626 κρατηθέντα
3515 5559 3610 5612 καὶ
3658 5558 3916 5623 ἀσεϐείας
3949 5561 4091 5632 ιργα

815 5662 1138 5735 μονυδρίου,
1169 5660 1246 5722 ὼς
1269 5660 1377 5711 ἀπὸ
1418 5658 1769 5726 γονικότητος
1791 5654 1979 5715 αὐτοῖς
2015 5649 2395 5718 διαφέροντος,

814 5755 911 5810 τοῦ
955 5753 1257 5807 ἐπισκόπου
1299 5751 1353 5802 δέ
1396 5749 1849 5819 ἀντιποιουμένου
1900 5744 1996 5798 καὶ
2032 5742 2107 5811 μὴ
2138 5757 2397 5810 παραχω-

819 5850 1046 5922 ροῦντος
1075 5845 1270 5899 τούτου
1306 5845 1510 5907 αὐτοῖς·
1552 5845 1754 5912 δεῆσαν
1788 5841 1968 5893 τοίνυν
2004 5835 2216 5897 τούτοις
2259 5836 2396 5903 ἠμε-

2505 5643 2965 5713 διαπραξάμενον,
2997 5645 3073 5708 ὡς
3099 5648 3196 5699 καὶ
3222 5647 3460 5718 γράφειν
3495 5649 3554 5701 τὸ
3596 5649 3690 5702 τοῦ
3719 5651 3959 5723 Χριστοῦ
3989 5655 4088 5706 τοῦ

2510 5736 2766 5808 ἀληθινοῦ
2797 5737 2933 5791 Θεοῦ
2988 5739 3252 5808 μέγιστον
3289 5743 3390 5796 καὶ
3451 5743 3728 5796 θειότατον
3778 5745 3949 5813 δνομα
3991 5749 4090 5799 καὶ

2510 5829 2790 5884 σϐεννύειν
2809 5833 2900 5884 καὶ
2937 5833 3125 5885 πατεῖν
3164 5830 3242 5904 τῷ
3271 5833 3484 5902 μέλανι,
3526 5836 3642 5904 άμα
3689 5837 3743 5891 δέ
3773 5838 3866 5890 καὶ
3916 5832 4129 5907 χαρα-’
