4444 6452
367 442 506 506 1225

1418 438 1812 499 SYNODIC‘E
1851 438 2545 500 CONSTITUTIONES.

3485 433 3621 498 1226

361 553 570 625 κτῆρας
606 555 700 606 καὶ
729 552 1043 620 ἐπικλήσεις
1077 551 1349 618 δαιμόνων
1379 550 1693 603 ἐκτίθεσθαι
1717 552 1813 602 καὶ
1846 549 1936 602 διὰ
1971 558 2016 613 Α
2054 565 2217 617 τοχον
2256 549 2367 601 ἀπὸ
2398 551 2504 602 τῶν
2535 549 2792 602 τοιούτων
2822 548 3096 618 ἀθεμίτων
3139 547 3233 599 καὶ
3285 545 3501 598 ἀτόπων
3531 547 3623 614 ἐρ-

360 647 537 700 ταῦτα
573 643 774 706 ἱκανῶς
803 643 1212 712 τιμωρηθέντα,
1244 640 1435 694 ἔπειτα
1460 639 1519 693 δέ
1546 641 1640 692 καὶ⁵
1666 641 1742 703 είς
1765 640 1826 692 τὸ
1861 642 1936 691 ίε-

367 736 460 805 ρδν
488 736 760 790 ἐκδικειον
791 734 1278 803 παραπεμφθέντα
1309 733 1412 784 ἐπὶ
1444 731 1526 800 τῷ
1554 730 1742 785 λαϐεῖν
1769 731 1935 800 θερα-

363 825 528 877 πείαν
560 826 655 877 καὶ
676 822 1225 892 ἐξομολογησάμενον
1278 821 1376 873 καὶ
1408 820 1935 888 ἀποθεραπευθῆναι

364 914 532 966 αὑτοῦ
563 916 631 967 τά
657 913 756 966 τοῦ
791 914 1109 981 σφάλματος
1165 912 1445 981 δεηθέντα,
1483 909 1746 979 τάττομεν
1776 911 1936 962 αὑτὸν

363 1005 619 1060 ἵστασθαι
649 1005 754 1070 ἐξω
784 1004 886 1073 τῆς
928 1004 1266 1072 Ἐκκλησίας
1291 1001 1604 1072 ψαλλούσης
1654 1002 1751 1054 καὶ
1799 1017 1929 1069 συγ-

364 1096 611 1166 χώρησιν
631 1096 929 1161 αἰτεῖσθαι,
967 1095 1043 1158 ὡς
1082 1095 1224 1161 ἔθος,
1279 1095 1443 1163 παρὰ,
1473 1093 1584 1146 τῶν
1614 1091 1937 1163 είσερχομέο

365 1206 472 1239 νων
503 1187 757 1240 ἁπάντων
795 1188 890 1238 καὶ
911 1185 1305 1254 ἐξερχομένων,
1345 1184 1486 1252 μετὰ
1515 1183 1572 1236 δὲ
1607 1185 1706 1251 τὴν
1735 1183 1937 1235 ἀπόλυ-

366 1296 449 1329 σιν
477 1277 821 1346 είσέρχεσθαι
852 1278 946 1329 καὶ
970 1277 1315 1343 προσκυνεῖν
1343 1275 1432 1328 καί⁵
1455 1272 1798 1337 ἀσπάζεσθαι
1839 1272 1937 1334 τὰς

364 1368 527 1433 ἁγίας
550 1369 788 1430 εἰκόνας,
819 1369 1104 1435 νηστεύειν
1133 1383 1191 1417 τε
1233 1364 1497 1427 ὁλοτελῶς
1546 1365 1799 1433 κρέατος,
1846 1379 1938 1420 τυ-

371 1459 472 1528 ροῦ
509 1498 525 1522 ,
556 1458 828 1525 γάλακτος
881 1457 976 1508 καὶ
1003 1457 1149 1517 ὠῶν,
1194 1456 1368 1506 ποιεῖν
1399 1455 1534 1523 πρὸς
1585 1454 1794 1516 τούτοις
1845 1453 1938 1530 καὶ
1969 1454 1974 1458 ’

367 1550 657 1618 μ,τανοίας
688 1548 810 1600 καθ’
849 1549 1064 1617 ἡμέραν
1091 1547 1434 1610 ἀνὰ-ἑκατὸν,
1461 1545 1628 1616 χωρὶς
1651 1545 1934 1599 Σαϐϐάτου

365 1643 457 1695 καὶ
495 1641 787 1710 Κυριακῆς
818 1641 913 1692 καὶ
954 1641 1064 1692 τῶν
1105 1639 1284 1692 ἀλλων
1331 1637 1677 1691 δεσποτικῶν
1707 1637 1936 1705 ἑορτῶν,

363 1734 485 1787 τότε
524 1734 581 1786 δὲ
610 1733 791 1799 λέγειν
844 1733 921 1791 είς
981 1730 1288 1799 διπλασμδν
1339 1729 1546 1781 τούτων
1595 1729 1677 1791 τδ,
1733 1729 1933 1796 Κύριε,

358 1825 651 1892 ἐλέησον,
677 1823 814 1892 μετὰ
848 1819 1194 1884 κατανύξεως
1216 1821 1310 1872 καὶ
1342 1819 1641 1889 συντριϐῆς
1677 1819 1778 1889 τῆς
1840 1820 1937 1873 αὑ-

363 1916 458 1967 τοῦ
494 1916 746 1984 καρδίας,
817 1913 900 1966 ἐτι
928 1913 986 1965 δὲ
1047 1911 1375 1974 σπουδάζειν
1416 1913 1713 1983 σωφρόνως
1766 1911 1940 1982 βιοῦν,
1969 1899 2017 1958 Β

361 2008 459 2062 καὶ
511 2008 674 2077 είπερ
716 2007 779 2059 οὑ
834 2006 1062 2058 δύναται
1124 2004 1585 2073 ἐγκρατεύεσθαι,
1637 2003 1960 2072 ἀγαγέσθαι;

361 2099 558 2153 ἐαυτοῦ
595 2099 693 2151 καὶ
716 2101 958 2166 γυναῖκα
982 2096 1222 2167 νόμιμον·
1244 2096 1455 2166 εἰδήσει
1484 2097 1577 2149 καὶ
1622 2097 1722 2164 τῆς
1773 2097 1938 2165 ἁγίας

375 2191 702 2262 Ἐκκλησίας
733 2190 828 2243 τοῦ
854 2189 1012 2242 Θεοῦ’
1066 2191 1242 2243 ποιεῖν
1267 2188 1329 2242 δέ
1368 2189 1464 2243 καὶ
1527 2190 1936 2260 ἐλεημοσύνην,

361 2283 544 2345 καθὼς
590 2280 742 2351 αὑτῷ
795 2281 1086 2350 δυνάμεως
1137 2282 1235 2334 καὶ
1316 2279 1580 2352 εὐπορίας
1657 2282 1937 2351 πρόσεστι.

362 2375 518 2428 Μετὰ
551 2374 608 2426 δὲ
639 2374 910 2443 τριετίαν,
939 2373 1101 2442 εῖπερ
1147 2371 1447 2439 ἀναφανείη
1488 2369 1791 2440 προθύμως
1850 2373 1943 2424 ἐκ·

359 2462 629 2515 δουλεύων
674 2463 768 2514 καὶ
836 2462 1139 2531 ἐκπληρῶν
1199 2462 1269 2513 τά
1301 2459 1530 2514 δοθέντα
1565 2461 1719 2530 αὑτῷ
1773 2461 1944 2515 ταῦτα

363 2555 640 2622 ἐπιτίμια,
671 2554 1166 2623 οίκονομηθήσεται
1202 2553 1323 2605 τότε
1355 2553 1426 2606 τά
1460 2552 1583 2606 κατ’
1619 2553 1787 2607 αὑτὸν
1850 2555 1942 2607 καὶ

366 2646 506 2715 μετά
535 2646 779 2708 πλείονος
809 2644 1304 2727 συγκαταϐάσεως,
1339 2644 1414 2708 ῶς
1440 2643 1509 2697 ἂν
1555 2643 1682 2717 δόξῃ
1706 2647 1774 2716 τῇ
1810 2643 1938 2699 Ἐκ·
1971 2655 1977 2663 “

367 2735 567 2805 κλησίᾳ
596 2735 734 2789 Θεοῦ
765 2737 1071 2808 προσῆκον.
1133 2736 1245 2804 Τῆς
1275 2735 1464 2804 μέντοι
1500 2736 1661 2804 ἁγίας
1693 2736 1934 2806 μεταλη·

365 2828 515 2898 ψεως
549 2828 647 2882 καὶ
672 2829 782 2882 τῶν
838 2828 1015 2882 ἀλλων
1063 2827 1441 2896 ἀγιασμάτων
1488 2827 1763 2898 ἀμέτοχον⁹
1800 2824 1943 2881 εἶναι

370 2919 539 2988 μέχρι
571 2918 1030 2988 συμπληρώσεως
1085 2921 1185 2987 τῆς
1227 2916 1392 2972 αὑτοῦ
1429 2917 1638 2986 βιοτῆς.
1700 2920 1763 2972 Εί
1795 2920 1852 2973 δέ
1879 2936 1941 2988 γε

369 3010 530 3073 νόσος
559 3010 708 3080 αὑτῷ
743 3010 1109 3080 ἐπισυμϐαίη,
1161 3010 1394 3063 θάνατον
1431 3009 1757 3074 ἀπειλοῦσα,
1811 3011 1945 3075 ἐξεῖ-

365 3118 454 3152 ναι
490 3101 638 3170 αὑτῷ
665 3101 776 3154 τῶν
807 3102 1093 3169 ἀχράντων
1120 3100 1438 3171 μυστηρίων
1474 3102 1940 3172 μεταλαμϐάνειν·

366 3193 620 3263 ραῑσαντι
675 3192 732 3244 δέ
771 3192 870 3262 τῆς
901 3192 1060 3245 νόσου
1122 3194 1217 3244 καὶ
1241 3195 1322 3254 είς
1372 3193 1560 3259 ὑγείαν
1596 3195 1944 3248 ἐπανελθόντι

364 3280 460 3332 τοῦ
496 3280 661 3333 αὑτοῦ
687 3281 913 3344 κανόνος
943 3280 1167 3349 ἔχεσθαι
1205 3283 1371 3353 μέχρι
1396 3283 1497 3351 τῆς
1533 3283 1700 3336 αὑτοῦ
1758 3284 1943 3336 τελευ-

363 3373 482 3439 τῆς,
507 3370 580 3431 ὡς
618 3371 855 3440 εἴρηται.
900 3371 1028 3425 Ἐπὶ
1051 3372 1270 3434 τούτοις
1299 3372 1357 3426 δὲ
1390 3373 1598 3439 ὀφείλει
1650 3375 1708 3427 ἐν
1742 3375 1932 3444 μνήμῃ

364 3463 512 3531 ἔχειν
552 3464 646 3514 καὶ
677 3465 973 3529 φυλάττειν
1003 3464 1447 3534 άπαράθραυστα
1480 3466 1578 3517 καὶ¹
1610 3465 1942 3534 άμετάθετα,

363 3556 464 3607 δσα
507 3555 898 3625 δι’.ἐγγράφου
934 3555 1102 3608 αὑτοῦ
1130 3556 1422 3625 ὑπέσχετο,
1458 3559 1552 3610 και
1591 3559 1690 3610 ὅσα
1718 3557 1768 3609 οί
1805 3558 1944 3626 ὑπὲρ

363 3645 531 3698 αὑτοῦ
557 3648 759 3714 ἐγγύας
812 3646 1109 3709 δεδωκότες
1159 3647 1415 3714 φυλάξειν
1469 3647 1632 3699 αὑτὸν
1680 3648 1943 3716 διωμολό·

364 3753 545 3804 γησαν
603 3738 696 3789 καὶ
730 3737 1193 3805 ἐξησφαλίσαντο.
1259 3737 1386 3789 Ἐπὶ
1435 3737 1634 3790 τούτου
1685 3740 1794 3807 γὰρ
1847 3743 1943 3793 καὶ

363 3825 696 3879 ἀπολέλυται
726 3827 876 3896 αὑτῷ
909 3828 1091 3880 καὶτὸ
1127 3825 1305 3897 παρὸν
1335 3827 1602 3895 σιγίλλιον
1662 3830 1759 3882 τοῦ
1794 3831 1942 3901 ίεροῦ

363 3918 638 3972 ἐκδικείου
665 3920 760 3989 τῆς
795 3919 1109 3991 ἁγιωτάτης
1136 3922 1396 3992 Μεγάλης
1427 3923 1521 3976 τοῦ
1556 3923 1689 3977 Θεοῦ
1713 3925 1945 3996 Ἐκκλη-

367 4011 486 4073 σία,
513 4010 571 4063 δι’
612 4012 916 4078 ἀσφάλειαν
949 4015 1078 4084 μηνὶ
1103 4013 1398 4085 Νοεμϐρίῳ
1427 4016 1528 4070 ίνδ.
1561 4017 1817 4087 ἑϐδόμης.

367 4141 480 4197 νιι.
515 4143 748 4199 Joannes
777 4148 969 4200 iterum
1003 4147 1248 4202 admonet
1282 4148 1613 4205 Tzeremzcm
1637 4151 1939 4223 Georgium.

438 4279 477 4349 ἰ-
523 4279 742 4352 Ἐπειδὴ
780 4284 808 4335 ό
840 4283 1186 4354 Τζερέντζης
1226 4285 1502 4356 Γεὼργιος
1538 4289 1615 4351 είς
1649 4289 1943 4359 ἀθεμίτους

365 4372 461 4423 καὶ
513 4373 749 4436 ἀτόπους
795 4375 1028 4444 πράξεις
1084 4377 1415 4448 Ἐκκλησίας
1479 4381 1576 4432 καὶ
1642 4384 1942 4446 συνοδικῶς

363 4465 726 4533 ἀπελεγχθεὶς
758 4467 844 4519 ἐπ’
875 4470 1088 4532 αὑταῖς,
1111 4470 1392 4540 ἐκρατήθη
1428 4472 1622 4526 ἔπειτα
1667 4476 1747 4536 είς
1773 4476 1943 4543 φυλα-

365 4555 470 4625 κὴν
502 4556 590 4610 διά
615 4557 674 4609 τὸ
712 4557 792 4610 ὅτι
824 4559 1048 4612 ἐπέθετο
1080 4562 1176 4612 καὶ
1207 4564 1376 4630 φυγῇ,
1409 4563 1718 4633 ἀνήνεγκαν
1767 4567 1823 4619 δὲ
1848 4571 1942 4621 καὶ
1978 4592 2022 4648 D

365 4650 749 4715 παρεκάλεσαν
779 4651 908 4718 περὶ
949 4652 1114 4704 αὑτοῦ
1143 4654 1192 4704 οί
1223 4656 1367 4708 κατά
1413 4654 1566 4720 γένος
1596 4658 1747 4728 αὑτῴ
1777 4678 1940 4728 προσ-

365 4742 615 4807 ήκοντες,
649 4743 742 4794 καὶ
774 4743 1021 4814 ἀπελύθη
1048 4746 1148 4812 μὲν
1183 4739 1338 4808 οὗτος
1380 4748 1482 4817 τῆς
1535 4751 1785 4820 φυλακῆς
1829 4756 1944 4823 ὁρι-

367 4833 491 4901 σμῴ
521 4832 615 4886 τοῦ
637 4836 701 4885 ἐκ
728 4832 868 4886 Θεοῦ
905 4837 1203 4904 κρατίστου
1230 4838 1328 4891 καὶ
1356 4839 1517 4906 ἀγίου
1553 4857 1653 4909 μου
1677 4843 1945 4912 αὐτοκρά-

365 4941 540 4991 τορος,
578 4925 864 4996 ἀνηρτήθη
909 4926 966 4978 δὲ
1006 4927 1072 4980 τά
1105 4928 1416 4981 κατάὑτὸν
1471 4929 1679 4982 ἐκεῖθεν
1728 4933 1806 4993 εἰς
1845 4933 1946 5002 τὴν

363 5018 489 5070 καθ’
537 5019 684 5087 ἡμᾶς
709 5019 865 5086 ίεράν
895 5022 988 5072 καὶ
1021 5019 1176 5072 θείαν
1214 5019 1458 5085 σύνοδον,
1522 5024 1824 5077 κάντεῦθεν
1848 5027 1946 5079 καὶ

365 5111 644 5176 ἐδόθησαν
678 5109 830 5178 αὑτῷ
854 5111 993 5162 κατά
1022 5110 1123 5179 τὴν
1149 5111 1247 5180 τῆς
1297 5111 1626 5182 Ἑκκλησίας
1657 5117 1945 5186 συνήθειαν

366 5202 618 5269 ἐπιτίμια
652 5201 893 5267 ἀνάλογα
925 5203 1035 5264 τοῖς
1064 5204 1329 5266 τοιούτοις
1383 5206 1552 5258 αὑτοῦ
1603 5209 1940 5277 πταίσμασι,

368 5294 632 5346 δεδωκασι
662 5293 720 5346 δέ
750 5294 845 5347 καὶ
875 5293 1080 5361 ἐγγύας
1109 5294 1252 5365 ὑπὲρ
1282 5297 1448 5350 αὑτοῦ
1485 5299 1537 5350 οί
1564 5299 1674 5353 ἀπὸ
1721 5301 1816 5352 του
1852 5303 1943 5369 γέ-

363 5400 489 5443 νους
513 5383 676 5436 αὑτοῦ
702 5384 789 5437 διά
824 5387 1180 5454 γράμματος,
1233 5391 1377 5441 κατά
1418 5390 1585 5460 μέρος
1632 5391 1947 5462 διαλαμϐά-

364 5492 571 5540 νοντος,
611 5479 713 5530 ὅσα
743 5476 1004 5546 φυλάξειν
1051 5479 1213 5530 αὑτὸν
1271 5481 1694 5552 ὑπισχνοῦνται,
1762 5486 1947 5552 καθὼς

365 5568 625 5640 ἀπητηθη
657 5570 809 5637 παρά
843 5573 941 5639 τῆς
983 5571 1312 5640 Ἐκκλησίας
1345 5573 1506 5639 Θεοῦ,
1551 5577 1866 5634 ἀπολύουσα
1887 5584 1947 5635 τὸ

366 5663 544 5731 παρὸν
567 5662 804 5731 γράμμα
862 5665 1229 5743 ὴμετριότης
1291 5666 1449 5735 ήμῶν
1506 5672 1946 5741 παρακελεύεται

367 5755 463 5805 καὶ
484 5751 574 5805 διὰ
601 5751 792 5804 τούτου
822 5748 957 5821 πρὸς
1011 5753 1198 5818 αὑτὸν,
1244 5755 1333 5808 ἵνα
1363 5759 1676 5830 συντηρηθῇ
1722 5766 1816 5814 καὶ
1850 5782 1948 5830 φυ-

369 5840 506 5915 me}:
538 5842 733 5898 ἐαυτὶν
757 5842 852 5895 τοῦ
880 5845 1065 5896 λοιποῦ
1096 5851 1188 5898 καὶ
1221 5848 1300 5907 είς
1331 5849 1392 5900 τὸ
1447 5849 1761 5922 ἔμπροσθεν
1808 5857 1945 5924 ἁμέ-

693 5937 964 5997 Pyram.
995 5943 1110 5999 (in.
1145 5941 1329 6001 CLII;

2045 640 2283 704 γασιῶν,
2312 640 2405 692 καὶ
2429 640 2584 693 οὐδὲν
2597 629 2862 711 ’τολμήσῃ
2894 639 3209 708 παραϐῆναί
3230 656 3282 692 τι
3301 638 3400 706 τῆς
3428 638 3618 690 τοιαύ-

2043 745 2142 796 της
2186 730 2328 798 υπέρ
2352 730 2522 793 αὑτοῦ
2557 731 2906 801 ὑποσχέσεως
2941 731 3039 782 καὶ
3067 729 3295 798 ἐγγύης,
3349 729 3487 782 ἀλλά
3529 732 3624 782 καὶ

2045 818 2185 869 κατά
2224 821 2409 871 πᾶσαν
2435 837 2605 872 αυτου
2637 820 2734 888 τὴν
2763 821 2999 890 δυναμιν
3041 819 3346 888 ἐπισπεύδη
3375 822 3469 874 καὶ
3487 822 3623 872 ἐπα-

2044 908 2342 976 γωνίζηται
2376 911 2457 972 εἰς
2522 910 2620 980 τὴν
2656 911 2767 962 τῶν
2805 911 3072 963 δοθέντων
3138 909 3288 978 αὑτῷ
3324 911 3621 979 ἐπιτιμίων

2044 1000 2412 1070 ἐκπλήρωσιν·
2448 1002 2592 1054 οῦτω
2620 1003 2729 1072 γάρ
2753 1002 2944 1070 ἕψεται
3006 1001 3224 1065 πάντως
3271 1001 3420 1070 αὑτῴ
3460 1003 3555 1054 καὶ
3588 1004 3620 1070 ἡ

2044 1092 2152 1143 τῶν
2186 1093 2443 1146 τοιούτων
2505 1095 2878 1163 ἀτοπημάτων
2934 1092 3100 1146 αὑτοῦ
3150 1094 3519 1164 συγχώρησις
3572 1096 3622 1145 εί

2045 1182 2101 1234 δὲ
2132 1184 2227 1252 μὴ,
2265 1185 2313 1236 εἰ
2336 1185 2616 1257 φωραθείη
2646 1185 2889 1253 δηλονότι
2922 1185 3053 1236 ποτὲ
3085 1186 3177 1237 ἐπὶ
3205 1186 3403 1253 πράξει
3433 1187 3623 1237 τοιαύ-

2044 1277 2164 1345 τῃῆ
2198 1275 2458 1345 ἀθετήσει
2481 1294 2535 1328 τι
2563 1276 2661 1342 τῆς
2708 1277 2848 1346 ὑπὲρ
2879 1276 3047 1328 αὑτοῦ
3093 1277 3357 1343 τοιαύτης
3389 1277 3624 1345 ὑποσχέ-

2049 1382 2187 1424 σεως
2222 1366 2318 1417 καὶ
2344 1366 2572 1434 ἐγγύης,
2621 1367 2760 1434 πρὸς
2790 1367 2867 1435 τῷ
2898 1369 3161 1435 ὑποσχεῖν
3192 1365 3356 1418 αὑτὸν
3385 1364 3624 1433 εὐθύνην

2048 1458 2368 1525 σωματικὴν
2395 1457 2496 1524 τὴν
2523 1460 2938 1526 προσήκουσαν,
2977 1459 3190 1508 ἐσεῖται
3223 1457 3316 1508 καὶ
3366 1457 3621 1524 ψυχικῶς

2048 1546 2141 1597 ὑπ’
2164 1546 2476 1615 ἀφορισμὸν
2539 1546 2820 1599 συνοδικδν
2873 1547 2974 1620 τῆς
3030 1547 3190 1615 ἡμῶν
3246 1548 3621 1616 μετριότητος.

2048 1637 2251 1689 Τούτου
2291 1638 2399 1708 γάρ
2439 1637 2600 1708 χάριν
2635 1639 2731 1691 καὶ
2789 1639 2850 1689 τὸ
2911 1638 3085 1707 παρὸν
3152 1639 3320 1708 αὑτῆς
3374 1639 3622 1708 ἀπελύθη

2047 1729 2282 1798 γράμμα
2318 1730 2449 1797 μηνὶ
2475 1729 2778 1799 Νοεμϐρίῳ
2822 1729 2916 1783 ίνδ.
2954 1729 3018 1791 ζ’.

2053 1838 2183 1893 VIII.
2223 1839 2474 1913 Cyrilhg.
2520 1843 2857 1908 melropolila
2912 1842 3076 1905 Sida.
3124 1845 3406 1913 pollicetur
3459 1863 3512 1900 se
3568 1849 3622 1901 ίιι

2400 1911 2632 1965 Ecclesia
2666 1929 2764 1965 sua
2787 1929 2896 1965 esse
2934 1911 3266 1968 mansurum.

2118 2009 2155 2078 -ι-
2205 2009 2267 2061 Οί
2291 2008 2642 2077 ἐκλεγόμενοι
2677 2011 2830 2078 παρά
2860 2013 2960 2078 τῆς
2999 2010 3095 2063 τοῦ
3131 2011 3269 2063 Θεοῦ
3320 2012 3483 2080 ἁγίας
3530 2017 3624 2068 καὶ

2045 2098 2343 2180 καθολικῇς
2378 2099 2820 2169 Ἐκκλησίαςιείς
2871 2102 3165 2171 ἀρχιερέας
3216 2105 3411 2170 αὑτοῦ,
3468 2107 3521 2158 οῖ
3558 2125 3622 2160 τε

2041 2191 2193 2244 ἄλλοι
2243 2192 2339 2263 καί⁷
2369 2192 2417 2244 οί
2460 2193 2538 2253 είς
2567 2193 2957 2262 Χριστιανικὸν
2988 2195 3117 2248 λαὸν
3153 2195 3259 2249 ὑπὸ
3299 2197 3450 2261 έθνος
3491 2201 3623 2254 ἀσε-

2044 2279 2136 2344 ϐἐς
2201 2280 2458 2334 τελοῦντα
2518 2283 2882 2352 πεμπόμενοι,
2947 2287 3128 2340 ἐκεῖνο
3167 2289 3387 2353 πάντως
3435 2293 3494 2344 ἐν
3545 2293 3621 2363 νῷ

2045 2373 2300 2440 στρέφειν
2345 2373 2676 2440 ὀφείλουσιν,
2721 2376 2801 2430 δτι
2830 2375 3029 2445 δηλαδὴ
3089 2381 3445 2434 ἀποστολικδν
3478 2384 3594 2437 ἀνει

2042 2463 2288 2533 λήφεσαν
2336 2466 2543 2534 ἀγῶνα,
2573 2466 2669 2520 καὶ
2700 2467 2900 2538 δρόμον
2926 2469 3474 2543 ἐτάχθησαν¹τρέχειν
3512 2475 3621 2529 τῶν

2043 2556 2137 2608 τοῦ
2178 2556 2418 2625 Χριστοῦ
2464 2559 2677 2611 σεπτῶν
2711 2559 2971 2629 μαθητῶν
2995 2563 3088 2615 καὶ
3122 2563 3458 2629 ἀποστόλων,
3482 2566 3621 2638 πρὸς

2042 2639 2137 2704 οὓς
2192 2642 2288 2693 καὶ
2342 2642 2478 2695 ἄλλα
2512 2645 2740 2698 πλεῖστα
2769 2647 3028 2701 κινδύνων
3087 2651 3328 2720 γέμοντα
3378 2656 3618 2725 εἴρηται,

2043 2732 2140 2784 καὶ
2179 2732 2262 2784 τόο
2297 2731 2460 2787 Ἰδοὺ
2489 2734 2604 2802 ἐγὼ
2647 2735 3007 2791 ἀποστέλλω
3048 2739 3199 2808 ὑμᾶς
3253 2742 3333 2807 ὠς
3356 2746 3622 2811 πρόϐατα

2043 2823 2112 2875 ἐν
2136 2822 2304 2891 μέσῳ
2322 2825 2546 2879 λύκων.
2609 2827 2762 2880 Ἐπεὶ
2809 2830 2992 2882 τοίνυν
3025 2832 3122 2885 καί⁵
3152 2833 3317 2896 αὐτὸς
3347 2837 3617 2905 κρίμασιν

2045 2906 2127 2974 οἷς
2164 2909 2270 2966 οἶδε
2320 2913 2452 2976 Θεὸς
2486 2915 2744 2985 ἐξελέγην
2793 2919 2944 2989 παρά
2974 2922 3073 2988 τῆς
3133 2922 3294 2987 ἁγίας
3350 2925 3444 2977 τοῦ
3485 2925 3622 2978 Θεοῦ

2058 3003 2406 3073 Ἐκκλησίας,
2432 3010 2526 3061 καὶ
2555 3009 2867 3079 ἐψηφίσθην
2923 3015 3002 3074 εἰς
3033 3014 3130 3082 τὴν
3160 3017 3462 3086 ἐκκλησίαν
3522 3018 3622 3087 τὴν

2047 3094 2228 3163 Σίδην,
2269 3090 2335 3167 ῆς
2364 3096 2555 3167 ἄρχειν
2586 3099 2777 3168 ἔλαχεν
2841 3101 3028 3173 ἐθνικὴ
3079 3107 3199 3176 χεὶρ
3241 3109 3468 3176 ἀσεϐὴς,
3528 3111 3624 3162 καὶ

2050 3185 2127 3238 ἐνι
2162 3185 2389 3254 ὑποψία,
2438 3189 2511 3258 μή
2546 3206 2676 3241 ποτε
2723 3194 3127 3263 χειροτονηθεὶς
3183 3197 3337 3250 οὐδὲν
3400 3201 3626 3254 ἀπέλθω

2051 3274 2323 3346 ἐκεῖσε,ἢ
2369 3279 2462 3330 LI
2513 3279 2767 3332 ἀπελθὼν
2805 3283 3132 3354 ὑποστρέφω
3191 3288 3354 3342 πάλιν
3414 3293 3496 3353 είς
3525 3291 3626 3362 τὴν

2055 3362 2300 3431 βασιλίδα
2341 3364 2546 3435 ταύτην
2587 3369 2696 3420 τῶν
2728 3370 2934 3424 πόλεων
2978 3371 3047 3425 δι’
3075 3374 3262 3429 ἄνεσιν
3317 3379 3413 3430 καὶ
3450 3380 3626 3431 ἀπαλ-

2053 3455 2224 3525 λαγὴν
2280 3457 2389 3510 τῶν
2432 3463 2813 3529 προκειμένων
2868 3464 3170 3536 δυσχερῶν,
3211 3469 3311 3541 τὴν
3346 3472 3630 3542 παροῦσαν

2053 3548 2331 3618 ἔγγραφον
2369 3551 2666 3621 ὑπόσχεσιν
2690 3555 2954 3624 ποιοῦμαι
3013 3559 3101 3612 διὰ
3149 3560 3309 3615 τοῦτο
3360 3565 3497 3633 πρὸς
3539 3566 3631 3618 τὸν

2052 3639 2473 3706 παναγιώτατον
2501 3645 2660 3713 ὴμῶν
2683 3645 2952 3719 δεσπότην
2979 3651 3068 3703 τὸν
3117 3654 3498 3723 οίκουμενικὸν
3531 3675 3633 3710 πα-

2051 3731 2318 3801 τριάρχην
2350 3733 2444 3787 καὶ
2474 3735 2576 3804 τὴν
2609 3735 2758 3790 θείαν
2795 3741 2887 3791 καὶ
2908 3741 3064 3810 ίεράν
3098 3744 3343 3810 σύνοδον,
3371 3747 3465 3799 καὶ
3489 3748 3633 3814 λέγω

2052 3823 2147 3874 καὶ
2169 3821 2617 3890 διαϐεϐαιοῦμαι,
2640 3828 2713 3890 ὡς
2743 3830 2804 3881 οὑ
2839 3831 2917 3900 μὴ
2949 3833 3064 3902 ἐχω
3114 3834 3301 3887 ἄδειαν
3351 3839 3491 3906 μετά
3534 3841 3635 3910 τὴν

2051 3917 2427 3988 γενησομένην
2443 3919 2528 3972 ἐπ’
2559 3922 2683 3988 ἐμοὶ
2714 3927 3075 3992 χειροτονίαν,
3139 3932 3206 3998 τῇ
3239 3930 3332 3983 τοῦ
3360 3933 3501 3986 Θεοῦ
3530 3936 3633 4003 χάδ

2056 4023 2187 4074 ριτι,
2227 4014 2717 4083 προσκαρτερῆσαι
2741 4015 2980 4069 ἐνταῦθα
3011 4023 3104 4071 καὶ
3137 4021 3420 4090 πρόφασιν
3447 4025 3634 4094 εὑρεῖν

2053 4099 2180 4166 περὶ
2209 4099 2408 4167 ἀργίας
2456 4103 2551 4154 καὶ
2585 4105 2958 4160 ἀναϐαλέσθαι
2995 4111 3094 4177 τὴν
3133 4113 3466 4182 ἀποδημίαν,
3518 4116 3636 4170 ἀλλ’

2051 4190 2170 4242 οὑδὲ
2199 4193 2337 4259 μετὰ
2354 4195 2414 4244 τὸ
2437 4195 2694 4248 ἀπελθεῖν
2715 4201 2795 4259 είς
2836 4201 2936 4268 τὴν
2966 4201 3265 4271 ἐκκλησίαν
3295 4207 3523 4278 ταύτην,
3553 4214 3635 4273 είς

2050 4281 2118 4351 ἢν
2146 4284 2480 4352 ἐψηφίσθην,
2500 4284 2847 4357 ὑποστρέψαι
2874 4293 3145 4360 ἐνταῦθα,
3196 4299 3518 4351 καταλιπὼν
3533 4303 3632 4372 τὴν

2051 4375 2496 4444 ἐγχειρισθεῖσάν
2519 4395 2609 4446 μοι
2624 4378 2885 4450 ποίμνην,
2921 4384 3076 4447 ἐκτὸς
3100 4388 3347 4458 μεγάλης
3385 4393 3637 4465 ἀνάγκης

2053 4470 2144 4520 καὶ
2161 4469 2371 4536 χρείας,
2390 4470 2456 4538 ἢν
2478 4469 2653 4540 κρινεῖ
2672 4473 2763 4525 καὶ
2779 4473 2806 4526 ό
2828 4480 3245 4544 πανάγιώτατος
3267 4483 3424 4552 ἡμῶν
3443 4485 3638 4538 δεσπῦ-

2051 4575 2149 4628 της
2166 4562 2191 4611 ό
2208 4565 2581 4631 οικουμενικὸς
2601 4566 2948 4638 πατριάρχης
2965 4570 3108 4640 καὶὴ
3129 4571 3246 4625 θεία
3263 4577 3357 4628 καὶ
3375 4579 3496 4648 ἱερὰ
3518 4580 3641 4632 σύν-

2050 4651 2166 4713 οδος
2203 4651 2423 4720 εὔλογον
2465 4656 2558 4706 καὶ
2600 4656 2887 4736 ἀληθινὴν,
2905 4662 3001 4713 καὶ
3026 4663 3148 4716 τότε
3171 4665 3226 4718 δὲ
3267 4670 3642 4742 ὑπισχνοῦμαι

2052 4744 2128 4812 μὴ
2149 4746 2383 4814 ἐνοχλεῖν
2405 4748 2541 4810 ὅλως
2571 4748 2649 4818 τῷ
2681 4755 3082 4822 παναγιωτάτῳ
3109 4758 3269 4826 ἡμῶν
3299 4762 3537 4835 δεσπότῃ
3564 4767 3642 4836 τῷ
3681 4817 3684 4820 ,

2048 4839 2404 4908 οίκουμενικῷ
2429 4844 2766 4913 πατριάρχῃ,
2797 4846 2932 4915 μηδέ
2962 4852 3311 4918 κατεπείγειν
3341 4856 3435 4906 καὶ
3457 4856 3642 4925 ζητεῖν

2051 4929 2379 4999 κυϐέρνησιν
2405 4935 2501 4986 καὶ
2517 4935 2809 5003 ἐκκλησίας
2835 4938 3029 5008 ἐτέρας
3053 4946 3389 5011 ποιμανσίαν
3416 4950 3643 5000 καὶὲπι-

2054 5024 2302 5087 στασίαν,
2328 5026 2464 5082 ἀλλά
2484 5027 2697 5096 διάγειν
2727 5031 3025 5101 είρηνικῶς
3062 5039 3160 5090 καλ⁸
3179 5039 3501 5110 ἀταράχως,
3543 5041 3639 5110 μέ·

2050 5131 2171 5201 χρις
2193 5115 2259 5168 ἂν
2275 5116 2539 5187 εὔδρομον
2557 5123 2780 5188 γένηται
2800 5125 2859 5175 τὸ
2878 5126 2946 5177 τὰ
2963 5127 3062 5193 τῆς
3080 5129 3203 5182 κατ’
3221 5132 3320 5197 ἐμὲ
3341 5133 3640 5201 ἐκκλησίας

2048 5200 2396 5269 διεξάγεσθαι
2430 5206 2560 5275 παρ’
2595 5208 2756 5278 ἐμοῦ,
2785 5212 2972 5277 καθὼς
3001 5218 3258 5288 ἐτάχθην.
3327 5221 3389 5274 El
3431 5224 3475 5275 δ’
3500 5200 3642 5286 Ϋίσως

2052 5298 2452 5387 παραχωρήσει
2491 5302 2520 5352 ό
2549 5302 2682 5365 Θεὸς
2747 5309 3066 5378 παραϐῆναί
3100 5329 3167 5379 με
3219 5314 3320 5384 τὴν
3379 5317 3641 5387 τοιαύτην

2053 5385 2347 5480 ὑπόσχεσιν
2375 5409 2476 5460 μου
2501 5396 2595 5448 καὶ
2619 5398 2903 5468 ἀθετῆσαι,
2925 5404 3048 5455 ὅσον
3071 5405 3172 5474 ήδη
3195 5385 3652 5480 διαϐεϐαιοῦμαι,

2054 5477 2378 5550 ἐπισπῶμαι
2407 5485 2532 5538 κατ’
2554 5488 2795 5556 ἐμαυτοῦ
2834 5496 2929 5546 καὶ
2968 5496 3254 5560 ἀσπασίως
3285 5499 3536 5570 δέχομαι,
3573 5505 3640 5572 ἦν

2051 5571 2116 5622 ἂν
2150 5570 2396 5644 διαγνοίη
2432 5577 2522 5630 ἐπ’
2544 5582 2670 5650 ἐμοὶ
2714 5585 3016 5654 καταδίκην
3072 5591 3212 5657 μετὰ
3249 5593 3344 5662 τῆς
3372 5593 3519 5654 θείας
3547 5570 3638 5649 καὶ

2057 5667 2210 5738 ίερᾶς
2253 5671 2475 5724 συνόδου
2528 5674 2558 5726 ὁ
2614 5677 3032 5744 παναγιώτατος
3082 5684 3240 5752 ἡμῶν
3291 5666 3584 5760 δεσπότης
3612 5693 3640 5742 ὁ

2050 5764 2426 5840 οἱκουμερνικὸς
2481 5770 2844 5840 πατριάρχης.
2909 5773 3209 5846 Ἐπιτούτῳ
3267 5784 3375 5850 γάρ
3423 5784 3644 5849 ἐγένετο

2053 5859 2144 5909 καὶ
2175 5859 2208 5924 ἡ
2232 5857 2482 5927 παροῦσα
2503 5860 2775 5931 ἔγγραφος
2794 5865 3087 5935 ὑπόσχεσίς
3108 5887 3210 5937 μου
3230 5872 3296 5922 δι’
3313 5874 3638 5941 ἀσφάλειαν.

3243 5963 3316 6025 3U
