4444 6452
772 399 910 466 1933
1824 406 2038 470 JOAN.
2082 407 2394 469 (τηιςοα
2433 409 2522 470 CP

2281 407 2394 469 ca:
2433 409 2542 472 CP.
2585 412 3104 480 mammam:
3897 383 4035 484 πειο

765 519 869 580 τὰς
901 517 1232 589 σεθασμίους
1260 521 1426 589 μονάς
1460 518 1763 589 μεταϐολήν
1789 519 1925 583 ὅλως
1952 520 2204 589 δέχεσθαι
2251 520 2351 591 τῆς
2380 524 2422 583 Δ
2458 524 2596 591 μετά
2625 524 2794 596 ζήλου
2841 531 2939 583 καὶ
2989 531 3329 601 manu
3359 531 3493 584 πᾶσι
3524 530 3752 599 τρόποις
3805 530 3900 583 καλ⁸
3928 531 4038 582 πά-

767 608 992 678 πρώτης
1021 610 1201 663 αὒτῶν
1231 612 1643 675 καταστάσεως,
1667 610 1771 695 καὶζ
1789 612 1870 695 τίς
1899 611 2222 687 ,γυναικείας
2251 611 2353 681 μὲν
2460 628 2582 678 σατς
2615 625 2904 686 μηχαναῖς,
2937 620 3242 674 καταλῦσαι
3265 622 3366 690 τὴν
3409 620 3670 686 τοιαύτην
3702 619 3908 673 ἄτοπον
3943 617 4036 670 καὶ

765 701 864 762 τάς
889 701 1159 772 ἀνδρῷας,
1185 701 1286 762 τὰς
1314 700 1368 754 δέ
1400 701 1512 754 τῶν
1542 691 1946 768 γυνωκόιέτ-είς
1970 700 2220 771 ἀνδριῇιας
2249 719 2348 769 με.

768 791 1136 844 ταποιεῖσθαι.
1194 792 1304 844 Καὶ
1358 775 1740 858 γοῦν·.ὀφείλει
1773 791 2084 860 πραχθῆναι
2125 791 2194 843 τά
2220 794 2352 854 περὶ

770 881 965 934 τούτου
988 883 1129 936 κατὰ
1162 883 1261 954 τήν
1290 869 1571 960 συνοδικήν
1591 882 1917 950 ταύτηνεκαὶ
1937 884 1970 954 ή
1979 883 2105 949 μετέ
2115 900 2215 952 ραν
2234 883 2351 938 διά-

769 990 995 1038 γνωσιν.
1060 975 1185 1029 Ἐπὶ
1244 960 1564 1045 τούτῳγάρ
1615 975 1705 1029 καὶ⁵
1739 976 1800 1028 τὸ
1850 976 2024 1044 παρὸν
2076 974 2352 1028 συνοδικὸν

772 1066 1012 1135 γράμμα
1033 1067 1128 1135 τῆς
1150 1067 1308 1134 ἡμῶν
1332 1067 1682 1145 μετριότητος
1701 1067 1933 1135 ,γεγονὸς
1949 1068 2028 1127 είς
2049 1066 2352 1135 ἀσφάλειαν

770 1157 1078 1209 ἐπιδέδοται
1115 1158 1244 1225 μηνὶ
1275 1149 1460 1226 Many".
1485 1157 1582 1209 ίνδ.
1613 1154 1684 1224 η’.

749 1266 922 1321 ’ΧΧ1.
961 1268 1193 1322 Joannes
1220 1279 1395 1323 monet
1442 1265 1834 1336 metropolilam
1877 1275 1926 1318 et
1977 1265 2175 1319 clerum
2222 1266 2356 1336 Τνα-

847 1341 1109 1420 paganus,
1143 1355 1206 1420 οε
1251 1338 1481 1420 amplius
1519 1333 1858 1404 imperatoris
1897 1336 2154 1391 ϐουνιεηὶ
2193 1333 2349 1389 adul-

845 1415 981 1460 terio
1010 1415 1346 1461 conuincam.

843 1522 883 1591 τ
912 1522 1196 1592 Ἰερώτατε
1229 1521 1603 1592 μητροπολῖτα
1621 1518 2035 1589 Τραπεζοῦντος
2063 1520 2156 1571 καὶ
2183 1518 2351 1587 ὑπέρ-

769 1633 918 1680 τιυ.ε,
973 1617 1225 1685 ἀγαπητέ
1273 1619 1412 1668 κατὰ
1458 1616 1663 1684 Κύριον
1715 1612 1908 1680 ἀδελφέ
1940 1612 2043 1681 τῆς
2071 1613 2226 1680 ήμῶν
2259 1628 2353 1679 με-

769 1710 1057 1778 τριότητος
1111 1710 1204 1761 καὶ
1251 1707 1650 1777 συλλειτουργὲ,
1694 1707 1853 1774 χάρις
1903 1705 1989 1773 εῖη
2035 1704 2131 1756 καὶ
2159 1705 2350 1772 είρήνη

773 1801 926 1867 παρά
955 1799 1092 1852 Θεοῦ
1113 1795 1180 1869 τῇ
1223 1802 1288 1869 σῇ
1325 1799 1584 1869 ίερότητι.
1627 1795 1807 1861 Οἶδας,
1841 1799 1921 1850 ὅτι
1954 1796 2350 1866 εὑρισκομένου
2397 1816 2404 1820 -

772 1909 870 1944 σου
899 1890 1128 1945 ἐνταῦθα
1161 1891 1395 1960 ἐλαλήθη
1429 1891 1553 1959 περὶ
1576 1889 1671 1943 τοῦ
1702 1889 2071 1959 περιποθήτου
2093 1887 2347 1958 γαμϐροῦ
2385 1872 2429 1928 Β

771 1985 864 2036 τοῦ
894 1983 1190 2050 κρατίστου
1210 1983 1305 2035 καὶ
1331 1983 1489 2049 ἁγίου
1517 1998 1618 2051 μου
1642 1981 2063 2050 αὐτοκράτορος,
2087 1980 2350 2033 αὐθέντου

771 2076 871 2145 τῆς
897 2074 1314 2144 Τραπεζοῦντος
1338 2112 1353 2136 ,
1388 2073 1484 2126 τοῦ
1521 2073 1760 2141 μεγάλου
1803 2072 2116 2141 Κομνηνοῦ,
2148 2071 2230 2124 ὅτι
2263 2071 2354 2124 οὐ·

775 2166 864 2217 δὲν
893 2165 1163 2218 διάκειται
1199 2162 1400 2225 καλῶς,
1429 2163 1548 2215 οὐδέ
1590 2161 1858 2232 σχετικῶς
1911 2161 2050 2230 πρὸς
2074 2159 2172 2229 τήν
2198 2176 2352 2229 περι-

775 2257 1010 2322 πόθητον
1041 2254 1323 2324 θυγατέρα
1347 2253 1444 2306 τοῦ
1473 2254 1770 2324 κρατίστου
1804 2253 1898 2307 καὶ
1935 2252 2092 2320 άγίου
2124 2268 2225 2320 μου
2255 2250 2352 2303 αὐ-

770 2347 1132 2422 τοκράτορος,
1152 2347 1252 2416 τήν
1278 2347 1513 2414 γυναῖκα
1539 2344 1845 2416 αὐτοῦ,τὴν
1875 2345 2115 2414 μεγάλην
2127 2346 2352 2414 Κομνη-

772 2440 893 2509 νην,
920 2438 1038 2492 οὐδέ
1071 2437 1286 2506 στέργει
1320 2436 1514 2507 αὐτην,
1548 2436 1732 2499 καθὼς
1761 2436 1967 2505 ὀφείλει
2013 2436 2090 2497 ὡς
2113 2437 2350 2503 γυναῖκα

772 2531 960 2598 αὐτοῦ,
997 2531 1273 2598 μηδεμίαν
1305 2529 1560 2584 διδοῦσαν
1591 2529 1794 2592 αίτίαν,
1835 2531 1903 2600 τῇ
1939 2529 2030 2582 τοῦ
2083 2528 2220 2581 Θεοῦ
2255 2528 2352 2597 χά-

775 2639 907 2694 ριτι,
944 2623 1077 2676 ἀλλά
1133 2623 1455 2692 περιφρονεῖ
1499 2620 1596 2673 καὶ
1638 2622 1920 2692 πικραίνει
1955 2620 2049 2672 ἐπὶ
2097 2618 2350 2671 τοσοῦτον

773 2714 944 2785 αὐτὴν
970 2751 985 2778 ,
1011 2715 1151 2767 ὥστε
1206 2713 1465 2767 ὑπόνοιαν
1495 2709 1657 2771 εἴναι,
1699 2713 1896 2782 μήπως
1945 2711 2227 2781 προϊόντος
2254 2709 2348 2762 τοῦ

775 2807 968 2876 χρόνου
1004 2805 1247 2876 ἀθετήσῃ
1294 2803 1482 2873 αὐτὴν,
1516 2804 1609 2856 καὶ
1642 2804 1717 2866 ὠς
1760 2805 1990 2872 εῐπομεν
2017 2803 2112 2856 καὶ
2147 2802 2350 2870 ἐδείξα-

777 2916 879 2966 μεν
912 2898 1108 2962 ταῦτα,
1139 2898 1284 2965 άπερ
1316 2898 1713 2966 ἐγνωρίσαμεν,
1772 2896 1907 2964 πρὸς
1937 2895 2037 2965 τήν
2079 2897 2179 2963 σὴν
2212 2894 2351 2960 ίερό-

774 3007 935 3058 τητα,
971 2991 1051 3042 ἐτι
1081 2989 1138 3042 δέ
1182 2989 1430 3050 καὶτοὺς
1472 2989 1612 3058 μετά
1661 2987 1756 3039 σοῦ
1807 2987 2059 3051 ἐλθόντας
2109 2985 2347 3038 ἐνταῦθα

775 3078 1071 3149 κληρικούς
1099 3095 1216 3144 σου,
1266 3078 1523 3133 τοσοῦτον
1579 3076 2061 3140 διεδεδαιώσασθε,
2102 3077 2179 3148 μή
2209 3073 2347 3129 εἶναι

774 3172 972 3240 ἀληθῆ,
1006 3171 1147 3224 ὥστε
1197 3172 1376 3224 πάντα
1410 3173 1609 3240 τρόπον
1656 3173 1946 3238 ἐποιήσατε
1995 3169 2347 3238 πληροφορῖγ
2378 3198 2420 3257 C

778 3279 872 3316 σαι
900 3264 1001 3326 τάς
1035 3263 1309 3333 ἡμετέρας
1338 3262 1584 3332 καρδίας,
1620 3264 1714 3314 καὶ
1753 3261 2026 3325 δέξασθαι,
2060 3262 2140 3313 ὅτι
2197 3257 2350 3312 οὐδὲν

774 3353 995 3421 ἔχουσιν
1021 3352 1217 3418 οὕτως,
1269 3352 1346 3414 ὡς
1387 3351 1785 3420 ἐγνωρίσαμεν,
1811 3351 1878 3403 τὰ
1919 3352 2205 3419 είρημένα.
2239 3348 2353 3400 Νῦν

772 3438 829 3489 δέ
867 3439 1143 3507 ἐμάθομεν
1196 3439 1561 3507 τρανότερον,
1598 3439 1680 3490 ὅτι
1740 3438 1994 3489 τοσοῦτον
2049 3433 2353 3502 ἀπέστερξε

773 3534 870 3586 καὶ
900 3532 1161 3586 ἀπώσατο
1192 3533 1220 3584 ὀ
1249 3532 1616 3599 περιπόθητος
1641 3528 1891 3598 γαμϐρὸς
1935 3528 2030 3582 τοῦ
2059 3527 2353 3598 κρατίστου

774 3629 872 3679 καὶ
902 3626 1060 3692 ἁγίου
1100 3642 1200 3694 μου
1230 3623 1631 3693 αὐτοκράτορος
1660 3625 1687 3674 ὀ
1720 3623 1892 3692 μέγας
1941 3621 2225 3689 Κομνηνὸς
2261 3619 2356 3673 αὐ-

773 3717 875 3786 τὴν
907 3717 1006 3785 τὴν
1058 3716 1423 3786 περιπόθητον
1458 3715 1739 3784 θυγατέρα
1794 3713 1888 3766 τοῦ
1933 3714 2226 3783 κρατίστου
2263 3713 2359 3764 καὶ

775 3807 935 3874 ἁγίου
971 3823 1074 3876 μου
1107 3807 1530 3877 αὐτοκράτορος,
1572 3808 1676 3876 τὴν
1708 3807 1944 3874 γυναῖκα
1991 3804 2181 3870 αὐτοῦ,
2215 3804 2357 3856 ὥστε

773 3900 872 3953 καὶ
905 3899 1099 3952 ἐλαϐεν
1125 3899 1290 3968 ἀλλην
1321 3899 1627 3969 μοιχαλίδα,
1674 3900 1771 3952 καὶ
1803 3903 2043 3950 συνοικεῖ
2066 3900 2257 3968 ταύτῃ,
2284 3898 2359 3960 ὼς

771 3989 934 4060 δῆθεν
958 3990 1197 4060 νομίμῳ.
1230 3989 1401 4043 Πόσον
1431 3985 1527 4044 οὖν
1552 3989 1634 4042 ἔνι
1667 3989 1828 4042 τοῦτο
1870 3989 2072 4042 άτοπον
2127 3989 2217 4042 καὶ
2245 3989 2358 4040 ὀλέ-

773 4081 924 4151 θριον
967 4081 1062 4134 καὶ
1092 4079 1546 4149 ἀπηγορευμένον
1588 4081 1683 4133 καὶ
1712 4079 1774 4133 οὐ
1801 4080 1960 4148 μόνον
1987 4082 2068 4141 είς
2116 4078 2360 4148 ψυχικὴν

772 4173 1051 4226 ἀπώλειαν
1069 4171 1292 4241 ἀφορῶν
1310 4171 1473 4224 αὐτοῦ
1503 4172 1598 4225 τοῦ
1621 4172 1858 4242 μεγάλου
1889 4171 2203 4241 Κομνηνοῦ,
2223 4171 2360 4226 ἀλλά

774 4268 870 4321 καὶ
894 4265 1089 4332 άτιμον
1139 4265 1234 4317 καὶ
1264 4262 1561 4325 ἐπιὸλαϐἐς
1594 4265 1689 4315 καὶ
1734 4263 1876 4316 κατά
1906 4262 2003 4330 τὴν
2039 4263 2359 4332 σωματικήν

772 4357 941 4410 αὐτοῦ
966 4355 1302 4409 κατάστασιν
1338 4356 1433 4407 καὶ
1484 4353 1685 4423 ἀρχὴν,
1739 4351 1890 4421 ἔχετε
1929 4353 2024 4404 καὶ
2057 4353 2214 4421 ὑμεῖς
2245 4353 2358 4406 δια-

771 4451 979 4517 κρῖναι,
1006 4449 1101 4502 καὶ
1122 4447 1276 4500 οὐδὲν
1310 4447 1387 4499 ἐνι
1418 4445 1577 4514 χρεία
1609 4445 1783 4511 λόγων
1819 4445 2054 4507 πολλῶν,
2089 4444 2226 4496 ὥστε
2253 4459 2358 4496 πα-

2457 707 2732 775 ἐπάρατον
2763 711 2962 779 πρᾶξιν
2995 713 3089 765 καὶ
3137 713 3400 781 ἀνομίανο
3435 713 3531 766 καὶ
3565 712 3679 780 γάρ
3725 710 3846 763 οὐδὲ
3880 707 4032 762 θείαν

2457 798 2820 870 λειτουργίαν,
2855 804 2973 856 οὐδὲ
2995 803 3316 874 ψαλμῐρδίαν
3337 803 3521 875 σχεδὸν
3548 804 3756 871 Ιπρεπε
3778 799 4034 868 τελεσθῆ-

2458 908 2546 945 ναι
2593 894 2674 956 είς
2723 896 2817 946 τὸν
2870 896 3058 948 αὐτόθι
3101 898 3301 960 τόπον,
3360 896 3619 964 τοιαύτης
3676 892 4034 961 ἀνομωτάτης

2460 983 2707 1048 πράξεως
2730 985 3078 1054 τελεσθείσης
3107 986 3201 1038 καὶ
3253 986 3656 1053 ἐνεργουμένης
3685 981 3790 1036 Ιτι.
3826 981 4036 1046 Πληρο-

2459 1073 2757 1142 φορήθητε,
2807 1075 2889 1128 δτι
2943 1075 3193 1144 μεγάλως
3217 1075 3570 1144 ἐλυπήθημεν
3589 1071 3684 1125 καὶ
3712 1066 4033 1134 λυπούμεθα

2461 1165 2539 1225 εἰς
2557 1163 2702 1230 ὑμᾶς
2726 1182 2740 1196 ⁶
2773 1166 2934 1236 ἡμεῖς
2957 1167 3066 1235 γάρ
3097 1169 3222 1236 περὶ
3247 1165 3422 1221 ἄλλων
3446 1165 3610 1218 τινῶν
3640 1163 3748 1215 τῶν
3769 1162 3845 1223 ὥς
3865 1160 4031 1228 ἠκού-

2463 1270 2529 1306 σα
2538 1271 2637 1322 μεν
2661 1256 3068 1327 ἐνεργουμένων
3089 1259 3185 1310 καὶ
3202 1257 3546 1325 λαλουμένων
3572 1254 3756 1308 αὐτόθι
3785 1249 3932 1315 οϊδας
3953 1252 4035 1303 ὅτι

2458 1346 2716 1400 ἀνάθεσιν
2750 1350 2996 1418 μεγάλην
3028 1349 3410 1419 ἐποιησάμεθα
3442 1349 3580 1417 πρός
3620 1364 3704 1411 σε,
3735 1345 3877 1402 ὥστε
3917 1345 4034 1395 ἐπι-

2464 1437 2767 1506 μεληθῆναι
2794 1442 3137 1510 ἀνακοπῆναι
3186 1442 3282 1495 καὶ
3320 1439 3682 1511 διορθωθῆναι
3729 1420 3893 1497 αὐτὰ,
3939 1435 4036 1487 καὶ

2461 1529 2583 1583 ἐπεὶ
2612 1532 2691 1592 είς
2715 1533 2775 1584 τὸ
2807 1533 2947 1600 μέγα
2990 1531 3148 1584 τοῦτο
3193 1533 3451 1600 ἀτόπημα
3493 1530 3551 1583 τὸ
3595 1527 4034 1595 θεομισέστατον,

2458 1620 2488 1672 ὃ
2519 1622 2798 1690 προδήλως
2850 1623 3201 1691 ἀφορίζουσιν
3243 1626 3293 1676 οί
3324 1624 3457 1676 θεῖοι
3495 1622 3591 1674 καὶ
3623 1621 3759 1689 ἱεροὶ
3786 1617 4032 1678 κανόνες,

2460 1711 2612 1764 οὐδὲν
2659 1713 2908 1777 ἐνεδείξω
2939 1716 3118 1782 ζῆλον,
3156 1715 3278 1767 ούδέ
3325 1713 3594 1783 ἐλάλησας
3637 1709 3766 1763 οὔτε
3788 1709 3878 1772 σὺ,
3909 1706 4035 1758 οῦτε

2461 1800 2512 1853 οί
2540 1800 2692 1854 ἄλλοι
2727 1804 3091 1871 πνευματικοὶ
3147 1803 3342 1871 ἀνδρες
3388 1804 3438 1854 οί
3488 1801 3673 1855 αὐτόθι
3714 1798 3810 1852 καὶ
3861 1799 3909 1849 οῖ
3941 1791 4036 1848 τοῦ

2454 1887 2680 1958 κλήρου,
2710 1890 2871 1943 ποίαν
2899 1889 3092 1943 ἐλπίδα
3123 1891 3212 1945 ῖνα
3257 1891 3476 1962 ἔχωμεν
3509 1892 3589 1949 είς
3608 1890 3678 1941 τά
3710 1887 3868 1946 ἄλλα.
3898 1886 3987 1938 ὅτε
4009 1885 4037 1935 δ

2454 1981 2822 2052 περιπόθητος
2848 1982 3099 2052 γαμσρὸς
3147 1983 3242 2037 τοῦ
3272 1983 3571 2052 κρατίστου
3603 1983 3699 2034 καὶ
3740 1979 3899 2046 ἀγίου
3933 1993 4037 2044 μου

2453 2074 2856 2145 αὐτοκράτορος
2903 2076 2932 2127 ὀ
2967 2075 3141 2143 μέγας
3192 2074 3485 2144 Κομνηνὸς
3511 2073 3667 2126 οὐδὲν
3719 2071 4036 2135 ἐνθυμεῖται

2455 2163 2632 2226 τοῦτο,
2687 2166 2720 2236 ἢ
2775 2167 2869 2220 καὶ
2901 2166 3310 2236 ἐνθυμούμενος
3348 2164 3694 2236 παραδλέπει
3731 2162 3828 2214 καὶ
3861 2178 4011 2228 παρα

2452 2256 2636 2324 τρέχει
2666 2255 2847 2320 τοῦτο,
2877 2257 2970 2312 τοῦ
2997 2257 3207 2320 πάθους
3241 2256 3623 2316 συνθολοῦντος
3652 2254 3744 2307 τὸν
3773 2251 4036 2319 λογισμὸν

2454 2349 2618 2404 αὐτοῦ
2642 2368 2656 2415 ;
2694 2351 2854 2407 Ἀλλά
2882 2353 3043 2421 ὑμεῖς
3067 2353 3291 2423 πρέπει,
3314 2353 3401 2405 ῖνα
3437 2348 3804 2419 ἐνθυμηθῆτε,
3836 2346 3920 2399 δτι
3947 2345 4035 2397 ὅτε

2452 2440 2767 2510 ἀνθρωπίνη
2795 2441 2950 2495 οὐδὲν
2973 2443 3205 2511 γένηται
3247 2441 3549 2511 ἐκδίκησις,
3580 2437 3869 2502 ἀνέξεσθαι
3905 2435 4036 2506 μὲλ-

2451 2531 2534 2584 λει
2564 2534 2593 2585 ὀ
2623 2532 2756 2595 Θεὸς
2778 2537 2875 2604 τῆς
2898 2534 3168 2604 τοσαύτης
3192 2532 3407 2596 ἀδικίας
3431 2533 3528 2585 καὶ
3549 2529 3920 2600 παρανομίας,
3937 2529 4036 2579 καὶ

2452 2622 2552 2676 οὐκ
2615 2625 2990 2692 ἀγανακτήσει
3048 2626 3292 2695 μεγάλην
3346 2623 3719 2690 ἀγανάκτησιν
3763 2619 3910 2672 κατὰ
3945 2617 4039 2670 τοῦ

2453 2713 2640 2768 αὐτόθι
2687 2716 2892 2781 τόπους
2932 2715 2998 2771 Ἦ
3055 2717 3347 2786 μετριότης
3399 2711 3492 2769 οὖν
3519 2714 3677 2783 ήμῶν
3707 2713 3802 2764 καὶ
3833 2713 3868 2780 ή
3912 2710 4040 2775 περὶ

2453 2805 2621 2875 αὐτὴν
2659 2806 2778 2861 θεία
2807 2806 2915 2860 τῶν
2967 2807 3278 2877 ίερωτάτων
3327 2805 3632 2877 ἀρχιερέων
3663 2803 3882 2864 σύνοδος
3938 2801 4035 2852 καὶ

2453 2897 2603 2950 πᾶσα
2639 2898 2673 2964 ή
2729 2897 2822 2950 τοῦ
2855 2897 2991 2951 Θεοῦ
3037 2899 3334 2967 Ἐκκλησία
3381 2897 3758 2966 φροντίζοντες
3793 2894 3913 2963 μὲν,
3962 2892 4039 2953 ὡς

2451 2986 2650 3056 ἔχομεν
2675 2989 2859 3056 χρέος,
2909 2989 3002 3041 καὶ
3029 2989 3132 3052 τῆς
3163 2989 3401 3058 ψυχικῆς
3432 2986 3702 3055 ὠφελείας
3735 2982 3900 3037 αὐτοῦ
3939 2982 4034 3034 τοῦ

2451 3078 2824 3147 περιποθήτου
2855 3078 3112 3149 γαμδροῦ
3150 3079 3244 3132 τοῦ
3277 3079 3571 3148 κρατίστου
3612 3077 3704 3129 καὶ
3728 3077 3882 3141 ἀγὶου
3927 3091 4029 3141 μου

2452 3173 2852 3243 αὐτοκράτορος
2897 3172 2992 3225 τοῦ
3039 3172 3279 3240 μεγάλου
3310 3171 3622 3240 Κομνηνοῦ,
3655 3169 4032 3238 φροντίζοντες

2459 3263 2514 3315 δέ
2538 3263 2746 3318 καὶτοῦ
2777 3264 3152 3333 συμφέροντος
3171 3262 3247 3331 τῷ
3280 3262 3469 3315 αὐτόθι
3495 3259 3871 3329 Χριστιανικῷ
3898 3257 4036 3322 λαῷ,

2458 3355 2782 3425 ἐγράψαμεν
2812 3355 2913 3407 ὅσα
2958 3354 3282 3424 ἐγράψαμεν
3317 3353 3456 3424 πρὸς
3494 3352 3679 3414 αὐτὸν,
3713 3347 4039 3419 παρεγγυῶ-

2461 3462 2634 3515 μενοι,
2661 3445 2735 3507 ὠς
2766 3444 3050 3497 καθολικοὶ
3093 3444 3364 3512 Πατέρες,
3395 3441 3706 3511 ἀποστῆναι
3741 3440 3905 3493 αὐτὸν
3934 3437 4032 3505 τῆς

2458 3536 2704 3604 ὀλεθρίου
2757 3537 2963 3604 ταύτης
2999 3537 3094 3589 καὶ
3124 3534 3602 3605 παρανομωτάτης
3633 3533 3908 3602 πράξεως,
3944 3531 4039 3582 καὶ

2461 3625 2729 3678 ἀπολῦσαι
2764 3625 2882 3693 μὲν,
2912 3626 3110 3694 μᾶλλον
3159 3625 3217 3676 δέ
3253 3624 3498 3691 ἐξορίσαι
3533 3622 3754 3693 μακράν
3791 3621 3900 3675 ἀπὸ
3929 3622 4038 3673 τῶν

2459 3718 2645 3770 αὐτόθι
2665 3719 2763 3786 τὴν
2784 3717 3052 3786 θεοστυγῆ
3079 3717 3383 3786 μοιχαλίδα,
3409 3717 3476 3787 ήν
3502 3717 3597 3769 καὶ
3613 3715 3706 3768 ὑπ’
3727 3715 4033 3785 ἀφορισμὸν

2460 3809 2840 3877 ἐποιησάμεθα
2858 3809 3011 3861 ’κατά
3039 3807 3138 3877 τὴν
3163 3807 3272 3859 τῶν
3301 3808 3461 3860 θείων
3494 3806 3586 3859 καὶ
3611 3804 3774 3875 ιερῶν
3797 3803 4038 3857 κανόνων

2460 3901 2803 3964 ἀκολουθίαν,
2837 3899 3243 3972 προσλαϐέσθαι
3272 3899 3330 3951 δέ
3372 3899 3469 3952 καὶ
3505 3898 3774 3951 συνοικεῖν
3801 3894 4038 3965 τῇοκατά

2459 3994 2585 4056 τοὺς
2615 3993 2793 4071 θείρυς
2846 3995 3043 4060 νόμους
3098 3993 3321 4059 γυναικὶ
3356 3990 3546 4054 αὐτοῦ,
3581 3991 3649 4060 τῇ
3683 3988 4037 4058 περιποθήτω

2461 4084 2695 4153 θυγατρὶ
2741 4082 2838 4136 τοῦ
2870 4083 3166 4152 κρατίστου
3224 4082 3320 4133 καὶ
3359 4080 3529 4146 ἀγίου
3562 4094 3664 4145 μου
3709 4076 4042 4145 αὐτοκράτο-

2463 4190 2575 4243 ρος,
2608 4172 3059 4241 παρεγγυώμεθα
3107 4170 3165 4222 δέ
3203 4169 3298 4222 καὶ
3328 4169 3466 4237 πρὸς
3492 4169 3659 4235 ὑμᾶς,
3690 4165 4039 4234 ἀναφωνοῦνο

2459 4284 2551 4328 τες
2581 4265 2641 4317 τὸ
2670 4264 2945 4332 συμφέρον
2979 4250 3069 4317 καὶ
3096 4262 3415 4315 λυσιτελοῦν
3451 4262 3581 4329 ὑμῖν
3613 4261 3704 4312 ἐπὶ
3725 4261 4043 4330 ἀρχιερατι-

2462 4361 2530 4426 κῇ
2570 4359 2659 4409 καὶ
2696 4358 2947 4425 ἱερατικῇ
2985 4354 3260 4424 ὑπηρεσίᾳ
3290 4354 3381 4406 καὶ
3427 4352 3674 4420 διακονίᾳ
3722 4350 3898 4419 ὑμῶν,
3935 4350 4041 4412 ὅτι,

2463 4451 2624 4515 εἴπερ
2647 4448 2798 4500 οὐδὲν
2828 4447 3075 4515 γένηται,
3126 4448 3251 4498 ὅσον
3278 4445 3587 4512 γράφομεν,
3617 4442 3710 4494 καὶ
3736 4441 3889 4494 οὐδὲν
3923 4457 4046 4492 σκο-

775 4541 1050 4612 ραστῆσαι
1093 4541 1253 4593 τοῦτο
1287 4541 1423 4610 πρὸς
1458 4540 1640 4608 ὑμᾶς·
1675 4537 2030 4608 θαυμάζομεν
2067 4539 2122 4590 δέ
2153 4540 2231 4600 είς
2259 4538 2356 4608 τήν
2391 4543 2436 4597 ι)
2467 4545 2699 4608 πήσητε,
2732 4541 2855 4598 ἐπεὶ
2888 4539 3195 4607 ἀφορισμὸς
3243 4539 3460 4603 ἐγένετο
3494 4533 3638 4586 κατά
3664 4536 3764 4601 τῆς
3789 4532 4046 4599 τοιαύτης

775 4635 1033 4703 ἱερότητά
1060 4649 1156 4685 σου
1194 4633 1289 4684 καὶ
1318 4632 1446 4693 τοὺς
1483 4630 1673 4684 αὐτόθι
1709 4629 1903 4690 ἀλλους
1937 4630 2214 4697 ἀρχιερεῖς
2261 4633 2355 4681 καὶ

771 4724 900 4786 τοὺς
926 4720 1335 4790 πνευματικοὺς
1359 4720 1453 4773 καὶ
1483 4720 1815 4788 ίερωμένους
1846 4717 2067 4787 ἄνδρας,
2091 4717 2205 4780 πῶς
2233 4719 2359 4785 ήνέ-

773 4816 972 4886 σχεσθε
1011 4815 1169 4884 μέχρι
1222 4812 1318 4864 τοῦ
1352 4810 1448 4863 νῦν
1500 4806 1600 4881 τῆς
1657 4810 2046 4879 ἐνεργηθείσης
2105 4811 2357 4877 τοιαύτης

773 4909 1028 4971 ἀτοπίας,
1053 4906 1148 4959 καὶ
1171 4905 1324 4957 οὐδὲν
1354 4900 1681 4956 ἀνελάσεσθε
1714 4900 1876 4970 ζῆλον
1904 4901 2047 4953 θεῖον
2072 4901 2161 4953 τὸν
2190 4916 2357 4969 προσ-

773 5006 1002 5074 ήκοντα,
1030 5002 1125 5054 καὶ
1152 5001 1404 5069 ἐνέστητε
1433 4998 1533 5074 καῖ
1558 4996 1826 5065 ήλέγξατε
1863 4994 1961 5063 τὴν
2012 4995 2359 5065 παρανομίαν

775 5065 873 5148 καὶ
902 5094 1003 5162 τὴν
1032 5091 1304 5157 τοσαύτην
1327 5065 1742 5158 ἀναισχύντίαν,
1793 5088 1916 5156 ἥτις
1952 5078 2226 5155 ἐτολμήθη
2269 5086 2362 5137 ἐπὶ

775 5188 1076 5241 καταλύσει
1129 5186 1238 5236 τῶν
1268 5184 1427 5236 θείων
1460 5182 1677 5250 θεσμῶν
1725 5182 1819 5234 καὶ
1849 5180 2091 5232 κανόνων
2123 5181 2214 5231 καὶ
2268 5179 2361 5230 ἐπὶ

780 5281 954 5350 βλάϐῃ
974 5280 1069 5331 τοῦ
1102 5277 1288 5330 αὐτόθι
1319 5275 1704 5346 Χριστιανικοῦ
1758 5272 1908 5336 λαοῦ,
1947 5272 2112 5334 ὥστε,
2151 5274 2197 5323 εἰ
2225 5271 2354 5334 δέοι,

778 5375 872 5423 καὶ
931 5373 1071 5436 ὑπὲρ
1127 5368 1321 5421 τούτου
1365 5366 1659 5419 ἀποθανεῖν
1741 5366 1957 5425 πάντως
1999 5365 2106 5430 γὰρ
2159 5364 2358 5426 οῖδατε,

777 5471 925 5526 ὅπως
954 5465 1137 5531 ἔχουσι
1172 5463 1267 5529 τὴν
1315 5460 1573 5528 τοιαύτην
1624 5462 1823 5509 ἁτοπον
1876 5457 2074 5526 πρᾶξιν
2126 5451 2173 5508 οί
2209 5459 2362 5510 αὑτοὶ

781 5557 916 5608 θεῖοι
975 5555 1071 5607 καὶ
1132 5554 1268 5622 ἱεροὶ
1322 5551 1569 5613 κανόνες,
1600 5553 1690 5601 καὶ
1743 5550 1888 5609 ὅπως
1928 5551 2050 5612 τμὺς
2089 5549 2363 5617 μοιχαλίσι

782 5649 1166 5708 συνοικοῦντας
1193 5645 1595 5712 ἀκοινωνήτους
1642 5642 1846 5710 ἔχουσι,
1873 5642 2088 5710 καὶτῆς
2127 5643 2235 5694 τῶν
2272 5658 2365 5691 πιο

781 5740 924 5790 στῶν
955 5739 1280 5808 ὁμηγύρεως
1314 5736 1628 5804 ἀλλοτρίους
1676 5733 1959 5785 ποιοῦνται
1994 5733 2359 5784 παντάπασιν.

785 5830 935 5883 Ἔδει
993 5829 1106 5896 οὖν,
1171 5831 1256 5885 ἵνα
1314 5828 1613 5897 συναχθῆτε
1663 5827 1864 5890 πάντες
1932 5827 2021 5882 καὶ
2092 5827 2365 5894 λαλήσητε

2466 4632 2693 4695 ἀτοπίας
2728 4632 2824 4684 καὶ
2856 4631 3218 4700 παρανομίας,
3275 4629 3372 4680 καλ⁵
3401 4625 3770 4695 ἐπιμεληθῆτε
3811 4623 4049 4687 ἐνδείξα-

2469 4721 2592 4774 σθαι
2618 4723 2716 4790 τὴν
2743 4721 3014 4783 ἔνστασιν,
3051 4719 3117 4786 ἢν
3141 4717 3384 4787 ὀφείλετε
3417 4716 3509 4768 ἐπὶ
3541 4715 3751 4782 ἐκκοπῇ
3781 4713 3874 4765 καὶ
3905 4714 4050 4780 διορ-

2467 4815 2633 4867 θώσει
2679 4814 2772 4866 τοῦ
2796 4813 3143 4884 πράγματος,
3174 4811 3310 4862 ἀλλά
3343 4808 3641 4884 κοινωνῇτε
3674 4809 3786 4868 τοῖς
3824 4806 4050 4865 ἀτόποις

2469 4910 2671 4976 ἔργοις,
2718 4876 3299 4973 ἀπψαλλοτριωθήσεσθε
3359 4902 3454 4954 καὶ
3495 4876 3653 4968 ὑμεῖς
3703 4899 3801 4968 τῆς
3855 4899 4052 4965 ἐκκλη-

2472 4996 2757 5066 σιαστικῆς
2791 4995 3075 5054 κοινωνίας
3106 5034 3120 5056 ,
3171 4993 3267 5046 ἆτε
3305 4991 3663 5060 προελόμενοι
3709 4987 4052 5048 οίκειοθελῶς

2469 5089 2770 5158 ἀποτεμεῖν
2800 5087 3027 5145 ἑαυτοὺς
3060 5083 3158 5150 τῆς
3210 5082 3527 5148 ὀλομελείας
3568 5078 3660 5132 τοῦ
3692 5081 3789 5147 τῆς
3821 5078 4050 5129 καθόλου

2484 5179 2808 5248 Ἐκκλησίας
2857 5177 3126 5245 σώματος.
3180 5175 3500 5242 Ἀπέμεινεν
3527 5169 3622 5222 οῦν
3648 5172 3724 5234 εἰς
3750 5170 3915 5238 ὑμᾶς,
3935 5167 4053 5228 πῶς

2472 5275 2556 5325 ἶνα
2606 5270 2974 5341 ἐπιμεληθῆτε
3033 5265 3345 5329 ἀπαλλάξαι
3405 5262 3499 5315 τοῦ
3545 5259 3781 5330 ψυχικοῦ
3808 5258 4057 5327 ὀλεθρίου

2472 5366 2764 5432 πτώματος
2799 5360 2892 5414 καὶ
2924 5359 3011 5410 τὸν
3041 5355 3414 5426 περιπόθητον
3446 5352 3698 5420 γαμϐρὸν
3727 5350 3822 5402 τοῦ
3869 5347 4059 5432 κρατί·

2475 5427 2609 5507 στου⁷
2628 5455 2717 5504 καὶ
2748 5453 2907 5518 άγίου
2936 5469 3037 5518 μου
3073 5447 3499 5516 αὐτοκράτορος,
3526 5444 3617 5494 τὸν
3637 5443 3813 5510 μέγαν
3837 5427 4058 5509 Κόμνη-

2473 5549 2583 5609 νὸν,
2616 5550 2708 5598 καὶ
2740 5545 2880 5610 ὑμᾶς
2907 5538 3228 5602 αὐτοὺς,τοῦ
3256 5535 3641 5608 ἐπηρτημένου
3667 5533 3936 5591 κινδύνου.
3961 5533 4060 5588 καὶ

2474 5639 2562 5691 τὸν
2585 5636 2771 5688 αὐτόθι
2802 5636 2926 5685 λαὸν
2968 5633 3059 5684 τοῦ
3107 5632 3215 5683 ἀπὸ
3248 5631 3348 5698 τῆς
3381 5628 3676 5698 εἰρημένης
3726 5625 4055 5689 αἰτίας.ὀλέ-

2475 5733 2604 5799 υρου
2629 5736 2718 5781 καὶ
2749 5729 2844 5797 τῆς
2885 5727 3033 5792 παρὰ
3083 5723 3176 5775 τοῦ
3218 5721 3353 5776 Θεοῦ
3385 5723 3845 5792 ἀγανακτήσεως,
3871 5720 3945 5783 ὡς
3986 5718 4058 5771 ἂν

2477 5823 2569 5875 καὶ
2659 5821 2814 5888 χάρις
2840 5817 2932 5873 τοῦ
2974 5816 3108 5868 θεοῦ
3138 5815 3222 5884 εἴη
3252 5813 3370 5883 μεθ’
3400 5814 3574 5882 ὑμῶν.
