4360 6472
344 419 471 486 1241
581 464 585 468 ι

1399 429 1797 492 ΞΥΝΟΒΞΟΕ
1838 431 2540 503 CONSTITU'I‘IONES.

3449 448 3582 515 1242

340 535 506 591 XXII.
535 518 1170 634 Ιοαρσιεε
1198 539 1730 634 “theologica
1757 541 1905 615 ἀαοι-
1939 549 1984 606 Α
2017 563 2062 613 μ·

1844 558 1905 615 τι·
1939 549 1984 606 Δ
2017 547 2151 614 μηδὲ
2200 552 2400 619 χωρείν
2430 550 2692 634 ὅλως.τά
2747 552 2842 605 τοῦ
2898 553 3214 622 Πνεύματος
3270 545 3566 626 smmum

775 605 890 664 ma
927 605 1170 662 monachi
1203 605 1483 663 Barbam.

412 721 453 791 -ι-
497 719 715 791 Ἐπειδὴ
768 719 1089 791 ἀπηλέγχθη
1142 721 1446 792 ὁμοναχδς
1499 724 1768 792 Βαρλαάμ
1817 724 1914 776 ἐπὶ

341 813 442 882 τῆς
478 812 950 882 συγκροτηθείσης
999 812 1151 880 ίτρᾶς
1196 814 1292 865 καὶ
1323 815 1473 876 θείας
1505 816 1722 869 συνόδου
1751 817 1912 885 χάριν

340 907 456 968 τῶδε
486 905 834 974 λαληθέντων
882 905 1013 985 παρ’
1053 905 1217 958 αὑτοῦ
1263 908 1404 959 κατά
1438 909 1547 960 τῶν
1583 909 1743 978 ίερῶς
1780 910 1911 978 ήσυ-

340 995 640 1066 χαζόντων,
683 996 984 1066 βλάσφημα
1015 995 1196 1050 λαλῶν
1241 999 1337 1060 καὶ
1387 997 1651 1069 ἀκτικρυς
1698 1001 1912 1053 ἐναντία

344 1091 455 1146 τοῖς
485 1088 648 1151 θείοις
688 1089 796 1140 τῶν
824 1087 1080 1155 Πατέρων
1114 1088 1313 1155 λόγοις,
1360 1091 1455 1142 καὶ
1487 1090 1576 1143 διὰ
1609 1089 1765 1142 τοῦτο
1796 1091 1912 1159 κρί-

345 1194 426 1232 νει
459 1181 814 1249 άναγκαῖονή
852 1181 1142 1250 μετριότης
1176 1180 1354 1249 ήμῶν,
1389 1181 1476 1234 ἵνα
1500 1181 1912 1250 περισυναχθῶ-

347 1285 452 1332 σιν,
474 1270 820 1338 ὁπουδήποτε
853 1270 1222 1337 εὑρίσκονται,
1258 1272 1672 1341 συγγράμματα
1717 1271 1909 1324 τούτου

343 1360 477 1428 περὶ
505 1362 602 1424 τῆς
628 1359 886 1427 τοιαύτης
917 1361 1249 1422 ὑποθέσεως·
1304 1360 1618 1415 ἀπολύουσα
1647 1361 1708 1414 τὸ
1737 1363 1912 1430 παρόν

344 1451 583 1518 γράμμα
612 1451 1054 1520 παρακελεύεται
1105 1451 1197 1503 διὰ
1229 1451 1424 1504 τούτου
1466 1454 1580 1513 τοῖς
1610 1468 1668 1503 τε
1704 1456 1761 1503 ἐν
1792 1453 1911 1523 ταζς

348 1542 674 1609 σεϐασμίαις
711 1545 898 1609 μοναῖς
932 1547 1190 1611 μοναχοῖς
1221 1543 1313 1596 καὶ
1348 1546 1459 1607 τοῖς
1503 1545 1783 1614 οἰκήτορσι
1811 1545 1911 1612 τῆς

343 1633 610 1702 βασιλίδος
642 1634 847 1703 ταύτης
883 1634 992 1688 τῶν
1025 1634 1254 1700 πόλεων,
1299 1637 1407 1700 ῐνα,
1443 1637 1590 1698 ὅστις
1632 1636 1744 1705 ἔχει
1781 1637 1910 1704 σύγ-

338 1721 574 1788 γραμμά
599 1735 650 1772 τι
683 1720 776 1772 τοῦ
807 1721 1050 1774 τοιούτου
1083 1722 1324 1791 μοναχοῦ
1353 1726 1484 1791 περὶ
1526 1725 1624 1793 τῆς
1657 1724 1910 1794 τοιαύτης

342 1809 374 1878 ἢ
407 1809 535 1880 περὶ
565 1808 730 1878 ἄλλης
758 1809 1218 1880 ἐκκλησιαστικῆς
1249 1812 1587 1876 ὑποθέσεως,
1620 1813 1785 1883 μηδὲν
1811 1814 1910 1885 Em

340 1903 499 1957 τοῦτο
526 1904 659 1975 παρ’
685 1905 864 1975 ἐαυτῷ
904 1907 1013 1958 ἀπὸ
1039 1905 1132 1958 τοῦ
1166 1905 1278 1970 νῦν,
1326 1906 1462 1958 ἀλλά
1506 1907 1706 1980 ἐνέγκῃ
1749 1907 1907 1961 τοῦτο

335 1999 417 2061 είς
463 1998 564 2066 τὴν
615 1997 774 2069 ήμῶν
825 1997 1182 2068 μετριότητα,
1221 1998 1343 2051 ὅθεν
1377 1999 1470 2051 καὶ
1497 2000 1670 2062 οὐδεὶς
1701 2001 1906 2069 ὀφείλει
1942 2026 1948 2051 ;

336 2093 444 2146 ἀπὺ
467 2094 672 2147 τούτων
715 2095 934 2162 συσχεῖν
975 2095 1070 2145 καὶ.
1100 2093 1247 2163 ιχειν
1284 2094 1417 2164 παρ’
1451 2094 1633 2164 ἐαυτῷ
1662 2096 1905 2150 τοιοῦτόν

336 2202 388 2238 τι
420 2184 784 2255 σύγγραμμα,
831 2188 943 2239 εἴτε
980 2187 1139 2250 πολὺ,
1173 2188 1281 2240 είτε
1312 2188 1495 2255 ὀλίγον
1523 2189 1617 2242 τοῦ
1643 2190 1904 2259 δηλωθέν-

334 2292 428 2340 τος
488 2276 725 2346 μοναχοῦ
773 2278 1064 2348 Βαρλαάμ,
1107 2279 1328 2343 ειδότες,
1361 2281 1436 2344 ὼς
1479 2286 1506 2333 6
1552 2285 1626 2352 μὴ
1671 2283 1906 2352 φανερὸν

341 2371 573 2438 ποιήσας
605 2371 699 2423 καὶ
732 2369 996 2435 ἐνεγκὼν,
1033 2371 1190 2440 ὅπερ,
1236 2371 1311 2432 ὡς
1347 2373 1586 2443 είρηται,
1636 2374 1738 2426 ὑπὸ
1776 2376 1905 2442 ἀφο-

344 2464 537 2532 ρισμδν
569 2464 862 2531 ποιήσεται
913 2463 1129 2527 ἐαυτὸν,
1163 2463 1221 2516 ὃν
1257 2467 1496 2532 ἐκφωνεί
1540 2468 1571 2534 ἠ
1616 2466 1905 2537 μετριότης

339 2557 496 2622 ἡμῶν
525 2557 610 2606 διὰ
641 2555 735 2606 τοῦ
763 2554 1031 2625 παρόντος
1058 2556 1411 2624 γράμματος,
1441 2556 1798 2618 ἀπολυθέντος
1827 2559 1905 2618 είς

336 2646 639 2713 ἀσφάλειαν
673 2645 769 2699 τοῦ
801 2646 1229 2733 μήδπεριπεσείθ
1261 2664 1381 2699 τινα
1427 2651 1503 2718 τῷ
1536 2650 1596 2701 ἐκ
1631 2649 1724 2702 τοῦ
1756 2651 1905 2720 εἰρη-
1958 2649 1964 2657 ’

342 2739 508 2808 μένου
541 2736 741 2807 βάρους
770 2738 1018 2806 κρίματι,
1053 2737 1190 2789 αὐτὰ
1236 2738 1291 2790 δέ
1327 2739 1496 2791 ταῦτα
1534 2741 1905 2810 παρακελεύε-

334 2849 423 2884 ται
459 2831 494 2898 ή
525 2830 815 2900 μετριότης
847 2829 1006 2899 ἡμῶν
1040 2831 1132 2882 καὶ
1160 2831 1297 2899 πρδς
1327 2831 1452 2891 τοὺς
1478 2832 1767 2899 οίκήτορας
1795 2833 1906 2885 τῶν

333 2923 676 2992 ὁπουδήποτε
699 2921 904 2973 λοιπῶν
941 2921 1172 2985 πόλεων,
1221 2921 1348 2983 τούς
1377 2938 1433 2973 τε
1486 2924 1758 2992 μοναχοὺς
1809 2926 1905 2976 καὶ

333 3015 463 3076 τοὺς
509 3015 831 3084 κοσμικοὺς,
870 3016 958 3066 ’ίνα
1009 3019 1102 3067 καὶ
1149 3015 1328 3078 αὐτοὶ,
1371 3016 1715 3085 ὑφορώμενοι
1744 3017 1804 3070 τὸ
1843 3018 1905 3070 ἐκ

335 3105 428 3158 τοῦ
463 3106 772 3177 άφορισμοῦ
797 3106 1146 3176 κατάκριμα,
1170 3107 1521 3176 ἐμφανίσωσι
1555 3110 1691 3179 πρὸς
1718 3110 1778 3162 τὸ
1813 3110 1904 3178 μέ-

2011 635 2254 706 ψυχικήν
2295 641 2389 693 καὶ
2441 641 3023 714 ἀποδεδοκιμασμένην
3075 646 3438 715 φιλοσοφίανι
3488 649 3578 703 τὸν

2016 728 2369 796 μαθητιῶντα
2407 731 2517 802 γὰρ
2563 727 2720 795 οὗτος
2768 734 3087 803 ὑποκριθεὶς
3119 737 3395 806 προσῆλθέ
3451 755 3578 792 ποτε

2015 821 2111 872 σὺν
2143 821 2278 891 δόλῳ
2319 823 2431 876 τισὶ
2460 825 2567 877 τῶν
2601 826 2733 894 παρ’
2767 828 2899 894 ήμῐν
2933 825 3204 896 μοναχῶν,
3225 830 3276 881 οἶ
3323 830 3414 884 τὸν
3447 831 3576 900 ήσὺο

2013 926 2128 977 χιον
2165 912 2520 981 προελόμενοι
2559 913 2694 983 βίον,
2722 920 2836 980 τοῖς
2861 918 3046 980 ἄλλοις
3073 920 3210 972 πᾶσι
3251 922 3473 989 χαίρειν
3495 924 3578 973 εί-

2014 999 2226 1066 πόντες,
2261 1004 2382 1073 Θεῷ
2405 1009 2836 1076 προσανέχουσι,
2893 1010 2988 1062 καὶ
3031 1009 3239 1063 τούτων
3266 1012 3443 1065 οὐδενὶ
3473 1012 3576 1079 μὶν

2010 1092 2120 1145 τῶν
2166 1093 2638 1164 ἐλλογιμωτέρων,
2691 1100 2804 1161 τοῖς
2843 1100 3235 1171 ἁπλουστέροις
3263 1101 3320 1156 δέ
3374 1103 3580 1172 μᾶλλον

2012 1182 2300 1253 ἐφοίτησεν
2343 1186 2679 1254 ἐξεπίτηδες,
2723 1179 2831 1242 δέει
2882 1192 3099 1254 πάντως
3129 1193 3222 1246 τοῦ
3274 1192 3348 1261 μή
3395 1211 3582 1264 φωρτ·

2013 1275 2191 1345 θῆναι.
2230 1277 2382 1330 Μετά
2432 1280 2631 1348 μικρὸν
2680 1282 2866 1348 μέντοι
2913 1282 3009 1335 καὶ
3056 1283 3239 1336 αὐτῶν
3294 1285 3579 1351 ἀποστάς,

1962 1447 1964 1449 _
2012 1369 2385 1436 ἀποτρόπαιον
2455 1373 2753 1441 ἐγγράφως
2802 1374 3007 1428 τούτων
3054 1376 3397 1444 κατηγόρηκε
3446 1378 3581 1443 φρό-

2012 1474 2179 1527 νημα,
2209 1461 2282 1521 ὡς
2310 1462 2474 1529 δῆθεν
2502 1465 2597 1515 ὑπ’
2629 1465 2809 1517 αὐτῶν
2851 1467 3305 1534 πρεσσευόμενονο
3342 1467 3580 1529 ἀκούσας

2013 1549 2122 1618 γὰρ
2151 1551 2378 1604 ἐκείνων
2403 1551 2698 1620 λεγόντων,
2731 1555 2805 1616 ὡς
2833 1555 2940 1606 ἀπὸ
2970 1555 3320 1623 παραδόσεως
3349 1557 3581 1623 ἐχόντων

2010 1643 2120 1694 τῶν
2167 1644 2341 1711 άγίων
2395 1643 2676 1711 Πατέρων,
2727 1645 2808 1696 ὅτι
2851 1648 2901 1697 οί
2947 1646 3033 1697 διὰ
3066 1645 3176 1697 τῶν
3217 1646 3446 1698 ἐντολῶν
3485 1645 3580 1698 τοῦ

2013 1734 2149 1788 Θεοῦ
2197 1736 2605 1804 κεκαθαρμένοι
2656 1735 2756 1796 τὰς
2811 1736 3040 1804 καρδίας
3089 1737 3385 1806 ἐλλάμψεις
3430 1736 3581 1799 Θείας

2016 1824 2296 1894 μυστικῶς
2334 1825 2427 1877 καὶ
2477 1825 2808 1895 ἀπορῤήτως
2856 1826 3215 1893 ἐγγινομένας
3264 1811 3457 1888 αὑταῖς
3495 1825 3581 1878 δέ-

2012 1934 2219 1987 χονται,
2273 1918 2654 1986 κατηγόρησεν
2698 1917 2899 1982 αὐτῶν,
2927 1916 3000 1978 ὡς
3043 1917 3142 1983 τὴν
3176 1917 3363 1968 οὐσίαν
3408 1916 3582 1983 αὑτὴν

2009 2010 2101 2063 τοῦ
2139 2010 2273 2062 Θεοῦ
2330 2008 2599 2078 μεθεκτὴν
2628 2009 2917 2075 λεγόντων.
2953 2009 3072 2060 Τῶν
3117 2009 3172 2061 δέ
3208 2009 3580 2077 ἀπολογουμέ-

2008 2118 2134 2162 νων,
2167 2100 2228 2152 οὑ
2256 2100 2353 2166 τὴν
2387 2098 2593 2160 οὐσίαν,
2631 2097 2770 2150 ἀλλά
2813 2097 2911 2165 τήν
2939 2097 3215 2158 ἀκτιστον,
3256 2097 3351 2147 καὶ
3386 2095 3578 2160 ἀΐδιον,

2009 2197 2101 2246 καὶ
2131 2193 2381 2246 θεοποιδν
2430 2192 2592 2260 χάριν
2627 2189 2723 2242 τοῦ
2759 2189 3102 2258 Πνεύματος,
3153 2187 3358 2250 διθεῑας
3394 2188 3580 2247 αὐτοῖς

2009 2281 2261 2335 ἐντεῦθεν
2293 2282 2544 2351 ἐγκλημα
2597 2279 3038 2350 προστρίψασθαι
3073 2279 3452 2348 ἐπεχείρησεν.
3500 2277 3580 2330 Οὐ

2011 2376 2121 2444 μὴν
2147 2374 2283 2427 ἀλλά
2316 2376 2408 2428 καὶ
2441 2374 2522 2436 είς
2545 2374 2649 2443 τὴν
2681 2372 2974 2442 ἐκκλησίαν
3004 2369 3098 2425 τοῦ
3132 2371 3266 2424 Θεοῦ
3295 2367 3582 2439 παρελθὼν

2009 2468 2104 2520 καὶ
2137 2467 2203 2519 τά
2234 2467 2365 2534 περὶ
2397 2464 2591 2516 τούτου
2620 2463 2919 2534 ἀνενέγκας
2948 2464 3014 2531 τῇ
3050 2461 3204 2529 ήμῶν
3239 2460 3579 2530 μετριότητι,

2008 2556 2329 2628 κατηγορῶν
2366 2555 2602 2624 μάλιστα
2640 2553 3096 2621 τοῦ,τιμιωτάτου
3122 2555 3178 2604 ἐν
3208 2551 3581 2620 ἱερομονάχοις

2009 2650 2114 2720 κῦρ
2144 2650 2446 2718 Γρηγορίου
2479 2647 2573 2699 τοῦ
2619 2647 2858 2714 Παλαμᾶ
2904 2646 3134 2714 ἐζήτησε
3173 2643 3579 2716 μετακληθῆναι

2007 2744 2102 2795 καὶ
2133 2742 2327 2803 αὑτοὺς
2361 2743 2440 2801 είς
2474 2740 2570 2810 τὴν
2605 2739 2724 2792 καθ’
2760 2739 2906 2806 ἡμᾶς
2938 2738 3091 2806 ἱερὰν
3122 2737 3217 2789 καὶ
3246 2737 3399 2790 Θείαν
3429 2737 3583 2789 σύνοδ

2008 2839 2116 2889 δον⁶
2158 2833 2615 2905 μετακληθέντων
2639 2833 2822 2883 τοίνυν
2860 2831 3051 2899 ἑτέραν
3081 2834 3107 2882 6
3133 2830 3397 2898 Βαρλαάμ
3425 2829 3583 2899 ἐτρά-

2009 2941 2160 2983 πετο,
2197 2923 2528 2988 ἀποφεύγων
2560 2922 2653 2972 κα¹ι
2690 2918 2764 2988 μὴ
2812 2919 3148 2989 καταπειθὴς
3190 2921 3329 2983 ὅλως
3361 2922 3582 2987 γινόμε-

2009 3033 2094 3077 νος
2129 3015 2206 3076 εἰς
2238 3015 2338 3084 τὴν
2369 3015 2589 3068 σύνοδον
2621 3011 2942 3080 ἀπαντῆσαι
2995 3013 3088 3066 καὶ
3123 3012 3234 3074 τοίς
3269 3031 3584 3085 κατηγορη-

2008 3108 2149 3161 θεϊσι
2200 3107 2336 3176 παρ’
2363 3107 2531 3160 αὑτοῦ
2585 3109 2845 3176 μοναχοῖς
2888 3105 2968 3167 είς
3012 3104 3206 3171 λόγους
3261 3103 3437 3157 ἐλθεῖν
3489 3105 3584 3158 καὶ

342 3215 431 3266 ρος
460 3198 569 3250 τῶν
593 3197 932 3266 ὁπουδήποτε
965 3199 1295 3266 ἐκκλησιῶν,
1339 3199 1390 3250 εί
1429 3216 1482 3251 τι
1529 3200 1644 3268 εχει
1675 3200 1903 3262 ἕκαστος
1935 3226 1976 3283 c
2011 3202 2477 3269 ἀντικαταστῆναι
2502 3200 2710 3261 αὑτοῖς,
2741 3197 2828 3266 ἐφ’
2860 3191 2942 3260 οἷς
2966 3196 3091 3249 κατ’
3121 3193 3300 3249 ἀυτῶν
3323 3195 3585 3264 συνεγρά-

340 3291 682 3360 σύγγραμμα
728 3290 822 3343 τοῦ
877 3293 1171 3360 εἰρημένου
1216 3291 1474 3363 μοναχοῦ,
1524 3293 1601 3355 ὡς
1649 3293 1903 3362 εἴρηται,

338 3381 478 3435 ῶστε
500 3383 737 3454 δημοσίᾳ
764 3384 1128 3454 ἀφανισθῆναι
1160 3386 1311 3438 αὑτό.

411 3539 602 3595 XXIII.
653 3539 891 3612 Synodua
941 3543 1253 3664 εοῢιίέῖηηαι
1304 3540 1552 3612 dogmata
1597 3543 1838 3595 manat/ai

1044 3628 1106 3664 ar
1132 3630 1276 3664 aam.

1044 3628 1276 3666 arlaam.

403 3748 444 3818 -ι-
490 3747 808 3810 Ἐπαινετὺς
859 3747 1076 3816 ἀληθῶς
1121 3749 1149 3799 ὀ
1199 3746 1394 3811 είπὼν,
1443 3746 1541 3816 τὴν
1577 3747 1909 3800 ταπείνωσιν

332 3841 595 3909 ἀληθείας
621 3835 760 3893 εἶναι
780 3840 1102 3906 ἐπίγνωσιν
1127 3837 1267 3907 αῦτη
1295 3839 1402 3904 γὰρ
1428 3839 1523 3890 καὶ.
1551 3839 1657 3890 τῶν
1684 3838 1902 3891 οίκείων

335 3935 556 4004 μέτρων
585 3933 702 3984 ἐστὶ
737 3930 1062 4000 κατάληψις,
1097 3930 1192 3983 καὶ
1244 3930 1310 3982 δι’
1342 3928 1513 3998 αὑτῆς
1546 3930 1647 3999 τήν
1677 3947 1737 3982 τε
1769 3931 1908 3999 πρὸς

331 4025 468 4076 Θεὸν
517 4022 740 4092 είρήνην
771 4023 866 4075 καὶ
895 4023 994 4091 τὴν
1050 4019 1188 4091 πρὸς
1234 4020 1325 4072 τὸν
1376 4021 1608 4091 πλησίον
1661 4021 1909 4093 καρπούς

337 4117 499 4185 μεθα.
525 4115 591 4167 δι’
623 4110 689 4186 ἦς
728 4111 884 4176 αὖθις
938 4114 1028 4165 καὶ
1080 4111 1177 4180 τὴν
1224 4113 1320 4164 ἐπὶ
1353 4112 1448 4164 τοῦ
1504 4114 1771 4180 παρόντος
1813 4117 1910 4168 καὶ

331 4211 430 4278 τὴν
451 4211 544 4260 ἐπὶ
563 4208 656 4260 τοῦ
684 4206 968 4276 μέλλοντος
990 4205 1183 4267 αίῶνος
1208 4206 1522 4259 ἀνάπαυσιν
1547 4207 1906 4276 ποριζόμεθα,

331 4299 474 4352 κατά
513 4299 612 4366 τὴν
640 4297 938 4348 θεσπεσίαν
962 4295 1180 4362 ἐκείνην
1231 4294 1324 4346 καὶ
1376 4297 1791 4366 προτρεπτικὴν
1828 4299 1906 4357 είς

331 4392 492 4444 τοῦτο
521 4390 614 4442 τοῦ
663 4389 868 4458 Κυρίου
920 4389 1143 4456 φωνήν·
1199 4387 1428 4440 Μάθετε
1462 4388 1567 4442 ἀπ’
1603 4384 1772 4456 ἐμοῦ,
1820 4391 1908 4441 ὅτι

333 4481 526 4548 πρᾶός
554 4480 790 4547 ειμι-καί
821 4483 1105 4545 ταπεινὸς
1135 4479 1209 4546 τῇ
1236 4479 1466 4549 καρδίᾳ,
1488 4481 1589 4534 ’καί
1616 4470 1907 4549 εὑρήσετε

2009 3289 2169 3358 ψατο,
2210 3290 2486 3357 πρόφασιν
2531 3289 2630 3356 μὲν
2667 3289 2766 3356 τῆς
2800 3287 3097 3356 άποφυγῆς
3127 3285 3456 3355 ποιούμενος
3488 3305 3586 3353 τη-

2011 3381 2243 3436 νικαῦτα
2284 3381 2383 3450 τὴν
2433 3379 2724 3449 βασιλικὴν
2767 3380 3099 3448 ἀποδημίαν,
3165 3381 3232 3449 τῇ
3266 3378 3313 3431 δ’
3358 3378 3586 3449 ἀληθείᾳ

2013 3470 2206 3523 ἐαυτοῦ
2241 3486 2544 3536 καταγνους
2595 3470 2688 3522 καὶ
2737 3471 2827 3522 τὸν
2856 3468 3108 3529 ἐντεῦθεν
3130 3468 3352 3537 ἐλεγχον
3374 3468 3581 3530 δεδιώςο

2013 3562 2206 3615 ἐπει-τα
2259 3564 2477 3616 συνόδου
2525 3561 2997 3631 συγκροτηθείσης
3047 3561 3322 3633 παρουσίᾳ
3369 3561 3462 3614 καὶ
3489 3558 3585 3612 τοῦ

2013 3657 2076 3706 ἐκ
2111 3656 2247 3711 Θεοῦ
2278 3656 2564 3726 βασιλέως,
2607 3655 2704 3708 τοῦ
2738 3655 2985 3721 ἀοιδίμου
3027 3655 3124 3707 καὶ
3163 3653 3491 3722 μακαρίτου,
3525 3654 3584 3704 ἐν

2009 3745 2087 3818 τῇ
2137 3750 2474 3819 περιωνύμῳ
2521 3747 2636 3818 ναῷ
2682 3749 2782 3816 τῆς
2830 3748 2924 3800 τοῦ
2973 3746 3108 3800 Θεοῦ
3146 3747 3318 3813 Λόγου
3361 3747 3581 3811 Σοφίας,

2010 3842 2108 3907 τῆς
2137 3856 2194 3891 τε
2238 3840 2546 3908 συγκλήτου
2578 3839 2672 3891 καὶ
2724 3839 2824 3891 οὐκ
2869 3838 3068 3905 ὀλίγων
3119 3838 3227 3891 ἀπό
3266 3854 3324 3890 τε
3364 3838 3474 3890 τῶν
3506 3855 3586 3889 τι-

2015 3932 2306 4000 μιωτάτων
2356 3930 2802 3999 ἀρχιμανδριτῶν
2865 3931 2968 3983 καὶ
3011 3929 3444 3999 καθηγουμένων
3493 3929 3611 3983 κλὶι

2009 4026 2119 4076 τῶν
2168 4025 2267 4092 τῆς
2319 4024 2594 4085 πολιτείας
2646 4023 3106 4092 συνειλεγμένων,
3168 4022 3587 4091 μεταπεμφθεὶς

2011 4120 2100 4169 κ..“ι
2162 4120 2188 4170 ὀ
2239 4117 2401 4179 αὐτὸς
2430 4115 2701 4187 Βαρλαὰμ
2757 4116 2852 4169 καὶ
2887 4115 3230 4184 προτραπεὶς
3273 4114 3446 4166 εἰπεῖν
3494 4113 3590 4164 καὶ

2011 4206 2316 4270 ἀποδεῖξαι,
2349 4206 2404 4258 εί
2433 4223 2484 4257 τι
2507 4206 2687 4256 εἰπεῖν
2717 4204 2832 4271 ἔχει
2868 4204 3010 4256 κατὰ
3045 4203 3155 4255 τῶν
3199 4201 3320 4255 καθ’
3356 4203 3591 4272 ήσυχίαν

2011 4295 2232 4356 ζώντων
2267 4295 2541 4364 μοναχῶν,
2570 4295 2859 4364 παρόντων
2885 4296 2985 4364 ήδη
3012 4294 3106 4346 καὶ
3133 4293 3315 4344 αὑτῶν
3338 4295 3408 4361 τῇ
3432 4292 3591 4342 συνό-

2010 4388 2105 4456 δῳ,
2143 4388 2307 4452 αὑτὸς
2343 4387 2583 4457 ὡσπερεὶ
2623 4387 2716 4440 τοῦ
2755 4387 3118 4455 προκειμένου
3169 4385 3343 4454 λήθην
3376 4383 3586 4446 παθὼν,

2015 4480 2247 4546 μάλιστα
2279 4477 2337 4530 δέ
2368 4466 2621 4547 συγχέειν
2648 4476 2995 4548 πειρώμενος
3023 4477 3094 4528 τὰ
3126 4476 3224 4543 τῆς
3253 4474 3587 4536 ὑποθέσεως,

334 4574 687 4628 ἀνάπαυσιν
734 4573 862 4638 ταῖς
897 4572 1127 4640 ψυχαῖς
1173 4571 1372 4638 ὑμῶν·
1413 4572 1553 4640 αὕτη
1600 4574 1779 4626 πείθει
1820 4576 1908 4627 τὸν
1945 4570 1984 4622 D
2016 4574 2094 4627 εἰς
2148 4571 2448 4639 ἐρωτήσεις
2498 4571 2595 4621 καὶ
2637 4570 2876 4637 ἀπορίας
2923 4570 3182 4638 ἐχωρείτο
3228 4568 3587 4634 δογματικὰς,

334 4666 672 4732 κεκτημένον
695 4663 874 4732 ἑαυτῷ
909 4664 1009 4731 μὲν
1036 4665 1329 4732 προσέχειν
1358 4664 1450 4716 καὶ
1480 4663 1601 4733 Θεῷ
1632 4668 1901 4735 προσανέ-

333 4774 472 4824 χειν,
511 4757 710 4816 παντὸς
757 4754 814 4806 δὲ
855 4754 1028 4807 κακοῦ
1073 4754 1150 4823 τῷ
1193 4754 1285 4806 τοῦ
1321 4756 1522 4824 Κυρίου
1569 4757 1720 4828 φόϐῳ
1757 4761 1898 4811 κατὰ

328 4850 422 4900 τὸν
457 4848 553 4900 τοῦ
588 4846 755 4916 σοφοῦ
786 4847 1136 4916 Σολομῶντος
1170 4847 1330 4914 λόγον
1359 4848 1694 4913 ἐκκλίνοντα,
1745 4850 1899 4903 εὑλα-

326 4939 436 5001 ὁῶς
465 4939 592 5007 περὶ
627 4939 691 4990 τὰ
724 4937 866 5006 ὑπὲρ
903 4937 1096 4988 ἐαυτὸν
1132 4938 1224 4989 καὶ
1249 4940 1545 5008 σωφρόνως
1577 4939 1744 5009 ἐχειν,
1775 4942 1899 5008 ὅρια

327 5034 583 5100 πατέρων
614 5032 807 5084 αίώνια
835 5031 910 5099 μὴ
945 5031 1280 5101 μεταίροντα
1309 5035 1402 5083 καὶ
1435 5033 1533 5095 τὰς
1557 5035 1644 5101 ἐφ’
1667 5035 1902 5102 ἑκάτερα

329 5124 711 5192 παρατροπὰς,
750 5121 1080 5190 ὑπερϐολὰς,
1115 5125 1282 5190 φημὶ,
1317 5123 1413 5174 καὶ
1458 5123 1726 5192 ἐλλείψεις
1769 5127 1902 5178 ἀπο-

327 5214 687 5283 τρεπόμενον,
736 5211 834 5280 τὴν
887 5211 1173 5280 βασιλικὴν
1223 5212 1431 5265 ὁδεύειν
1468 5217 1562 5266 καὶ
1602 5215 1778 5282 μέσην
1810 5217 1904 5268 καὶ

327 5309 463 5376 πρδς
495 5307 761 5374 οὐρανοὺς
801 5305 896 5356 καὶ
932 5304 1065 5356 Θεὸν
1096 5304 1352 5367 ἀπλανῶς
1392 5307 1486 5358 καὶ
1518 5307 1778 5373 ἀσφαλῶς
1810 5310 1905 5374 φέ-

327 5415 549 5469 ρουσαν.
590 5394 732 5449 Ἀλλ’
762 5397 791 5448 6
820 5397 884 5447 ἐκ
917 5395 1243 5464 Καλαῦρίας
1278 5395 1609 5463 ⁸ὁρμώμενος
1670 5400 1902 5466 μοναχός

328 5489 617 5556 Βαρλσὰμ,
657 5487 735 5549 είς
763 5487 824 5538 τδ
852 5487 950 5554 τῆς
969 5483 1210 5555 ὀἰήσεως
1236 5487 1472 5551 πέλαγος
1501 5487 1560 5550 ἐξ
1591 5490 1906 5556 ἀφροσύνης

332 5584 554 5640 πάντως
602 5581 697 5632 καὶ
728 5579 1107 5649 ίδιορρυθμίας
1134 5578 1324 5640 καθεὶς
1371 5579 1585 5644 ἐαυτὸν,
1631 5577 1724 5632 ἰαὶ
1765 5583 1906 5649 μέγα

327 5672 543 5741 φρονῶν
574 5673 664 5726 ἐπὶ
699 5674 763 5743 τῇ
811 5673 909 5743 τῆς
959 5654 1197 5741 θύραθεν
1253 5673 1538 5742 ἐπιστήμῃ
1584 5673 1907 5740 φιλοσοφίας
1972 5664 1974 5667 ’

325 5767 464 5818 κατά
484 5765 583 5833 τῆς
608 5764 924 5835 ὑπερφυοῦς
950 5765 1044 5817 καὶ
1064 5765 1232 5825 ὁντως
1259 5766 1577 5833 φιλοσοφίας
1605 5765 1784 5835 ἐχώρη
1802 5783 1904 5828 .εν,

330 5857 765 5928 ἐπιστρατεύσας
800 5860 866 5928 τῇ
904 5857 1224 5925 διδασκαλίᾳ
1273 5858 1366 5910 τοῦ
1415 5858 1752 5928 [ινεὺματος,
1810 5860 1907 5928 τὴν

2004 4668 2096 4716 καὶ
2128 4662 2312 4724 λύσεις
2351 4662 2460 4714 τῶν
2498 4661 2880 4731 ἀπορημάτων
2924 4661 3132 4729 ἐζήτει,
3167 4662 3249 4722 είς
3279 4659 3307 4712 ὁ
3350 4661 3445 4711 καὶ
3483 4661 3589 4710 ἐνι-

2006 4756 2269 4822 στάμενος
2323 4761 2418 4809 καὶ⁵
2475 4755 2918 4823 ίσχυριζόμενος,
2977 4753 3146 4821 μηδέν
3202 4769 3257 4804 τι
3325 4753 3590 4819 πρότερον

2006 4851 2200 4911 είπείν,
2252 4848 2380 4916 πρὶν
2420 4845 2486 4899 ἀν
2541 4846 2640 4915 τὴν
2693 4846 2784 4897 ἐπὶ
2833 4848 2952 4905 ταῖς
3011 4845 3319 4914 ἐρωτήσεσι
3365 4846 3587 4904 ταύταις

2006 4940 2302 5009 ἀπόκρισιν
2351 4941 2446 4992 καὶ
2502 4939 2658 4991 λύσιν
2712 4939 3043 5007 κομίσηταιο
3081 4935 3270 5004 ἐπειδὴ
3304 4937 3398 4988 καὶ
3437 4936 3586 5000 ἅπαξ

2008 5033 2102 5083 καὶ
2133 5032 2215 5093 δὶς
2256 5033 2350 5084 καὶ¹
2376 5032 2493 5100 μετ’
2524 5030 2846 5099 ἐμόριθείας
2878 5028 3303 5098 ἀποκρουσθεὶς,
3339 5030 3439 5080 οὑκ
3475 5030 3591 5079 ἐνεο

2007 5123 2152 5175 δίδου
2185 5123 2287 5191 τῆς
2320 5124 2629 5185 ἐνστάσεως
2678 5122 2903 5189 ταύτης,
2956 5122 3078 5175 οὐδὲ
3129 5122 3380 5174 ἐπείθετο
3410 5120 3589 5187 λέγειν

2010 5218 2137 5285 περὶ
2188 5217 2289 5284 τῆς
2338 5217 2447 5268 τῶν
2503 5216 2888 5285 προκειμένων
2936 5214 3261 5277 ἐξετάσεως,
3308 5215 3406 5280 τῆς
3445 5210 3588 5264 κατά

2009 5307 2118 5360 τῶν
2152 5307 2404 5376 μοναχῶν
2434 5306 2635 5375 δηλαδή
2663 5307 2944 5374 ἐγγράφου
2979 5307 3108 5374 παρ’
3143 5305 3308 5356 αὑτοῦ
3344 5319 3584 5373 κατηγο-

2013 5401 2156 5469 ρίας,
2190 5398 2489 5469 ἐπέτρεψεν
2539 5401 2572 5467 ή
2623 5399 2916 5467 μετριότης
2953 5399 3112 5466 ἡμῶν
3162 5398 3590 5476 ἀναγνωσθῆναι

2011 5498 2089 5553 εἰς
2122 5495 2360 5561 ἐπήκοον
2418 5492 2517 5560 τῆς
2574 5492 2797 5543 συνόδου
2854 5491 2982 5553 τοὺς
3033 5491 3210 5559 ἱεροὺς
3269 5490 3360 5541 καὶ
3411 5490 3590 5553 θείους

2011 5586 2264 5650 κανόνας,
2291 5584 2358 5638 δι’
2385 5578 2461 5637 ὧν
2496 5584 2880 5654 ἀπηγόρευται
2911 5583 3004 5635 καὶ
3034 5583 3288 5650 οὐδαμῶς
3341 5599 3591 5650 παρακεο

2011 5679 2282 5746 χώρηται,
2325 5678 2399 5747 μὴ
2453 5677 2614 5746 μόνον
2647 5679 2760 5732 τοῖς
2798 5678 2917 5729 κατ’
2949 5677 3133 5740 αὑτὸν,
3185 5678 3322 5730 ἀλλά
3354 5666 3590 5740 καὶτοῖς

2013 5770 2191 5832 ἄλλοις
2227 5771 2383 5835 πᾶσι,
2443 5769 2612 5840 μηδέν
2657 5786 2709 5821 τι
2752 5769 2881 5837 περὶ
2913 5769 3204 5838 δογμάτων
3247 5770 3440 5831 κινεῖν,
3493 5769 3595 5821 καὶ

2015 5863 2125 5923 τοῖς
2181 5860 2358 5924 ἄλλοις
2411 5861 2659 5913 ἐντεῦθεν
2712 5863 2930 5923 παντως
2986 5862 3231 5928 ἀνάγκην
3286 5859 3592 5914 ἐπιτιθέναι
