4360 6472
763 444 896 507 1267

1754 440 1968 502 JOAN.
2002 439 2310 501 CALECE
2333 440 2452 511 ΕΡ.
2495 442 3018 504 PATRIARCH/E

3878 407 4020 506 ms

758 559 847 611 ἀεὶ
885 555 1024 625 μετὰ
1050 554 1230 624 δόξης,
1263 553 1449 623 φησὶν,
1497 553 1526 605 6
1579 549 1784 622 Κύριος
1834 551 2184 619 ἐπιφαίνεται
2219 553 2332 616 τοῖς
2365 553 2537 622 Ατῆς
2595 553 2737 624 ὑπέρ
2782 553 2912 608 νοῦν
2955 552 3206 617 ἐνὼσεως
3259 556 3318 606 ἐν
3373 557 3493 617 ταῖς
3544 553 3652 606 τῶν
3691 553 4022 624 ὑπερφανῶν

762 649 893 716 παρ’
925 645 1073 716 αὑτῷ
1103 643 1454 713 ἱσταμένοις,
1496 641 1635 696 ἀλλά
1663 643 1776 703 τοῖς
1818 641 2334 710 μένηείσαγομένοις

2440 645 2677 699 ἀκτίνων
2735 643 3038 712 ἀγνώστοις
3099 646 3194 698 καὶ
3254 645 3560 716 μακαρίαις
3617 645 3897 707 ἐπιϐολαῖς
3958 646 4023 696 ἐν

763 739 822 790 ἐν
861 736 1048 791 δούλου
1103 735 1286 803 μορφῇ
1331 731 1717 802 παραγίνεται,
1758 733 1870 794 τοῖς
1903 731 1960 784 δέ
2010 729 2338 800 δυναμένοις
2441 736 2692 806 θειοτέρα
2739 735 2978 805 μιμήσει
3011 733 3121 788 τῶν
3145 735 3560 806 ὑπερουρανίων
3596 736 3752 791 νόων.
3791 757 3807 787 1
3843 737 3950 789 Καὶ
3990 737 4022 787 6

764 827 1127 894 ἀκολουθῆσαι
1178 825 1328 894 αὑτῷ
1388 825 1480 877 ἐπὶ
1527 823 1588 875 τὸ
1619 821 1821 891 ὑψηλὸν
1856 822 2208 876 ἀναϐαίνοντι
2239 824 2340 890 τῆς
2445 828 2620 894 μέγας
2647 827 2949 889 Βασίλειος,
2981 844 3000 876 ε
3042 820 3248 880 *Δθλον
3275 826 3404 897 γὰρ,
3435 829 3624 897 φησιν,
3652 829 3856 896 ἀρετῆς
3882 828 4023 879 Θεὸν

764 915 929 970 αὐτοῦ
964 915 1453 984 μεταμορφώσεως
1485 912 1611 982 δρὸς
1633 914 1692 965 ἐν
1729 915 1909 983 μορφῇ
1940 912 2074 965 Θεοῦ
2120 911 2340 978 ἐπιφαίσ

769 1027 943 1072 νεται,
967 1009 1027 1060 ἐν
1122 1008 1336 1076 ὑπῆρχε
1364 1006 1470 1076 πρὸ
1499 1006 1592 1058 τοῦ
1625 1006 1718 1060 τὸν
1743 1007 1948 1075 κόσμον
1975 1001 2138 1060 εῐναι.
2183 1025 2202 1058 1
2230 1005 2344 1058 Καὶ

770 1099 939 1153 πάλιν
973 1101 1000 1151 6
1029 1099 1212 1163 αὑτὸς,
1243 1115 1264 1150 ε
1305 1099 1377 1150 Τὸ
1404 1097 1542 1165 φῶς,
1587 1098 1745 1166 φησὶ,
1776 1096 1870 1150 τοῦ
1900 1097 2194 1167 προσώπου
2234 1099 2344 1150 Κυ-

777 1191 893 1260 ρίου
941 1189 1000 1242 τὸ
1059 1190 1290 1258 νικῆσαν
1336 1188 1436 1258 τῆς
1491 1187 1842 1256 ἀνθρωπίνης
1899 1187 2208 1257 αἰσθήσεως
2248 1190 2347 1258 τὴν

763 1282 1060 1350 ἐνέργειαν
1090 1280 1180 1333 τὸν
1212 1280 1415 1351 τρόπον
1441 1279 1694 1332 διετύπου
1727 1280 1841 1342 τοῖς
1875 1278 2167 1347 μακαρίοις
2212 1281 2350 1334 ἀπο-

776 1371 986 1433 στόλοις
1013 1370 1111 1438 τῆς
1139 1370 1281 1423 κατὰ
1304 1369 1581 1435 ἀπόφασιν
1607 1367 1879 1438 μυστικῆς
1902 1368 2202 1434 θεολογίας,
2225 1367 2348 1421 καθ’

776 1462 843 1531 ἢν
903 1463 935 1529 ἠ
997 1461 1245 1530 μακαρία
1289 1459 1383 1513 καὶ
1432 1459 1563 1527 ἀγία
1593 1442 1786 1530 θεότης
1821 1459 1944 1514 κατ’
1970 1461 2162 1513 οὐσίαν
2203 1461 2352 1513 ἐστὶν

777 1551 1156 1622 ὑπεράρρητος
1180 1553 1276 1606 καὶ
1306 1551 1725 1621 ὑπεράγνωστος
1764 1552 1860 1604 καὶ
1885 1552 2068 1621 πάσης
2094 1553 2352 1620 ἀπειρίας

777 1645 1078 1713 ἀπειράκις
1109 1643 1454 1715 ἐξῃρημένη,
1489 1641 1599 1696 οὐδ’
1633 1643 1778 1712 ίχνος
1824 1643 1960 1705 ὅλως
1991 1641 2352 1712 καταλήψεως

782 1735 885 1787 κᾶν
913 1733 1068 1802 ψιλὸν
1093 1735 1203 1794 τοῖς
1237 1732 1355 1802 μετ’
1379 1731 1550 1800 αὐτὴν
1578 1731 1955 1798 καταλείψασα
1972 1748 1986 1762 ·
2021 1732 2078 1783 Ὀ
2099 1733 2211 1794 τοῖς
2235 1727 2353 1784 οὖσι

782 1828 909 1895 γάρ,
946 1830 1110 1893 φησὶν
1147 1824 1174 1875 6
1218 1823 1407 1884 αὐτὸς,
1443 1822 1518 1892 μὴ
1549 1823 1670 1876 κατ’
1704 1822 1893 1875 ούσίαν
1935 1823 2194 1892 ὑπάρχων
2227 1823 2357 1890 μεθ-

783 1914 964 1978 εκτὸς,
995 1913 1116 1966 κατ’
1146 1913 1304 1967 ἀλλον
1346 1913 1402 1966 δὲ
1457 1912 1662 1981 τρόπον
1695 1912 2024 1982 μετέχεσθαι
2062 1915 2174 1974 τοῖς
2204 1913 2357 1964 δυνα-

790 2009 972 2075 μένοις
1013 2006 1340 2074 βουλόμενος
1385 2005 1479 2058 τοῦ
1526 2003 1648 2058 κατ’
1673 2006 1866 2057 οὐσίαν
1899 2005 2130 2072 κρυφίου
2160 2020 2356 2056 παντες

784 2101 892 2164 λῶς
919 2101 1017 2153 οὒκ
1047 2087 1347 2164 ἐξίσταται,
1401 2095 1563 2150 ὁπότε
1610 2096 1704 2151 καὶ
1739 2095 1900 2158 αὐτὸς
1923 2098 1951 2148 6
1979 2096 2202 2163 τρόπος,
2237 2095 2360 2155 καθ’

784 2193 844 2246 ὂν
874 2191 1045 2245 θέλων
1080 2190 1391 2262 μετέχεται,
1437 2189 1590 2258 μένει
1619 2187 1886 2258 διηνεκῶς
1917 2189 2029 2250 τοῖς
2068 2189 2232 2240 πᾶσιν
2258 2189 2354 2240 ἀν-

788 2285 1075 2352 έκφαντος.
1118 2300 1138 2333 1
1176 2281 1314 2351 Φησὶ
1359 2279 1416 2333 δέ
1465 2279 1560 2333 καὶ
1591 2281 1618 2333 6
1663 2280 1840 2348 μέγας
1883 2278 2164 2341 Βασίλειος
2188 2295 2202 2311 ο
2234 2297 2252 2330 ι
2291 2278 2364 2331 Τὸ

792 2375 1018 2444 Πνεῦμα
1049 2374 1109 2428 τὸ
1132 2374 1307 2442 ἀγιον,
1347 2374 1642 2443 ἀπρόσιτον
1686 2375 1751 2442 τῇ
1798 2372 1986 2440 φύσει,
2021 2373 2268 2444 χωρητὸν
2297 2372 2365 2426 δι’

794 2465 1340 2538 ἀγαθότητα,.πάντα
1371 2465 1472 2534 μέν
1507 2463 1754 2537 πληροῦν
1793 2467 1860 2534 τῇ
1885 2465 2135 2533 δυνάμει,
2185 2464 2367 2534 μόνοις

792 2562 847 2613 δέ
875 2559 938 2613 6v
963 2559 1226 2626 μεθεκτὸν
1251 2558 1362 2620 τοῖς
1388 2555 1580 2621 ἀξίοις,
1604 2557 1704 2625 οὐχ
1731 2556 1812 2610 ἐνὶ
1843 2555 2028 2626 μέτρῳ
2065 2555 2368 2625 μετεχόμε-

795 2670 905 2718 νον,
944 2649 1083 2704 ἀλλά
1109 2651 1251 2704 κατά
1272 2649 1568 2716 ἀναλογίαν
1612 2648 1712 2718 τῆς
1739 2648 1976 2716 πίστεως
2007 2646 2250 2716 διαιροῦν
2273 2646 2370 2716 τὴν

796 2745 1098 2812 ἐνέργειαν,
1132 2739 1340 2795 ἀπλοῦν
1371 2742 1440 2810 τῇ
1473 2739 1654 2810 οὐσίᾳ,
1689 2738 1938 2792 ποικίλον
1985 2741 2106 2802 ταῖς
2141 2738 2374 2808 δυνάμε-

799 2854 905 2898 σιν,
940 2836 1061 2888 ’ὅλον
1091 2834 1311 2903 ἑκάστῳ
1340 2831 1517 2902 παρὸν
1543 2835 1638 2886 καὶ
1667 2831 1785 2884 ὅλον
1812 2829 2092 2900 πανταχοῦ
2125 2829 2203 2896 δν,
2232 2832 2374 2884 ἀπα-

2443 917 2695 984 γενέσϐαι
2747 918 2843 970 καὶ
2881 915 2960 984 τῷ
2999 915 3377 988 καθαρωτάτῳ
3421 918 3562 985 φωτὶ
3606 917 4025 986 καταστράπτε-

2446 1007 2590 1070 σθαι,
2626 1008 2837 1077 ἡμέρας
2876 1008 3097 1076 ἐκείνης
3132 1009 3249 1060 υίὸν
3278 1009 3592 1076 γενόμενον,
3644 1009 3678 1078 ἢ
3726 1009 3800 1077 μὴ
3835 1008 4029 1060 διακό-

2447 1116 2640 1152 πτεται
2688 1099 2870 1168 ζόφῳο
2909 1099 3067 1162 ἀλλος
3118 1100 3229 1169 γάρ
3277 1100 3487 1169 ταύτην
3532 1101 3677 1152 ποιεῖ
3699 1100 3872 1169 ἣλιος,
3905 1103 3932 1151 6
3965 1101 4031 1150 16

2449 1189 2702 1259 ἀληθινὸν
2735 1191 2854 1259 φῶς
2883 1191 3320 1260 ἀπαστράπτων,
3348 1191 3429 1252 δς,
3460 1190 3684 1243 ἐπειδὰν
3721 1189 3869 1255 ἀπαξ
3908 1191 4031 1240 ἐπι-

2451 1281 2636 1351 φαύσῃ
2680 1283 2837 1350 ἡμῖν,
2883 1282 3066 1336 οὑκέτι
3115 1285 3177 1334 ἐν
3226 1282 3461 1350 δυσμαῖς
3521 1282 3850 1350 κρύπτεται,
3891 1280 4033 1333 ἀλλά

2453 1373 2628 1427 πάντα
2659 1376 2723 1442 τῇ
2759 1377 3065 1445 φωτιστικῇ
3101 1375 3301 1429 ἐαυτοῦ
3331 1376 3564 1444 δυνάμει
3617 1374 4039 1443 περιπτυξάμε·

2457 1480 2637 1532 μενος,
2698 1463 2948 1530 διηνεκές
3003 1464 3098 1516 καὶ
3149 1463 3432 1532 ἀδιάδοχον
3461 1464 3573 1525 τοῖς
3603 1462 3772 1528 ἀξίοις
3817 1463 3878 1513 τὸ
3916 1462 4038 1528 φῶς

2454 1551 2698 1619 ἐμποιεῖ,
2751 1553 2844 1603 καὶ
2886 1551 3089 1609 αὑτοὺς
3139 1553 3267 1614 τοὺς
3315 1552 3640 1620 μετέχοντας
3695 1550 3790 1602 τοῦ
3851 1549 4036 1616 φιιὶτὸς

2453 1641 2668 1695 ἐκείνου
2725 1642 2918 1704 ἀλλους
2972 1642 3158 1713 ἡλίους
3202 1645 3686 1713 ἀπεργαζόμενος·
3727 1646 3862 1698 Τότε
3905 1645 4039 1710 γὰρ.

2458 1728 2611 1795 φησὶ,
2641 1729 2739 1781 καὶ
2772 1733 2831 1782 οἰ
2847 1730 3066 1784 δίκαιοι
3114 1733 3547 1800 ἐκλάμψουσιν
3586 1733 3668 1798 ὡς
3709 1737 3740 1786 ό
3782 1735 3974 1799 ἣλιος·
4019 1752 4037 1776 ⁵

2459 1819 2568 1872 Καὶ
2614 1822 2642 1872 6
2672 1820 2815 1882 0:10;
2857 1821 3143 1891 Μάξιμος·
3193 1842 3212 1874 1
3264 1823 3327 1877 'H
3357 1825 3504 1894 ψυχὴ
3543 1826 3754 1891 γίνεται
3794 1825 3926 1882 Θεὸς
3973 1827 4043 1891 τῇ

2469 1908 2686 1978 μεθέξει
2711 1911 2808 1979 τῆς
2830 1911 3016 1981 θεῖκῆς
3043 1915 3263 1983 χάριτος
3295 1915 3483 1967 πασῶν
3510 1915 3619 1968 τῶν
3652 1917 3794 1968 κατά
3829 1915 3954 1968 νοῦν
3987 1931 4050 1967 τε

2468 2003 2556 2056 καὶ
2580 2003 2831 2072 αἴσθησιν
2864 2005 3181 2074 ἐνεργειῶν,
3209 2009 3345 2076 αὐτῇ
3378 2008 3432 2060 δέ
3469 2009 3797 2078 παυσαμένῃ
3824 2008 3920 2060 καὶ
3944 2010 4050 2070 τὰς

2467 2094 2561 2146 τοῦ
2614 2095 2865 2164 σώματος
2905 2097 3378 2153 συναποπαύσασα
3435 2101 3674 2168 φυσικὰς
3737 2098 4048 2168 ἐνεργείας.

2472 2188 2863 2250 συνθεωθέντος
2925 2191 3061 2260 αὑτῇ
3121 2191 3264 2244 κατά
3307 2191 3408 2262 τὴν
3465 2191 3838 2259 ἀναλογοῦσαν
3892 2191 4051 2260 αὑτῷ

2474 2281 2693 2349 μέθεξιν
2747 2281 2849 2350 τῆς
2900 2281 3173 2346 θεώσεως,
3221 2283 3362 2337 ὥστε
3394 2285 3554 2354 μόνον
3578 2286 3667 2336 τὸν
3699 2284 3830 2336 Θεὸν
3871 2284 3959 2337 διά
3992 2297 4053 2335 τε

2473 2376 2572 2443 τῆς
2600 2373 2780 2443 ψυχῆς
2812 2374 2904 2426 καὶ
2934 2373 3028 2426 τοῦ
3064 2373 3318 2442 σώματος
3360 2375 3483 2428 τότε
3531 2375 3844 2443 φαίνεσθαι,
3893 2393 4057 2442 νικη-

2476 2466 2678 2519 θέντων
2705 2465 2880 2518 αύτῶν
2909 2467 2974 2534 τῇ
3010 2466 3282 2537 ὑπερϐολῇ
3332 2467 3429 2535 τῆς
3459 2464 3760 2536 δόξηςτῶν
3801 2465 4053 2531 φυσικῶν

2475 2558 2891 2631 γνωρισμάτων.
2923 2577 2942 2610 1
2980 2551 3135 2610 K1116
3161 2561 3337 2629 μέγας
3376 2559 3654 2622 Διονύσιος
3675 2575 3690 2589 ·
3727 2577 3746 2611 ι
3778 2559 4055 2626 Οὑδεμίαν

2476 2649 2692 2719 ὁρῶμεν
2729 2648 2926 2702 θέωσιν
2961 2648 2992 2718 ἢ
3025 2646 3196 2720 ζωὴν,
3221 2649 3346 2720 ἥτις
3374 2649 3622 2720 ἀκριϐῶς
3655 2651 3908 2719 ἐμφερής
3938 2651 4061 2702 ἐστι

2477 2745 2545 2812 τῇ
2580 2743 2796 2796 πάντων
2837 2741 3215 2814 ὑπερκειμένη
3243 2743 3393 2812 αίτίᾳ
3415 2758 3430 2772 ο
3472 2762 3491 2794 1
3535 2743 3631 2797 καὶ
3664 2743 3888 2804 δἀὐτὸς
3920 2744 4062 2812 ἐρω-

2479 2834 2721 2903 τώμενος
2756 2836 2785 2886 6
2815 2834 3035 2887 πάντων
3064 2835 3326 2888 ἐπέκεινα
3354 2835 3494 2906 ὑπὲρ
3519 2834 3781 2906 θεαρχίαν
3808 2837 3929 2889 ἐστὶ
3965 2836 4064 2888 καὶ

799 2927 909 2988 θῶς
939 2925 1297 2996 μεριζόμενον
1338 2923 1431 2976 καὶ
1457 2921 1761 2992 ὁλοσχερῶς
1801 2922 2186 2992 μετεχόμενον,
2230 2921 2373 2975 κατά
2483 2923 2623 2993 ὑπὲρ
2650 2924 3021 2994 ἀγαθαρχίαν,
3062 2927 3080 2976 ι
3129 2925 3192 2977 Εί
3233 2923 3485 2993 θεότητα,
3517 2925 3671 2994 φησὶ,
3717 2924 3814 2976 καὶ
3860 2924 4064 2990 ἀγαθό-

800 3019 901 3087 τὴν
931 3017 1112 3070 είκόνα
1142 3017 1239 3085 τῆς
1273 3015 1507 3086 ἡλιακῆς
1557 3016 1805 3077 ἀκτῖνος,
1857 3015 1950 3066 καὶ
1995 3013 2214 3083 ἑκάστῳ
2266 3012 2376 3066 τῶν
2481 3032 2623 3085 τητα
2655 3016 2902 3085 νοήσαις,
2934 3013 3067 3068 αὑτὸ
3089 3013 3152 3067 τὸ
3189 3015 3378 3084 χρῆμα
3409 3013 3503 3066 τοῦ
3531 3013 3858 3082 ἀγοθοποιοῦ
3888 3013 4066 3082 δώρου

798 3110 1064 3162 δεκτικῶν
1125 3108 1201 3171 ὡς
1262 3107 1410 3178 μόνῳ
1461 3107 1662 3177 παρὸν,
1693 3105 1911 3176 διαρκεῖ
1941 3105 2056 3168 τοῖς
2093 3107 2230 3159 πᾶσι
2277 3105 2375 3172 τὴν
2484 3107 2660 3161 καὶτὸ
2689 3107 2968 3176 ἀμίμητον
2997 3107 3224 3176 μίμημα
3251 3106 3344 3159 τοῦ
3365 3106 3634 3175 ὑπερθέου
3662 3107 3758 3158 καὶ
3783 3106 4066 3173 ὑπεραγά-

800 3203 982 3272 χάριν,
1033 3202 1129 3252 καὶ
1156 3199 1454 3268 ὀλόκληρον
1499 3198 1790 3266 ἐπαφίησι.
1824 3214 1842 3247 1
1883 3196 1994 3249 Καὶ
2019 3196 2182 3251 πάλιν
2205 3212 2219 3227 ·
2259 3214 2276 3247 ι
2313 3197 2377 3248 Αί
2406 3233 2448 3290 C
2486 3197 2600 3263 θου,
2629 3197 2766 3249 καθὸ
2792 3195 3067 3265 θεούμεθα
3115 3197 3209 3248 καὶ⁵
3261 3193 3675 3265 ἀγαθυνόμεθα,
3715 3195 3808 3247 καὶ
3849 3196 3983 3262 γὰρ,
4017 3195 4065 3243 εί

805 3292 908 3363 μέν
934 3291 1204 3362 ἐνέργειαι
1251 3289 1346 3343 τοῦ
1382 3287 1516 3342 Θεοῦ
1545 3287 1866 3356 ποικίλαι,ἡ
1909 3285 1965 3339 δέ
2004 3285 2162 3340 οὑσία
2200 3285 2366 3354 ἁπλῆ,

803 3386 966 3454 ἡμεῖς
994 3383 1050 3436 δέ
1083 3385 1146 3436 ἐκ
1197 3382 1304 3436 τῶν
1351 3381 1646 3451 ἐνεργειῶν
1675 3380 1966 3450 γνωρίζειν
2003 3379 2239 3447 λέγομεν
2283 3380 2376 3430 τὸν

804 3478 957 3542 Θεὸν,
981 3479 1046 3546 τῇ
1073 3475 1129 3528 δέ
1166 3473 1325 3546 οὑσίᾳ
1348 3472 1513 3527 αὑτοῦ
1542 3470 1927 3542 προσεγγίζειν
1956 3472 2057 3541 οὑχ
2084 3470 2377 3540 ὑπισχνού-

811 3570 981 3641 μεθα·
1013 3570 1068 3622 αί
1094 3567 1193 3638 μέν
1214 3569 1323 3638 γὰρ
1359 3567 1632 3638 ἐνέργειαι
1663 3565 1832 3618 αὑτοῦ
1875 3565 2011 3636 πρὸς
2041 3566 2190 3636 ἡμᾶς
2217 3581 2382 3618 κατα.

807 3662 1104 3724 ϐαίνουσιν,
1148 3659 1182 3729 η
1211 3658 1268 3711 δέ
1300 3657 1459 3710 οὑσία
1491 3657 1659 3710 αὑτοῦ
1693 3656 1844 3725 μένει
1882 3656 2206 3726 ἀπρόσιτος.
2229 3673 2248 3706 1
2281 3653 2384 3708 Οὑ-

808 3757 887 3808 τω
943 3753 1051 3822 γάρ
1101 3753 1194 3805 καὶ
1232 3751 1261 3803 6
1300 3750 1475 3820 μέγας
1515 3749 1836 3812 Ἀθανάσιος
1886 3749 2054 3816 λέγει,
2089 3749 2172 3801 ὅτι
2210 3747 2385 3810 οὐδεὶς

811 3845 1112 3916 ἀνθρώπων
1143 3843 1366 3897 δύναται
1393 3841 1529 3895 Θεοῦ
1573 3842 1761 3896 οὐσίαν
1803 3841 2017 3911 γυμνὴν
2069 3841 2199 3894 ἰδεῖν
2231 3840 2386 3901 οὖδα-

816 3941 940 4010 μοῦ,
988 3939 1110 3992 ὅθεν
1175 3936 1461 4006 πρόδηλον,
1510 3937 1594 3990 δτι
1626 3936 1686 3988 οὑ
1746 3936 1844 4006 τὴν
1888 3935 2078 3988 οὐσίαν
2123 3933 2218 3987 τοῦ
2247 3933 2384 3987 Θεοῦ

813 4033 1039 4107 ἔϐλεπον
1071 4032 1119 4082 οί
1161 4031 1326 4097 ἀγιοι,
1360 4028 1496 4082 ἀλλά
1532 4029 1633 4090 τὴν
1663 4027 1844 4094 δόξαν,
1874 4026 1948 4089 ὡς
1984 4027 2080 4080 καὶ
2115 4026 2245 4095 περὶ
2279 4025 2386 4078 τῶν

813 4123 1130 4178 ἀποστόλων
1166 4122 1494 4192 γέγραπται,
1527 4122 1609 4174 ὅτι
1649 4120 2190 4192 διαγρηγορήσαντες
2231 4119 2258 4170 6
2286 4118 2388 4169 Πέ-

812 4233 939 4284 τρος
961 4217 1053 4270 καὶ
1077 4215 1126 4267 οί
1162 4215 1256 4268 σὺν
1284 4213 1430 4282 αύτῷ
1451 4210 1592 4265 εἶδον
1631 4212 1729 4282 τὴν
1762 4211 1918 4276 δόξαν
1952 4209 2140 4275 αὑτοῦ,
2167 4210 2258 4262 καὶ
2297 4207 2391 4263 αῦ-

816 4310 897 4370 οις
951 4309 980 4360 6
1026 4307 1208 4368 αὑτὸς,
1246 4304 1508 4372 ’Δπαθὴς.
1560 4304 1716 4374 φησὶ,
1745 4303 1840 4357 καὶ
1871 4303 1930 4354 ἐν
1961 4305 2073 4364 τοῖς
2103 4299 2390 4369 παθήμασι

815 4402 912 4469 τῆς
943 4399 1144 4468 σαρκὸς
1173 4401 1200 4451 6
1235 4396 1471 4466 Χριστὸς
1502 4396 1577 4459 ὡς
1606 4395 1740 4458 Θεὸς
1772 4395 2002 4463 νικήσας
2036 4391 2270 4445 θάνατον
2297 4390 2391 4461 καὶ

816 4493 1052 4553 ἀναστὰς
1082 4493 1147 4561 τῆ
1182 4491 1337 4560 τρίτῃ
1370 4489 1552 4558 ἡμέρᾳ
1599 4488 1695 4543 καὶ
1729 4486 1972 4541 ἀνελθὼν
1997 4486 2076 4546 εἰς
2108 4483 2201 4536 τὸν
2229 4482 2392 4552 ούρα-

2486 3291 2644 3344 τοῦτο
2687 3291 2831 3361 ἀρχὴ
2886 3291 3093 3359 γίνεται
3134 3289 3231 3343 τοῦ
3267 3290 3521 3344 θεοῦσθαι
3567 3291 3662 3343 καὶ
3695 3289 4067 3358 ἀγαούνεσθαι

2487 3383 2596 3444 τοῖς
2631 3379 2942 3450 θεουμένοις
2977 3379 3072 3432 καὶ
3101 3379 3550 3448 ἀγαθυνομένοιςι
3583 3380 3612 3432 ὁ
3660 3381 3840 3448 πάσης
3889 3379 4065 3448 ἀρχῆς

2488 3471 2819 3540 ὑπεράρχιος
2867 3470 2959 3524 καὶ
3011 3471 3109 3540 τῆς
3159 3468 3301 3523 οὑτω
3334 3469 3635 3538 λεγομένης
3674 3468 3926 3536 θεότητος
3973 3470 4070 3520 καὶ

2489 3564 2847 3634 ἀγαθότητος,
2882 3563 2958 3626 ὡς
2987 3562 3245 3632 Θεαρχίας
3274 3562 3367 3615 καὶ
3393 3562 3739 3630 ἀγαθαρχίας
3771 3563 3924 3614 ἐστὶν
3945 3561 4072 3612 ἐπέ-

2489 3673 2668 3709 κεινα.
2699 3674 2718 3708 1
2747 3655 2856 3707 Καὶ
2885 3657 2913 3706 6
2941 3653 3165 3722 Νύσσης
3198 3652 3343 3717 θεῖος
3369 3654 3690 3723 Γρηγόριος,
3725 3671 3745 3703 ε
3781 3652 3842 3704 Εἰ
3880 3653 3976 3704 καὶ
4003 3651 4072 3704 τά

2492 3747 2740 3818 κρίματα
2794 3745 2984 3812 αὑτοῦ,
3041 3744 3684 3815 φησὶν,ἐξερευνηθῆναι
3735 3745 3796 3797 οὖ
3840 3744 4072 3797 δύναται

2494 3843 2589 3894 καὶ⁵
2620 3841 2676 3892 αἱ
2707 3839 2815 3892 ὁδοὶ
2845 3837 2947 3890 οὑκ
2979 3837 3376 3907 ἐξιχνιάζονται
3403 3839 3499 3892 καὶ
3527 3837 3559 3907 ἠ
3589 3837 3698 3889 τῶν
3721 3837 3944 3904 ἀγαθῶν
3980 3837 4074 3887 ἐπ-

2493 3928 2720 3997 αγγελία
2783 3929 2962 3998 πάσης
3017 3927 3343 3994 ὑπέρκειται
3416 3927 3517 3997 τῆς
3579 3927 3688 3980 ἀπὸ
3746 3926 4079 3995 στοχασμῶν

2495 4021 2766 4086 εἰκασίας,
2799 4021 2948 4091 πόσῳ
2973 4017 3175 4088 μᾶλλον
3197 4019 3273 4087 τῷ
3302 4019 3488 4090 μέτρῳ
3524 4020 3662 4071 κατά
3695 4010 3758 4072 τὸ
3791 4017 4078 4087 ἀφραστόν

2495 4131 2555 4167 τε
2605 4115 2700 4167 καὶ
2751 4110 3205 4181 ἀπροσπέλαστον
3261 4111 3375 4164 ἀνω
3427 4112 3545 4162 ἐστὶ
3599 4111 3694 4162 καὶ
3735 4109 4078 4178 ὑψηλότερον

2497 4206 2627 4259 αὑτὸ
2651 4207 2710 4258 τὸ
2737 4205 2882 4257 θεῖον
2910 4203 3020 4256 τῶν
3044 4205 3172 4272 περὶ
3203 4203 3334 4256 αὐτὸ
3370 4203 3710 4272 νοουμένων;
3738 4219 3756 4252 1
3799 4200 3961 4254 Ἀλλά
3983 4202 4079 4251 καὶ

2497 4300 2525 4352 6
2548 4299 2688 4360 θεῖος
2729 4298 2982 4368 Ἰωάννης
3009 4278 3049 4349 δ’
3071 4296 3430 4365 Δαμασκηνὸς
3471 4294 3633 4349 πάλιν
3676 4295 3734 4346 ἐν
3763 4311 3877 4356 τοις
3913 4295 4082 4363 ἱεροῖς

2501 4390 2722 4459 μέλεσιν
2742 4403 2756 4417 ⁸
2801 4406 2820 4440 ε
2854 4387 2974 4440 Ἵνα
3016 4404 3108 4439 σου
3133 4385 3315 4458 δείξῃς
3351 4386 3609 4455 ἐμφανῶς
3637 4385 3736 4453 τὴν
3761 4387 4082 4454 ἀπόρρητον

2499 4481 2758 4552 δευτέραν
2805 4478 3127 4544 κατάϐασιν,
3168 4479 3368 4540 ὃπωςό
3408 4477 3629 4546 ὕψιστος
3683 4479 3817 4539 Θεὸς
3863 4477 4083 4545 ὀφθήσῃ

816 4590 905 4640 νὸν
929 4588 987 4639 ἐν
1017 4585 1144 4657 δόξῃ
1179 4585 1383 4653 φυσικῇ
1419 4583 1514 4636 καὶ
1539 4581 1637 4634 οὑκ
1671 4583 1729 4633 ἐν
1774 4582 1959 4649 χάριτι
2007 4577 2304 4648 ἐρχόμενος
2337 4577 2393 4626 ἐν
2429 4592 2468 4648 D
2501 4573 2672 4632 ἐστὼς
2729 4573 2787 4623 ἐν
2842 4570 2994 4639 μέσῳ
3049 4568 3212 4630 θεῶν,
3247 4569 3359 4629 τοῖς
3393 4567 3716 4629 ἀποστόλοις
3764 4569 3820 4618 ἐν
3878 4565 4086 4634 Θαϐὼρ

815 4683 882 4748 τῇ
934 4678 1098 4732 αὑτοῦ
1150 4677 1384 4746 θεότητι,
1441 4675 1700 4744 ἐμφανῶς
1752 4673 2054 4742 ἐκλάμπων
2097 4673 2160 4722 ἐκ
2204 4668 2298 4722 τοῦ
2334 4671 2398 4720 ἐκ

816 4771 1037 4838 Μαρίας
1095 4769 1348 4838 σώματος
1398 4769 1562 4819 αὑτοῦ
1617 4767 1709 4818 τοῦ
1758 4765 1913 4832 ἀγίου
1959 4763 2061 4832 τὴν
2099 4761 2258 4826 δόξαν
2301 4761 2398 4828 τὴν

817 4865 1147 4934 ἀπόρρητον,
1178 4863 1252 4923 ὡς
1284 4861 1377 4915 καὶ
1400 4861 1491 4914 ἐπὶ
1521 4860 1614 4913 τοῦ
1640 4861 1800 4929 ὅρους
1824 4858 2024 4920 ἐδειξεν
2043 4857 2150 4909 ἀπὸ
2177 4852 2396 4922 μέρους,

816 4955 1084 5006 διδάσκων
1125 4953 1297 5021 ἡμᾶς,
1345 4951 1426 5002 ὅτι
1463 4950 1558 5001 καὶ
1609 4950 1880 5017 πρότερον
1929 4947 2020 4998 καὶ
2053 4947 2147 4998 νῦν
2178 4949 2206 4999 6
2239 4943 2398 5004 αὑτός

817 5051 968 5099 ἐστιν
1010 5045 1367 5106 ἀναλλοίωτος
1402 5042 1605 5095 (Iw-1:11
1637 5041 1940 5111 μεταϐολὴν
1973 5041 2232 5109 οὐδεμίαν
2263 5039 2401 5108 ἔχων

819 5140 948 5206 περὶ
1004 5137 1101 5206 τὴν
1137 5136 1389 5205 θεότητα.
1431 5134 1592 5189 Οῦτω
1645 5135 1739 5185 καὶ
1794 5135 1821 5184 6
1885 5132 2058 5199 μέγας
2124 5131 2400 5190 Διόνυσος,

825 5253 842 5284 ε
870 5235 1044 5286 Ὅταν
1094 5229 1385 5299 ἄφθαρτοι,
1430 5228 1586 5295 φησὶ,
1629 5227 1725 5279 καὶ
1774 5225 2037 5278 ἀθάνατοι
2088 5223 2401 5292 γενώμεθα,

822 5323 916 5375 καὶ
946 5321 1046 5388 τῆς
1068 5317 1454 5389 Χριστοειδοῦς
1489 5317 1582 5369 καὶ
1621 5314 2050 5385 μακαριωτάτης
2081 5311 2404 5382 ἐφικώμεθα

819 5415 1048 5484 λήξεως,
1073 5413 1309 5465 πάντοτε
1345 5411 1442 5462 σὺν
1463 5411 1650 5480 Κυρίῳ
1682 5409 1820 5460 κατά
1849 5406 1908 5458 τὸ
1939 5405 2118 5472 λόγιον
2144 5405 2402 5474 ἐσόμεθα,

819 5485 918 5576 τῆς
969 5505 1070 5574 μέν
1115 5505 1320 5574 ὁρατῆς
1355 5500 1676 5568 θεοφανείας
1705 5501 1763 5552 ἐν
1810 5496 2111 5565 πανάγνοις
2149 5497 2405 5567 θεωρίαις

820 5597 1332 5669 ἀποπληρούμενοι,
1395 5593 1725 5666 φανοτάταις
1794 5592 1942 5660 ἡμᾶς
2013 5592 2405 5660 μαρμαρυγαῖς

822 5691 1325 5762 περιαυγαζούσης,
1363 5687 1436 5750 ὼς
1491 5687 1619 5750 τοὺς
1682 5684 1931 5754 μαθητὰς
1999 5684 2057 5734 ἐν
2102 5683 2287 5752 ἐκείνῃ
2340 5685 2404 5751 τῇ

825 5787 1082 5858 θειοτάτῃ
1111 5783 1566 5856 μεταμορφώσει,
1593 5781 1691 5850 τῆς
1722 5779 1778 5832 δέ
1813 5777 2010 5846 νοητῆς
2042 5774 2210 5828 αὑτοῦ
2235 5793 2406 5843 φωτο-

828 5877 1005 5940 δοσίας
1043 5880 1098 5928 ἐν
1151 5877 1357 5932 ἀπαθεῖ
1397 5874 1486 5926 καὶ
1524 5871 1675 5942 ἀύλῳ
1708 5870 1783 5940 τῷ
1815 5869 1890 5939 νῷ
1937 5868 2280 5938 μετέχοντες,
2319 5870 2407 5917 καὶ

2499 4665 2671 4733 Μωσῇ
2703 4664 2803 4717 σὺν
2845 4662 3004 4730 Ἠλίᾳ
3062 4678 3120 4712 τε
3179 4661 3440 4732 ἀρρήτως
3483 4658 3755 4727 ἔλαμψας.
3798 4676 3815 4709 1
3866 4660 3981 4712 Καὶ
4028 4661 4086 4710 ἐν

2501 4757 2672 4827 ἐτέρῳ
2709 4755 2896 4825 μέλει·
2949 4772 2967 4804 ι
3001 4753 3111 4805 Καὶ
3159 4752 3355 4821 μικρὸν
3391 4751 3678 4820 ὑποκύψας
3727 4752 3824 4821 τῆς
3878 4751 4088 4821 σαρκὸς

2500 4851 2561 4901 τὸ
2614 4847 2976 4918 πρόσλημμα,
3036 4844 3437 4914 μετεμορφώθη
3500 4829 3819 4914 ἔμπροσθεν
3875 4831 4103 4908 αὑτῶν,’

2504 4939 2784 5011 ἐμφαίνων
2827 4939 2920 4990 τοῦ
2965 4937 3278 5008 ἀρχετύπου
3328 4936 3558 4998 κάλλους
3591 4935 3690 5007 τὴν
3724 4935 4090 5002 εὐπρέπεια-ι,

2503 5036 2598 5085 καὶ
2636 5030 2843 5100 ταύτην
2869 5029 2967 5099 οὐχ
3002 5029 3316 5098 ὁλόκληρον,
3347 5027 3408 5081 τὸ
3441 5029 3540 5096 μὲν
3570 5026 3936 5096 πληροφορῶν
3988 5028 4089 5079 αὑ-

2502 5125 2650 5186 τοὺς,
2680 5122 2796 5192 ἅμα
2825 5122 2918 5174 καὶ
2948 5120 3286 5190 φειδόμενος,
3317 5121 3514 5189 μήπως
3548 5120 3646 5171 σὺν
3673 5121 3739 5188 τῇ
3766 5118 3962 5187 ὁράσει
3994 5117 4091 5170 καὶ

2503 5217 2564 5268 τὸ
2596 5215 2695 5285 ζῇν
2724 5212 3088 5274 ἀπολέσωσιν,
3131 5211 3247 5264 ἀλλ’
3294 5211 3371 5274 ὡς
3417 5212 3584 5280 ὴδύυα
3603 5228 3682 5262 ..το
3731 5213 3935 5278 χωρεῖν
3976 5213 4091 5273 τοῖς

2507 5307 2843 5375 σωματικοῖς
2875 5303 3179 5371 ὀφθαλμοῖς
3213 5302 3621 5372 περιφέροντες.
3659 5320 3678 5352 1
3713 5302 3825 5353 Καὶ
3847 5305 3878 5354 6
3910 5302 4091 5370 μέγας

2505 5401 2780 5459 Διονύσιος
2807 5393 2965 5458 αὖθις
2987 5396 3014 5446 6
3037 5393 3176 5456 θεῖός
3201 5409 3358 5462 φησι,
3377 5413 3395 5444 ε
3425 5393 3628 5460 Γνόφος
3661 5392 3781 5444 ἐστὶ
3800 5393 3862 5444 τὸ
3879 5393 4098 5461 ἀπρόσ-

2509 5511 2620 5546 ιτον
2654 5491 2791 5560 φῶς,
2828 5491 2885 5541 ἐν
2906 5480 2950 5554 ᾧ
2965 5489 3245 5540 κατοικεῖν
3277 5489 3305 5539 6
3325 5486 3455 5548 Θεὸς
3486 5486 3727 5553 λέγεται,
3751 5485 3851 5538 καὶ
3878 5485 4101 5557 ἀοράτῳ

2507 5587 2643 5650 δντι,
2667 5583 2756 5636 διά
2785 5580 2885 5652 τὴν
2914 5572 3287 5651 ὑπερέχουσαν
3340 5579 3638 5649 φανότητα,
3681 5580 3776 5632 καὶ
3808 5579 4096 5649 ἀπροσίτῳ

2509 5676 2578 5729 δι’
2617 5674 2925 5744 ὑπερϐολὴν
2946 5671 3260 5740 ὑπερουσίῳ
3308 5671 3676 5739 φωτοχυσίας.
3707 5690 3726 5724 1
3763 5672 3878 5742 Οὐχ
3905 5674 3934 5725 6
3962 5672 4096 5735 Θεὸς

2510 5771 2587 5834 δὲ,
2614 5769 2780 5837 φησὶν
2806 5770 2835 5819 6
2863 5765 3246 5835 Χρυσόστομος
3284 5764 3494 5834 Πατὴρ,
3519 5765 3634 5817 ἀλλ⁹
3666 5767 3700 5836 ἡ
3721 5768 3887 5837 χάρις
3919 5767 4104 5834 ἐκχεῖ.

2513 5861 2794 5917 ται.Ἐπεὶ
2849 5858 2903 5913 δὲ
2938 5858 3029 5910 τὸν
3073 5856 3512 5926 προσγενόμενον
3559 5858 3651 5910 ἐπὶ
3679 5858 3776 5928 τῆς
3813 5858 4101 5928 θειοτάτης
