4444 6452
820 423 952 487 1255

1801 418 2013 478 IOAN.
2055 413 2363 476 ωηολε
2404 415 2516 475 CP.
2555 414 3062 474 PATRIARCILE

3912 412 4045 473 1956

806 545 976 612 τῆσαι
1015 542 1124 597 ἀπὸ
1154 542 1254 610 τῆς
1281 538 1402 592 κατ’
1443 535 1605 590 αὑτδν
1627 535 1840 603 ἐνορίας
1893 533 2199 591 ἐπισκοπάς
2223 532 2372 600 τρεῖς
2405 537 2444 591 Α
2477 530 2598 583 σίαν
2625 531 2956 599 ἀγροικικὰς
2989 524 3282 597 παροικίας
3313 524 3345 594 ἢ
3372 524 3670 594 ἐγχωρίους
3697 523 3880 594 μένειν
3907 527 4050 575 ἁπι-

805 634 1034 693 ταύτας,
1068 632 1126 683 τὸ
1161 628 1510 698 Ἀμύκλειον,
1539 625 1638 694 τὴν
1665 625 1762 687 τῆς
1800 623 2006 689 Πίσσης
2036 623 2125 673 καὶ
2148 620 2246 689 τὴν
2269 622 2375 670 τών

817 721 1074 788 Ἐξερῶν,
1108 721 1217 770 τῶν
1248 715 1465 769 σεπτῶν
1516 710 1953 783 χρυσοδούλλων,
2011 708 2105 760 τοῦ
2139 705 2376 759 τοπικοῦ

811 812 1195 880 σημειώματος
1219 809 1311 861 καὶ
1344 808 1455 860 τῶν
1509 806 1687 858 ἄλλων
1739 803 2016 870 διαφόρων
2071 797 2380 866 δικαιωμά-

808 918 939 963 των,
977 899 1051 958 ὡς
1092 897 1301 952 ἀνωθεν
1333 898 1429 949 καὶ
1467 893 1527 958 ἐξ
1555 894 1728 962 ἀρχῆς
1760 891 1864 943 ίδία
1895 889 1995 957 τῆς
2027 887 2373 955 Λακεδαίμο-

809 1007 899 1051 νος
936 986 1004 1060 ἦν
1033 992 1064 1058 ἡ
1107 991 1333 1056 τοιαύτη
1365 985 1458 1039 τοῦ
1496 984 1823 1053 Ἀμυκλείου
1857 980 2133 1048 ἐπισκοπὴ
2165 979 2260 1030 καὶ
2287 979 2382 1030 αὑ-

811 1085 879 1149 τῇ
920 1082 1201 1143 ὑπέκειτο,
1227 1080 1275 1130 εἰ
1307 1078 1403 1130 καὶ
1434 1075 1636 1146 μεταξὺ
1678 1077 1740 1127 ἐκ
1776 1073 2131 1143 περιπετείας
2164 1074 2381 1135 πάντως

814 1172 917 1223 ὑπ’)
942 1172 1039 1240 τὴν
1069 1171 1177 1222 τῶν
1233 1169 1492 1221 Παλαιῶν
1549 1167 1778 1234 Πατρῶν
1835 1165 2082 1231 γέγονεν·
2124 1164 2382 1231 ἐχωρεῖτο

771 1315 774 1319 ,
820 1264 918 1332 μὲν
947 1263 1058 1330 γὰρ
1095 1262 1191 1315 ἀπ’
1227 1261 1479 1320 ἐναντίας
1509 1261 1573 1327 τῇ
1611 1259 1860 1322 συνοδικῇ
1889 1256 2062 1324 ταύτῃ
2092 1254 2382 1319 διαγνώσει

815 1358 876 1407 τὸ
940 1354 1142 1422 προσὸν
1189 1355 1252 1420 τῇ
1295 1352 1404 1402 τῶν
1452 1349 1710 1404 Παλαιῶν
1781 1347 2013 1415 Πατρῶν
2102 1344 2381 1397 συνοδικδν

819 1448 1056 1515 γράμμα
1089 1444 1182 1497 τοῦ
1207 1443 1313 1509 κύρ
1346 1441 1574 1493 Ἠσαῖου
1598 1441 1658 1491 ἐν
1689 1439 1867 1506 μέρει,
1901 1437 2131 1489 αὐτόθεν
2154 1437 2209 1488 δέ
2241 1442 2384 1502 ἁπη-

819 1538 1044 1605 λέγχετο
1087 1537 1181 1586 καὶ
1218 1532 1530 1602 ἀνατροπὴν
1575 1528 1906 1598 ἐλάμϐανεν,
1956 1528 2013 1591 ἐξ
2042 1521 2116 1579 ὧν
2172 1525 2247 1587 ὡς
2304 1525 2383 1576 ιι-

823 1630 976 1691 κείας
1007 1627 1242 1680 ἐδικαίου
1271 1626 1370 1691 τὴν
1399 1623 1508 1676 τῶν
1547 1621 1802 1674 Παλαιῶν
1857 1618 2086 1686 Πατρῶν
2127 1615 2383 1668 ἐπιλαϐέ-

825 1719 950 1770 σθαι
979 1717 1171 1784 αὐτῆς,
1204 1716 1377 1782 λέγων
1405 1713 1521 1781 ἅμα
1541 1711 1634 1763 καὶ
1662 1710 1735 1772 ὡς
1759 1708 2071 1776 οικονομίας
2105 1707 2248 1776 λόγῳ
2281 1722 2386 1756 πα-

827 1808 1114 1877 ρεχωρήθη
1169 1809 1236 1876 τῇ
1270 1808 1366 1873 τῆς
1401 1803 1809 1872 Λακεδαίμονος
1859 1801 1953 1853 καὶ
2003 1799 2078 1861 ὼς
2113 1799 2182 1850 τὰ
2214 1797 2384 1863 αὑτῆς

2485 619 2848 687 ρασαλεύτους
2873 617 3025 686 παρὰ
3042 617 3152 679 τοῖς
3169 613 3491 682 κατέχουσιν
3509 611 3680 676 αὑτάς
3699 615 4043 674 ἐπισκόποις.

2481 712 2574 765 καὶ
2608 711 2867 777 μάλιστα,
2899 709 2948 760 εί
2982 707 3377 776 τριακονταετῆ
3407 707 3600 776 χρόνον
3662 705 3867 766 ταύτας
3893 705 4052 756 ἀδιά-

2485 816 2625 861 στως
2669 799 3080 866 διακατέχοντες
3134 795 3498 866 ᾠκονόμησαν
3521 812 3536 826 ·
3569 797 3617 847 εἰ
3649 795 3704 848 δὲ
3736 796 3894 856 ἐντὸς
3941 795 4053 846 τῶν

2481 892 2778 960 τριάκοντα
2805 891 2945 943 ἐτῶν
2973 888 3268 957 γεγένηταί
3289 905 3373 949 τις
3410 886 3539 955 περὶ
3565 886 3746 945 αὑτῷν
3765 885 4050 953 ἀμφισϐή-

2480 998 2658 1050 τησις,
2688 981 2886 1046 ἐξεῖναι
2916 983 3026 1042 τοῖς
3083 981 3333 1046 λέγουσιν
3364 977 3656 1048 ἠδικῆσθαι
3694 975 4052 1046 περὶτούτων

2484 1075 2657 1126 κινεῖν
2687 1076 2841 1142 παρὰ
2876 1076 2947 1141 τῇ
2981 1071 3182 1141 συνόδῳ
3211 1071 3311 1141 τῆς
3332 1071 3619 1139 ἐπαρχίας
3662 1068 3710 1120 εί
3735 1068 3790 1120 δέ
3821 1085 3904 1130 τις
3939 1067 4056 1118 ἀδι-

2485 1166 2635 1217 κοῖτο
2659 1165 2810 1230 παρά
2840 1162 2933 1215 τοῦ
2973 1163 3103 1215 ἰδίου
3137 1161 3564 1232 μητροπολίτου,
3597 1159 3750 1230 παρὰ
3778 1157 3856 1228 τῷ
3882 1155 4046 1225 ἐξάρ-

2486 1275 2564 1326 κφ
2585 1261 2686 1322 τῆς
2713 1257 3037 1324 διοικήσεως
3060 1256 3093 1324 ἢ
3120 1251 3854 1324 τῷ⁶Κωνσταντινουπόλεως
3881 1249 4055 1316 θρόνῳ

2485 1346 2809 1411 δικαζέσθω,
2845 1349 2991 1401 καθὰ
3019 1347 3399 1417 προείρηται.»
3441 1345 3550 1396 Καὶ
3571 1344 3599 1394 ὀ
3629 1343 3729 1410 τῆς
3755 1342 3811 1392 ἐν
3838 1339 4057 1407 Ἐφέσῳ

2485 1440 2670 1507 ὄγδοος
2694 1438 2876 1491 κανὼν
2911 1439 3053 1506 μετά
3098 1454 3239 1491 τινα·
3296 1454 3314 1487 ι
3352 1437 3428 1488 Τὸ
3461 1437 3516 1489 δέ
3544 1434 3676 1487 αὑτὸ
3703 1434 3798 1485 καὶ
3828 1431 3920 1483 ἐπὶ
3945 1430 4056 1480 τῶν

2487 1531 2660 1584 ἄλλων
2715 1531 3035 1599 διοικήσεων
3080 1531 3177 1580 καὶ
3232 1528 3342 1582 τῶν
3388 1523 3706 1594 ἁπανταχοῦ
3774 1521 4055 1591 ἐπαρχιῶν

2486 1621 3072 1690 παραφυλαχθήσεται,
3108 1619 3248 1672 ὥστε
3279 1619 3484 1689 μηδένα
3537 1617 3648 1668 τῶν
3698 1613 4058 1683 θεοφιλεστά-

2485 1731 2595 1765 των
2628 1715 2942 1769 ἐπισκόπων
2974 1713 3245 1782 ἐπαρχίαν
3272 1712 3466 1779 ἑτέραν
3504 1710 3605 1762 οὐκ
3635 1703 3802 1762 οὖσαν
3850 1705 4058 1758 ἄνωθεν

2486 1807 2579 1859 καὶ
2613 1805 2670 1869 ἐξ
2695 1807 2866 1875 ἀρχῆς
2895 1807 2998 1858 ὑπὸ
3031 1806 3129 1875 τὴν
3162 1803 3329 1858 αὑτοῦ
3359 1805 3528 1873 ἠγουν
3571 1803 3679 1854 τῶν
3727 1799 3834 1866 πρὸ
3889 1798 4057 1850 αὑτοῦ

1148 1869 1494 1964 δικαιώματα
1525 1869 1680 1962 παρὰ
1708 1892 1798 1944 τοῦ
1835 1890 2037 1943 σεπτοῦ
2055 1887 2386 1957 χρυσοδούλ-
2415 1869 2460 1924 Β
2491 1899 2649 1966 χεῖρα
2674 1869 3142 1977 κᾷτ’ᾆῇαμδάνεξν,
3200 1896 3315 1950 ἀλλ’
3336 1869 3392 1949 εί
3419 1895 3511 1947 καί
3539 1910 3620 1955 τις
3666 1889 3931 1945 κατέλασε
3963 1887 4058 1939 καὶ

822 1990 918 2042 λου
944 1989 1038 2041 τοῦ
1063 1988 1329 2059 βασιλέως
1361 1985 1454 2038 τοῦ
1496 1986 1652 2052 ἁγίου
1677 1983 1768 2036 τοῦ
1796 1983 2026 2035 πάππου
2052 1977 2146 2032 τοῦ
2170 1980 2230 2031 ἐκ
2250 1977 2388 2031 Θεοῦ

823 2081 1122 2151 κρατίστου
1157 2080 1254 2131 καὶ
1291 2079 1449 2145 ἁγίου
1502 2093 1603 2146 μου
1621 2073 2043 2142 αὐτοκράτορος,
2106 2070 2202 2124 τοῦ
2224 2070 2388 2123 ἀοιδί-

826 2191 929 2243 μου
962 2173 1055 2226 καὶ
1094 2173 1422 2242 μακαρίτου,
1478 2169 1684 2237 καίπερ
1730 2167 1815 2218 ἐπ’
1847 2166 2022 2219 οὐδενὶ
2071 2162 2388 2233 παλαιτέρῳ

820 2264 1153 2332 δικαιώματι
1181 2262 1622 2333 ἐπερειδόμενον,
1681 2259 1980 2328 ὦσπερέπὶ
2017 2258 2235 2319 πολλοῖς
2295 2256 2390 2308 καὶ

820 2354 958 2407 πολὺ
987 2353 1045 2405 τὸ
1071 2347 1289 2429 βέϐαιον
1318 2351 1503 2420 έχουσι
1559 2350 1657 2403 καὶ
1701 2351 1919 2417 ίσχυρδν
1973 2347 2035 2399 τὸ
2087 2345 2243 2416 παρὰ
2290 2344 2387 2397 τοῦ

820 2446 926 2514 κύρ
991 2445 1294 2515 Γρηγορίου
1347 2442 1579 2511 προδὰν,
1639 2440 2098 2509 διαλαμϐάνοντος
2161 2437 2217 2490 δὲ
2293 2436 2435 2490 τοῦ’

819 2538 1064 2591 τοιούτου
1165 2533 1446 2588 συνοδικοῦ
1534 2534 1862 2604 γράμματος
1926 2531 2196 2599 καὶπερὶ
2257 2530 2390 2583 ἁκυ-

823 2630 1051 2699 ριυσίας,
1087 2628 1162 2690 ὡς
1194 2628 1432 2697 εἴρηται,
1454 2624 1564 2678 τῶν
1593 2624 1943 2694 δηλωθέντων
1985 2624 2388 2692 δικαιωμάτων,

823 2721 945 2774 οὑδὲ
971 2719 1132 2773 τοῦτο
1160 2718 1431 2788 παρέλκον
1463 2716 1815 2786 ἡγησάμεθα,
1853 2715 1994 2766 ὥστε
2027 2714 2100 2783 μὴ
2125 2716 2190 2783 τῇ
2223 2729 2392 2784 προσ·-

819 2813 1030 2883 ηκούσῃ
1062 2811 1244 2864 δοῦναι
1278 2811 1540 2872 ἐξετάσει.
1587 2806 1865 2876 Ἐζητήθη
1916 2805 2100 2856 τοίνυν
2149 2805 2245 2856 καὶ
2271 2806 2388 2855 ἐνε-

821 2904 1058 2971 φανίσθη
1097 2901 1312 2981 ὴμίνοτδ
1335 2901 1533 2951 σεπτὸν
1558 2896 1981 2968 χρυσόϐουλλον,
2010 2894 2142 2963 παρ’
2163 2887 2224 2946 οὗ
2260 2895 2364 2945 άκυ

824 2996 1068 3065 ρωθῆναι
1099 2993 1254 3046 ταῦτ’
1299 2993 1477 3059 ἐλεγε,
1537 2991 1633 3042 καὶ
1691 2986 2008 3055 ἀνεγνώσθη
2059 2987 2116 3037 ἐν
2147 2984 2388 3052 ἐπηκόῳ,

821 3089 1078 3156 οὐδαμῶς
1142 3085 1198 3137 δὲ
1245 3086 1527 3154 ἐμέμνητο
1574 3081 1884 3142 ὑποθέσεως
1946 3076 2202 3145 τοιαύτης
2262 3077 2391 3144 περὶ

819 3177 916 3241 τῆς
939 3173 1236 3242 εἰρημένης
1262 3172 1592 3240 ἐπισκοπῆς,
1618 3170 1752 3221 ἀλλὰ
1793 3169 1922 3237 περὶ
1948 3168 2257 3227 ὑποθέσεως
2289 3163 2384 3217 τοῦ

825 3264 1192 3334 μοναστηρίου
1225 3263 1317 3315 τού
1351 3263 1511 3329 ἁγίου
1546 3263 1793 3322 Νίκωνος
1844 3259 1940 3311 καὶ
1991 3261 2121 3327 περὶ
2170 3255 2382 3318 ὓδατος.

831 3355 988 3408 Ἐπεὶ
1022 3355 1113 3407 οὑν
1137 3354 1408 3423 ἀριδήλως
1451 3355 1545 3404 καὶ
1590 3350 2005 3421 ἁναντιῤῥήτως
2067 3345 2388 3416 ἀπεδείχθη,

820 3447 946 3500 καθ’
972 3447 1029 3498 δν
1083 3447 1303 3515 εἴρηται
1339 3445 1558 3514 τρόπον,
1609 3441 1817 3506 ἄνωθεν
1879 3442 1973 3492 καὶ
2000 3439 2061 3502 ἐξ
2103 3438 2282 3507 ἀρχῆς
2322 3439 2389 3506 τῇ

820 3539 920 3603 τῆς
941 3537 1342 3605 Λακεδαίμονος
1368 3536 1698 3604 διαφέρουσα
1733 3533 1765 3602 ἡ
1792 3531 1887 3584 τοῦ
1927 3529 2249 3598 Ἀμυκλείου
2274 3530 2390 3581 ἐπι-

823 3629 1000 3697 σκοπὴ
1031 3630 1122 3680 καὶ
1145 3628 1220 3689 ὡς
1265 3627 1552 3695 ἐνοριακδν
1602 3624 1772 3691 αὐτῆς
1821 3621 2032 3673 δίκαιον
2063 3622 2161 3690 τὴν
2207 3619 2383 3688 ἀρχὴν

821 3721 919 3770 καὶ
941 3718 1014 3778 ὡς
1063 3716 1194 3784 παρ’
1223 3715 1394 3783 αὐτῆς
1444 3717 1524 3775 εἰς
1591 3712 1900 3780 ἐπισκοπὴν
1956 3709 2390 3779 προδιδασθεῖσα

821 3813 917 3864 καὶ
951 3811 1043 3863 ὑπ’
1074 3809 1243 3878 αὑτὴν
1291 3805 1541 3870 τελοῦσα,
1602 3805 1672 3858 δι’
1700 3804 1737 3858 ἃ
1781 3804 1960 3865 καλῶς
2027 3801 2245 3862 πάντως
2297 3799 2389 3852 καὶ

821 3903 1125 3964 κανονικῶς
1154 3901 1440 3953 ἐδικαίωσε
1475 3899 1566 3951 καὶ
1592 3899 1624 3966 ἡ
1654 3896 1750 3948 τοῦ
1788 3895 1892 3964 κῦρ
1929 3893 2236 3964 Γρηγορίου
2268 3909 2390 3944 συν-

819 3995 972 4062 οδικὴ
1005 3993 1231 4062 πρᾶξις,
1259 3987 1347 4043 οἷα
1382 3989 1549 4059 μητρὶ
1584 3989 1786 4057 γνησίᾳ
1814 3989 1881 4056 τῇ
1914 3985 2015 4054 τῆς
2045 3984 2391 4052 Λακεδαίμοο

821 4105 908 4148 νος
937 4075 1266 4137 ὑποκεῖσθαῖ
1293 4081 1387 4134 καὶ
1408 4081 1575 4134 πάλιν
1613 4082 1806 4148 αὑτήν·
1869 4075 2387 4144 συνδιασκεψαμένη

819 4177 888 4229 τά
912 4178 1039 4245 περὶ
1071 4173 1264 4226 τούτου
1320 4175 1352 4242 ή
1390 4173 1684 4240 μετριότης
1714 4168 1874 4238 ὴμῶν
1907 4171 2020 4229 τοῖς
2056 4167 2188 4235 περὶ
2219 4167 2389 4233 αὐτὴν

823 4269 1139 4340 ἱερωτάτοις
1172 4265 1512 4336 ἀρχιερεῦσι,
1546 4263 1624 4331 τῷ
1678 4261 1945 4323 Κυζίκου,
1981 4259 2060 4328 τῷ
2109 4258 2384 4328 Σάρδεων,

818 4365 896 4432 τῷ
933 4350 1362 4427 Θεσσαλονίκης,
1412 4356 1490 4425 τῷ
1522 4356 1856 4425 Δυρραχίου,
1916 4353 1991 4421 τῷ
2044 4352 2389 4422 Χριστουπό-

818 4456 976 4517 λεως,
1007 4453 1084 4523 τῷ
1112 4451 1397 4512 Μαδύτων,
1428 4449 1505 4517 τῷ
1539 4447 1848 4516 Μηθύμνης
1894 4447 1989 4498 καὶ
2039 4445 2116 4511 τῷ
2146 4442 2384 4512 Βάρνης,

2491 1989 2580 2058 ὑφ’
2612 1990 2788 2060 ἐαυτῷ
2822 1990 3115 2057 πεποίηται
3151 1988 3500 2057 βιασάμενος,
3556 1982 3747 2037 τοῦτον
3807 1979 4056 2034 άποδιδί-

2489 2099 2600 2147 ναι,
2636 2082 2721 2133 ἵνα
2769 2081 2844 2150 μὴ
2871 2081 2979 2132 τῶν
3009 2081 3266 2148 Πατέρων
3321 2080 3370 2132 οἰ
3400 2079 3620 2138 κανόνες
3679 2074 4057 2145 παρασαίνων-

2487 2188 2600 2234 ται,
2634 2170 2770 2240 μηδὲ
2803 2169 3202 2239 ἐν.ίερουργίας
3229 2170 3581 2239 προσχήματι
3608 2165 3860 2231 ἐξουσίας
3887 2163 4059 2232 τῦφος

2490 2262 2771 2331 κοσμικῆς
2804 2260 3232 2332 παρεισδύηται,
3265 2259 3400 2330 μηδὲ
3438 2258 3695 2327 λάθωμεν
3717 2258 3818 2325 τὴν
3844 2253 4058 2308 ἐλευθεο

2493 2355 2617 2424 ρίαν
2648 2353 2791 2405 κατὰ
2822 2352 3025 2421 μικρὸν·
3056 2352 3449 2415 ἀπολέσαντες,
3481 2351 3548 2419 ἢν
3577 2351 3708 2418 ἡμῖν
3745 2348 4061 2418 ἐδωρήσατο

2489 2446 2566 2516 τῷ
2604 2447 2718 2516 ἰδίῳ
2757 2447 2954 2513 αἵματι
2988 2445 3016 2496 ὀ
3049 2444 3252 2514 Κύριος
3282 2444 3440 2514 ἡμῶν
3493 2441 3709 2511 Ἰησοῦς
3741 2441 4004 2510 Χριστὸς,
4031 2441 4059 2489 ὀ

2491 2541 2711 2594 πάντων
2737 2537 3042 2609 ἀνθρώπων
3090 2537 3487 2607 ἐλευθερωτής.
3548 2533 3734 2598 Ἔδοξε
3765 2533 3943 2586 τοίνυν
3991 2533 4060 2601 τῇ

2492 2632 2624 2701 ἁγίᾳ
2649 2631 2742 2684 καὶ
2765 2630 3125 2698 οἰκουμενικῇ
3164 2627 3364 2698 συνόδῳ
3397 2626 3669 2690 σώζεσθαι
3725 2626 3934 2696 ἐκάστῃ
3966 2625 4063 2675 ἐπ-

2493 2725 2660 2794 αρχίᾳ
2690 2723 2906 2792 καθαρὰ
2929 2723 3024 2775 καὶ
3058 2721 3292 2777 ἀδίαστα
3323 2723 3391 2774 τὰ
3421 2721 3556 2789 αύτῇ
3576 2721 3857 2790 ’προσόντα
3879 2718 4063 2771 δίκαια

2492 2817 2550 2880 ἐξ
2587 2815 2760 2884 ἀρχῆς
2806 2816 2901 2867 καὶ
2961 2814 3192 2879 ἀνωθεν,
3249 2813 3391 2866 κατὰ
3430 2817 3486 2864 τδ
3540 2811 3713 2865 πάλαι
3777 2813 4064 2880 κρατῆσαν

2494 2907 2637 2972 ἔθος,
2673 2907 2862 2959 ἄδειαν
2897 2903 3114 2974 ἔχοντος
3170 2903 3407 2957 ἑκάστου
3437 2901 3858 2972 μητροπολίτου,
3882 2903 3948 2952 τά
3972 2901 4061 2949 ίσα

2492 3000 2598 3051 τῶν
2622 2997 3032 3067 πεπραγμένων
3077 2978 3213 3067 πρδς
3243 2995 3302 3049 τὺ
3349 2997 3550 3048 οίκεῖον
3606 2994 3845 3062 ἀσφαλὲς
3904 2996 4064 3046 ἐκλα-

2493 3090 2627 3141 ϐεῖν·
2661 3093 2710 3142 εἰ
2743 3091 2797 3145 δέ
2826 3107 2908 3150 τις
2936 3089 3248 3157 μαχόμενον
3298 3086 3469 3139 τύπον
3499 3088 3610 3149 τοῖς
3664 3085 3762 3138 νῦν
3822 3085 4063 3154 ὡρισμέ-

2495 3200 2602 3244 νοις
2631 3183 2980 3252 προκομίσει,
3001 3181 3208 3250 ἁκυρον
3230 3177 3369 3234 εἶναι
3408 3179 3598 3232 τοῦτον
3627 3178 3774 3242 ἔδοξε
3808 3180 3872 3244 τῇ
3921 3166 4058 3246 ἁγίᾳ

2499 3276 2646 3341 πάσῃ
2695 3275 2790 3325 καὶ
2838 3274 3196 3341 οίκουμενικῇ
3227 3271 3456 3340 συνόδῳ.
3504 3289 3522 3321 ι
3591 3273 3700 3324 Καὶ
3733 3271 3861 3338 γοῦν
3909 3271 4062 3323 ἔσται

2501 3363 2600 3431 μὲν
2644 3363 2677 3431 ἡ
2712 3361 2983 3432 ἐπισκοπὴ
3012 3344 3152 3432 αὑτή
3188 3361 3606 3429 ὑποτεταγμένη
3637 3363 3704 3430 τῇ
3739 3361 3840 3429 τῆς
3880 3361 4062 3415 Λακε-

2497 3455 2773 3522 δαίμονος,
2829 3452 2971 3506 καθὰ
3008 3453 3103 3505 καὶ
3167 3452 3228 3505 τὸ
3285 3453 3571 3525 πρότερον,
3610 3451 3702 3504 τού
3766 3454 4062 3521 ἰερωτάτου

2496 3547 2702 3616 ταύτης
2756 3544 3160 3614 μητροπολίτου
3195 3545 3503 3613 φροντίζειν
3563 3547 3658 3598 καὶ
3692 3545 3835 3613 ὑπὲρ
3893 3545 4063 3611 αὐτῆς

2497 3635 2806 3703 ὀφείλοντος
2845 3633 2989 3687 κατὰ
3019 3634 3079 3686 τὸ
3107 3635 3289 3702 χρέος,
3334 3635 3474 3704 ὅπερ
3510 3634 3625 3704 ἔχει
3656 3634 3741 3687 ἐπ’
3775 3637 3937 3705 αὑτῇ.
3979 3637 4067 3688 οὑ-

2497 3727 2605 3789 δεῖς
2633 3728 2689 3780 δέ
2705 3727 2888 3779 ούκέτι
2920 3727 3039 3779 τῶν
3067 3724 3162 3779 τοῦ
3192 3727 3393 3795 μέρους
3422 3727 3518 3795 τῆς
3553 3728 3658 3781 τῶν
3695 3728 3941 3780 Παλαιῶν
3963 3730 4068 3779 Πει-

2497 3819 2661 3886 τρῶν,
2689 3817 2815 3870 οὒτε
2853 3820 2880 3871 ὀ
2916 3816 3010 3871 νῦν
3043 3819 3334 3887 ἱερώτατος
3367 3818 3542 3887 αὐτῆς
3566 3820 3879 3888 ἀρχιερεὺς,
3940 3821 4063 3874 οὔτε

2497 3927 2580 3972 τις
2609 3927 2718 3962 των
2750 3927 2849 3978 μετ
2895 3911 3057 3963 αυτὸν
3106 3911 3174 3963 δι’
3208 3911 3370 3982 ὀχλου
3409 3914 3538 3982 περὶ
3567 3911 3737 3982 αὐτῆς
3776 3915 4066 3982 γενήσεται

2497 4000 2571 4070 τῷ
2595 4002 2693 4070 τῆς
2717 4001 3141 4070 Λακεδαίμονος,
3177 4003 3319 4068 ἐπεὶ,
3353 4005 3420 4073 ῆν
3443 4003 3742 4072 ἐπορίσατο
3779 4005 4066 4072 συνοδικὴν

2499 4089 2846 4159 πράξιν,.καὶ
2879 4092 3018 4161 αὑτὴ
3074 4092 3133 4144 τὸ
3182 4093 3386 4162 ἁκυρον
3424 4094 3569 4163 ἐχειν
3604 4095 3829 4162 ὀφείλει,
3901 4095 3968 4146 δι’
4001 4094 4068 4157 ἁς

2498 4183 2726 4250 εἴπομεν
2788 4184 2991 4247 αἰτιας,
3064 4183 3144 4236 ὅτι
3184 4185 3305 4237 οὐδὲ
3335 4185 3544 4252 ὀφείλει
3585 4204 3667 4246 τις
3699 4186 3901 4252 αὐτῶν,
3947 4188 4067 4239 οὐδὲ

2496 4274 2704 4328 δίκαιον
2729 4275 2871 4344 ῐσχει
2890 4275 3176 4345 ἁλλοτ’ρίας
3227 4278 3626 4329 ἀντιποιεῖσθαι
3647 4278 3970 4348 ἐπισκοπῆς,
3991 4282 4066 4341 ὡς

2471 4347 2796 4432 ,ἀπεδείχθη
2834 4363 3076 4432 ἐναργῶς
3112 4366 3204 4416 καὶ
3242 4364 3523 4432 προδήλως
3558 4367 3693 4432 μετὰ
3725 4347 3924 4436 πολλὴν
3970 4373 4065 4423 καὶ

2497 4454 2701 4523 ἀκριϐῆ
2749 4455 2845 4525 τὴν
2873 4456 3120 4520 ἐξέτασιν
3159 4457 3265 4507 τῶν
3293 4455 3453 4526 ἰέρῶν
3484 4457 3577 4508 καὶ
3603 4456 3763 4509 θείων
3801 4460 4062 4526 κανόνων,

817 4546 879 4599 τδ
913 4546 1078 4614 κῦρος
1118 4544 1215 4596 καὶ
1275 4543 1493 4611 βέϐαιον
1551 4541 1700 4608 ἔχειν
1759 4539 1852 4589 καὶ
1900 4537 1981 4598 είς
2025 4536 2082 4586 τδ
2136 4534 2265 4603 ἑξῆς
2322 4534 2389 4585 τὰ
2421 4565 2467 4622 D
2496 4549 2846 4602 δικαιούντων
2881 4549 3119 4618 ἑκάστην
3149 4551 3447 4619 ἐκκλησίαν
3493 4551 3604 4603 τῶν
3644 4553 3864 4604 οἰκείων
3917 4548 4059 4606 εἶναι

818 4638 1044 4690 τοιαῦτα
1087 4634 1436 4703 δικαιώματα
1505 4636 1605 4701 τῆς
1681 4630 1940 4690 πολλάκις
1999 4627 2385 4695 διαληφθείσης

820 4725 1134 4793 ἁγιωτάτης
1167 4721 1559 4791 μητροπόλεως
1586 4715 2030 4785 Λακεδαιμονίας
2056 4716 2260 4785 ἔκρινε,
2296 4717 2388 4767 καὶ

817 4815 940 4870 κατ’
968 4816 1105 4869 αὑτά
1129 4815 1451 4867 ἐδικαίωσεν
1489 4811 1812 4864 ἐπανελθεῖν
1837 4811 1935 4863 καὶ
1967 4808 2385 4877 ἐπανασωθῆναι

815 4912 882 4978 τῇ
933 4906 1294 4976 διαληφθείσῃ
1337 4903 1625 4973 ἁγιωτάτῃ
1687 4902 2021 4973 μητροπόλει
2080 4904 2177 4970 τῆς
2213 4902 2390 4954 Λακεο

815 5000 1103 5069 δαιμονίας
1125 4999 1225 5065 τὴν
1249 4995 1514 5067 ῥηθεῖσαν
1544 4996 1862 5062 ἐπισκοπὴν
1889 4992 2062 5060 αὐτῆς
2095 4993 2191 5044 τοῦ
2216 4991 2386 5058 Ἀμν-

818 5094 1001 5145 κλείου
1037 5095 1131 5144 καὶ
1173 5090 1501 5142 ὑποκεῖσθαι
1535 5082 1673 5158 αὐτῇ
1706 5086 2095 5154 ἀναφαιρέτως
2133 5087 2229 5136 καὶ
2259 5087 2389 5136 ἀνα-

820 5184 1151 5246 ποσπάστως
1172 5186 1251 5244 εἰς
1279 5185 1366 5234 τὸν
1395 5183 1524 5250 ἐξῆς
1558 5182 1774 5233 ᾶπαντα
1800 5180 1894 5231 καὶ
1916 5177 2141 5247 διηνεκῆ
2177 5177 2387 5247 χρόνον,

819 5279 959 5331 κατά
976 5295 1031 5328 τε
1061 5279 1158 5346 τὴν
1190 5277 1483 5346 περίληψιν
1529 5274 1637 5325 τῶν
1673 5272 1982 5341 προσόντων
2020 5271 2155 5340 αὑτῇ
2189 5269 2391 5337 ἐγγρά-

818 5385 938 5435 φων
968 5367 1379 5434 δικαιωμάτων,
1416 5363 1474 5429 ἐξ
1504 5357 1578 5415 ὦν
1609 5361 1972 5432 ἀριδηλότατα
2003 5361 2386 5428 ἀναφαίνεται,

818 5461 1029 5511 οἰκείαν
1092 5459 1298 5527 ταύτης
1331 5453 1473 5509 εἶναι
1502 5457 1831 5524 ἐπισκοπὴν,
1892 5453 1968 5514 ὡς
2018 5455 2112 5504 καὶ
2139 5452 2237 5519 τὴν
2290 5449 2390 5516 τῆς

817 5553 1022 5620 Πίσσης
1052 5555 1146 5604 καὶ
1176 5551 1272 5618 τὴν
1329 5551 1438 5602 τῶν
1485 5548 1747 5616 Ἐζερων,
1800 5546 1982 5607 καθως
2018 5546 2083 5596 ἀν
2135 5545 2277 5611 τέρω
2307 5543 2390 5594 λέ-

814 5647 1026 5709 λεκται,
1066 5645 1160 5696 καὶ
1187 5642 1372 5705 καθὼς
1402 5645 1450 5695 οἰ
1484 5644 1624 5713 ἱεροὶ
1670 5643 1764 5694 καὶ
1796 5641 1932 5692 θεῖοι
1964 5637 2238 5690 δικαιοῦσι
2294 5653 2394 5688 κα-

816 5741 984 5801 νόνες·
1033 5739 1166 5807 φησὶ
1199 5739 1307 5807 γὰρ
1339 5739 1366 5788 ὁ
1393 5737 1492 5803 τῆς
1526 5737 1582 5786 ἐν
1610 5733 1921 5802 Χαλκηδόνι
1956 5730 2118 5798 ἁγίας
2173 5729 2389 5781 συνόδου

817 5829 1286 5890 ἑπτακαιδέκατος
1323 5829 1528 5882 κανών·
1560 5846 1578 5877 ι
1613 5827 1724 5889 Τὰς
1759 5824 1882 5878 καθ’
1917 5824 2158 5892 ἑκάστην
2196 5820 2390 5890 ἐκκλη-

2491 4641 2969 4694 ἐπαπολαύουσαν.
3002 4639 3205 4694 Τούτου
3236 4643 3343 4712 γὰρ
3370 4643 3531 4712 χάριν
3589 4646 3681 4695 καὶ
3717 4645 3748 4713 ἡ
3806 4646 4057 4715 παροῦσα

2491 4733 2742 4804 συνοδικὴ
2771 4734 2966 4804 πρᾶξις
2987 4735 3201 4802 ἐγένετο
3249 4737 3344 4787 καὶ
3378 4734 3608 4802 ἐπεδόθη
3636 4736 3713 4803 τῷ
3746 4737 3907 4805 μέρει
3966 4739 4064 4806 τῆς

2491 4829 2754 4889 πολλάκις
2834 4827 3219 4896 διαληφθείσης
3282 4827 3591 4893 ἁγιωτάτης
3680 4830 4067 4897 μητροπόλεως

2491 4919 2927 4987 Λακεδαιμονίας
2978 4921 3057 4980 είς
3117 4917 3531 4980 διαιωνίξουσαν
3583 4918 3681 4988 τὴν
3738 4920 4064 4987 ἀσφάλειαν.

2567 5013 2606 5082 1-
2632 5007 2774 5081 Εἶχε
2803 5013 2891 5064 τό·
2921 5011 3078 5076 Μηνὶ
3110 5011 3411 5078 Νοεμϐρίῳ
3445 5010 3558 5064 ίνδ.
3589 5009 3656 5074 ϐ’,
3691 5011 3789 5064 διὰ
3825 5012 3930 5080 τῆς
3960 5030 4067 5065 πα-

2492 5103 2841 5171 τριαρχικῆς
2872 5102 3070 5169 τιμίας
3100 5101 3317 5168 χειρὸς,
3357 5100 3680 5168 dumbme
3730 5103 3916 5164 αὑτοῦ
3968 5104 4068 5155 καί

2488 5196 2732 5258 ,ϐοὐλλα
2773 5191 3132 5261 μολυϐδίνη,
3154 5192 3390 5259 ἔχουσα
3417 5190 3488 5242 ἐν
3511 5191 3629 5259 μὲν
3663 5189 3740 5254 τῷ
3787 5191 3878 5243 ἐνί
3907 5191 4072 5262 μέρει

2494 5285 2607 5353 τὴν
2631 5287 2838 5338 είκόνα
2872 5283 2977 5352 τῆς
3030 5283 3325 5336 Θεοτόκου
3373 5281 3938 5350 βρεφοκρατοῦσαν,
3999 5284 4072 5336 ἐν

2493 5377 2561 5430 δὲ
2589 5375 2667 5441 τῷ
2698 5375 2895 5445 ἐτέρφο
2949 5375 3223 5440 Ἰωάννης
3248 5373 3398 5436 ἐλέῳ
3428 5373 3578 5428 Θεοῦ
3594 5373 4071 5441 ἀρχιεπίσκοκος

2493 5467 3214 5531 Κωνσταντινουπόλεως,
3247 5465 3402 5532 Νέας
3439 5462 3690 5533 Ῥώμης,
3742 5464 3842 5519 καί
3868 5466 4068 5522 altov-

2489 5562 2736 5628 μενικὸς
2755 5558 3090 5627 πατριάρχη
3104 5579 3157 5625 ς.

2494 5656 2656 5710 XXV.
2692 5653 2888 5725 Synodi
2937 5653 3296 5776 decretum'df
3336 5651 3565 5722 quodam
3596 5651 4066 5708 monasterio'mo-

3157 5741 3246 5776 ma
3275 5741 3403 5776 mm.

3157 5741 3403 5777 mnuum.

2565 5822 2604 5890 -ί-
2657 5820 2715 5875 '0
2745 5819 3070 5892 δομέστικος
3105 5816 3212 5888 κύρ
3237 5816 3432 5880 Φωκᾶς
3464 5819 3492 5872 ὁ
3517 5817 3813 5888 Μαρούλης
3835 5817 4067 5884 Mdv“:
