4444 6452
766 418 903 480 1203

1749 403 1961 467 JUAN.
2003 402 2305 462 CALECIE
2345 403 2458 462 CP.
2501 397 3016 486 ιτιιΤιιιΑιιςίιίΕ

3877 390 4011 453 1264

767 531 1027 601 μηθεῐσα,
1050 526 1125 586 ὡς
1157 523 1437 593 προϊόντες
1479 517 1812 586 δηλώσομεν,
1865 516 2054 582 ὀλίγας
2086 516 2147 566 ἐκ
2207 513 2338 564 πολ·
2370 517 2412 571 Α
2445 514 2580 580 μονῇ
2614 510 2709 562 τοῦ
2743 510 3130 562 ΙΙάντεπόπτου
3185 505 3464 575 εὑρεθέντι
3501 505 3842 573 νομοκάνονι,
3887 507 3922 559 ἃ,
3945 506 4010 570 δὴ

762 622 870 674 λῶν
893 622 976 680 είς
1010 617 1176 687 μέσον
1225 615 1323 676 τὰς
1387 611 1693 680 μαρτυρίας
1749 609 1844 661 καὶ
1887 609 1983 670 τὰς
2038 605 2341 667 ἀποδείξεις

765 707 1190 778 παραγαγόντες
1221 720 1236 738 ο
1272 701 1714 772 κεχειροτόνηται
1744 700 1801 752 δὲ
1833 699 1985 766 ὅμως
2040 695 2335 753 ἐπίσκοπος

763 799 1008 868 ἰπάὑτῇ
1041 796 1205 862 ὀλίγῳ
1255 794 1520 864 πρότερον
1574 791 1726 859 παρὰ
1782 787 1877 839 τοῦ
1933 785 2027 837 νῦν
2086 783 2342 837 διιθύνειν

765 891 1021 958 λαχόντος
1060 883 1470 953 ἀρκςιερατικῶς
1503 882 1601 950 τὴν
1629 881 1726 947 τῆς
1780 878 2002 945 Ἐφέσου
2035 875 2342 942 ἀγιωτάτην

769 978 1127 1048 μητρόπολιν,
1164 976 1283 1026 δέον
1313 971 1650 1039 ἀποσχέσθαι
1681 968 1851 1034 αὑτῆς
1888 969 1982 1018 καὶ
2011 967 2086 1033 μὴ
2120 962 2345 1029 τοιούτῳ

768 1073 875 1124 τινί
904 1069 994 1121 ἐπ’
1033 1070 1171 1135 αὐτῇ
1207 1063 1556 1133 ἐπιχειρῆσαι
1586 1061 1673 1111 διά
1700 1060 1760 1110 τὸ
1786 1055 2109 1109 ὑποκεῖσθαι
2138 1052 2344 1116 ταύτην

770 1160 937 1212 πάλαι
972 1159 1100 1209 ποτὲ
1132 1159 1196 1223 τῇ
1231 1154 1352 1206 κατ’
1380 1153 1559 1214 αὑτὸν,
1591 1151 1666 1211 ὡς
1711 1147 1814 1199 ὑπὸ
1875 1145 1970 1215 τὴν
2032 1142 2155 1195 καθ’
2199 1141 2343 1209 ἡμᾶς

753 1248 1089 1316 ,ἁγιωτάτην
1120 1244 1217 1297 τοῦ
1254 1242 1394 1294 Θεοῦ
1436 1240 1694 1306 Μεγάλην
1738 1235 2064 1303 Ἐκκλησίαν
2120 1246 2345 1300 μετατε-

769 1341 990 1408 χθείσης
1027 1338 1122 1389 καὶ
1149 1337 1267 1394 ταῖς
1301 1334 1514 1393 λοιπαῖς
1542 1331 1711 1398 αὑτῆς
1747 1326 2145 1397 μητροπόλεσιν
2193 1324 2347 1373 ἐντα-

772 1431 981 1497 υείσης.
1021 1428 1078 1478 Εἰ
1106 1426 1214 1491 γὰρ
1246 1427 1338 1474 καὶ
1379 1423 1442 1488 τῇ
1477 1418 1595 1471 κατ’
1648 1417 1809 1470 αὑτὸν
1842 1413 2081 1484 ἀρχῆθεν
2113 1411 2344 1480 ἐτύγχα-

773 1537 828 1570 νε
855 1519 1213 1585 διαφέρουσα,
1244 1514 1380 1567 ἀλλὰ
1416 1513 1510 1562 καὶ
1538 1509 1636 1570 τάς
1670 1507 1891 1567 πλείους
1930 1504 2038 1556 τῶν
2071 1501 2347 1572 μητροπό-

772 1612 932 1673 λεων,
968 1611 1018 1660 εί
1048 1623 1131 1667 τις
1164 1603 1438 1669 ἐξετάζειν
1473 1599 1670 1661 ἐθέλει,
1721 1597 2090 1663 ὑποκειμένας
2121 1593 2348 1661 εὑρήσει

768 1701 1060 1772 τὴνάρχήν
1097 1696 1416 1766 ἐκκλησίαις
1470 1693 1703 1760 ἑτέραις,
1776 1689 2000 1772 μένουσι
2059 1686 2115 1739 δέ
2177 1686 2348 1752 ὅμως,

771 1768 847 1855 τίς
963 1768 1246 1858 εἰλήχασιν
1296 1786 1488 1836 ἔπειτα
1532 1781 1683 1844 τάξιν
1723 1778 1817 1830 καὶ
1877 1768 2044 1845 τιμὴν
2094 1773 2345 1843 βασιλικῇ

774 1883 1057 1954 προσταγῇ
1090 1881 1181 1931 καὶ
1213 1877 1411 1944 πράξει
1445 1873 1696 1940 συνοδικῇ
1737 1887 1751 1901 ·
1784 1870 1866 1920 ὅτι
1916 1867 1980 1936 δὴ
2014 1867 2106 1918 καὶ
2140 1865 2350 1934 βασιλι-

773 1978 866 2028 κόν
904 1977 1022 2026 ἐστι
1065 1969 1222 2022 τοῦτο
1261 1967 1578 2037 προνόμιον,
1624 1966 1723 2023 τὰς
1779 1957 2180 2025 ὑποδεεστέρας
2245 1954 2353 2006 τῶν

773 2064 1081 2133 ἐκκλησιῶν
1115 2063 1193 2123 είς
1225 2060 1315 2110 τὸν
1348 2057 1606 2124 ἀνωτέρω
1645 2053 1911 2121 προάγειν
1941 2049 2174 2118 βαθμόν.
2231 2047 2352 2098 Ὅτι

772 2157 948 2221 δὲ,ὠς
1000 2155 1249 2212 εἰπόντες
1308 2147 1574 2216 ἐφθημεν,
1631 2146 1710 2205 εἰς
1739 2140 2069 2211 μητρόπολιν
2116 2137 2353 2206 ἐτιμήθη

775 2249 989 2317 χρόνοις
1019 2245 1118 2296 οὐκ
1151 2243 1354 2307 ὀλίγοις
1410 2239 1521 2298 τοῖς
1560 2236 1692 2300 ἀνω,
1746 2231 2054 2301 παριστῶσι
2113 2231 2212 2300 μὲν
2262 2229 2357 2282 καὶΙ

773 2342 931 2392 ἄλλαι
965 2328 1581 2401 τῶνέκκλησιαστικῶν
1616 2324 1891 2395 πράξεων,
1915 2325 2029 2384 τοῖς
2082 2336 2358 2392 μητροπο⁴

775 2431 950 2490 λίταις
974 2425 1290 2496 ἐναρίθμιον
1320 2423 1547 2491 ἔχουσαι
1577 2418 1671 2470 καὶ
1697 2416 1788 2468 τὸν
1842 2416 2108 2483 Πυργίου,
2167 2412 2240 2474 ὡς
2299 2411 2357 2476 ἐξ

779 2520 956 2573 αὑτῶν
980 2517 1185 2570 τούτων
1217 2507 1658 2581 ἐμςανισθεισῶν
1719 2505 2030 2574 κατεφανές
2077 2505 2173 2557 καὶ
2225 2505 2357 2573 ήμῖν

779 2613 1003 2679 εγένετο
1062 2603 1374 2663 συνοδ.κῶς.
1444 2601 1508 2651 Ἠ
1565 2599 1748 2666 μέντοι
1793 2597 1886 2648 τοῦ
1928 2596 2033 2665 κῦρ
2084 2595 2356 2664 ιἐωργίου

793 2704 886 2756 τοῦ
941 2702 1044 2768 Ξφ
1073 2700 1243 2761 λίνου,
1297 2689 1835 2762 πατριαρχεύσαντος
1883 2690 1940 2740 ἐν
1990 2689 2099 2748 τοῖς
2148 2687 2359 2755 χρόνοις

782 2790 873 2843 τοῦ
918 2790 1182 2860 βασιλέως
1222 2783 1329 2853 κῦρ
1373 2782 1641 2834 Ἰσαακίου
1672 2778 1765 2831 καὶ
1798 2778 1961 2846 μέχρι
1997 2777 2095 2844 τῆς
2125 2776 2222 2829 τοῦ
2254 2775 2358 2844 κῦρ

790 2883 1030 2946 Ἀλεξίου
1085 2877 1496 2948 παραταθείσης
1558 2874 1656 2942 τῆς
1719 2871 2090 2939 πατριαρχίας
2153 2869 2359 2935 αὑτοῦ,

777 2977 1002 3042 διέξεισι
1027 2973 1166 3043 μετά
1193 2987 1309 3022 τινα
1335 2970 1464 3036 περὶ
1496 2964 1663 3020 αὑτοῦ
1695 2964 1760 3034 δὴ
1789 2963 1884 3016 τοῦ
1938 2963 2177 3030 ίΙυργίου
2219 2962 2361 3014 κατά

785 3072 938 3141 ρῆμα
968 3068 1062 3118 καὶ
1094 3065 1223 3116 τάδε
1257 3078 1270 3091 ·
1317 3080 1334 3112 ι
1382 3060 1536 3112 Ἐπεὶ
1578 3057 1632 3109 δὲ
1662 3057 1759 3108 καὶ
1787 3056 1938 3123 παρά
1989 3054 2083 3106 τοῦ
2131 3051 2359 3122 ἱερωτά-

2447 603 2622 653 πάντα
2655 602 2863 662 εἰδότας
2899 600 2993 651 καὶ
3021 599 3146 660 τοὺς
3180 600 3246 666 τῇ
3293 597 3519 663 Ἐφέσου
3553 595 4013 665 ἀπαρεγχείρητα

2443 692 2611 761 ἐχρῆν
2647 693 2715 743 τὰ
2751 692 2869 744 κατ’
2897 690 3065 758 αὐτὴν
3120 690 3408 757 συντηρεῖν
3453 689 3547 741 καί¹
3595 689 4008 756 ἀπαραποίητα.

2446 782 2701 850 Προήχθη
2766 781 2821 832 δέ
2879 781 3084 847 ἀρτίως
3143 782 3238 831 καὶ
3295 779 3392 847 τὴν
3441 780 3712 847 προτέραν
3773 777 4012 830 ἀπέλαῆε

2444 873 2597 936 τάξιν
2621 872 2716 938 τῆς
2743 871 3132 939 μητροπόλεως
3161 868 3301 934 αῦτη
3333 867 3395 936 δή
3427 869 3459 938 ή
3489 868 3580 919 τοῦ
3611 867 3854 936 Πυργίου
3909 881 4010 920 πα-

2448 965 2516 1030 ρὰ
2540 959 2632 1013 τοῦ
2661 963 2956 1029 κρατίστου
2997 960 3093 1011 καὶ
3137 959 3295 1025 ἁγίου
3325 975 3428 1026 μου
3484 959 3884 1027 αὐτοκράτορος
3928 957 4011 1010 διὰ

2446 1052 2538 1104 τοῦ
2567 1054 2658 1103 ἐπί
2685 1051 2858 1120 τούτῳ
2887 1051 3247 1112 ἀπολυθέντος
3285 1047 3482 1115 σεπτοῦ
3535 1049 3956 1117 προστάγματος
3997 1066 4005 1073 “

2447 1141 2598 1195 ἐνθεν
2627 1159 2709 1193 τοι
2737 1143 2828 1194 καὶ
2856 1144 2888 1209 ή
2928 1143 3218 1210 μετριότης
3250 1138 3408 1207 ήμῶν
3444 1136 3753 1198 ἀκολούθως
3790 1139 4014 1190 ποιοῦσα

2449 1232 2644 1302 γνώμῃ
2672 1234 2824 1300 κοινῇ
2853 1233 2951 1300 τῆς
2979 1231 3107 1298 περὶ
3137 1231 3306 1298 αὐτὴν
3337 1232 3666 1297 όμηγύρεως
3692 1230 3800 1279 τῶν
3857 1230 4016 1297 ἰερω-

2446 1325 2627 1375 τάτων
2645 1323 2967 1392 ἀρχιερέων,
3001 1321 3095 1374 τοῦ
3131 1321 3398 1391 Σάρδεων,
3431 1319 3523 1372 τοῦ
3563 1320 3891 1390 Δυρραχίου,
3924 1319 4019 1370 τοῦ

2448 1415 2737 1481 Μαδύτων,
2770 1414 2863 1467 τοῦ
2920 1414 3222 1477 Φιλίππων,
3253 1413 3347 1466 τοῦ
3387 1412 3713 1480 Μηθύμνης,
3739 1411 3831 1464 τοῦ
3862 1412 4018 1475 Χίου,

2448 1504 2541 1557 τοῦ
2591 1502 2924 1574 Βάρνης,τοῦ
2981 1505 3173 1566 Γάνου,
3208 1503 3300 1555 τοῦ
3345 1506 3590 1573 Δράμας,
3635 1503 3728 1556 τοῦ
3774 1504 4020 1558 Τενέδου.

2449 1596 2543 1648 τοῦ
2572 1595 2668 1649 Κῶ
2688 1597 2782 1648 καὶ
2803 1595 2896 1647 τοῦ
2923 1596 3231 1664 ὑποψηφίου
3261 1595 3671 1663 Μονεμσασίας,
3697 1598 3795 1666 τὴν
3820 1596 4025 1665 παροῦ-

2455 1700 2554 1735 σαν
2578 1683 2854 1736 ἐκτέθεικε
2878 1684 3098 1753 πρᾶξιν,
3123 1684 3208 1751 ἐφ’
3230 1678 3273 1749 ᾧ
3297 1688 3388 1735 καὶ
3411 1686 3490 1748 εἰς
3514 1687 3605 1736 τὸν
3667 1686 3794 1753 ἑξῆς
3822 1686 3897 1754 τῷ
3937 1702 4026 1754 χο-

2456 1775 2534 1845 ρῷ
2566 1777 2658 1828 καὶ
2677 1776 2881 1845 ταύτην
2911 1777 2974 1844 δὴ
2996 1777 3095 1842 τὴν
3119 1774 3208 1826 τοῦ
3231 1775 3471 1844 Πυργίου
3503 1775 3610 1828 τῶν
3644 1776 4029 1844 μητροπόλεων

2458 1868 2696 1919 συνεῖναι
2727 1882 2739 1895 ⁶
2776 1867 2897 1918 ὅθεν
2933 1869 3023 1918 καὶ
3051 1864 3224 1927 οὐδεὶς
3249 1866 3506 1918 οὐδέποτε
3535 1865 3739 1932 ὀφείλει
3764 1866 4029 1934 πειράσα-

2460 1958 2582 2008 σθαι
2615 1956 2714 2024 τῆς
2740 1955 2947 2019 τάξεως
2974 1937 3180 2021 ταύτης
3217 1954 3314 2005 καὶ
3341 1954 3441 2020 τῆς
3476 1953 3642 2022 τιμῆς
3665 1953 3884 2021 ἀφελεῖν
3927 1951 4031 2004 αὑ-

2457 2045 2554 2113 τὴν
2585 2045 2679 2097 καὶ
2707 2043 3041 2096 ὑποϐιϐἀσαι
3081 2058 3092 2070 ·
3134 2041 3324 2112 ὸῳειλὴ
3358 2043 3467 2111 γὰρ
3525 2042 3622 2095 καὶ
3664 2043 3822 2111 χρέος
3870 2042 4032 2094 τοῦτο

2457 2136 2623 2187 πᾶσιν
2654 2135 2839 2197 ἁπλῶς
2878 2124 3258 2203 ἀπαραίτητον
3285 2136 3396 2196 τοῖς
3420 2135 3472 2194 ἐς
3495 2131 3744 2202 ὕστερον,
3780 2132 4031 2201 στέργειν

2458 2228 2522 2278 τὰ
2545 2227 2723 2288 καλῶς
2745 2229 2859 2288 τοῖς
2889 2225 2996 2295 πρὸ
3027 2224 3206 2277 αὑτῶν
3227 2225 3454 2290 δόξαντα
3485 2225 3577 2277 καὶ
3638 2225 4033 2294 ἀπαραποίητα

2459 2319 2550 2370 καὶ
2582 2319 2954 2389 ἀπαράτρωτα
2979 2318 3161 2385 μένειν
3180 2317 3291 2386 ἐᾷν,
3325 2316 3398 2378 ὡς
3423 2317 3676 2383 ὀμονοῖας
3698 2316 3792 2367 καὶ
3811 2314 4032 2384 εἰρήνης

2465 2410 2791 2481 παραίτιον
2831 2408 3106 2476 ὀφείλουσι
3139 2408 3323 2476 μέντοι
3354 2407 3639 2475 προσεῖναι
3666 2406 3760 2457 καὶ
3812 2405 4036 2456 ὑποκεῖ-

2463 2503 2586 2555 σθαι
2605 2506 2670 2571 τῇ
2696 2503 2832 2570 αὐτῇ
2863 2501 3124 2568 ἐκκλησία
3149 2500 3244 2551 καὶ
3271 2497 3338 2550 1‘1
3367 2500 3423 2549 ἐν
3444 2498 3524 2567 τῷ
3553 2497 3853 2566 πρακτικῷ
3897 2496 4031 2548 ταύ-

2462 2615 2560 2666 της
2592 2595 3074 2663 διαλαμϐανόμενα
3103 2593 3196 2645 δύο
3256 2591 3454 2663 χωρία,
3482 2592 3543 2642 τὺ
3603 2587 3698 2642 τοῦ
3755 2587 4033 2656 Διοσιεροῦ

2461 2689 2700 2756 δηλονότι
2737 2688 2830 2740 καὶ
2858 2687 2916 2738 10
2940 2687 3034 2754 τῆς
3067 2685 3281 2754 Δίγδης,
3317 2685 3413 2736 καὶ
3464 2683 3641 2735 πάντα
3684 2681 3890 2745 ἁπλῶς,
3937 2681 4040 2734 ὅσα

2461 2785 2572 2844 τοῖς
2612 2779 2911 2849 ἐγγράφοις
2943 2776 3308 2844 δικαιώμασιν
3359 2775 3529 2845 αὐτῆς
3574 2773 3877 2827 δικαιοῦται
3907 2791 4039 2825 κατ-

2463 2876 2628 2943 έχειν,
2657 2869 3162 2938 ἀναφαιρέτωςκαὶ
3219 2866 3675 2927 ἀναποσπάστως.
3724 2865 3877 2918 Ἐπεὶ⁹
3914 2865 4040 2916 τού-

2464 2983 2541 3034 τῳ
2572 2965 2679 3034 γὰρ
2711 2967 2802 3015 καὶ
2830 2965 2863 3031 ἡ
2893 2960 3144 3030 παροῦσα
3195 2961 3445 3030 ήμετέρα
3495 2960 3592 3012 καλ⁸
3629 2957 3884 3025 συνοδική
3955 2956 4039 3022 ἔγ-

2466 3071 2675 3124 γραφος
2707 3053 2899 3122 πρᾶξις
2929 3050 3197 3119 γενομένη
3245 3052 3310 3120 τῇ
3363 3049 3626 3110 πολλάκις
3684 3046 4042 3116 διαληφθείσῃ

910 3155 1309 3226 μητροπολίτου
1337 3150 1598 3220 ἰῐυργίου,
1646 3147 2058 3201 Κωνσταντίνου
2087 3145 2180 3198 τοῦ
2215 3145 2358 3196 Σπα-
2384 3171 2428 3228 c
2468 3144 2744 3210 ἁγιωτάτῃ
2771 3138 3205 3209 μητροπόλειτοῦ
3230 3139 3468 3209 Πυργίου
3496 3137 3796 3196 ἐπιδέδοται
3814 3138 3889 3197 είς
3908 3136 4044 3188 01n-

782 3245 1069 3308 νοπούλου,
1104 3243 1256 3303 λύσις
1294 3239 1389 3292 τοῦ
1423 3237 1729 3306 ἀγιωτάτου
1760 3236 1969 3288 ἐκείνου
2013 3234 2356 3304 πατριάρχου

784 3339 894 3410 πῦρ
918 3335 1136 3407 Μιχαὴλ
1165 3333 1258 3386 τοῦ
1297 3331 1584 3400 Ἀγχιάλου
1640 3327 2039 3397 προεκομίσθη,
2066 3326 2362 3395 ἐξενεχθείο

788 3449 857 3485 σα
883 3431 974 3481 ἐπὶ
1007 3427 1314 3494 ὑπομνήσει
1348 3422 1535 3488 αὑτοῦ,
1566 3421 1716 3482 ὄντος
1759 3420 2079 3481 ἐπισκόπου,
2108 3418 2201 3470 καὶ
2230 3418 2362 3485 δῆτα

791 3518 1184 3588 ὑπανεγνώοθη
1213 3517 1307 3568 ἐπὶ
1332 3514 1496 3583 κοινῷ
1517 3500 1731 3583 όρισμῴ
1755 3511 1851 3580 τῆς
1884 3511 2042 3578 ήμῶν
2073 3509 2363 3576 μετριότη-

785 3632 897 3678 τος,
932 3615 1025 3666 καὶ
1061 3609 1264 3679 εὑρέθη
1286 3608 1484 3675 ἔχουσα
1519 3609 1575 3655 ἐν
1617 3607 1681 3673 τῇ
1717 3605 1857 3671 ἀρχῇ
1888 3602 1981 3652 καὶ
2009 3604 2065 3651 ἐν
2114 3600 2190 3668 τῷ
2221 3599 2365 3651 τέλει

786 3707 926 3776 ῥητά
946 3721 1066 3756 τινα
1104 3696 1505 3771 συνᾴδονταοτῷ
1540 3694 1727 3763 σκοπῷ
1755 3697 1849 3762 τῆς
1886 3694 2044 3761 ήμῶν
2080 3692 2366 3761 μετριότη-

783 3813 896 3860 τος,
929 3796 1094 3864 ὥρισε
1127 3790 1583 3859 καταστρωθῆναι
1609 3789 1705 3839 καὶ
1731 3786 1928 3847 10.611.
1968 3784 2002 3837 ἂ
2029 3788 2121 3837 καὶ
2152 3784 2366 3853 ἔχουσιν

783 3887 1064 3951 αὑτολεξεὶ
1084 3882 1281 3936 οὑτωσί
1309 3897 1323 3913 ⁸
1356 3901 1374 3933 ι
1429 3881 1584 3932 Ὅσοι
1623 3879 1723 3948 μὲν
1763 3880 1855 3932 ἐπὶ
1908 3877 2159 3938 παλαιοῖς
2202 3877 2366 3945 θεμε-

785 3982 918 4042 λίοις
950 3977 1093 4032 ναῶν
1119 3975 1494 4043 ὑποκειμένων
1524 3974 1590 4040 τῇ
1649 3971 1788 4023 κατὰ
1823 3970 1881 4021 σὲ
1923 3968 2204 4037 ἁγιωτάτῃ
2248 3971 2365 4019 ἐπι-

788 4073 968 4140 σκοπῇ
1005 4068 1248 4138 ἔφθασαν
1266 4063 1623 4132 οίκοδομῆσαι
1650 4062 1833 4125 ναοὺς,
1861 4061 2013 4112 οὐδὲν
2073 4060 2326 4140 ἀιιρεληθή
2344 4088 2367 4099 -

788 4179 971 4215 σονται
1009 4155 1255 4218 οὑτοιείς
1284 4157 1345 4208 10
1378 4155 1454 4225 μή
1480 4153 1799 4206 ὑποκεῖσθαί
1847 4169 1950 4205 σοι.
1991 4170 2010 4203 ι
2050 4133 2370 4220 Συμπαρεῖ-

791 4272 877 4306 ναι
914 4253 1096 4322 μέντοι
1149 4250 1426 4301 δείκνυται
1477 4249 1534 4298 ἐν
1583 4246 1717 4314 αὑτῇ
1773 4242 2079 4313 τηνικαῦτα
2142 4243 2236 4295 καὶ
2281 4244 2372 4294 τὸν

797 4347 1052 4415 Ἐφέσου,
1089 4341 1292 4396 Ὀτιδὲ
1321 4342 1420 4410 οὑχ
1455 4340 1641 4407 ἕτερός
1695 4353 1800 4400 τις,
1860 4336 1976 4389 ἀλλ’
2022 4329 2176 4398 οὗτος
2232 4330 2299 4405 ἦν
2345 4335 2374 4386 0

787 4438 1006 4508 πρῶτος
1037 4437 1092 4486 ἐν
1116 4435 1180 4502 τῇ
1216 4429 1308 4484 τοῦ
1383 4428 1624 4499 Πυργίου
1691 4426 1768 4496 τῷ
1823 4425 1918 4478 τοῦ
1976 4424 2371 4495 μητροπολίτου

2471 3234 2769 3295 ωνίζουσαν
2801 3231 2898 3301 τὴν
2920 3228 3222 3297 ἀσφάλειαν
3244 3227 3390 3298 μηνί
3419 3226 3747 3295 Αὐγούστῳ
3779 3223 3891 3278 ινδ.
3913 3229 3968 3276 ι’.

2681 3367 2874 3423 XXIX.
2907 3367 3140 3422 Joannes
3168 3367 3371 3420 dirimit
3400 3367 3834 3420 controversiam.

2539 3507 2580 3577 1-
2618 3505 2882 3570 Διενέξεις
2932 3504 3032 3557 οὑκ
3066 3503 3252 3570 όλίγας
3300 3500 3518 3571 ἔχοντες
3563 3502 3592 3553 ὅ
3634 3519 3691 3552 τε
3751 3500 4042 3568 ἱερώτατος

2476 3597 2879 3668 μητροπολίτης
2901 3597 3033 3649 Χίου
3060 3595 3153 3648 καὶ
3178 3595 3479 3663 ὑπέρτιμος
3503 3595 3594 3646 καὶ
3620 3595 3648 3645 0
3674 3591 4046 3653 πανσέὸαστος

2476 3689 2735 3751 σεϐαστός
2770 3691 2969 3749 οἰκεῖος
2995 3687 3073 3756 τῷ
3109 3686 3388 3757 κρατίστῳ
3435 3684 3530 3736 καὶ
3561 3685 3701 3752 ἁγίῳ
3748 3701 3848 3754 μου
3884 3683 4047 3735 αὐτο·

2474 3780 2704 3848 κράτορι
2743 3777 2846 3848 κῦρ
2896 3777 3310 3835 Κωνσταντῖνος
3357 3775 3385 3824 0
3434 3771 3701 3840 Πράσινος
3736 3770 3864 3839 περί
3905 3785 4050 3830 τινος

2479 3869 2770 3940 μονυδρίου
2813 3866 2907 3920 τοῦ
2956 3865 3115 3934 ἁγίου
3162 3863 3658 3933 μεγαλομὰρτυρος
3703 3864 3797 3913 καὶ
3829 3863 4051 3927 ίαματι-

2477 3961 2572 4013 κοῦ
2606 3959 3052 4027 Παντελεήμοιος
3095 3957 3189 4010 καὶ
3221 3956 3406 4026 ἐτέρου
3438 3955 3753 4007 πανσέπτου
3793 3951 3921 4004 ναοῦ
3957 3951 4051 4004 τοῦ

2477 4056 2532 4105 ἐν
2563 4053 2737 4120 ἁγίοις
2771 4050 3145 4120 παμμάκαρος
3170 4047 3459 4110 Νικολάου,
3490 4046 3572 4114 ἐφ’
3595 4040 3674 4108 οἷς
3704 4045 3817 4114 ἔχει
3844 4044 4055 4098 δίκαιον

2478 4146 2826 4215 γονικότητος
2858 4146 2884 4196 0
2923 4143 3086 4203 αὐτὸς
3126 4141 3421 4208 Πράσινος,
3449 4138 3527 4190 ἔτι
3557 4155 3614 4190 τε
3647 4138 3737 4189 καὶ
3767 4138 3893 4205 περὶ
3936 4136 4056 4187 ἐτέ-

2484 4256 2593 4310 ρων
2617 4237 2779 4289 τινῶν
2817 4233 3140 4304 μονυδρίων,
3176 4231 3437 4299 ἐκίνησαν
3468 4231 3535 4281 τά
3571 4228 3700 4298 περὶ
3730 4226 3919 4280 τούτου
3959 4229 4054 4279 ἐπὶ

2479 4333 2577 4397 τῆς
2634 4329 2789 4400 ἡμῶν
2848 4325 3219 4395 μετριότητος.
3263 4323 3375 4375 Καὶ
3406 4321 3530 4373 ἐπεὶ
3581 4322 3609 4374 0
3658 4321 3758 4390 μέν
3812 4318 4054 4381 τοιοῦτος

2483 4423 2748 4492 Πράσινος
2779 4419 2938 4488 ἐνῆγε
2975 4416 3116 4470 κατά
3148 4413 3241 4466 τοῦ
3273 4413 3572 4483 εἰρημένου
3608 4411 3905 4480 ίερωτάτου
3947 4428 4052 4478 μη-

787 4502 1038 4598 τιμηθεὶς
1067 4525 1319 4590 ὀνόματι,
1355 4521 1382 4570 0
1407 4518 1791 4579 Σπανόπουλος
1821 4509 2027 4588 δηλαδή
2076 4519 2367 4569 Κωνσταν-
2407 4523 2450 4577 D
2481 4513 2799 4582 τροπολίτου
2831 4511 2964 4563 Χίου
2993 4509 3088 4561 καὶ
3114 4508 3446 4576 ὑπερτίμου,
3479 4506 3571 4557 καὶ
3598 4503 3889 4556 διετείνετο
3910 4502 4054 4570 λαμ-

785 4625 927 4683 τῖνος
960 4620 1202 4671 δείκνυσι
1236 4615 1330 4667 καὶ
1386 4612 1446 4664 τὸ
1500 4610 1702 4681 προσὸν
1748 4613 1813 4680 τῇ
1877 4611 2143 4678 ἐκκλησία
2201 4609 2375 4679 ταύτῃ

792 4712 1025 4765 παλαιὸν
1087 4705 1474 4775 ἀπογραφικὸν
1539 4703 1838 4770 δικαίωμα,
1891 4703 2032 4770 ὅπερ
2081 4704 2174 4754 καὶ
2242 4701 2377 4753 αὑτὸ

788 4799 1122 4870 ενεφανεσθη
1161 4799 1293 4865 ἡμῖν
1326 4795 1476 4861 παρᾶ
1501 4791 1609 4843 τῶν
1635 4779 1808 4858 αὑτῆς
1836 4788 2142 4859 κληρικῶν,
2163 4788 2220 4853 ἐξ
2255 4787 2373 4838 ὀνό-

794 4909 965 4962 ματος
991 4888 1180 4942 τοῦτον
1202 4884 1572 4955 παραδηλοῦν,
1596 4883 1674 4942 εἰς
1704 4881 2034 4941 ἐπισκόπους
2052 4879 2132 4930 ἐτι
2159 4878 2374 4931 τελοῦν·

788 5005 855 5039 τα
882 5001 896 5014 ⁸
929 4986 990 5038 οὑ
1027 4983 1134 5054 μήν
1164 4981 1298 5054 ἀλλὰ
1329 4979 1422 5029 καί
1453 4975 1560 5028 τῶν
1593 4973 1840 5026 παλαιῶν
1874 4972 2252 5041 νομοκανόνων
2291 4971 2375 5040 βι-

789 5080 953 5131 εύλίων
984 5077 1084 5128 οὑκ
1117 5073 1275 5140 ὀλίγα
1302 5069 1379 5139 τῷ
1409 5067 1697 5135 καταλόγῳ
1726 5066 1832 5116 τῶν
1859 5062 2252 5132 μητροπόλεων
2282 5063 2378 5113 καὶ

790 5173 888 5241 τὴν
911 5168 1003 5222 τοῦ
1033 5165 1273 5236 Πυργίου
1304 5159 1707 5232 ἐναριθμοῦντα
1738 5158 1869 5227 ἡμῖν
1918 5156 2168 5226 εὓρηται,
2210 5149 2377 5207 οἷστι-

795 5285 876 5316 σιν
906 5263 1108 5332 ὁμοίως
1156 5259 1278 5320 ταῖς
1319 5251 1728 5325 μητροπόλεσιν
1777 5247 1947 5318 αὐτὴν
2000 5246 2375 5316 συνηρίθμησε

788 5358 1006 5412 καίόὲν
1048 5349 1294 5423 μακαρίᾳ
1323 5350 1388 5417 τῇ
1447 5344 1599 5415 λήξει
1649 5341 1939 5411 γενόμενος
1989 5340 2230 5404 ἀοίδιμος
2286 5339 2379 5390 καὶ

791 5448 1103 5520 μακαρίτης
1131 5441 1409 5514 βασιλεὺς,
1441 5438 1469 5489 0
1493 5436 1828 5506 πρόπαππος
1849 5432 1944 5485 τοῦ
1969 5432 2262 5501 κρατίστου
2288 5434 2378 5486 καὶ

789 5545 947 5609 ἀξίου
977 5558 1078 5610 μου
1124 5535 1552 5603 αὐτοκράτορος,
1588 5530 1646 5580 ἐν
1674 5529 1740 5596 τῇ
1773 5525 2056 5596 ἐκτεθείση
2089 5528 2375 5596 προσταγῇ

787 5633 1094 5704 τηνικαῦτα
1116 5634 1182 5698 τῇ
1247 5623 1414 5678 αὑτοῦ
1469 5620 1852 5689 ἀπαριθμήσει
1903 5623 1998 5670 καὶ
2055 5619 2208 5683 τάξει
2271 5619 2379 5670 τῶν

795 5729 1114 5796 ἁγιωτάτων
1142 5717 1449 5788 ἐκκλησιῶν
1491 5717 1644 5782 παρὰ
1670 5709 1766 5764 τοῦ
1801 5711 1970 5782 κυροῦ
2021 5713 2203 5781 Μηνᾶ,
2255 5715 2378 5782 ἣτις

796 5823 862 5886 δὴ
884 5816 1264 5886 ἀπαρίθμησις
1296 5810 1741 5877 ἐγκατέστρωται
1774 5803 1849 5872 τῴ
1877 5804 1935 5856 ἐν
1989 5808 2052 5874 τῇ
2103 5803 2377 5873 σεϐασμίᾳ

2483 4605 2666 4657 6ἀνειν
2725 4604 2823 4672 μέν
2884 4600 3046 4653 αὑτὸν
3101 4599 3169 4651 τὰ
3226 4597 3564 4665 εἰσοδήματα
3621 4595 3731 4646 τῶν
3797 4593 4056 4646 τοιούτων

2485 4694 2787 4765 μονυδρίων
2813 4708 2869 4742 τε
2901 4690 2996 4743 καὶ
3032 4688 3343 4757 ἐκκλησιῶν
3377 4686 3474 4739 καὶ
3506 4682 3854 4754 καρποῦσθαι
3883 4684 4059 4736 ταῦτα

2468 4789 2670 4838 -πάντα
2709 4784 2894 4846 αὑτιδν,
2944 4778 3241 4846 κάντεῦθεν
3282 4777 3449 4840 πολὺς
3488 4772 3556 4845 ἦν
3608 4776 3930 4844 ἐγκείμενος
3964 4775 4056 4826 καὶ

2482 4877 2730 4932 ἀπαιτῶν
2781 4844 3141 4943 ἀν’τ-ιστρέψᾶι
3186 4871 3351 4923 αὑτὸν
3400 4844 3599 4930 ταῦτα,
3636 4871 3662 4920 0
3701 4869 3758 4920 δέ
3802 4883 3864 4932 γε
3903 4867 4060 4937 ἰερώο

2482 4990 2641 5032 τατος
2695 4968 3102 5040 μητροπολίτης
3139 4964 3274 5017 Χίου
3310 4964 3405 5015 καὶ
3441 4962 3744 5031 ὑπέρτιμος
3778 4959 4058 5026 ἀντέλεγε,

2485 5066 2560 5136 μὴ
2591 5063 2876 5134 ἀληθεύειν
2901 5061 3038 5121 ὅλως
3065 5058 3251 5121 αὑτὸν,
3276 5058 3324 5107 εἰ
3351 5055 3444 5106 καί
3469 5071 3521 5105 τι
3543 5054 3605 5123 δή
3630 5051 3831 5120 ἔφθασε
3856 5049 4056 5113 λαϐὼν,

2481 5154 2849 5224 διισχυρίζετο
2899 5151 2975 5220 μὴ
3010 5147 3318 5220 χρήσασθαι
3363 5145 3540 5215 τούτῳ
3577 5146 3653 5206 εἰς
3688 5143 3826 5205 ἰδίας
3871 5141 4062 5210 χρείας

2482 5245 2671 5307 αὑτοῦ,
2704 5244 2821 5295 ἀλλ’
2857 5246 2934 5303 εἰς
2977 5241 3169 5307 ἐτέρας
3216 5235 3517 5302 ἀναγκαίας
3550 5234 3656 5286 τῶν
3699 5249 3758 5284 τε
3803 5230 4061 5283 τοιούτων

2483 5339 2812 5391 πανσέπτων
2837 5334 2982 5385 ναῶν
3017 5331 3114 5384 καὶ
3143 5329 3254 5380 τῶν
3294 5325 3418 5380 κατ’
3450 5325 3650 5387 αὑτοὺς
3686 5323 3939 5392 μοναχῶν
3966 5323 4061 5376 καὶ

2483 5433 2686 5503 ἐτέρων
2743 5427 2975 5498 ἀνδρῶν.
3029 5425 3098 5476 Ἥ
3156 5421 3450 5490 μετριότης
3512 5417 3672 5486 ήμῶν
3737 5417 3824 5469 διὰ
3892 5413 4062 5467 ταῦτα

2481 5528 2676 5592 διέγνω
2707 5522 2803 5576 καὶ
2836 5520 3156 5588 ἀπεφήνατο
3193 5513 3335 5567 κατά
3363 5514 3488 5575 τοὺς
3519 5511 3698 5580 ίεροὺς
3746 5507 3843 5560 καὶ
3881 5506 4062 5570 θείους

2483 5619 2736 5680 καόνας,
2757 5615 2831 5676 ὡς
2858 5613 2923 5667 ἂν
2951 5612 3049 5680 ἔχῃ
3079 5610 3176 5679 μὲν
3211 5608 3237 5659 0
3257 5604 3498 5665 τοιοῦτος
3531 5601 3826 5672 ἱερώτατος
3858 5616 4065 5672 μητρο-

2486 5711 2714 5778 πολίτης
2746 5706 2880 5759 Χίου
2929 5705 3020 5758 καὶ
3053 5705 3356 5772 ὑπέρτιμος
3399 5695 3491 5751 ἐπί
3545 5712 3600 5748 τε
3638 5697 3753 5758 τοῖς
3800 5695 4065 5756 τοιούτοις

2488 5802 2792 5870 μονυδρίοις
2852 5801 2946 5852 καὶ
2998 5800 3114 5861 ταῖς
3176 5796 3392 5856 λοιπαῖς
3456 5793 3656 5853 πάσαις
3719 5787 3838 5842 κατ’
3896 5787 4064 5841 αὑτὸν
