4360 6472
783 416 918 484 1275

1762 431 1979 497 ῙΟΑΝ.
2024 429 2332 493 (ΞΜ.Εοιῦ
2372 428 2485 491 CP.
2525 429 3045 493 PATRIARCHJ!

3890 433 4033 498 1276

771 535 832 590 ἐν
854 532 1053 604 Θαϐὼρ
1079 536 1192 598 τοῖς
1217 535 1519 606 ὀφθαλμοῖς
1549 539 1860 609 ἑωράκασιν
1887 545 1938 596 οι
1970 545 2230 614 μαθηταὶ,
2252 539 2347 596 νῦν
2379 543 2420 599 Α
2451 537 2606 602 δυνος
2643 540 2838 608 θορυϐε
2851 543 2899 593 ίν
2928 536 3083 604 αὖθις
3113 542 3395 612 ἄρχονται,
3431 541 3726 596 κλέπτουσι
3746 545 3872 605 τοὺς
3897 549 4031 596 πολ-

775 625 877 693 μέν
904 626 1091 679 οὐσίαν
1123 626 1276 679 θείαν
1302 629 1522 694 λέγουσι
1550 632 1620 682 τά
1650 633 2053 687 Μασσαλιανῶν
2080 636 2340 703 ἄντικρυς

771 715 1079 781 νοσοῦντες,
1123 716 1218 771 νῦν
1247 717 1304 770 δέ
1348 720 1428 781 είς
1467 723 1676 791 κτίσμα
1725 726 2104 790 κατασπῶσιν,
2134 726 2210 789 ὡς
2239 727 2339 781 οὐκ

768 807 962 859 οὐσίαν
992 805 1165 873 θείαν,
1199 808 1317 861 ἀλλ’
1347 811 1634 880 ἐνέργειάν
1656 830 1714 865 τε
1743 814 1840 866 καὶ
1865 815 2132 886 ἐλλαμψιν
2167 817 2340 885 υπάρε

770 915 889 966 χον.
930 898 996 951 Τί
1023 898 1110 952 διὰ
1142 901 1350 954 τούτων
1392 905 1902 971 κατασκευάζοντες
1931 910 2024 962 καὶ
2067 915 2194 972 τοὺς
2220 928 2336 964 πειτ

771 989 1034 1055 θομένους
1063 992 1353 1058 ἐνάγοντες
1399 999 1654 1062 φρονεϊνς
1699 999 1913 1053 ’Δθεταν
1950 1000 2064 1070 άμα
2115 1003 2205 1055 καὶ
2243 1021 2338 1055 ποο

770 1078 1016 1146 λυθεταν,
1065 1083 1134 1134 τά
1186 1082 1250 1135 ἐκ
1299 1085 1598 1154 διαμέτρου
1653 1090 1822 1150 κακά,
1871 1093 1964 1144 καὶ
1995 1093 2096 1160 τὴν
2141 1093 2340 1146 κακίαν

767 1171 1030 1240 δμότιμα,
1082 1175 1179 1241 τὴν
1232 1174 1332 1245 μὲν
1381 1179 1446 1230 ἐκ
1479 1179 1573 1232 τοῦ
1619 1183 1984 1251 κατατέμνειν
2027 1186 2105 1247 είς
2147 1188 2339 1240 κτιστὰ

771 1263 864 1313 καὶ
900 1263 1134 1317 ἀκτιστα
1164 1267 1264 1336 τὴν
1300 1268 1432 1335 μίαν
1478 1271 1728 1341 θεότητα,
1761 1275 1860 1342 τὴν
1905 1275 1961 1328 δὲ
2010 1277 2200 1329 ἀθεταν
2236 1280 2338 1330 οὐκ

767 1353 1026 1407 ἐντεῦθεν
1068 1358 1230 1423 μόνον
1262 1361 1576 1427 εἰσάγοντες
1605 1383 1618 1393 έ
1653 1360 1719 1434 ἧς
1747 1367 1856 1432 γάρ
1887 1367 2077 1428 οὐσίας
2113 1372 2142 1438 ἡ
2179 1370 2338 1422 δύνα-

774 1462 867 1512 μις
903 1448 999 1498 καὶ
1029 1449 1060 1516 ὴ
1109 1450 1364 1520 ἐνέργεια
1400 1454 1496 1505 καὶ
1530 1455 1564 1524 ἡ
1610 1457 1832 1525 θέλησις
1863 1460 1954 1511 καὶ
2004 1462 2036 1528 ή
2070 1461 2336 1531 Ελλαμψις

768 1539 983 1604 κττστὴ,
1013 1556 1127 1600 πως
1164 1540 1303 1610 αὕτη
1334 1543 1591 1600 ἀκτιστος
1620 1567 1633 1610 ;
1671 1548 1808 1602 ἀλλά
1843 1552 1939 1602 καὶ
1973 1553 2078 1603 ἀπὸ
2109 1553 2203 1607 τοῦ
2238 1553 2336 1622 τὴν

766 1629 1034 1697 διαφοράν
1065 1632 1278 1684 ἀνελεῖν
1319 1634 1425 1702 τῆς
1457 1636 1607 1699 θείας
1652 1639 1842 1702 οὐσίας
1891 1643 2023 1709 πρὸς
2053 1645 2154 1710 τὴν
2185 1645 2334 1698 θείαν

763 1719 1077 1787 ἐνέργειαν·
1111 1724 1350 1793 ἑκατέρα
1388 1729 1495 1796 γὰρ
1541 1728 1716 1794 οὕτως
1761 1733 1850 1800 ὐφ’
1898 1735 2164 1804 ἑκατέρας
2192 1738 2336 1790 κατὰ

765 1813 948 1863 πᾶσαν
989 1814 1236 1883 ἀνάγκην
1290 1817 1662 1890 ἐξωθουμένη,
1695 1826 1936 1893 χωρήσει
1975 1827 2113 1895 πρὸς
2162 1830 2222 1882 τὸ
2255 1830 2330 1898 μή

760 1899 843 1966 δν,
881 1905 975 1956 καὶ
1003 1905 1070 1957 δι’
1107 1907 1353 1977 ἀλλήλων
1383 1911 1714 1981 ἀμφότεραι,
1745 1919 1838 1969 καὶ
1881 1916 2022 1971 οὕτω
2055 1920 2330 1989 συμϐήσε-

760 2011 850 2045 ται
898 1997 1170 2065 μηδεμίαν
1232 1997 1374 2056 εἶναι
1426 2004 1654 2073 θεότητα
1702 2008 1977 2062 άκτιστον.
2024 2013 2226 2066 Τούτου
2267 2016 2330 2081 δὴ

760 2086 855 2139 τοῦ
903 2091 1157 2158 νεήλυδος
1197 2091 1583 2164 ’Δρειανισμοῦ
1618 2116 1673 2150 τε
1721 2103 1816 2152 καὶ
1859 2102 2328 2174 Σαϐελλιανισμοῦ

763 2180 856 2230 καὶ
885 2182 980 2248 τῆς
1014 2182 1176 2236 ἀθέου
1200 2186 1406 2254 ταύτης
1434 2190 1526 2241 καὶ
1560 2191 1820 2244 πολυθέου
1858 2197 2125 2266 συστολῆς
2153 2215 2212 2250 τε
2237 2201 2330 2252 καὶ

763 2274 1217 2345 κατατομῆςιτῆς
1269 2278 1522 2348 θεότητος
1576 2284 1820 2350 ἀρχηγὸς
1877 2288 1970 2338 καὶ
2020 2292 2330 2362 προστάτης

761 2364 971 2433 ὑπῆρξε
1003 2369 1222 2437 πρῶτος
1249 2372 1278 2423 6
1308 2372 1598 2442 Καλαϐρδς
1627 2376 1893 2446 Βαρλαάμ
1920 2394 1933 2408 ·
1968 2379 2329 2451 ὐποκρινόμε-

761 2472 850 2516 νος
876 2456 934 2509 δὲ
970 2458 1050 2528 τῷ
1083 2457 1275 2532 ἐνιαίῳ
1308 2469 1632 2535 συνηγορεῖν
1664 2470 1762 2538 τῆς
1788 2469 2056 2540 θεότητος,
2101 2472 2330 2535 πολλοὺς

760 2545 1082 2616 ὑπηγάγετο
1115 2552 1209 2604 καὶ
1243 2553 1352 2606 τῶν
1380 2555 1454 2616 ὡς
1493 2555 1711 2625 άληθῶς
1759 2559 1854 2612 ἕνα
1897 2561 2162 2614 σεϐόντων
2195 2563 2328 2616 Θεὸν

758 2639 818 2688 ἐν
852 2642 949 2721 μιᾷ
980 2643 1073 2693 καὶ
1098 2643 1265 2708 ὅντως
1319 2646 1562 2716 ἀκτίστῳ
1598 2649 1812 2719 θεότητι
1863 2652 1957 2704 καὶ
1993 2653 2205 2727 γλώττῃ
2235 2655 2330 2708 καὶ

759 2732 1057 2801 γράμμασι
1101 2737 1480 2807 κατατρέχων,
1513 2740 1588 2802 ὡς
1615 2741 1874 2795 ἄκτιστον
1902 2739 2051 2797 εἶναι
2071 2749 2329 2816 φρονούν-

757 2841 866 2877 των
897 2825 1036 2892 μετά
1073 2828 1173 2895 τῆς
1205 2829 1346 2900 ὐπέρ
1384 2832 1565 2884 πᾶσαν
1599 2831 1866 2899 έκφανσιν
1893 2836 2082 2898 οὐσίας
2114 2841 2207 2891 καὶ
2228 2841 2328 2911 τὴν

754 2919 871 2978 τοῖς
901 2917 1072 2981 ἀξίοις
1123 2921 1557 2992 ἐπιφαινομένην
1589 2925 1744 2979 θείαν
1785 2927 2059 2997 ἐλλαμψιν
2087 2930 2182 2984 δύο
2213 2932 2330 2985 θεό-

757 3026 930 3078 τητας
984 3013 1276 3078 ἀκτίστους
1335 3018 1696 3084 πρεσϐεύειν,
1754 3021 2160 3092 ὑπερκειμένην
2232 3026 2328 3076 καὶ

760 3101 1083 3172 ὑφειμένην,
1115 3105 1394 3170 δυσσεϐῶς
1448 3099 1770 3179 κατηγόρει,
1802 3115 2026 3182 κτιστὴν
2054 3114 2216 3177 αὐτὸς
2233 3118 2328 3167 καὶ

758 3197 926 3259 ὅντως
963 3199 1286 3268 ὐφειμένην,
1324 3201 1399 3263 ὡς
1455 3203 1682 3271 κτιστὴν
1733 3203 1828 3255 καὶ
1878 3204 2166 3274 ὁρωμένην
2213 3209 2396 3285 τοῐςς

758 3294 1252 3361 κεχαριτωμένοις,
1311 3293 1471 3357 θείως
1524 3296 1965 3364 ἀποφαινόμενος
2016 3291 2179 3359 εἶναι,
2228 3298 2326 3366 τὴν

759 3380 912 3433 θείαν
954 3384 1047 3434 καὶ
1084 3381 1334 3434 θεοποιδν
1362 3384 1640 3451 ἐνέργειαν
1677 3386 1771 3437 καὶ
1799 3385 1960 3454 χάριν
1994 3389 2084 3436 καὶ
2125 3384 2325 3453 ἐλλαμ-

755 3472 870 3541 ψιν,
908 3474 1141 3541 μάλιστα
1172 3476 1390 3526 πάντων
1422 3477 1480 3526 ἐν
1511 3476 1721 3539 τούτοις
1756 3477 2222 3546 καταφερόμενος,
2251 3477 2324 3539 ὡς

757 3566 850 3617 καὶ
876 3567 903 3618 6
932 3566 1096 3633 τόμος
1134 3564 1493 3634 διαλαμϐάνει
1526 3567 1620 3620 τοῦ
1655 3570 1991 3636 τιμιωτάτου
2027 3571 2085 3621 ἐν
2121 3571 2328 3637 ἱερομο-

753 3660 937 3728 νάχοις
983 3657 1086 3728 κῦρ
1121 3658 1425 3728 Γρηγορίου
1478 3658 1571 3710 τοῦ
1622 3660 1877 3728 Παλαμᾶ,
1916 3661 1991 3723 ὡς
2018 3662 2111 3713 καὶ
2146 3661 2325 3726 λόγοις
2354 3659 2368 3687 ⁵

755 3750 850 3805 καὶ
889 3755 1177 3822 γράμμασι
1215 3751 1315 3820 τὴν
1343 3750 1508 3804 αὐτοῦ
1550 3753 1811 3821 τοιαύτην
1846 3751 2167 3804 δυσσέϐειαν
2199 3752 2326 3805 ἁνα-

753 3847 1069 3914 τρὲττοντος.
1125 3845 1535 3898 Μετακαλεῖται
1574 3843 1755 3895 τοίνυν
1815 3841 2097 3912 πόρρωθεν
2141 3836 2324 3906 οὗτος,

757 3941 1141 4006 συγκροτεῖται
1175 3937 1436 4003 σύλλογος
1467 3936 1731 4005 ἀρίστων,
1763 3938 1941 4003 χεῖται
1986 3937 2133 3987 πᾶσα
2166 3936 2198 4005 ἡ
2232 3934 2330 3985 πό·

753 4032 834 4090 λις
879 4030 1338 4095 ἀὐτεπάγγελτος
1378 4028 1514 4096 πρὸς
1557 4029 1656 4095 τὴν
1709 4028 1998 4095 ἀκρόασιν.
2056 4026 2328 4088 Βασιλέως

756 4125 942 4175 τοίνυν
970 4123 1183 4175 ἐκείνου
1224 4121 1318 4173 τοῦ
1351 4121 1602 4188 ἀοιδίμου
1645 4120 1738 4172 καὶ
1767 4125 2071 4188 μακαρίτου
2101 4121 2193 4170 καὶ
2233 4118 2328 4169 τοῦ

753 4222 1124 4285 πατριάρχου-
1154 4214 1616 4282 προκαθημένων,
1679 4212 1950 4280 ἱεραρχῶν
1988 4229 2046 4262 τε
2095 4214 2188 4263 καὶ
2221 4212 2330 4262 τῶν

753 4308 1056 4360 καθολικῶν
1092 4305 1319 4372 κριτῶν,
1356 4305 1457 4373 τῆς
1508 4321 1567 4355 τε
1603 4304 1913 4372 συγκλήτου
1951 4303 2046 4354 καὶ
2095 4303 2202 4353 τῶν
2234 4302 2327 4354 τοῦ

753 4399 960 4466 κλήρου
1019 4396 1260 4462 λογάδων
1301 4394 1786 4463 παρακαθημένων
1843 4394 2026 4455 αὐτοῖς
2076 4394 2170 4445 καὶ
2221 4393 2328 4445 τῶν

737 4474 930 4544 ¹ἄλλων
959 4489 1216 4543 ἁπάντων
1243 4487 1651 4558 περιεστώτων,
1677 4486 1977 4556 ἐξηλέγχθη
2007 4489 2032 4538 6
2061 4486 2328 4554 Βαρλαάμ

2446 630 2570 692 λούς
2624 630 2815 694 πάλιν,·
2871 631 2947 693 ὡς
3021 631 3123 700 μιν
3191 633 3292 702 τὴν
3349 632 3756 701 Βαρλααμίτιδα
3813 635 4032 705 πλάνην

2445 720 2886 786 ἐπεκδικούντες,
2927 723 3234 793 ἀναθέματι
3282 725 3473 794 τυκνῷ
3511 726 4030 788 καθυποϐάλλοντες

2446 812 2651 863 ἐκεῖνον
2685 813 2780 864 καὶ
2814 812 3044 881 μηδενὸς
3073 815 3502 881 ἀναγκάζοντος.
3539 816 3822 869 Μανθάνει
3849 817 4033 870 ταῦτα

2444 905 2609 957 πάλιν
2639 905 2669 957 δ
2701 906 2844 972 ιερὸς
2895 907 3186 974 Παλαμᾶς,
3222 908 3501 978 ἐξελέγχει
3551 910 3647 962 τὺν
3691 911 4028 975 ’Δκίνδυνον,

2441 996 2541 1047 οὐκ
2592 994 2791 1062 ὀλίγων
2840 998 3216 1066 ἀκροωμένων
3265 1000 3550 1064 πολλάκις,
3583 1002 3658 1064 ὡς
3708 1004 3804 1055 καὶ
3853 1003 4030 1071 μηδὶν

2441 1086 2608 1140 αὐτὸν
2666 1088 2970 1155 ἀντιλέγειν
3027 1089 3240 1158 ἔχοντα,
3313 1093 3658 1162 οίκειοχείρῳ
3719 1094 4028 1163 γράμματι

2444 1180 2798 1248 μαρτυρῆσαι
2827 1181 2906 1250 τῷ
2937 1181 3178 1252 Παλαμᾷ
3211 1184 3312 1254 τὴν
3338 1184 3429 1238 διὰ
3479 1187 3722 1250 πάντων,
3759 1181 3834 1240 ὧν
3868 1188 4030 1256 λέγει

2442 1289 2499 1323 τε
2537 1274 2627 1323 καὶ
2653 1275 2878 1342 γράφει,
2917 1276 3054 1343 πρὸς
3082 1275 3208 1337 τούς
3232 1276 3424 1343 ἀγίους
3445 1278 3649 1348 ἀκριϐῆ
3670 1284 4025 1347 συμφωνίαν.

2439 1362 2468 1416 δ
2499 1363 2593 1414 καὶ
2630 1363 2865 1432 πάρεστι
2912 1366 3027 1426 τοῖς
3071 1364 3422 1434 βουλομένοις
3468 1369 3626 1437 όρᾷν,
3671 1370 3856 1422 ἀθετεῖ
3895 1371 4025 1438 μετ’

2440 1451 2621 1520 ὀλίγον
2647 1454 2744 1506 καὶ
2793 1453 2894 1522 τὴν
2926 1454 3226 1525 αὐτόχειρα
3283 1457 3492 1527 ταύτην
3549 1458 3748 1512 ἐαυτοῦ
3798 1464 4028 1529 γραφὴν

2441 1542 2534 1592 καὶ
2593 1541 2939 1612 ὑπογραφὴν,
2993 1546 3085 1596 καὶ
3123 1547 3286 1605 πάλιν
3331 1547 3581 1616 θορυϐῶν
3640 1551 3879 1620 περιῄει,
3924 1555 4024 1602 καὶ

2438 1632 2599 1686 πάλιν
2630 1634 2849 1695 σύνοδος
2887 1635 3008 1702 ίερά
3033 1636 3135 1702 τῆς
3168 1638 3440 1707 προτέρας
3470 1639 3686 1706 ἐκείνης
3721 1642 3843 1693 κατ’
3867 1643 4024 1693 οὐδὲν

2442 1721 2634 1790 μείων,
2664 1722 2758 1775 τοῦ
2791 1724 2892 1792 μὲν
2922 1726 3232 1794 μακαρίτου
3267 1728 3532 1794 βασιλέως
3563 1731 3728 1798 αὐτῆς
3763 1733 4021 1797 ἀπόντα,

2438 1813 2560 1865 ἐπεὶ
2593 1812 2686 1864 καὶ
2711 1812 2820 1864 τῶν
2848 1813 3155 1882 ἀνθρώπων
3186 1815 3353 1885 ἀπῆν,
3399 1818 3515 1870 ἀντ’
3553 1821 3767 1870 ἐκείνου
3794 1819 3850 1871 δὲ
3877 1838 4014 1890 παρ

2433 1901 2584 1964 όντος
2643 1904 2737 1956 καὶ
2805 1905 3222 1975 προλάμποντος
3259 1910 3324 1978 τῇ
3370 1911 3576 1980 συνόδῳ
3614 1913 3711 1966 καὶ
3755 1914 4023 1980 γενναίως

2435 1995 2553 2063 ἅμα
2605 1997 2699 2049 καὶ
2743 1995 3063 2067 θαυμασίως
3113 2000 3217 2062 τὰς
3261 2001 3578 2057 Ἀκινδύνου
3611 2008 4022 2071 παρακεκινδυ-

2433 2089 2703 2155 νευμένας
2733 2088 3114 2160 ἐξελέγχοντος
3147 2092 3357 2158 πλάνας
3417 2095 3512 2148 τοῦ
3561 2097 3654 2150 καὶ
3686 2097 3892 2162 ζῶντος
3924 2099 4021 2168 βα-

2437 2180 2657 2244 σιλέως,
2681 2181 2824 2233 κατά
2857 2182 2917 2234 τὸ
2941 2186 3335 2252 γεγραμμένον
3358 2187 3555 2249 εἰπεῖν,
3583 2190 3898 2253 εἰσάγοντος
3923 2190 4024 2242 καὶ

2433 2271 2717 2338 ἐξάγοντος
2735 2272 2824 2325 τὸν
2869 2273 3086 2344 Ἰσραὴλ
3117 2276 3212 2326 καὶ
3231 2275 3298 2328 τά
3337 2275 3626 2346 Ῥωμαίων
3655 2280 4016 2348 μεγαλοφυῶς

2431 2362 2708 2425 διέποντος
2756 2363 3087 2434 πράγματα,
3124 2365 3220 2418 νῦν
3255 2367 3311 2421 δὲ
3361 2368 3500 2422 Θεοῦ
3550 2373 3734 2441 χάριτι
3791 2374 3887 2426 καὶ
3915 2373 4019 2443 τὴν

2435 2454 2728 2526 βασιλικὴν
2759 2457 2919 2522 ἀξίαν
2946 2458 3035 2510 ἐπ’
3076 2458 3306 2530 εὐτυχίᾳ
3349 2460 3644 2530 Ῥωμαίων
3691 2469 4017 2536 περικειμέ-

2431 2565 2524 2601 νου
2555 2550 2651 2602 καὶ
2683 2549 3175 2618 συμϐασιλεύοντος
3211 2551 3290 2620 τῷ
3319 2552 3424 2622 υίῷ
3453 2572 3547 2607 του
3575 2559 4016 2627 τρισμακαρίτου

2434 2641 2531 2693 καὶ
2565 2641 2721 2708 ἁγίου
2762 2641 2923 2710 ἡμῶν
2949 2641 3210 2695 αυθέντου
3247 2645 3340 2697 καλ⁸
3392 2644 3677 2714 βασιλέως.
3713 2649 3883 2703 Πάλιν
3919 2653 4015 2702 ω»

2431 2732 2736 2804 ἀνάρρησις
2761 2751 3029 2802 περιφανε
3041 2734 3213 2806 στάτη
3239 2739 3333 2790 καὶ
3360 2737 3448 2791 ἐπ’
3473 2739 3646 2810 αὐτῆς
3667 2741 3766 2810 τῆς
3793 2743 4014 2796 συνόδου

2431 2824 2530 2893 τῆς
2551 2825 2647 2878 τοῦ
2684 2825 2921 2896 Παλαμᾶ
2947 2829 3169 2881 καὶτῶν
3195 2829 3346 2900 αὐτῷ
3368 2831 3704 2901 συνᾳδόντων
3732 2835 4014 2900 ἀσφαλοῦς

2431 2912 2715 2976 εὐσεϐείας
2745 2917 2842 2967 τοῦ
2875 2917 3010 2983 πρὸς
3061 2917 3261 2980 αὐτοὺς
3287 2920 3663 2986 ἀντιλέγοντος
3703 2925 4012 2978 Ἀκι-ιδύνου

2431 3007 2631 3068 τελέως
2659 3007 2928 3079 καταδίγῃ
2954 3008 3462 3077 καθυποϐληθέντος
3489 3012 3565 3074 ὡς
3597 3013 3895 3076 δυσσεϐοῦς
3919 3018 4015 3067 καὶ

2431 3097 2509 3165 τῷ
2540 3097 2808 3168 Βαρλαάμ
2835 3099 3014 3168 σοφῶς
3043 3101 3482 3172 δμοφρονοῦντος
3512 3103 3837 3173 δειχθέντος,
3884 3111 4013 3160 κάν-

2431 3187 2623 3240 τεῦθεν
2650 3189 2711 3240 οὐ
2756 3191 2906 3258 παρὰ
2933 3189 3033 3256 τῆς
3061 3189 3320 3260 δευτερας
3345 3193 3552 3263 ταύτης
3584 3195 3755 3263 μόνης
3790 3197 4011 3249 συνόδου

2429 3280 2960 3348 καταψηφισθέντος,
2989 3281 3122 3335 ἀλλά
3144 3284 3239 3335 καὶ
3265 3286 3415 3354 παρὰ
3437 3287 3536 3353 τῆς
3559 3288 3834 3356 προτέρας
3873 3290 4014 3341 ἐκεί-

2428 3387 2550 3436 νης.
2594 3370 2866 3441 Καθάπερ
2899 3373 3006 3438 γὰρ
3035 3374 3068 3444 η
3102 3375 3608 3448 καταψηφισαμένη
3651 3380 3746 3431 τοῦ
3796 3380 4013 3449 ’Δρείου

2431 3464 2735 3533 σεπτοτάτη
2791 3463 3012 3528 σύνοδος
3062 3467 3156 3520 καὶ
3190 3468 3316 3529 τοὺς
3354 3467 3587 3539 ὕστερον
3629 3472 4012 3538 ἀναφανέντας

2429 3554 2725 3622 ὁμολόγους
2754 3556 2950 3626 ἐκείνῳ
2980 3559 3444 3623 συγκαταδικάζει
3479 3562 3708 3624 πάντας,
3743 3564 3886 3616 οῦτω
3915 3567 4013 3616 καὶ

2432 3646 2464 3714 ἠ
2497 3646 2586 3697 τὸν
2617 3646 2882 3715 Βαρλαάμ
2928 3649 3344 3703 καταδικάσασα
3377 3652 3560 3721 ψῆφος
3602 3657 3730 3714 τούς
3773 3656 3841 3708 τά
3875 3657 4014 3726 Βαρ-

2430 3735 2580 3807 λαᾶμ
2631 3738 2926 3806 ότεδὴποτε
2986 3739 3320 3809 φρονοῦντάς
3367 3760 3427 3795 τε
3492 3745 3583 3796 καὶ
3639 3746 4014 3814 φρονήσοντας

2430 3830 2781 3894 καταδικάζει
2835 3831 2991 3884 Μετὰ
3022 3831 3086 3901 δὴ
3123 3833 3214 3885 καὶ
3253 3834 3354 3902 τὴν
3400 3835 3711 3888 ’Δκινδύνου
3744 3836 3839 3890 τοῦ
3875 3838 4016 3906 Βαρ-

2429 3922 2697 3991 λααμίτου
2734 3925 3037 3989 πεφηνότος
3084 3924 3370 3993 συνοδικὴν
3403 3928 3704 3996 καταδίκην
3733 3931 3760 3982 6
3805 3930 4013 3982 συνοδι-

2433 4014 2526 4077 κὸς
2561 4012 2880 4085 συνεγράφη
2911 4033 2968 4067 τε
3004 4018 3098 4068 καὶ
3153 4019 3452 4087 ὑπεγράφη
3483 4020 3670 4087 τόμος,
3704 4037 3829 4073 συνε
3844 4038 4015 4086 πτυγ-

2437 4109 2612 4175 μένως
2667 4108 2788 4172 μὲν,
2824 4111 2999 4159 πάντα
3043 4107 3088 4160 δ’
3128 4109 3281 4177 ὅμως
3311 4109 3718 4176 διαλαμϐάνων,
3767 4112 3860 4162 καὶ
3913 4113 4014 4179 τὴν

2430 4199 2527 4250 τοῦ
2559 4198 2792 4264 Παλαμᾶ
2827 4199 3051 4251 καὶτῶν
3085 4202 3333 4270 μοναχῶν
3364 4202 3650 4255 εὐσέϐειαν
3681 4202 3756 4263 ὡς
3791 4204 4011 4273 ἀσφαλῆ

2430 4304 2488 4338 τε
2521 4287 2614 4338 καὶ
2647 4285 2814 4349 ὄντως
2839 4288 3036 4354 κοινὴί
3057 4291 3166 4341 τῶν
3195 4291 3544 4359 Χριστιανῶν
3575 4292 3860 4344 ευσέϐειαν
3885 4295 4014 4344 ἁνα-

2431 4379 2718 4447 κηρύττων
2760 4382 2851 4433 καὶ
2881 4383 3007 4443 τοὺς
3039 4386 3102 4435 ἐκ
3134 4384 3228 4436 τοῦ
3267 4384 3538 4452 Βαρλαᾶμ
3569 4387 3662 4438 καὶ
3702 4386 3835 4438 Ἀκιι
3856 4386 4012 4437 δῦνον

2432 4474 2900 4540 φενακιζομένους
2942 4475 3306 4529 ἀπαλλάττων
3338 4476 3435 4544 τῆς
3465 4477 3695 4546 πλάνης,
3733 4477 3866 4545 μεθδ
3891 4496 4017 4545 φρι-

752 4584 904 4651 ππρὰ
930 4585 1023 4635 τοῦ
1053 4582 1344 4653 εἰρημένου
1376 4581 1734 4651 ἱερομονάχου
1766 4578 1871 4648 κῦρ
1901 4578 2203 4646 Γρηγορξου
2231 4578 2324 4630 τοῦ
2362 4571 2403 4626 D
2435 4565 2626 4627 κώδεις
2667 4566 2795 4630 ἀραὶ
2823 4567 2916 4618 καὶ
2947 4567 3120 4619 δειναὶ
3162 4568 3352 4636 ῥήξεις
3387 4570 3481 4621 καὶ
3514 4572 3656 4636 πέρα
3685 4569 3876 4620 δεινῶν
3909 4573 4012 4621 αὐ-

756 4676 904 4727 Παλα
917 4675 1016 4744 μᾶ,
1045 4673 1238 4743 παρὼν
1267 4674 1557 4742 παρόντος.
1591 4672 1853 4725 τάναντία
1881 4675 2001 4733 τοῖς
2027 4673 2192 4739 ίεροίς
2218 4671 2328 4721 τῶν

754 4766 1016 4834 Πατέρων
1052 4764 1234 4830 λόγοις
1257 4765 1353 4816 καὶ
1381 4765 1447 4832 τῇ
1485 4765 1636 4832 κοινῇ
1671 4761 1780 4812 τῶν
1804 4759 2152 4828 Χριστιανῶν
2175 4759 2328 4810 εὐσε-

751 4862 874 4931 εείᾳ
901 4862 993 4912 καὶ
1033 4858 1274 4922 δοξάζων
1305 4860 1399 4911 καὶ
1426 4857 1604 4925 λέγων
1638 4858 1731 4908 καὶ
1763 4854 2238 4923 συγγραφόμενος,
2273 4854 2327 4904 ἐν

749 4949 826 5014 οἷς
865 4951 959 5004 τοῦ
990 4969 1048 5003 τε
1072 4951 1307 5020 Παλαμᾶ
1338 4951 1432 5005 καὶ
1459 4950 1567 5001 τῶν
1594 4949 1694 5001 σὺν
1726 4947 1875 5015 αὐτῴ
1912 4946 2165 5016 μοναχῶν
2198 4962 2326 4997 κατ-

749 5047 962 5116 ηγόρει,
994 5045 1244 5114 καθάπερ
1281 5046 1374 5096 ἐπὶ
1438 5042 1637 5105 λέξεως
1679 5043 1707 5094 6
1740 5039 1951 5108 προϐάς
1981 5039 2076 5090 ἐπὶ
2115 5036 2328 5097 τούτοις

750 5141 895 5209 ίερδς
925 5139 1090 5206 τόμος
1117 5136 1501 5206 διαλαμϐάνει.
1531 5131 1985 5202 Καταψηφισθεὶς
2010 5129 2104 5183 οὖν
2129 5131 2157 5182 6
2188 5129 2327 5198 Βαρ-

746 5232 898 5300 λαάμ
933 5229 1229 5299 συνοδικῶς
1257 5230 1350 5281 ἐπὶ
1376 5228 1589 5289 τούτοις
1615 5226 1908 5294 μετάνοιαν
1935 5221 2324 5292 ἐπηγγείλατο·

747 5325 848 5392 τὴν
878 5320 924 5374 δ’
954 5321 1254 5391 ὑστεραίαν
1298 5320 1474 5392 ᾤχετο
1536 5318 1759 5388 φεύγων
1789 5315 2029 5384 ἀδήλως,
2061 5314 2162 5384 τὴν
2200 5312 2328 5384 ᾅδου

747 5415 939 5486 κυνῆν,
986 5415 1014 5467 ὅ
1062 5431 1248 5482 φασιν,
1289 5412 1513 5476 ὑποδύς.
1548 5411 1622 5464 Οὐ
1661 5409 1795 5463 πολὺ
1828 5409 1888 5461 τὸ
1935 5409 1995 5460 ἐν
2029 5405 2202 5477 μέσῳ,
2235 5406 2330 5458 καὶ

748 5506 1005 5578 βασιλεὺς
1035 5507 1265 5573 ἐκεῖνος,
1298 5509 1327 5560 6
1364 5504 1564 5566 παντὸς
1597 5502 1802 5573 μᾶλλον
1842 5501 1936 5554 ἐπὶ
1961 5499 2063 5568 τῆς
2105 5496 2326 5551 συνόδου

750 5602 1287 5675 παρρησιασάμενος
1316 5603 1411 5654 καὶ
1446 5600 1703 5670 κυρώσας
1747 5596 1806 5649 τὸ
1842 5593 2086 5660 εὐσεϐὲς,
2116 5590 2330 5646 ἀπολεί-

747 5713 842 5750 πει
876 5699 970 5750 τὸν
1002 5696 1118 5766 βίον
1144 5713 1156 5726 ·
1187 5693 1490 5748 κάντεῦθεν
1519 5693 1568 5745 οί
1609 5692 1706 5760 τῆς
1737 5688 1832 5741 τοῦ
1866 5687 2134 5756 Βαρλαάμ
2181 5681 2331 5751 αῑρέ-

750 5806 890 5853 σεως
941 5790 1204 5860 μαθηταὶ,
1258 5789 1357 5842 καὶ
1395 5787 1631 5857 μάλιστα
1684 5783 1906 5836 πάντων
1944 5777 2065 5831 κατ’
2117 5776 2330 5829 ἐκεῖνον

755 5881 845 5932 ὑπ’
877 5882 1086 5936 ἐκείνου
1109 5884 1208 5952 τὴν
1232 5879 1477 5951 πονηράν
1505 5875 1887 5944 πεπλασμένος
1914 5870 2110 5924 πλάσιν
2130 5937 2133 5940 τ
2152 5866 2327 5921 ’Δκίν-

2431 4656 2521 4707 τόν
2551 4671 2608 4706 τε
2658 4656 2748 4708 τὶν
2800 4655 3088 4724 Βαρλτιὰμ,
3119 4658 3166 4709 εί
3216 4658 3290 4726 μὴ
3333 4660 3640 4726 μετάμελον
3686 4661 3864 4722 λάϐοι,
3911 4662 4014 4723 τῆς

2432 4744 2584 4814 ἱερᾶς
2629 4744 2959 4815 Ἐκκλησίας
2989 4749 3472 4817 ἀποκηρύττουσαί
3527 4768 3583 4802 τε
3633 4752 3729 4803 καὶ
3769 4752 4013 4803 ἀπελαύ-

2433 4856 2621 4890 νουσαι
2652 4839 2861 4891 καὶτοῦ
2902 4841 3140 4909 Χριστοῦ
3180 4843 3434 4910 σώματος
3480 4844 3888 4911 ἀποτέμνουσαι
3919 4847 4016 4898 καὶ

2429 4927 2710 4982 διιστῶσαι
2757 4929 2960 4993 παντὸς
3009 4931 3105 4983 τοῦ
3156 4934 3557 5002 Χριστωνύμου
3611 4935 4013 5004 πληρώματος,

2431 5021 2569 5092 πρὸς
2603 5022 2660 5074 δέ
2689 5023 2781 5075 καὶ
2807 5023 3014 5086 πάντας
3043 5025 3170 5086 τοὺς
3191 5025 3622 5093 ἀποτολμῶντας
3649 5027 3679 5094 ἢ
3711 5027 4014 5094 τολμήσον-

2427 5131 2528 5178 τας
2556 5116 2656 5182 τῆς
2682 5115 2775 5168 τοῦ
2823 5115 3060 5184 Παλαμᾶ
3091 5119 3187 5169 καὶ
3229 5117 3340 5169 τῶν
3375 5118 3526 5189 αὐτῷ
3555 5119 3893 5189 συνᾳδόντων
3919 5136 4015 5186 μο-

2431 5209 2612 5279 ναχῶν
2637 5208 2944 5272 εὐσεϐείας,
2968 5209 3044 5265 ὡς
3068 5212 3096 5262 ὁ
3123 5209 3413 5281 Βαρλαάμ,
3438 5213 3820 5280 κατατρέχειν.
3853 5210 4016 5262 Ἀλλὰ

2427 5302 2575 5370 μετά
2603 5301 2700 5371 τὴν
2729 5300 3092 5370 καταγραφὴν
3119 5303 3219 5354 καὶ
3251 5299 3584 5372 ὑπογραφὴν
3616 5302 3712 5354 τοῦ
3742 5303 3882 5372 ὑπὲρ
3916 5304 4045 5371 τῆν

2432 5393 2621 5462 κοινῆς
2657 5390 2941 5453 εὐσεϐείας
2969 5390 3114 5461 ίεροῦ
3142 5389 3333 5445 τούτου
3367 5391 3561 5459 τόμου,
3594 5392 3652 5443 δν
3682 5394 3778 5444 καὶ
3816 5393 3845 5443 6
3882 5393 4009 5445 τότε

2433 5486 2779 5555 πατριάρχης
2810 5484 2917 5553 πρὸ
2962 5484 3070 5537 τῶν
3106 5483 3285 5539 ἀλλων
3315 5485 3504 5552 χερσὶν
3539 5485 3769 5548 οἰκείαις
3796 5487 4012 5553 ὑποσηο

2438 5579 2753 5649 μηνάμενος
2785 5576 3111 5640 διετέλεσεν,
3148 5575 3305 5630 οὐπω
3331 5577 3427 5631 δύο
3462 5578 3630 5648 μῆνες
3657 5576 3769 5631 ὅλοι
3799 5578 4018 5648 παρῆλ-

2435 5674 2549 5741 θον,
2579 5675 2676 5727 καὶ
2706 5673 2895 5736 στάσις
2938 5675 3033 5727 καὶ
3060 5674 3347 5743 σύγχυσις,
3376 5675 3476 5743 φεῦ
3502 5675 3514 5727 ί
3548 5675 3580 5744 ή
3627 5673 3821 5727 πασῶν
3855 5674 4017 5745 χαλε-

2437 5769 2667 5838 πωτάτη
2724 5766 3139 5837 καταλαμϐάνει
3189 5767 3288 5835 τὴν
3347 5768 3640 5838 Ῥωμαίων
3682 5767 3882 5839 ἀρχὴν,
3909 5769 4018 5822 ὑπὸ

2439 5861 2716 5931 βασκάνου
2753 5862 2847 5915 καὶ
2895 5861 3142 5930 πονηρᾶς
3175 5861 3265 5914 καὶ
3317 5860 3596 5930 φυλάρχου
3644 5859 3872 5931 γνώμης
3901 5862 4012 5914 τῶν
