4334 6480
833 457 967 517 1279

1845 466 2053 526 JOAN.
2100 466 2402 525 CALECJE
2444 466 2548 524 (ΣΡ.
2596 463 3106 523 ΡΛΤΠΙΛΠΟΗΕ

3921 441 4064 524 mo

808 565 956 630 ἔχειν
985 565 1148 619 αὐτὸν
1180 571 1377 638 μοῖραν
1408 570 1546 638 μετά
1578 571 1685 623 τῶν
1719 572 1962 625 εὐσεϐῶν
2011 575 2378 642 ἀπεφήναντο.
2412 577 2456 632 Α
2487 573 2562 633 ώς
2597 572 2921 640 συμφώνους
2958 570 3128 640 αὐτῷ,
3166 570 3234 622 δι’
3261 564 3337 623 ῶν
3380 571 3827 637 συγγραμμάτων
3877 572 4062 621 πᾶσαν

821 653 885 704 ’Π
921 656 1102 722 μέντοι
1134 657 1431 725 θεοστεφὴς
1461 661 1555 712 καὶ
1581 663 1847 731 κρατίστη
1896 664 2104 731 βασιλὶς
2139 667 2276 732 μετά
2320 663 2381 716 τὸ
2482 662 2668 730 σχεδὸν
2698 660 2981 714 εὐσέϐειαν
3002 661 3096 711 καὶ
3127 659 3332 719 πάντας
3355 661 3479 720 τοὺς
3500 658 3595 710 ἀπ’
3621 660 3811 720 αίῶνος
3845 660 4000 726 ἀγίου
4020 680 4061 721 -,

805 746 900 794 καὶ
928 746 998 794 τὰ
1031 748 1256 800 τοιαῦτα
1297 749 1408 800 τῶν
1460 750 1768 816 ίερωτάτων
1816 752 2024 804 τούτων
2073 755 2380 824 ἀρχιερέων
2478 751 2573 802 ἐπὶ
2607 751 2879 817 προφάσει
2905 748 2998 801 τοῦ
3021 749 3257 816 γράφειν
3273 749 3415 801 κατά
3438 748 3534 801 τοῦ
3572 749 3802 816 Παλαμᾶ
3831 751 3926 800 καὶ
3948 753 4060 800 τῶν

808 834 1060 897 δέξασθαι
1107 839 1366 900 πολλάκις
1395 841 1545 906 ἡμᾶς
1579 842 1964 906 συγκαλέσασα
1987 844 2082 896 καὶ⁷
2116 845 2255 910 μετά
2278 846 2377 912 τῆς
2477 841 2796 909 ὀμοφρόνων
2844 838 2993 906 αὐτῷ
3031 839 3272 902 πάντων,
3323 840 3695 906 ἀποκηρύττει
3739 839 3829 890 καὶ
3865 840 4060 890 ἀναθε-

805 926 1113 993 συγκλήτου
1148 930 1242 982 καὶ
1273 932 1485 985 πολλῶν
1505 938 1806 1008 ἐλλογίμων
1831 936 1896 986 τὰ
1921 936 2050 1004 περὶ
2076 935 2187 988 τῶν
2219 936 2376 989 θείων

807 1015 1313 1091 συνδιασκεψαμένη
1370 1026 1662 1095 δογμάτων
1720 1029 1817 1081 καὶ
1864 1027 2247 1082 καταλαϐοῦσα
2285 1030 2375 1078 τὴν

803 1101 903 1160 τὰς
931 1109 1210 1170 συνοδικάς
1245 1110 1562 1178 διαγνώσεις
1599 1116 1740 1185 ὑπὲρ
1772 1117 2057 1177 εὐσεϐείας
2113 1116 2372 1184 ἐμπεριέ-

805 1207 967 1258 Χοντα
1007 1197 1206 1264 τόμον,
1256 1202 1546 1271 ἐγγράφως
1586 1207 1680 1257 καὶ
1708 1207 1967 1272 ἀγράφως
1998 1207 2101 1257 ὐπδ
2149 1207 2242 1257 τοῦ
2274 1225 2373 1257 παο

799 1287 1217 1352 »τριαρχεύοντος
1267 1292 1729 1362 ἀνατρεπόμενον,
1761 1294 1942 1348 οὐκέτι
1989 1295 2268 1356 καθεκτῶς
2299 1292 2373 1346 εἴ·

800 1388 912 1437 χεν,
941 1374 1057 1426 ἀλλ’
1082 1378 1268 1430 ένθέου
1301 1381 1605 1448 πλησθείσα
1633 1383 1797 1452 ζήλου
1823 1386 1923 1451 τὴν
1950 1385 2092 1436 κατά
2113 1383 2370 1449 τῶνζάθε·

797 1463 1036 1518 τὀὐντων
1060 1468 1152 1520 τὸν
1183 1472 1350 1539 τόμον
1405 1474 1687 1543 ἐκδίκησιν
1719 1477 1972 1543 ἐπεζήτει
2012 1477 2104 1529 καὶ
2140 1476 2239 1545 τὴν
2269 1476 2368 1528 αὐ-

796 1553 891 1606 τοῦ
945 1574 1002 1608 τε
1064 1561 1284 1627 καὶτῆς
1336 1564 1456 1615 κατ’
1488 1565 1651 1617 αὐτὸν
1702 1567 1987 1628 εὐσεϐείας
2036 1566 2365 1636 βεϐαίωσιν

796 1649 1058 1711 συγκαλεῖ
1081 1651 1261 1703 τοίνυν
1285 1654 1431 1722 ἡμᾶς
1473 1656 1532 1707 ὲν
1568 1656 1644 1724 τῷ
1675 1656 2060 1726 θεοφρουρήτῳ
2090 1657 2363 1726 παλατίιρ,

789 1733 1085 1804 ὀλόκληρον
1111 1739 1270 1796 am:
1296 1741 1534 1803 σύνοδον,
1567 1743 1698 1811 πρὸς
1721 1744 1776 1796 δὲ
1809 1744 1910 1803 καὶ
1934 1744 2024 1795 τὸν
2050 1742 2144 1794 τοῦ
2177 1741 2364 1806 Ἀγίου

792 1825 994 1894 Ὄρους
1020 1829 1463 1898 σεϐασμιώτατον
1500 1833 1733 1902 Πρῶτοῦ
1776 1834 1913 1901 μετά
1955 1834 2061 1886 τῶν
2090 1835 2185 1886 σὺν
2215 1833 2364 1903 αὐτῷ

2480 930 2698 997 ματίζει
2729 929 2823 980 καὶ⁸
2859 927 3248 985 ἀποϐάλλεται.
3285 927 3512 995 γράφων
3535 928 3628 978 ἐπὶ
3650 927 3845 990 λέξεως
3874 928 4019 979 οὕτω
4041 943 4056 957 ⁸

2482 1037 2501 1070 ε
2531 1020 2655 1080 Τοῖς
2676 1017 3026 1084 ἁποτολμῶσι
3057 1016 3151 1069 καὶ
3185 1017 3407 1081 λέγουσι
3432 1017 3531 1084 τὴν
3556 1017 3713 1081 δόξαν
3741 1005 3839 1086 τῆς
3873 1016 4062 1084 θεότηο

2474 1125 2560 1167 τος
2589 1109 2682 1159 τοῦ
2724 1105 2965 1177 Χριστοῦ
3000 1106 3192 1173 ἑτέραν
3225 1102 3364 1159 εἶναι
3414 1108 3566 1175 παρὰ
3595 1108 3694 1175 τὴν
3735 1109 3927 1158 οὐσίαν
3958 1107 4057 1157 τοῦ

2473 1197 2628 1261 Θεοῦ,
2663 1196 2911 1264 ἀνάθεμα
2934 1213 2948 1226 ο
2980 1216 2998 1247 ι
3028 1201 3124 1248 καὶ
3158 1197 3342 1259 πάλιν,
3374 1215 3392 1248 ε
3427 1198 3551 1259 Τοῖς
3577 1198 3926 1265 ἀποτολμῶσι
3963 1199 4060 1249 καὶ

2442 1287 2690 1352 λέγουσι
2748 1287 2866 1354 φῶς
2898 1287 3148 1339 άκτιστον
3189 1288 3381 1355 ἕτερον
3404 1288 3552 1355 παρὰ
3585 1287 3684 1355 τὴν
3727 1289 3914 1339 οὐσίαν
3957 1288 4056 1339 τοῦ

2471 1375 2914 1444 Θεοῦ,άνάθεμα⁶
2939 1396 2956 1428 ι
2985 1379 3075 1430 καὶ
3103 1381 3288 1440 πάλιν,
3317 1399 3335 1430 ε
3369 1379 3494 1440 Τοῖς
3515 1379 3737 1442 λέγουσι
3767 1382 3866 1447 τὴν
3899 1381 4055 1432 θείαν

2473 1467 2634 1537 χάριν
2660 1467 2916 1520 ἀκτιστον
2944 1470 3042 1536 μὲν
3074 1464 3235 1529 εἶναι,
3261 1469 3452 1536 ἑτέραν
3476 1471 3532 1522 δὲ
3557 1471 3707 1538 παρά
3736 1471 3834 1538 τὴν
3864 1472 4056 1522 οὐσέαν

2469 1557 2565 1610 τοῦ
2600 1556 2763 1620 Θεοῦ,
2787 1558 3036 1625 ἀνάθεμα
3060 1575 3074 1590 ·
3111 1578 3130 1609 ι
3158 1561 3250 1611 καὶ
3281 1561 3465 1625 πάλιν,
3489 1579 3509 1611 ε
3539 1561 3663 1622 Τοῖς
3690 1561 3908 1626 λέγουσι
3938 1561 4054 1612 0εό-

2469 1666 2606 1718 τητα
2638 1649 2890 1701 ἇκτιστον
2935 1653 3265 1718 σωματικοῖς
3311 1650 3606 1718 ὀφθαλμοῖς
3649 1651 3884 1716 ληπτὴν,
3923 1653 4054 1703 ἀνά-

2469 1737 2663 1806 θεμα·›
2690 1736 2786 1789 καὶ
2811 1736 3024 1797 πάλιν,ε
3051 1737 3241 1805 Mpr
3264 1736 3561 1802 καὶτυφλοὶ
3581 1737 3630 1787 οἱ
3653 1736 3740 1788 διὰ
3763 1736 3860 1805 τὴν
3888 1753 4054 1804 μετα-

2471 1828 2758 1897 μόρφωσιν
2781 1827 2873 1879 τοῦ
2906 1827 3115 1896 Κυρίου
3148 1827 3306 1896 ἡμῶν
3353 1827 3528 1897 Ἰησοῦ
3557 1827 3794 1894 Χριστοῦ
3824 1827 4054 1878 ἀποτολ-

790 1919 1061 1982 γερόντων
1092 1922 1187 1973 καὶ
1242 1923 1467 1986 πολλοὺς
1500 1926 1607 1976 τῶν
1657 1925 1799 1977 κατὰ
1846 1925 1946 1994 τὴν
2001 1925 2363 1994 μεγαλόπολιν
2397 1917 2437 1971 Β
2471 1919 2678 1987 μῶντες
2699 1919 2794 1972 καὶ
2815 1918 3062 1985 λέγοντες
3080 1918 3333 1972 ἀκτιστον
3357 1919 3473 1986 φῶς
3501 1919 3830 1986 σωματικοῖς
3853 1918 4053 1984 ὀφθαλ-

790 2008 994 2074 ταύτην
1019 2009 1343 2078 ἐλλογίμους
1375 2015 1464 2064 καὶ
1502 2013 1748 2074 εὐλαϐεῖς
1777 2015 2070 2082 μοναχοὺς,
2098 2014 2191 2066 καί⁵
2229 2029 2371 2081 προ-

789 2097 1065 2151 καθίσασα
1089 2104 1227 2169 μετά
1257 2103 1350 2156 τοῦ
1405 2105 1818 2172 ἐρασμιωτάτου
1875 2106 1993 2159 υίοῦ
2025 2106 2218 2174 αὐτῆς,
2265 2106 2358 2158 τοῦ

789 2191 1053 2257 κραταιοῦ
1084 2193 1179 2244 καὶ⁵
1227 2194 1386 2260 άγίου
1440 2197 1598 2262 ἡμῶν
1626 2195 1890 2249 αὐθέντου
1938 2197 2032 2248 καὶ
2079 2197 2360 2265 βασιλέως,

788 2283 957 2352 κυροῦ
993 2285 1244 2358 Ἰωάννου
1299 2286 1393 2340 τοῦ
1429 2289 1818 2355 Παλαιολόγου,
1875 2288 1952 2341 ἐτι
1997 2289 2053 2340 δὲ
2089 2291 2229 2357 μετά
2269 2291 2364 2342 καὶ

787 2374 884 2442 τῆς
915 2375 1222 2444 συγκλήτου
1253 2377 1433 2448 πάσης
1487 2380 1579 2431 καὶ
1610 2379 1717 2431 τῶν
1747 2378 1842 2432 τοῦ
1867 2378 2067 2448 κλήρου
2095 2379 2360 2445 λογάδων,

790 2464 1236 2532 ἀρχιμανδριτῶν
1263 2481 1320 2518 τε
1376 2468 1468 2519 καὶ
1518 2468 1839 2536 ἡγουμένων
1889 2469 1990 2521 οὐκ
2016 2468 2233 2537 ὀλίγων,
2270 2469 2364 2522 καὶ

794 2554 904 2606 τῶν
935 2555 1205 2623 ἐκκρίτων
1234 2558 1332 2622 τῆς
1357 2557 1650 2624 πολιτείας,
1673 2558 1888 2627 πρῶτον
1914 2558 2011 2628 μὲν
2034 2561 2111 2622 είς
2128 2560 2365 2626 ἐπήκοον

788 2645 1009 2698 πάντων
1047 2648 1460 2717 ἀναγνωσθῆναι
1516 2649 1609 2702 τὸν
1664 2649 1942 2702 συνοδικδν
1978 2651 2144 2718 τόμον
2179 2651 2364 2703 διακε-

785 2738 1023 2801 λεύεται,
1051 2734 1170 2793 εἶτα
1201 2740 1514 2809 προτίθεται
1542 2742 1602 2793 τὸ
1631 2742 1946 2812 προῤῥηθὲν
1969 2741 2064 2794 τοῦ
2088 2742 2363 2812 πατριάρ-

783 2844 882 2894 χου
932 2826 1159 2891 βιϐλίον,
1197 2830 1332 2898 ὅπερ
1373 2829 1554 2891 αὐτὸς,
1585 2831 1660 2893 ώς
1694 2830 1933 2892 εὐσεϐῶς
1976 2831 2119 2899 ἔχον,
2150 2831 2218 2883 δι’
2256 2834 2359 2902 ἀρ-

783 2917 1012 2986 χιερέων
1054 2921 1146 2971 καὶ
1183 2921 1653 2989 ἐκκλησιαστικῶν
1690 2918 1846 2984 αὖθις
1880 2922 2192 2990 προσώπων
2223 2923 2359 2993 πρὸς

784 3010 887 3079 τὴν
918 3010 1217 3081 κρατίστην
1242 3014 1396 3079 ἡμῶν
1427 3015 1620 3081 κυρίαν
1645 3015 1738 3066 καὶ
1769 3015 2057 3067 δέσποιναν
2088 3015 2355 3084 ἔπεμψεν,

777 3107 838 3157 έν
866 3098 909 3171 ᾦ
944 3105 1138 3176 βιϐλίῳ
1175 3108 1232 3158 έν
1258 3105 1546 3172 ὑποκρίσει
1585 3109 1679 3161 καὶ
1724 3107 1993 3177 προφάσει
2020 3107 2114 3161 τοῦ
2147 3108 2360 3178 ἐξηγεῖ-

2475 2014 2595 2079 μοῖς
2617 2013 2830 2079 ὁρατόν.
2845 2029 2864 2062 ε
2880 2006 2947 2062 Ἀ
2958 2011 3004 2082 ρ’
3024 2007 3116 2064 οὖν
3137 2012 3166 2063 ὀ
3190 2011 3360 2063 ταῦτα
3391 2012 3630 2079 στέργων
3657 2011 3752 2064 καὶ
3777 2013 3904 2078 παρ’
3926 2011 4051 2062 ἑαυ-

2470 2103 2567 2169 τῷ,
2589 2102 2664 2164 ώς
2688 2102 2885 2170 εὐσεϐῆ
2913 2101 3180 2170 κατέχων,
3208 2103 3301 2153 καὶ
3325 2105 3436 2164 τοῖς
3459 2101 3761 2154 τὰτοιαῦτα
3777 2103 4049 2168 γράφουσι

2471 2192 2548 2262 μὴ
2583 2194 2853 2244 κοινωνῶν
2881 2193 3070 2254 ἁπλῶς
3101 2192 3286 2262 μόνον,
3321 2193 3454 2244 ἀλλά
3486 2195 3579 2245 καὶ
3611 2193 4051 2261 συλλειτουργῶν

2467 2285 2562 2337 καὶ
2598 2285 2837 2347 πατέρας
2862 2284 3277 2353 πνευματικούς
3309 2285 3403 2336 καὶ
3435 2283 3788 2346 διδασκάλους
3824 2284 4050 2343 τούτους

2466 2373 2976 2444 προχειριζόμενος,
3017 2376 3198 2443 μόνον·
3228 2369 3385 2437 οὗτος
3419 2375 3511 2427 τὸν
3544 2376 3806 2443 Παλαμᾶν
3834 2377 4048 2443 ἀποκη-

2468 2465 2652 2536 ρύττει
2687 2467 2782 2517 καὶ
2821 2465 3188 2519 ἀποϐάλλεται
3232 2466 3264 2535 ἦ
3303 2466 3428 2528 τοὺς
3458 2465 3555 2520 ἀπ’
3596 2467 3791 2524 αἰῶνος
3819 2464 4043 2532 ἁγίου;;

2469 2556 2667 2618 αὐτούς
2691 2575 2750 2610 τε
2773 2558 2897 2619 τοὺς
2930 2559 3020 2610 ἐπὶ
3063 2559 3172 2612 τῶν
3195 2559 3355 2628 ίερῶν
3390 2561 3616 2611 ἐκείνων
3655 2559 3886 2610 συνόἰων
3921 2575 4045 2609 συν-

2465 2646 2816 2715 ειλεγμένους
2894 2646 2990 2698 καὶ
3049 2646 3282 2715 μάλιστα
3353 2647 3444 2700 τὸν
3501 2646 3776 2701 συνοδικόν
3826 2663 3886 2697 τε
3955 2646 4046 2697 καὶ

2474 2735 2867 2805 Ἀγιορειτικὸν
2923 2737 3089 2806 τόμον
3143 2738 3238 2790 καὶ
3285 2738 3485 2798 αὐτοὺς
3532 2739 3657 2798 τοὺς
3688 2737 4043 2804 συμψήφους

2466 2827 2717 2896 φανερῶς
2738 2829 2896 2890 ὄντας
2929 2829 3006 2896 τῷ
3039 2829 3274 2897 Παλαμᾷ
3307 2828 3428 2881 κατ’
3448 2829 3737 2880 εὐσέϐειαν
3764 2829 4043 2894 βασιλέας,

2461 2923 2556 2974 καὶ
2579 2920 2917 2986 ἁπαξαπλῶς
2944 2921 3065 2983 τοὺς
3088 2921 3333 2983 εὐσεϐεῖς
3362 2921 3632 2982 ἅπαντας.
3666 2920 3754 2972 Ἐν
3777 2919 3854 2985 τῷ
3869 2922 4046 2971 τοιού-

2461 3030 2539 3082 τῳ
2574 3013 2764 3065 τούτου
2793 3012 2987 3083 βιϐλίῳ
3017 3015 3112 3066 καὶ
3149 3013 3566 3082 συγγράμματα
3590 3011 3682 3064 τοῦ
3726 3011 4043 3064 ’Δκινδύνου

2460 3105 2640 3167 ἐστὶν,
2667 3105 2725 3156 ὲν
2754 3100 2835 3166 οἷς
2865 3106 2959 3157 καὶ
2981 3105 3080 3174 τὴν
3101 3106 3159 3157 έν
3181 3105 3382 3176 Θαϐὼρ
3412 3105 3736 3174 έωραμένην
3769 3108 3881 3167 τοῖς
3907 3107 4046 3158 ἀπο-

779 3197 904 3249 σθαι
934 3197 1025 3250 τὸν
1058 3199 1224 3266 τόμον
1267 3199 1649 3268 παρεξήγησιν
1678 3199 1840 3252 αὑτοῦ
1900 3203 1993 3252 καὶ
2042 3201 2357 3271 ἀνατροπὴν
2385 3239 2426 3297 c
2464 3193 2674 3255 στόλοις
2702 3194 2852 3297 θείαν
2887 3196 2983 3248 καὶ
3026 3196 3342 3267 ἀπόρρητον
3365 3198 3746 3265 φωτοφάνειαν
3769 3196 3833 3248 οὐ
3879 3198 4045 3264 μόνον

780 3290 875 3340 καὶ
904 3289 1200 3341 κατάλυσιν
1236 3289 1474 3357 παντελῆ
1509 3291 1910 3359 συνεγράψατο,
1954 3294 2023 3345 τὰ
2057 3292 2156 3360 μὲν
2189 3291 2354 3346 αὐτοῦ
2386 3281 2426 3297 ν
2462 3286 2690 3355 κτιστὴν
2719 3281 2860 3339 εἷναί
2893 3303 3081 3356 φησιν,
3115 3289 3249 3341 ἀλλὰ
3297 3290 3528 3341 καὶτῶν
3576 3290 3824 3356 ἀγγέλων
3871 3307 4045 3341 κατω-

780 3381 872 3432 καὶ
899 3379 1076 3435 ταῦτα
1102 3383 1172 3434 τὰ
1197 3379 1530 3451 καιριώτατα
1552 3385 1649 3452 τῆς
1675 3384 1983 3445 ὑποθέσεως
2011 3386 2072 3437 ὲκ
2096 3383 2192 3437 τοῦ
2221 3403 2357 3456 παρ-
2459 3377 2645 3448 τέρεν,
2679 3377 2754 3440 ὡς
2805 3381 2902 3432 καὶ
2939 3381 2967 3431 6
3003 3379 3267 3449 Βαρλαὰμ
3291 3380 3494 3447 ἔλεγεν,
3541 3381 3569 3432 ὃ
3609 3380 3766 3449 δῆλον
3789 3379 4040 3447 εποίησε.

781 3476 1007 3539 ἥκοντος
1066 3476 1376 3544 γεγράφθαι
1422 3477 1617 3544 λέγων,
1648 3478 1714 3529 τὰ
1745 3477 1802 3529 δὲ
1846 3478 1940 3530 καὶ
1978 3478 2176 3539 τελέως
2206 3479 2355 3532 ἀναί-

775 3564 876 3632 δην
931 3565 1341 3632 ἀνασκευάζων,
1398 3569 1458 3619 ὲν
1507 3561 1586 3628 οἷς
1620 3567 1713 3619 καὶ
1761 3567 1840 3629 είς
1870 3568 1968 3628 τάς
2023 3569 2229 3630 ἀϊδίους
2259 3569 2354 3622 καὶ

782 3656 933 3718 θείας
961 3653 1056 3705 τοῦ
1107 3653 1242 3707 Θεοῦ
1291 3655 1572 3725 ἐνεργείας
1627 3657 1789 3724 δῆλός
1841 3659 1958 3709 ἐστι
1991 3657 2352 3726 βλασφημῶν,

771 3745 929 3814 ὖχλον
960 3746 1230 3816 θεοτήτων
1254 3747 1454 3809 ταύτας
1479 3747 1772 3801 ἀποκαλῶν
1811 3750 1905 3801 καλ⁵
1953 3749 2248 3806 πολυθέους
2279 3744 2354 3802 εἷ-

773 3855 861 3891 ναι
889 3837 1063 3904 λέγων
1092 3839 1216 3900 τοὺς
1249 3838 1541 3900 ἀκτίστους
1587 3835 1728 3891 εἶναι
1759 3840 1963 3901 ταύτας
2006 3839 2352 3894 διαϐεϐαιου-

777 3930 972 3996 μένους
1002 3930 1094 3981 καὶ
1124 3930 1397 3998 τιμῶντας
1423 3931 1568 3983 ἐστιν
1601 3930 1666 3994 ἃς
1697 3930 1898 3983 τούτων
1923 3933 1988 4001 τῇ
2022 3932 2124 4000 τῆς
2152 3931 2354 4003 Θεότη-

767 4039 858 4082 τος
895 4022 1252 4091 προσηγορίᾳ,
1287 4021 1475 4092 ὥσπερ
1508 4024 1570 4073 ἂν
1606 4023 1758 4084 εῐτις
1787 4023 1879 4075 καὶ
1912 4024 1981 4075 τά
2009 4024 2150 4075 ἑπτὰ
2181 4023 2350 4075 πνεύ-

771 4128 939 4180 ματα,
969 4109 1215 4177 δηλονότι
1259 4112 1356 4173 τὰς
1386 4113 1525 4164 έπτά
1556 4111 1652 4164 τοῦ
1699 4113 2018 4182 ΙΙνεύματος
2065 4114 2348 4182 ένεργείας

762 4200 922 4269 ὐχλον
948 4201 1274 4269 πνευμάτων
1303 4203 1576 4263 δυσσεϐῶς
1600 4204 2028 4273 προσηγόρευεν.
2073 4205 2232 4258 Ἀλλά
2257 4207 2351 4259 καὶ

766 4291 910 4344 κατὰ
934 4293 1040 4344 τῶν
1073 4294 1160 4344 ἐπ’
1184 4293 1436 4363 εὐσεϐείᾳ
1459 4294 1900 4361 δεδικαιωμένων
1931 4297 2025 4348 καὶ
2049 4295 2180 4365 παρ’
2202 4297 2349 4349 ἐκεί-

766 4400 859 4436 νου
895 4384 990 4437 τοῦ
1022 4387 1168 4455 ίεροῦ
1199 4387 1368 4455 τόμου
1410 4388 1942 4456 ἀνακηρυττομένων
1972 4404 2032 4439 τε
2083 4391 2174 4441 καὶ
2208 4405 2349 4460 μαρ-

762 4476 1139 4545 τυρουμένων,
1174 4477 1268 4530 τοῦ
1303 4479 1537 4547 Παλαμά
1567 4479 1810 4546 δηλονότι
1856 4519 1871 4534 .
1912 4515 1929 4532 .
1974 4516 1989 4540 ρ
2032 4516 2048 4532 .
2090 4518 2107 4535 .
2150 4517 2167 4533 .
2212 4517 2229 4534 .
2271 4517 2287 4534 .
2327 4518 2346 4536 .

2459 3473 2550 3523 καὶ
2575 3471 2644 3523 δι’
2663 3465 2738 3524 ῶν
2775 3470 2917 3538 ὑπὲρ
2940 3471 3138 3524 ἑαυτοῦ
3166 3472 3327 3540 δῆθεν
3349 3472 3559 3544 ἔγραψε
3583 3473 3720 3543 πρὸς
3752 3473 3853 3540 τὴν
3883 3475 4042 3541 είρη-

2460 3563 2627 3633 μένην
2652 3563 2809 3632 ἡμῶν
2844 3564 3041 3634 κυρίαν
3083 3565 3181 3618 καὶ
3211 3564 3522 3629 δέσποιναν,
3554 3567 3628 3627 ὼς
3660 3566 3864 3633 ὁρατὴν
3890 3583 4040 3631 γενο-

2460 3653 2629 3722 μένην
2659 3654 2866 3723 ταύτην
2912 3655 3014 3722 τὴν
3071 3655 3391 3724 θεοφάνειαν
3415 3695 3429 3718 ,
3467 3655 3795 3726 ἀτιμοτέραν
3831 3656 4040 3707 ὑποδει-

2456 3747 2587 3809 κνὺς
2620 3746 2914 3816 ἀσωμάτου
2945 3747 3126 3816 πάσης
3145 3749 3334 3810 οὐσίας
3360 3751 3452 3800 καὶ
3475 3749 3657 3801 αὐτῶν
3694 3749 3805 3801 τῶν
3829 3748 4042 3816 ἀνορωο

2457 3842 2625 3891 πίνων
2647 3837 2854 3908 ψυχῶν.
2902 3839 2962 3892 '0
2992 3839 3048 3892 δὲ
3077 3839 3178 3908 τῆς
3209 3838 3540 3910 Ἐκκλησίας
3561 3838 3742 3909 λαχὼν
3778 3839 4040 3908 προίστα-

2457 3929 2602 3994 σθαι,
2637 3929 2774 4000 φεῦί
2811 3931 2870 3983 οὐ
2897 3931 2964 3983 τά
2993 3929 3217 3984 τοιαῦτα
3245 3931 3405 4000 μόνον
3431 3930 3597 3984 αὐτοῦ
3623 3930 4040 3999 συγγράμματά

2452 4040 2511 4074 τε
2572 4022 2667 4074 καὶ
2705 4021 2975 4091 δόγματα,
3033 4021 3196 4092 ἀλλὰ]
3225 4023 3324 4075 καὶ
3365 4021 3432 4076 δι’
3472 4023 3810 4092 αὐτοχείρων
3864 4022 4035 4074 αὐτοῦ

2452 4112 2547 4166 τοῦ
2591 4113 2906 4167 ’Λκινδύνου
2928 4115 3384 4186 συγγραμμάτων
3414 4116 3662 4186 κατέχων
3692 4118 3826 4185 παρ’
3850 4115 4035 4183 ξαν-ᾦ

2452 4206 2550 4266 τάς
2573 4205 2891 4268 δυσσεϐείας
2916 4207 3104 4269 αὐτοῦ,
3133 4210 3216 4269 είς
3260 4207 3512 4262 διάκονον
3543 4210 3733 4261 τοῦτον
3761 4209 4035 4277 ἐχειροτῦὲ

2451 4314 2583 4364 νησε
2607 4313 2621 4327 ·
2656 4297 2748 4350 καὶ
2774 4297 2902 4359 τους
2943 4298 3564 4369 μέν’παραδεχομένους
3610 4300 3796 4363 αὐτὸν,
3827 4300 3903 4362 ώς
3941 4318 4035 4351 κα-

2451 4388 2556 4450 λῶς
2587 4389 2728 4442 αὐτὰ
2749 4388 3165 4458 δογματίζοντα,
3191 4391 3438 4460 άφώρισέ
3460 4407 3521 4443 τε
3565 4394 3661 4444 καὶ
3684 4393 4036 4460 ἀπεκήρυξε,

2447 4481 2570 4532 τίνα
2596 4481 2661 4549 δὴ
2687 4480 2860 4533 ταῦτα
2884 4498 2898 4547 ;
2923 4481 3023 4533 ’Ὶν’
3043 4481 3101 4548 ἐξ
3124 4482 3324 4549 ὀλίγων
3346 4486 3439 4536 καὶ
3462 4483 3571 4537 άπὸ
3594 4483 3798 4536 τούτων
3820 4487 4036 4551 ἀναφαο

765 4568 1008 4638 μοσύνης
1068 4570 1536 4639 καταδικασθῆναι
1593 4573 1768 4638 λέγων
1825 4573 1916 4624 τὸν
1947 4571 2215 4642 Βαρλαὰμ
2251 4573 2345 4624 καὶ
2380 4583 2422 4638 ι)
2449 4573 2515 4640 νῇ
2544 4572 2605 4623 τὸ
2634 4572 2826 4635 ἀσεϐὲς
2855 4573 2949 4626 καὶ
2981 4573 3284 4627 ἀσύστατον
3314 4575 3426 4626 τῶν
3471 4574 3791 4627 ’Δκινδύνου-
3817 4567 3914 4628 καὶ
3942 4575 4036 4628 τοῦ

761 4667 931 4714 κινεῖν
959 4663 1093 4715 πᾶσι
1120 4666 1563 4734 προτρεπόμενος
1597 4667 1690 4717 καὶ
1717 4669 2065 4736 κατηγορεῖν,
2095 4666 2130 4719 ἀ
2155 4666 2345 4717 κάκεῖ-

759 4770 848 4815 νος
883 4756 1022 4806 κατᾶ
1069 4754 1178 4807 τῶν
1214 4756 1468 4826 μοναχῶν
1496 4756 1738 4826 ἐκίνησε,
1768 4759 1973 4809 τούτων
2001 4757 2343 4827 κατηγορῶν,

756 4846 895 4914 μηδὲ
932 4846 1029 4916 τὴν
1060 4847 1384 4900 τελευταίαν
1433 4848 1712 4916 ἀπόφασιν
1753 4847 1847 4901 τοῦ
1884 4849 2054 4917 τόμου
2084 4851 2350 4921 δυσωπη-

760 4939 896 5000 θεὶς,
926 4937 1178 5011 φανερῶς
1212 4938 1307 4992 τοῦ
1338 4939 1447 4992 τῶν
1477 4940 1773 5008 ὀρθοδόξων
1809 4941 2176 5010 πληρώματος
2210 4944 2346 4994 ἀπο-

755 5029 1086 5096 τέμνουσαν,
1125 5030 1178 5082 εί
1201 5029 1285 5090 τίς
1315 5046 1367 5081 τι
1403 5028 1512 5081 τῶν
1539 5029 1644 5082 ὐπὸ
1672 5031 1765 5083 τοῦ
1789 5031 2054 5100 Βαρλαάμ
2083 5031 2344 5102 λαληθέν-

755 5137 866 5171 των
899 5120 932 5190 ﬂ
964 5121 1391 5189 συγγραφέντων
1422 5120 1581 5184 αὖθις
1632 5125 1724 5175 ἐπὶ
1774 5126 2081 5196 κατηγορίᾳ
2136 5126 2342 5179 τούτων

755 5215 902 5281 λέγει
926 5232 985 5268 τε
1014 5218 1107 5268 καὶ
1137 5218 1297 5281 κινεῖ,
1324 5215 1440 5268 ἀλλ’
1463 5215 1803 5280 ὑποϐάλλων,
1837 5215 1974 5285 φεῦί
2010 5216 2203 5271 ἑαυτὸν
2250 5218 2342 5271 καὶ

754 5308 882 5371 τοὺς
908 5307 1056 5378 αὐτῷ
1089 5307 1446 5378 πειθομένους
1484 5309 1626 5361 οὑτω
1660 5311 1771 5370 τοῖς
1815 5310 2112 5371 συνοδικοῖς
2149 5313 2242 5362 καὶ
2265 5311 2340 5362 οί-

753 5402 922 5465 κείοις
953 5401 1282 5472 άφορισμοῖς
1328 5418 1388 5454 τε
1422 5403 1516 5454 καὶ
1564 5401 1895 5468 ἀναθέμασι.
1941 5403 2029 5453 Ἐν
2057 5402 2236 5472 τούτῳ
2262 5403 2338 5474 τῷ

745 5488 936 5564 οίκείῳ
968 5494 1132 5548 αὐτοῦ
1170 5493 1366 5566 βιϐλίῳ
1410 5495 1504 5546 καὶ
1537 5494 1700 5563 ἔτερα
1733 5497 2144 5564 συγγράμματα
2175 5496 2338 5566 εὓρη-

743 5603 860 5650 ται,
898 5590 1002 5640 κάν
1033 5591 1095 5658 τῇ
1135 5587 1336 5654 συνόδῳ
1368 5587 1740 5658 προτέθειται,
1768 5589 2156 5658 συγγραφέντα
2183 5592 2337 5663 παρά

745 5678 855 5732 τῶν
883 5679 1204 5750 ὀμοφρόνων
1236 5678 1384 5750 αὐτῷ
1409 5681 1501 5733 καὶ
1537 5681 1888 5734 σπουδλιστῶν
1913 5683 2013 5752 τῆς
2039 5684 2330 5752 αἱρέσεως,

743 5763 839 5828 οὖς
865 5767 1026 5829 αὐτὸς
1048 5767 1293 5839 πατέρας
1331 5770 1738 5838 πνευματικοὺς
1769 5773 1862 5826 καὶ
1897 5774 2210 5841 προστάτας
2233 5776 2334 5842 ψυ-

745 5857 857 5930 χῶν
881 5858 974 5911 καὶ
1007 5858 1363 5924 διδασκάλους
1389 5863 1803 5932 προεχειρίσατο
1830 5864 1922 5918 τοῦ
1955 5865 2083 5919 λαοῦ
2115 5867 2331 5931 πάντως

2452 4664 2868 4732 συμφωνοῦντος
2925 4665 3118 4736 ἐκείνῳ
3177 4667 3518 4736 πατριάρχου
3573 4667 3889 4734 δογμάτων.
3963 4670 4039 4720 Οὐ

2448 4753 2747 4823 δυνάμεθα,
2791 4756 2945 4825 φησὶ,
2999 4757 3098 4828 τὴν
3133 4756 3368 4827 φυσικὴν
3422 4757 3515 4809 τοῦ
3565 4759 3702 4812 Θεοῦ
3750 4759 4040 4827 ἐνέργειαν

2446 4845 2572 4898 ἄλλο
2598 4862 2649 4897 τι
2683 4848 2952 4916 φρονῆσαι
2978 4848 3078 4916 τῆς
3117 4849 3308 4911 οὐσίας
3343 4848 3508 4902 αὐτοῦ
3540 4852 3635 4902 καὶ
3668 4853 3766 4919 τῆς
3791 4853 4032 4919 φύσεως,

2445 4939 2562 4992 ἀλλ’
2591 4939 2710 4992 οὐδὲ
2743 4943 2839 5008 τῆς
2866 4939 3019 5002 Θείας
3052 4941 3242 5004 οὐσίας
3271 4941 3477 5010 ταύτης
3506 4941 3766 5011 διαφέρον
3783 4944 4036 4996 ὁπωσοῦν

2445 5031 2562 5096 φῶς
2599 5030 2857 5083 άκτιστον
2890 5032 2986 5083 καὶ
3011 5032 3089 5101 τῷ
3118 5032 3236 5101 Θεῷ
3260 5034 3533 5087 συναῖδιον
3559 5034 3590 5102 ἦ
3615 5034 3776 5098 δόξαν
3809 5034 3840 5102 ἢ
3869 5038 4036 5103 χάριν

2444 5125 2476 5195 ἢ
2512 5125 2780 5196 ἐλλαμψιν
2802 5141 2816 5154 °
2843 5126 2940 5179 καὶ
2969 5128 3382 5193 πάλιν,λοὐδὲν,
3422 5129 3560 5198 ὅπερ
3605 5133 3686 5191 είς
3711 5131 3906 5198 ὅρασιν
3936 5131 4032 5198 ερ-

2444 5218 2738 5288 χεταικαθ’
2770 5219 2930 5271 ἑαυτὸ
2958 5221 3288 5290 σωματικῶν
3317 5220 3616 5288 ὀφθαλμῶν
3647 5223 4033 5291 ὁπωσδήποτε,

2441 5311 2699 5364 ἇκτιστόν
2727 5314 2866 5376 ἔστι,
2904 5313 3010 5366 xiv
3028 5313 3253 5380 Μωσῆς,
3281 5314 3385 5365 κᾶν
3420 5313 3652 5378 Παῦλος,
3685 5316 3714 5366 ὀ
3745 5317 3822 5370 είς
3848 5317 4038 5385 τρίτον

2440 5405 2675 5474 οὐρανὸν
2728 5405 2990 5469 ἀνελθὼν,
3046 5407 3152 5460 κάν
3210 5407 3443 5475 άγγελος
3578 5409 3607 5460 ὁ
3661 5409 3758 5479 τῆς
3798 5409 4037 5480 θεωρίας

2441 5499 2750 5568 ἁπτόμενος
2772 5515 2784 5529 ·
2815 5500 2912 5553 καὶ
2968 5502 3160 5568 πάλιν,
3221 5504 3344 5566 Πῶς
3376 5504 3408 5573 ἡ
3443 5505 3637 5575 κτιστὴ
3669 5505 3833 5573 φύσις
3881 5508 4038 5560 ἀκτι-

2441 5606 2567 5643 στον
2602 5590 2885 5660 ἐνέργειαν
2916 5591 3111 5659 ὄψεται
3163 5599 3505 5665 σωματικοῖς
3550 5597 3874 5668 ὀφθαλμοῖς,
3932 5600 4036 5650 κᾶν

2443 5678 2784 5753 ίσάγγελοςῇ
2814 5700 2919 5748 τις,
2953 5683 3059 5737 κᾶν
3088 5684 3320 5753 ἄγγελος
3346 5701 3361 5750 ;
3383 5687 3495 5740 Καὶ
3525 5688 3690 5741 πάλιν
3712 5703 3729 5720 ·
3765 5689 3830 5741 Εἰ
3855 5705 3943 5750 τις
3973 5690 4036 5741 τὸ

2438 5777 2495 5828 ἐν
2523 5775 2793 5846 Θαϐωρίῳ
2815 5775 3040 5846 λάμψαν
3075 5778 3477 5850 ὑπέρλαμπρον
3520 5781 3634 5850 φῶς
3660 5781 3750 5834 διὰ
3786 5781 3846 5834 τὸ
3881 5783 4034 5851 είρῆ-

2441 5867 2564 5921 σθαι
2591 5867 2820 5938 θεότητα
2856 5871 3317 5939 παραδειχθείσαν
3341 5872 3418 5940 τῷ
3450 5872 3700 5941 Θεολόγῳ
3730 5873 3823 5925 καὶ
3846 5871 4005 5925 Ὶωάν
