4334 6480
781 425 920 490 1295
1838 428 2230 487 SYNODICA!
2267 427 2369 486 C01

2377 425 2952 487 NSTITUTIONES.
3881 425 4018 490 1296

778 541 856 598 είς
881 539 1002 587 ὅσον
1034 533 1226 599 ἔταξας
1254 537 1344 587 ἰπὶ
1374 535 1465 587 τοῦ
1501 537 1793 605 κρατίστου
1823 541 1914 590 καὶ
1940 541 2095 606 ἀγίου
2121 557 2223 608 μου
2246 538 2347 593 αύο
2376 553 2419 597 Α
2450 535 2542 588 τοῦ
2575 535 2816 604 πονηροῦ
2845 503 3118 588 σκάνδαλα
3141 536 3441 604 ἐμπίπτειν
3494 540 3573 594 είς
3607 537 3706 604 τὴν
3760 537 4024 606 κληρονοο

773 627 1120 693 τοκράτορος.
1164 625 1390 692 Ἀρτίως
1427 626 1482 677 δέ
1517 627 1787 694 ἀνηνέχθη
1819 629 1882 696 τῇ
1915 630 2075 695 ήμῶν
2129 631 2342 696 μετριορ
2448 626 2578 693 μίαν
2601 625 2790 688 αὑτοῦ,
2812 628 2904 677 καὶ
2939 626 3139 691 πολλὴν
3162 628 3282 687 ταῖς
3300 626 3670 693 ἀνθρωπίναις
3699 630 3895 694 ψυχαῖς
3924 631 4026 696 τὴν

773 733 916 782 τητι,
947 717 1028 768 ὅτι
1054 716 1301 781 λέγονται
1331 718 1480 782 παρά
1526 717 1621 768 σοῦ
1652 734 1770 769 τινα
1814 720 2030 771 ἐναντία
2069 721 2162 771 καὶ
2193 721 2346 771 ἀνένο

769 808 954 870 δεκτα,
992 805 1173 866 καίὶὼς
1197 808 1246 857 οἱ
1273 809 1657 872 ανειιεγκόικες
1688 811 1926 878 ἰσχυρῶς
1961 812 2058 862 καὶ
2109 811 2342 879 βεϐαίως

768 899 1098 963 ἀνήνεγκαν,
1135 901 1226 949 καὶ
1257 899 1314 948 ἐν
1337 899 1581 964 θαύματι
1608 900 1705 966 μέν
1752 901 2049 970 ἐποιήσατο
2093 902 2162 954 τά
2211 903 2342 969 περὶ

767 989 957 1038 τούτου
994 990 1024 1055 ή
1062 989 1352 1056 μετριότης
1385 990 1560 1059 ήμῶν,
1618 992 1681 1042 οὐ
1726 992 1833 1060 μὴν
1877 992 1932 1044 δέ
1996 995 2088 1044 καὶ
2141 993 2342 1053 τελέως

766 1078 1101 1143 παρεδέξατο
1123 1079 1208 1129 διὰ
1257 1079 1559 1140 τοῦτο,καί
1611 1083 1915 1151 παραδηλοῖ
1969 1085 2036 1151 τῇ
2101 1083 2342 1151 ίερότητί

768 1185 862 1219 σου
897 1169 928 1235 ή
969 1170 1262 1237 μετριότης
1296 1171 1476 1237 ήμῶν,
1531 1170 1616 1222 ῖνα
1683 1173 1980 1242 ἐκτελέσῃς
2027 1173 2126 1240 τήν
2192 1173 2342 1225 θείαν

768 1260 1163 1326 μυσταγωγίαν
1201 1261 1288 1313 διά
1345 1263 1688 1330 λειτουργίας
1723 1266 1780 1314 ἐν
1829 1267 1895 1332 τῇ
1933 1267 2000 1334 σῇ
2050 1265 2339 1334 ἐκκλησίᾳ,

766 1348 861 1398 καὶ
888 1349 1052 1415 λύσῃς
1105 1350 1286 1400 πᾶσαν
1332 1351 1613 1418 ὑποψίαν·
1679 1354 1728 1404 εί
1774 1352 1819 1402 δ’
1877 1354 2004 1414 ίσως
2060 1353 2340 1424 προϐάλλῃ

763 1445 854 1488 τἰν
882 1438 1076 1506 καιρδν
1133 1441 1432 1508 χειμέριον,
1489 1443 1776 1511 ἐπιτρέπει
1836 1460 1917 1496 σοι
1971 1446 2004 1512 ή
2051 1447 2342 1516 μετριότης

763 1528 945 1596 ⁴ἡμῶν,
984 1530 1069 1581 ῖνα
1117 1532 1297 1600 χρήσῃ
1329 1531 1406 1599 τῷ
1459 1535 1790 1602 προσήκοντι
1833 1536 2187 1604 σκεπάσματι
2248 1537 2342 1588 ἐπὶ

762 1620 862 1685 τῆς
899 1620 1166 1687 κεφαλῆς.
1203 1623 1317 1673 Ἰνα
1347 1621 1440 1673 οῦν
1481 1623 1647 1694 λύσῃς
1678 1625 1774 1693 τήν
1794 1625 2052 1693 τοιαύτην
2081 1625 2340 1693 ὑποψίαν,

763 1708 1069 1775 παραδηλοῖ
1113 1712 1176 1778 τῇ
1217 1709 1453 1779 ἰερότητί
1488 1729 1581 1764 σου
1619 1715 1651 1776 ή
1688 1714 1978 1783 μετριότης
2037 1715 2217 1782 ήμῶν,
2255 1715 2342 1768 ῖνα

765 1800 1128 1868 ίερουργήσῃς
1159 1799 1470 1868 ἐμπροσθεν
1503 1803 1600 1856 τοῦ
1660 1785 2058 1868 ἀποσταλέντος
2090 1806 2185 1859 ἐπὶ
2217 1806 2341 1859 τού-

761 1892 1225 1958 τῳέντιμοτάτου
1260 1894 1352 1944 ἐπὶ
1400 1894 1493 1946 τοῦ
1542 1898 1801 1965 σειιρέτου
1855 1898 1956 1966 τῆς
2017 1898 2138 1952 καθ’
2195 1901 2340 1969 ήμᾶς
2375 1877 2416 1932 Β

763 1982 1074 2051 ἁγιωτάτης
1100 1984 1194 2064 τοῦ
1226 1985 1363 2066 Θεοῦ
1400 1987 1659 2056 Μεγάλης
1712 1989 2060 2059 Ἐκκλησίας,
2086 1992 2178 2044 τοῦ
2206 1995 2342 2063 [lep-

765 2075 890 2146 δίκη
920 2093 932 2106 ·
969 2079 1018 2127 εί
1050 2075 1093 2127 δ’
1123 2073 1239 2142 οῦν,
1285 2079 1557 2132 κατάλαϐε
1589 2082 1670 2142 είς
1704 2083 1804 2150 τήν
1835 2081 1957 2136 καθ’
2010 2085 2158 2153 ήμᾶς
2191 2084 2342 2135 θείαν

763 2169 860 2218 καὶ
915 2169 1067 2234 ίεράν
1129 2169 1367 2234 σύνοδον,
1415 2171 1505 2226 ῖνα
1554 2173 1802 2243 γένηται,
1849 2176 1975 2228 ὅσον
2037 2177 2103 2229 ἂν
2139 2174 2342 2238 δόξειεν

763 2257 1018 2310 ἐντεῦθεν
1036 2261 1175 2314 κατά
1205 2261 1301 2331 τήν
1328 2263 1618 2332 κανονικήν
1647 2266 2055 2334 παρατήρησιν.

835 2349 875 2419 τ
912 2347 1052 2420 Εἶχε
1081 2356 1148 2406 τό
1178 2368 1193 2384 ο
1238 2355 1394 2422 Μηνὶ
1432 2358 1760 2425 Δεκεμϐρίῳ
1796 2357 1910 2411 ινδ.
1940 2358 2020 2420 β’.

764 2507 856 2565 XI.
904 2509 1139 2564 Isidorus
1173 2512 1452 2586 Georgium
1487 2513 1767 2586 Per_dicam
1794 2517 1953 2570 mittil
1981 2517 2048 2569 ad
2076 2524 2342 2586 melropo-
2368 2511 2376 2518 ’

1367 2585 1515 2636 [Nam
1566 2584 1772 2655 Bizyes.

833 2715 873 2785 τ
925 2715 989 2767 Ἦ
1026 2715 1316 2784 μετριότης
1344 2715 1504 2782 ήμῶν
1551 2714 1639 2768 διά
1692 2717 1785 2768 τοῦ
1850 2719 2117 2786 παρόντος
2170 2723 2341 2794 αύτῆς

764 2808 1090 2875 γράμματος
1115 2808 1403 2876 ἐπιτρέπει
1437 2807 1529 2859 καὶ
1555 2808 1843 2877 ἀνατίθησί
1881 2826 1986 2875 σοι,
2021 2813 2097 2882 τῷ
2129 2816 2344 2885 ἐντιμο-

763 2900 910 2966 τάτῳ
942 2899 1033 2950 ἐπὶ
1060 2900 1152 2951 τοῦ
1184 2899 1443 2968 σεκρέτου
1481 2900 1576 2968 τῆς
1640 2901 1763 2952 καθ’
1828 2903 1977 2970 ἡμᾶς
2026 2906 2342 2977 ἁγιωτάτης

763 2987 857 3038 τοῦ
905 2987 1040 3040 Θεοῦ
1090 2987 1348 3055 Μεγάλης
1407 2988 1748 3057 Ἐκκλησίας,
1793 2990 1899 3060 κῦρ
1958 2993 2216 3063 Γεωργίῳ
2265 2995 2344 3066 τῷ

771 3080 1027 3148 Ιιερδίκη,
1062 3078 1168 3140 ἵνα,
1205 3081 1253 3129 εἰ
1283 3079 1403 3146 μὲν,
1439 3078 1619 3142 καθὼς
1653 3080 1857 3150 ἐγραψε
1890 3083 1980 3134 καὶ
2029 3086 2344 3156 παρεδήλω-

771 3175 922 3240 σενή
961 3173 1248 3241 μετριότης
1305 3172 1461 3240 ήμῶν
1491 3172 1624 3241 πρὸς
1648 3175 1738 3224 τὸν
1787 3174 2078 3240 ίερώτατον
2140 3196 2344 3248 μητρο-

769 3264 996 3332 πο).ίτην
1031 3263 1251 3333 Βιζύης,
1309 3263 1635 3333 ύπέρτιμον,
1703 3265 1987 3335 ἀγαπητὸν
2035 3271 2175 3322 κατά
2233 3273 2344 3324 Κύ-

693 3384 696 3386 -
767 3375 881 3426 ριον
925 3357 1152 3424 ἀδελφὸν
1205 3357 1373 3426 αὐτῆς
1431 3359 1528 3409 καὶ
1581 3356 2016 3429 συλλειτουργὸν,
2069 3363 2342 3417 ἐκτελέσαι

763 3454 822 3501 ἐν
847 3452 912 3519 τῇ
944 3448 1214 3518 ἐκκλησίᾳ
1239 3447 1406 3500 αὑτοῦ
1436 3448 1749 3518 ἔμπροσθέν
1781 3467 1874 3503 σου
1905 3451 2004 3521 τὴν
2037 3451 2189 3507 θείαν
2239 3457 2346 3508 λει-

762 3545 1046 3614 τουργίαν,
1071 3544 1164 3596 καὶ
1198 3542 1288 3595 τὸν
1333 3543 1537 3613 τρόπον
1578 3541 1768 3596 τοῦτον
1808 3544 1958 3596 λύσει
2017 3548 2198 3600 πᾶσαν
2243 3551 2344 3619 τήν

765 3639 894 3705 περὶ
916 3634 1080 3687 αὐτοῦ
1105 3632 1361 3702 ὑποψίαν,
1393 3634 1452 3687 εὖ
1480 3635 1544 3688 ἂν
1570 3636 1662 3689 καὶ
1692 3635 1874 3700 καλῶς
1900 3637 2016 3709 ἔχοι
2046 3654 2060 3671 ⁸
2085 3641 2134 3693 εί
2162 3640 2206 3693 δ’
2230 3640 2343 3706 οὖν,

766 3728 889 3780 ἐπεὶ
927 3727 1112 3795 μέλλει
1163 3719 1320 3786 οὗτος
1373 3725 1694 3779 ἐλεύσεσθαι
1745 3730 1823 3790 εἰς
1879 3731 1979 3798 τὴν
2043 3731 2164 3784 καθ’
2196 3731 2345 3801 ήμᾶς

767 3821 918 3873 θείαν
943 3820 1036 3872 καὶ
1076 3819 1228 3887 ίεράν
1264 3819 1484 3872 σύνοδον
1539 3821 1633 3874 ἐπὶ
1693 3819 1770 3889 τῷ
1830 3823 2085 3888 γενέσθαι
2129 3824 2227 3894 τὴν
2288 3829 2345 3878 ἐν

765 3913 878 3973 τοῖς
910 3911 1172 3972 τοιούτοις
1219 3909 1534 3979 ὡρισμένην
1587 3911 1878 3983 κανονικήν
1934 3915 2344 3984 παρατήρησιν,

769 4005 1049 4074 κρατήσῃς
1095 4005 1273 4056 πάντα
1332 4003 1431 4055 ὅσα
1471 4003 1818 4073 εὑρίσκονται
1869 4004 1970 4075 τῆς
2025 4008 2344 4078 ἐκκλησίας,

767 4101 862 4150 καὶ
907 4094 1269 4167 καταγράψης
1299 4096 1472 4149 ταῦτα
1509 4099 1567 4149 ἐν
1621 4094 1956 4166 λεπτομερεῖ
2003 4100 2094 4151 καὶ
2138 4101 2348 4169 λελογι-

766 4195 949 4262 σμένῳ
979 4193 1293 4260 καταστίχῳ
1326 4191 1416 4241 ἐπὶ
1437 4191 1514 4259 τῷ
1557 4175 1922 4258 φυλάττεσθαι
1964 4193 2197 4262 ἀκέραια
2253 4195 2348 4247 καὶ

765 4285 1195 4354 ἀκαινοτόμητα,
1251 4286 1341 4336 καὶ
1377 4284 1773 4352 ἐπιφερόμενος
1837 4287 1932 4336 καὶ
1989 4283 2047 4335 τὸ
2108 4283 2347 4338 τοιοῦτον

766 4384 1094 4448 κατάστιχον
1122 4378 1284 4449 nam
1311 4376 1544 4430 ἐνταῦθα
1569 4376 1704 4446 ὁμοῦ
1742 4378 1882 4445 μετά
1913 4374 2008 4429 τοῦ
2039 4376 2206 4430 αὑτοῦ
2257 4378 2348 4430 Βι-

765 4474 920 4541 ζύης,
953 4476 1046 4526 καὶ
1071 4472 1298 4538 ποίησον
1330 4470 1706 4539 ἀμεταθέτως,
1759 4470 2058 4532 καθώς-σοι
2108 4487 2349 4538 παρακε-

763 4567 980 4618 λεύεται
1022 4562 1373 4632 ήμετριότης
1420 4562 1597 4630 ήμῶν.

714 4651 723 4726 ξ
842 4657 877 4726 ᾗ·
923 4652 1062 4725 Εἶχε
1092 4657 1157 4708 τό
1182 4670 1194 4683 ·
1234 4654 1387 4720 Μηνὶ
1423 4655 1748 4721 Δεκεμϐρίῳ
1773 4654 1886 4709 ιι-δ.
1911 4657 1992 4720 β’.

650 4871 655 4875 _
704 4794 722 4876 ,’
767 4814 885 4869 XII.
925 4813 1164 4868 Isidorus
1207 4812 1345 4888 (olli;
1377 4816 1947 4888 egcommupicalionu
1975 4821 2350 4888 pronuntiata;

1287 4883 1350 4936 ab
1389 4881 1599 4936 Joanne
1635 4885 1849 4947 σαίρω.

764 5022 872 5076 Τοῦ
915 5019 1084 5075 αὑτοῦ
1139 5021 1560 5086 παναγιωτάτου
1618 5021 1959 5090 πατριάρχου
2001 5025 2348 5096 συγχώρησις

835 5119 1111 5184 ἔγγραφος
1167 5112 1258 5165 τού
1301 5113 1442 5164 κατὰ
1487 5113 1578 5164 τὸν
1631 5115 1820 5181 καιρὸν
1875 5116 1973 5184 τῆς
2035 5119 2350 5188 συγχύσεως

835 5208 1242 5277 ἐκφωνηθέντος
1287 5206 1592 5274 ἀφορισμού
1624 5208 1774 5273 παρὰ
1841 5205 1934 5259 τοῦ
1981 5210 2349 5280 χρηματίσαν-

835 5319 925 5364 τος
951 5301 1288 5371 πατριάρχου
1319 5299 1412 5352 τοῦ
1475 5301 1719 5352 Καλὲκα.

799 5477 803 5482 ι
834 5423 875 5486 1-
914 5417 1142 5487 Ἀγαθδς
1167 5418 1195 5469 ό
1225 5415 1358 5476 Θείς
1388 5416 1482 5468 καὶ
1524 5412 1732 5482 ἀγαθοῦ
1760 5413 1962 5479 παντὸς
1993 5415 2226 5485 χορηγὸς
2259 5418 2353 5468 καὶ

765 5517 946 5585 πάσης
984 5515 1210 5584 εἰρήνης
1241 5510 1336 5562 καὶ
1395 5509 1606 5574 τάξεως
1643 5509 1735 5560 καὶ
1771 5508 2024 5575 ὁμονοίας
2062 5511 2225 5577 ἁρχὴ,
2259 5513 2352 5564 καὶ

762 5613 844 5664 δεῖ
876 5610 1000 5672 τοὺς
1034 5605 1203 5661 αὐτοῦ
1241 5603 1582 5675 θεράποντας
1611 5603 1748 5671 πρὸς
1801 5603 1961 5653 αὑτὸν
2025 5599 2350 5677 ἀφορῶντες

762 5706 849 5756 εεὶ
872 5703 964 5755 καὶ
1007 5701 1106 5771 τῆς
1134 5699 1319 5767 κοινῆς
1351 5701 1571 5768 είρήνης
1605 5699 1696 5750 καὶ
1732 5697 2126 5757 καταστάσεως
2159 5699 2352 5765 ἐπιμε-

763 5798 1022 5865 λσμένους
1055 5793 1224 5864 πολλῇ
1253 5793 1520 5862 διηνεκῶς
1551 5792 1787 5861 χρῆσθαι
1822 5793 1885 5859 τῇ
1954 5793 2200 5860 προσοχῇ
2257 5792 2350 5843 καὶ

762 5887 1006 5960 φροντίδι
1050 5889 1139 5938 καῖ.
1175 5885 1416 5955 φυλακῇ,
1451 5884 1692 5953 μάλιστα
1732 5885 1832 5952 μὲν
1867 5883 2114 5952 μηδῆλως
2153 5884 2245 5952 ἐᾷν
2279 5883 2347 5935 τὰ

2371 3223 2414 3281 C

2447 715 2711 783 σύγχυσιν
2743 716 3132 783 ἐνεργάζεσθαι
3165 717 3260 768 καὶ
3326 716 3646 782 διαφθορὰν,
3706 718 4024 784 ἐμπεσόντα

2443 804 2498 855 δέ
2523 806 2671 871 ὅμως
2695 804 3023 873 κακοϐουλίᾳ
3065 803 3158 856 τοῦ
3186 805 3425 872 πονηροῦ
3460 807 3660 874 σπουδῇ
3709 809 3860 876 πάσῃ
3907 809 4025 859 δια·

2444 898 2592 949 λύειν
2627 899 2720 950 καὶ
2750 899 3144 967 ἀνακαθαίρειν
3173 902 3266 951 καὶ
3294 903 3358 951 ἐκ
3385 899 3552 966 μέσου
3600 901 3774 952 ταῦτα
3814 905 4015 958 ποιεῖν.

2446 990 2540 1040 καὶ
2567 989 2664 1056 τῆς
2721 987 2976 1040 ἐντεῦθεν
3029 988 3233 1056 βλάϐης
3288 990 3388 1050 τὰς
3441 990 3551 1042 τῶν
3606 991 4027 1057 ὑποδεξαμένων

2445 1079 2810 1132 ἀπαλλάττειν
2854 1079 3054 1146 ψυχάς,
3083 1080 3181 1145 τὴν
3210 1081 3415 1145 πολλὴν
3450 1082 3545 1133 τοῦ
3579 1080 3716 1133 Θεοῦ
3748 1083 4026 1148 ἀγαθότη-

2443 1187 2511 1222 τα
2583 1173 2680 1222 καὶ
2746 1170 3158 1239 φιλανθρωπίαν
3229 1172 3624 1240 μιμουμένους.
3682 1171 3870 1240 Τούτῳ
3928 1176 4027 1224 καὶ

2444 1262 2608 1330 ήμεῖς
2639 1260 2717 1328 τῷ
2771 1260 2901 1329 θείῳ
2957 1258 3228 1329 θελήματι
3271 1260 3722 1328 πειθαρχοῦντες,
3771 1261 3893 1313 ἐπεὶ
3935 1263 4030 1313 δια

2444 1353 2540 1412 τάς
2611 1352 2888 1419 ἁμαρτίας
2954 1350 3116 1419 ήμῶν
3164 1357 3673 1420 παραχωρήσαντος
3716 1352 3813 1403 τοῦ
3883 1351 4027 1403 Θεοῦ

2445 1440 2627 1509 φθόνῳ
2651 1440 2746 1493 τοῦ
2777 1439 2960 1493 κοινοῦ
2995 1440 3255 1509 πολεμίου
3285 1421 3560 1496 σκάνδαλά
3582 1458 3643 1494 τε
3681 1444 3762 1505 είς
3787 1443 3885 1510 τήν
3912 1442 4018 1511 βα-

2444 1532 2649 1584 σιλείαν
2690 1530 2995 1600 συνέϐησαν
3024 1517 3124 1584 οὐκ
3153 1531 3336 1599 όλίγα,
3371 1535 3470 1584 καὶ
3511 1533 3703 1594 στάσις
3759 1533 4026 1601 ἐμφύλιος

2443 1625 2666 1691 γέγονεν
2697 1627 2755 1676 ἐν
2788 1625 2939 1692 ήμῖν,
2972 1623 3274 1677 κάντεῦθεν
3298 1624 3432 1678 ἀλλα
3459 1640 3520 1676 τε
3555 1625 3725 1692 μυρία
3765 1623 3860 1676 καὶ
3892 1640 4029 1674 παν-

2443 1715 2653 1769 τοδαπά
2702 1715 3153 1785 παρηκολούθησε
3181 1716 3350 1780 δεινά,
3385 1719 3478 1770 καὶ
3507 1715 3645 1782 δῆτα
3685 1717 3778 1768 καὶ
3831 1717 4029 1783 ἀιρορι⁹

2450 1809 2581 1874 σμοὶ
2616 1808 2865 1876 διάφοροι
2893 1807 3208 1876 προέϐησαν
3233 1809 3327 1860 ἐπὶ
3355 1808 3586 1870 τούτοις,
3619 1809 3685 1877 τῇ
3739 1808 3918 1874 οἰκεία
3967 1808 4026 1859 δέ

2448 1899 2610 1952 πάλιν
2641 1897 3022 1968 φιλανθρωπίᾳ
3046 1897 3399 1968 χρησάμενος
3426 1900 3470 1950 δ·
3502 1898 3841 1966 είρηνάρχης
3891 1896 4025 1957 Θεὸς

2445 1992 2785 2060 ἐπεσκέψατο
2838 1991 2936 2058 τήν
2988 1991 3357 2061 κληρονομίαν
3409 1990 3600 2054 αὑτοῦ,
3655 1990 3750 2041 καὶ
3805 1990 4021 2042 διέλυσε

2449 2084 2548 2152 μέν
2576 2085 2701 2146 τοὺς
2728 2083 3032 2153 ἐμφυλίους
3086 2085 3333 2146 ἐκείνους
3391 2083 3682 2150 πολέμους,
3738 2083 3915 2152 ήνωσε
3966 2083 4025 2134 δὲ

2443 2177 2510 2262 τά
2546 2174 2838 2241 διεστῶτα,
2873 2177 2970 2228 καὶ
2998 2177 3226 2246 εἰρήνην
3258 2177 3324 2246 τῇ
3358 2190 3419 2227 τε
3462 2175 3761 2244 Ἐκκλησία
3807 2176 3904 2226 καὶ
3954 2176 4024 2242 τῇ

2445 2265 2688 2337 βασιλεία
2711 2266 2805 2318 νῦν
2831 2265 3226 2335 ἐπεϐράϐευσε,
3271 2266 3662 2336 χαριστηρίους
3701 2267 3797 2320 καὶ
3856 2267 4021 2334 ἡμεῖς

2445 2361 2536 2412 ἐπὶ
2555 2358 2767 2422 τούτοις
2797 2357 3000 2428 ὕμνους
3046 2361 3418 2428 προσάγοντες
3449 2359 3544 2411 καὶ
3575 2358 3734 2424 δόξαν
3777 2359 4026 2424 ἀναπέμ-

2443 2466 2638 2512 ποντες
2667 2450 2743 2520 τῷ
2779 2451 2836 2502 ἐν
2872 2448 3120 2518 ὑψίστοις
3145 2447 3269 2518 Θεῷ
3298 2449 3386 2502 διά
3413 2449 3511 2518 τὴν
3539 2449 3632 2501 ἐπὶ
3665 2447 3771 2516 γῆς
3822 2449 4026 2520 ἀρτίως

2445 2543 2535 2596 ὑπ’
2601 2542 2770 2594 αὑτοῦ
2837 2541 3233 2612 βραϐευθεῖσαν
3303 2545 3574 2612 εἰρήνην,
3627 2523 4026 2612 φίλανθρώπως

2442 2634 2652 2704 ταύτην
2679 2635 2738 2686 ἐν
2769 2635 2902 2704 ήμῖν
2929 2634 3326 2704 εύδοκήσαντος
3354 2637 3420 2704 τῇ
3447 2633 3691 2686 διαλύσει
3721 2633 3827 2686 τῶν
3849 2633 4029 2685 τοιού-

2443 2743 2553 2779 των
2584 2725 2900 2779 σκανδάλων
2931 2726 3025 2778 καὶ
3055 2729 3154 2793 τῆς
3188 2725 3455 2796 ἐμφυλίου
3511 2725 3752 2786 στάσεως
3797 2723 4027 2791 ταύτης.

2447 2819 2854 2879 συνδιαλύοντες
2879 2818 2973 2870 καὶ
2999 2819 3163 2886 ἡμεῖς
3187 2817 3312 2879 τούς
3340 2833 3400 2870 τε
3431 2819 3525 2868 ἐπὶ
3579 2817 3790 2878 τούτοις
3841 2821 4028 2869 ἐπωτ-

2443 2911 2642 2979 δήποτε
2698 2908 3010 2979 προδόντας
3043 2912 3424 2978 -ἀ-φορισμους,
3479 2910 3578 2971 τάς
3629 2926 3688 2962 τε
3737 2911 4029 2979 ἐπιορκίας

2447 3001 2588 3054 κατά
2612 3001 2710 3071 τὴν
2734 3001 2840 3054 ὑπὸ
2859 2997 2956 3053 τοῦ
2988 3000 3194 3067 Κυρίου
3221 3001 3676 3071 δεδομένην-ἡμῖν
3725 3018 4030 3070 πνευματι-

2446 3094 2548 3163 κήν
2604 3093 2877 3159 ἐξουσίαν,
2926 3094 3212 3156 εἰπόντος’
3273 3096 3385 3147 ’Λν
3443 3111 3626 3148 εἰν-ων⁹
3681 3094 3877 3163 ἀφῆτε
3924 3097 4031 3158 τὰς

2446 3187 2756 3254 ἁμαρτίας,
2787 3187 3062 3255 ἀφίενται
3109 3188 3316 3252 αὐτοῖς
3348 3204 3362 3217 ·
3393 3188 3470 3240 ἄν
3524 3205 3704 3241 τινων
3749 3186 4028 3255 κρατῆτε,

2447 3278 2842 3352 κεκράτηνται
2875 3297 2889 3308 ·
2917 3280 3014 3332 καὶ
3053 3279 3169 3334 ὅσα
3197 3279 3274 3333 ἂν
3306 3281 3538 3346 ⁵λύσητε
3585 3279 3684 3334 ἐστι
3729 3279 3840 3347 τῆς
3896 3279 4030 3349 γῆς,

2446 3372 2618 3424 ἔσται
2646 3370 2953 3440 λελυμένα
2984 3372 3081 3425 καί
3112 3373 3181 3425 ἐν
3213 3370 3294 3436 τῷ
3348 3373 3605 3440 οὐρανῷ,
3643 3374 3741 3427 καί
3780 3374 3900 3429 ὅσα
3954 3373 4033 3426 ἂν

2447 3463 2678 3530 δήσητε
2707 3463 2806 3517 ἐπὶ
2832 3462 2939 3532 τῆς
2963 3463 3096 3532 γῆς,
3129 3465 3302 3518 ἐσται
3352 3465 3643 3535 δεδεμένα
3698 3467 3796 3519 καί
3834 3468 3908 3520 ἐν
3952 3467 4032 3531 τῷ

2448 3555 2683 3624 οὐρανῷ
2715 3573 2730 3590 ο
2763 3559 3155 3627 συγχωροῦμεν
3183 3558 3476 3621 συνοδικῶς
3503 3558 3598 3610 καὶ
3623 3559 3870 3627 ἀφέσεως
3894 3576 4032 3611 παν·

2447 3650 2627 3711 τελοῦς
2661 3650 2947 3721 ἀξιοῦμεν,
2987 3653 3089 3705 ὅσα
3120 3654 3518 3722 προγεγόνασιν
3575 3656 3669 3708 ἐπὶ
3701 3653 3872 3724 βλάϐη
3930 3655 4032 3722 τῆς

2449 3743 2626 3814 ψυχῆς
2654 3745 2744 3797 διά
2771 3762 2831 3798 τε
2873 3745 2982 3798 τῶν
3035 3747 3338 3815 ἐπιορκιῶν
3391 3749 3489 3802 καὶ
3538 3749 3888 3818 ἀφορισμῶν,
3937 3753 4032 3802 καὶ

2448 3837 2654 3907 δεσμοῦ
2675 3839 2879 3900 παντὸς
2907 3838 3219 3909 ἀπολύομεν
3255 3839 3524 3906 ἅπαντας,
3557 3843 3673 3895 ὅσοι
3710 3858 3768 3894 τε
3799 3843 3879 3895 ἔτι
3919 3846 4030 3904 τοῖς

2451 3930 2585 3992 ζῶσι
2616 3928 3118 3998 συγκαταλέγονται
3153 3931 3249 3983 καί.
3299 3931 3413 3984 δσοι
3450 3934 3924 4002 τετελευτήκασιν,
3957 3934 4032 3996 ὡς

2455 4021 2660 4092 μηδένα
2688 4021 2795 4075 τῶν
2820 4022 3080 4075 ἀπάντων
3105 4021 3218 4076 τῶν
3253 4023 3502 4077 ἐντεῦθεν
3553 4026 3692 4088 ὅλως
3750 4027 4032 4095 ἐνέχεσθαι

2453 4114 2852 4184 κατακρίματι,
2887 4113 3004 4168 ἀλλ’
3031 4111 3173 4169 εἶναι
3203 4117 3299 4168 καὶ
3334 4118 3394 4168 ἐν
3433 4116 3513 4184 τῷ
3573 4118 3670 4170 νῦν
3722 4120 3885 4170 αἰῶνι
3936 4135 4032 4170 και

2450 4207 2505 4258 ἐν
2525 4205 2603 4276 τῷ
2634 4207 2886 4273 μέλλοντι
2917 4209 3126 4270 πάντας
3154 4209 3464 4279 ἀνωτέρους
3492 4210 3722 4272 τούτων,
3786 4211 3896 4262 εῖτε
3936 4212 4033 4278 ἐγ-

2451 4295 2700 4366 γράφως,
2731 4297 2843 4350 εῖτε
2865 4287 3130 4368 ἀγράφως
3155 4299 3440 4367 γεγόνασι,
3473 4301 3564 4353 καὶ⁵
3613 4301 3810 4370 μηδενὶ
3873 4303 4034 4371 μηδό-

2453 4395 2560 4457 λως
2591 4394 2845 4465 ἐμποδὼν
2904 4395 3041 4464 πρὸς
3098 4397 3199 4468 τὴν
3245 4401 3519 4469 σωτηρίαν
3581 4399 3857 4467 γενέσθαι,
3903 4400 4035 4450 ἀλλὰ

2453 4487 2664 4548 πάντας
2726 4487 3196 4557 ἀκαταισχύντους
3248 4492 3596 4557 παραστῆναι
3650 4491 3729 4560 τῷ
3794 4490 4033 4563 φοϐερῷ,

2377 4564 2428 4624 Ῑ)
2454 4578 2825 4648 εύδιαλλάκτῳ
2857 4579 2949 4632 καὶ
2985 4579 3358 4650 φιλανθρώπῳ
3391 4585 3552 4652 κριτῇ
3611 4584 3705 4634 καὶ
3754 4583 3864 4634 τῶν
3906 4584 4038 4650 παρ’

2455 4671 2928 4743 αὺτῷἀπολαῦσαι
2950 4674 3252 4742 ἀφθάρτων
3292 4677 3385 4726 καὶ
3412 4676 3706 4746 ἀκηράτων
3759 4681 3853 4728 καὶ
3910 4677 4036 4728 σίω-

2455 4766 2583 4816 νίων
2607 4766 2853 4833 ἀγαθῶν.
2895 4767 3163 4829 Ναὶ,Θεέ
3233 4768 3487 4836 πατέρων
3555 4769 3650 4820 καὶ
3709 4768 3885 4835 Κύριε
3942 4768 4034 4820 τοῦ

2456 4859 2659 4925 ἐλέους,
2734 4860 3111 4929 ἐπικάμφθητι
3167 4861 3413 4930 συνήθως
3467 4861 3562 4914 καὶ
3615 4861 4034 4932 φιλανθρώπως.

2462 4956 2549 5007 καὶ
2581 4953 2867 5024 παράσχου
2905 4953 2970 5004 δι’
3003 4953 3137 5021 ἐμοῦ
3159 4954 3256 5006 τοῦ
3291 4955 3622 5024 ἀμαρτωλοῦ
3675 4955 3771 5007 καὶ
3818 4957 3950 5017 ἅναξ
3975 4972 4032 5007 ον

2455 5046 2644 5099 δούλου
2673 5062 2764 5098 σου
2798 5044 2953 5098 λύσιν
2984 5047 3092 5098 τῶν
3126 5047 3505 5116 ζητουμένων,
3535 5048 3629 5098 καὶ
3658 5047 3746 5110 δὸς
3795 5047 4034 5113 παντελῆ

2455 5139 2724 5210 λύτρωσίν
2751 5156 2808 5192 τε
2833 5139 2930 5191 καλ⁵
2954 5138 3150 5207 ἄφεσιν
3181 5141 3294 5203 τοῖς
3323 5139 3446 5192 καθ’
3475 5140 3776 5209 οἱονδήτινα
3837 5141 4034 5209 τρόπον

2458 5231 2846 5302 περιπεσοῦσιν
2873 5232 3104 5296 ἐκείνοις
3122 5238 3214 5284 καὶ
3247 5233 3500 5301 περιοῦσι
3531 5234 3625 5285 καὶ
3653 5227 4048 5301 τελευτήσασι,

2457 5324 2680 5394 βαθεῖαν
2713 5331 2806 5379 καὶ
2833 5325 2930 5379 τοῦ
2955 5325 3146 5380 λοιποῦ
3164 5328 3260 5396 τὴν
3285 5327 3382 5395 σὴν
3405 5328 3632 5395 εἰρήνην
3653 5329 3743 5379 καὶ
3779 5327 4037 5379 παντοδσ·

2456 5415 2574 5469 πῶν
2605 5416 2827 5485 ἀγαθῶν
2859 5418 3089 5485 άφθονον
3116 5417 3382 5488 χορηγίαν
3411 5419 3476 5487 τῇ
3507 5434 3565 5469 τε
3612 5417 3913 5487 Ἐκκλησία
3948 5420 4038 5468 καὶ

2454 5513 2519 5578 τῇ
2556 5509 2797 5580 βασιλείᾳ
2836 5511 2929 5562 καὶ
2963 5512 3124 5564 παντὶ
3151 5509 3228 5580 τῷ
3258 5510 3370 5580 λαῷ
3405 5527 3498 5564 σου
3533 5511 3875 5583 δωρούμενος
3909 5526 4037 5578 πρε-

2457 5603 2664 5662 σϐείαις
2697 5599 2797 5666 τῆς
2817 5601 3124 5669 ὑπεραγίας
3139 5605 3435 5669 Δεσποίνης
3463 5603 3621 5671 ήμῶν
3649 5603 3912 5656 Θεοτόκου
3947 5605 4038 5654 καὶ

2456 5693 2846 5762 Ἀειπαρθένου
2870 5695 3113 5764 Μαρίας,
3155 5695 3385 5764 δυνάμει
3410 5695 3499 5763 τοῦ
3542 5697 3724 5764 τιμίου
3768 5700 3861 5748 καὶ
3907 5697 4041 5759 ζωο-

2459 5787 2612 5840 ποιοῦ
2634 5786 2891 5857 σταυροῦ,
2915 5788 3024 5840 τῶν
3041 5787 3224 5841 ἀύλων
3245 5791 3334 5841 καὶ⁵
3354 5788 3667 5857 ἀσωμάτων
3690 5789 4037 5859 λειτουργῶν,

2455 5880 2548 5935 τοῦ
2575 5881 2760 5950 τιμίου
2791 5885 2883 5934 καὶ
2920 5882 3130 5947 ἐνδόξου
3163 5881 3442 5952 προφήτου
3466 5881 3784 5956 Πρεδρόμου
3816 5885 3906 5935 καὶ
3942 5884 4042 5934 Βα-
