4334 6480
347 408 485 474 1305

1161 413 1501 501 CALLISTI
1543 416 2093 479 ET‘PHILOTIIEI
2136 422 2248 480 CP.
2287 423 2750 486 PATRIARCH.

3427 431 3559 498 1306

469 521 789 616 διαϐολικάς
971 527 1150 597 πάσης
1193 530 1446 593 ἀσεϐείας
1496 535 1700 600 μεστὰς
1733 535 1813 597 είς
1842 552 1900 587 τε
1929 543 1971 596 Α
2004 537 2260 591 τοιούτων
2312 541 2671 610 ψυχοφθόρων
2711 545 2806 596 καὶ
2864 544 3185 612 λυμεώνων,
3248 547 3342 600 καὶ
3400 550 3559 616 ἔχητε

344 611 606 681 ἀθέτησιν
631 614 729 681 τῆς
769 615 1052 683 όρθοδόξου
1084 619 1181 670 καὶ
1209 620 1467 682 εὐσεϐοῦς
1500 622 1608 675 τῶν
1637 624 1895 691 Χριστια-

341 704 448 757 νῶν
478 703 711 767 πίστεως
733 706 828 758 καὶ
865 707 946 768 είς
976 708 1193 778 ἀπάτην
1222 711 1317 762 καὶ
1365 712 1572 781 πλάνην
1607 713 1702 766 καὶ
1732 714 1895 785 ψυχι-

340 793 433 848 κδν
477 796 655 848 αὐτῶν
704 797 948 867 δλεθρον,
991 800 1087 851 καὶ
1137 802 1283 864 ὅπως
1334 803 1444 855 ἀπὸ
1493 805 1592 872 τῆς
1640 806 1896 877 τοιαύτης

340 885 547 954 πλάνης
591 889 999 956 παρεσύρησσν,
1033 891 1228 955 οἵτινες
1253 893 1316 962 δή
1346 896 1438 949 καὶ
1479 898 1890 967 παρεσύρησαν,

336 978 417 1039 είς
471 978 570 1046 τὴν
620 979 933 1046 διαϐολικὴν
990 982 1193 1051 ταύτην
1259 987 1496 1055 ἀπάτην.
1550 983 1658 1040 Ἦν
1710 983 1803 1042 οὖν
1862 993 1892 1059 ή

338 1066 557 1137 τοιαύτη
591 1069 814 1123 ἀσέϐεια
844 1072 936 1124 ἐπὶ
961 1075 1176 1141 χρόνοις
1226 1077 1428 1138 ἱκανοῖς
1455 1081 1807 1150 κρυπτομένη
1835 1100 1894 1135 τε

337 1158 430 1208 καὶ
479 1157 838 1221 λανθάνουσα,
871 1162 1368 1232 προμηθευσαμένη
1410 1166 1470 1218 δέ
1518 1169 1550 1236 ἠ
1602 1173 1894 1240 μετριότης

336 1247 510 1313 ἡμῶν,
538 1249 774 1316 Χριστοῦ
807 1251 1009 1318 χάριτι,
1039 1255 1177 1306 κατά
1221 1254 1282 1307 τδ
1325 1257 1470 1318 είκδς
1501 1259 1593 1310 καὶ
1617 1258 1705 1311 διά
1733 1276 1896 1327 φρον-

333 1336 473 1399 τίδος
527 1342 903 1410 ποιησαμένη,
962 1342 1102 1396 ὥστε
1161 1347 1442 1416 καταφανῆ
1501 1350 1595 1402 καὶ
1653 1351 1896 1420 φανερᾲν

335 1428 583 1490 γενέσθαι
635 1430 733 1498 τήν
788 1433 1046 1502 τοιαύτην
1091 1437 1619 1507 συγκεκαλυμμένην
1662 1441 1889 1510 πλάνην,

340 1516 479 1580 μετά
506 1517 603 1585 τῆς
635 1521 1017 1591 προσηκούσης
1065 1524 1332 1594 πρότερον
1370 1530 1746 1594 παραινέσεως
1775 1526 1898 1599 ἐξή-

338 1620 497 1672 νεγκε
549 1607 642 1662 καὶ
675 1608 842 1679 βάρος
893 1613 1346 1681 ἐκκλησιαστικοῦ
1387 1617 1689 1686 ἐπιτιμίου,
1729 1621 1824 1672 καὶ
1865 1621 1894 1673 ὁ

338 1693 436 1762 τὴν
490 1700 762 1768 σωτηρίαν
807 1701 1063 1756 ἀπάντων
1120 1708 1643 1775 πραγματευόμενος
1696 1708 1896 1778 Κύριος

339 1786 433 1836 καὶ
487 1787 555 1840 τά
614 1791 830 1845 ἐναντία
871 1791 962 1846 διά
1008 1793 1115 1847 τῶν
1160 1795 1413 1848 ἐναντίων
1455 1797 1754 1866 οίκονομῶν
1796 1799 1896 1851 οὐκ

1999 628 2092 679 καὶ
2135 630 2233 698 τήν
2265 630 2383 700 μετ’
2416 631 2662 701 ἀλλήλων
2709 635 3000 705 ἐπαινετὴν
3049 637 3274 705 είρήνην
3303 631 3560 704 καὶάγά·

1997 733 2128 784 πην,
2169 721 2508 788 μεμνημένοι
2558 723 2651 776 τοῦ
2706 724 2942 792 μεγάλου
2998 725 3301 778 ἀποστόλου
3347 728 3558 779 Παύλου

1997 805 2364 870 διδάσκοντος*
2437 811 2702 878 Ἀδελφοί
2727 852 2741 876 ,
2796 813 3046 880 είρήνην·
3119 813 3360 867 διώκετε
3410 815 3558 882 μετὰ

1999 896 2238 950 πάντων
2293 900 2388 952 καί
2447 899 2555 952 τὸν
2612 902 2935 970 ἁγιασμόν.
2998 898 3070 958 οὗ
3130 905 3307 972 χωρίς
3360 905 3561 967 οὐδεὶς

1998 988 2338 1054 όψετε¹τὸν
2388 991 2624 1056 Κύριον.
2659 992 2767 1045 Καὶ
2829 993 2970 1045 κατά
3019 995 3112 1046 τὸν
3168 995 3329 1047 αὐτὸν
3384 995 3558 1062 μέγαν

2010 1080 2335 1135 ’Δπόστολον
2373 1082 2764 1153 ἐπεκτείνησθε
2826 1087 2940 1147 τοῖς
2999 1085 3310 1152 ἐμπροσθεν
3365 1085 3554 1145 καλοῖς

1998 1171 2178 1237 ἐργοις
2212 1171 2308 1224 καὶ
2343 1171 2756 1241 κατορθώμασι,
2785 1173 2878 1226 καὶ
2926 1173 3233 1243 ἐνθυμῆσθε
3272 1173 3333 1226 τὺ
3362 1173 3560 1240 ἐπίκη-

2001 1277 2092 1327 ρον
2125 1261 2216 1313 καὶ
2252 1260 2427 1330 βραχὺ
2485 1261 2586 1330 τῆς
2649 1262 2930 1332 παρούσης
2979 1263 3146 1330 ζωῆς,
3176 1263 3274 1324 τάς
3325 1279 3382 1314 τε
3435 1264 3560 1330 μελ-

1999 1350 2197 1412 λούσας
2243 1353 2499 1416 αἰωνίους
2550 1352 2660 1405 τῶν
2695 1353 2915 1419 ἀγαθῶν
2948 1354 3277 1423 κληρουχίας
3326 1353 3431 1405 τῶν
3461 1370 3560 1405 κα-

1998 1441 2105 1504 λῶς
2134 1443 2229 1495 καὶ
2287 1442 2596 1511 θεαρέστως
2649 1445 2884 1497 ἐνταῦθα
2928 1443 3271 1513 βεϐιωκότων
3312 1445 3408 1496 καὶ
3461 1446 3560 1503 τὰς

1998 1528 2386 1597 ἀτελευτήτους
2424 1530 2675 1593 κολάσεις
2721 1531 2827 1584 τῶν
2877 1533 3263 1600 ἀμετανοήτως
3307 1533 3561 1600 ἀμαρτα-

1999 1618 2218 1681 νόντων,
2252 1618 2338 1671 ἵνα
2393 1619 2483 1671 διὰ
2527 1619 2629 1686 τῆς
2661 1620 2831 1689 καλῆς
2890 1621 3045 1689 ὑμῶν
3092 1622 3437 1690 ἀναστροφῆς
3469 1622 3563 1672 καὶ

1999 1708 2278 1771 πολιτείας
2335 1709 2428 1761 καὶ
2484 1709 2884 1779 ἐκπληρώσεως
2952 1710 3062 1760 τῶν
3116 1709 3274 1761 θείων
3332 1708 3562 1760 ἐντολῶν

1999 1797 2289 1866 δοξάζηται
2317 1799 2379 1850 τδ
2407 1798 2670 1864 πανάγιον
2711 1799 2880 1864 (ονομα
2918 1798 3015 1850 τοῦ
3043 1797 3202 1858 Θεοῦ,
3235 1797 3555 1865 ἐδιδάχθητε

339 1877 616 1947 ἠνέσχετο,
653 1881 773 1936 οὑδέ
804 1883 1194 1956 παρεχώρησεν
1223 1887 1314 1940 ἐπὶ⁵
1359 1887 1521 1940 πλέον
1549 1858 1895 1958 συγκρύπτε-
1926 1858 1972 1917 Β
2003 1858 2086 1940 δέ-
2110 1858 2209 1940 καλ
2239 1889 2320 1959 ,ἐν
2347 1891 2411 1957 τῇ
2439 1888 2532 1941 τοῦ
2565 1858 2740 1954 ’ἁγίου
2775 1858 3152 1957 βαπτίσματος
3179 1858 3426 1955 ἀποταγῇ
3457 1858 3564 1938 τῶν

341 1966 463 2021 σθαι
490 1973 585 2025 καὶ
627 1972 908 2028 λανθάνειν
951 1976 1020 2030 τά
1061 1978 1326 2047 είρημένα
1357 1978 1457 2047 τῆς
1495 1979 1904 2051 Ἀμαραντίνης

340 2062 796 2131 κακουργήματα,
847 2063 982 2119 ἀλλά
1028 2068 1148 2129 ταίς
1197 2069 1356 2137 ήμῶν
1403 2069 1513 2122 τῶν
1557 2053 1901 2139 ἁμαρτωλῶν·

341 2151 435 2204 καὶ
482 2152 718 2216 ἀναξίων
775 2151 1191 2212 δούλωνάύτοῦ
1244 2161 1434 2230 εὐχαῖς
1497 2160 1594 2214 καὶ
1648 2160 1899 2231 δεήσεσιν

340 2242 732 2313 ἐπικαμφθεὶς,
762 2246 836 2309 ῶς
875 2246 1210 2318 εὑσπλαχνος
1248 2250 1409 2319 φύσει
1461 2253 1552 2304 καὶ
1598 2251 1901 2322 φιλοικτίρ-

346 2349 483 2401 μων,
519 2336 599 2396 είς
631 2336 795 2406 μέσον
837 2326 1214 2408 παρεσκελῖασε
1260 2341 1435 2395 ταῦτα
1474 2341 1900 2414 θριαμϐευθῆναι

346 2422 441 2475 καὶ
491 2425 892 2498 ἀπελεγχθῆναι
929 2430 1021 2482 καὶ
1047 2429 1135 2484 διά
1178 2429 1337 2501 τῆσδε
1366 2431 1465 2502 τῆς
1500 2432 1902 2503 ’Δμαραντίνης

345 2513 451 2566 ἀπὸ
502 2516 767 2585 στόματος
813 2519 1295 2590 ἀνομολογησάσης
1329 2523 1419 2574 ἐπὶ
1459 2524 1556 2592 τῆς
1603 2526 1724 2578 καθ’
1756 2526 1902 2593 ἡμᾶς

344 2606 496 2670 θείας
552 2612 646 2664 καὶ
700 2612 851 2681 ίερᾶς
903 2613 1121 2667 συνόδου
1170 2616 1264 2668 καὶ
1317 2615 1384 2668 δι’
1441 2617 1643 2686 ἐτέρων
1694 2617 1919 2670 πολλῶν.

349 2700 812 2769 προσδραμόντων
853 2705 917 2772 τῇ
970 2707 1122 2774 κοινῇ
1174 2706 1345 2777 μητρὶ
1388 2708 1454 2776 τῇ
1484 2705 1578 2759 τοῦ
1609 2705 1741 2759 Θεοῦ
1784 2707 1907 2760 Ἐκο

349 2789 566 2860 κλησίᾳ,
591 2791 670 2861 τῷ
698 2793 866 2863 κοινῷ
911 2793 1020 2848 τῶν
1058 2794 1246 2864 ψυχῶν
1296 2798 1536 2867 ἰατρείῳ,
1568 2797 1663 2849 καὶ
1716 2796 1906 2864 ἐξομο-

352 2883 579 2952 λόγησιν
604 2882 849 2954 καθαρὰν
897 2889 1282 2957 ποιησαμένων
1312 2889 1406 2942 καὶ
1447 2890 1583 2955 πρὸς
1612 2875 1906 2958 θεραπείαν

352 2973 448 3025 καὶ
499 2972 788 3042 ἐξιλασμδν
838 2978 1186 3047 προσήκοντα
1214 2980 1483 3034 λαϐόντων
1536 2984 1630 3034 καὶ
1662 2981 1732 3035 τὰ
1764 2983 1906 3050 φάρο

357 3081 528 3133 μακα.
561 3064 730 3118 Τοῦτο
767 3066 821 3120 δέ
867 3068 1091 3135 γέγονεν
1141 3070 1358 3142 εὑδοκίᾳ
1407 3072 1570 3135 Θεοῦ.
1605 3073 1682 3136 ὡς
1729 3073 1795 3125 ἀν
1833 3072 1909 3142 μὴ

354 3153 583 3211 καθόλου
613 3157 674 3209 τὺ
704 3156 813 3209 τῶν
858 3158 1203 3228 Χριστιανῶν
1240 3161 1520 3230 ἀπόληται
1550 3162 1726 3229 γένος,
1758 3165 1911 3233 ἐνερ-

357 3245 639 3313 γουμένων
666 3245 762 3298 καὶ
787 3246 865 3298 ετι
899 3246 1010 3300 τῶν
1041 3249 1298 3301 τοιούτων
1329 3250 1601 3320 θεομισῶν
1632 3251 1919 3321 ἀσεϐημά-

357 3337 466 3390 τῶν
518 3338 612 3390 καὶ
661 3339 987 3407 μιασμάτων
1012 3357 1026 3370 ·
1059 3342 1148 3394 διὰ
1171 3341 1364 3397 ¹ταῦτα
1398 3344 1505 3413 γὰρ
1535 3343 1773 3414 ἐπῆλθον
1815 3347 1922 3398 ἀπὸ

356 3427 457 3494 τῆς
511 3426 774 3494 θεηλάτου
805 3431 896 3481 καὶ
925 3430 1140 3493 δικαίας
1183 3431 1351 3502 ὀργῆς
1397 3431 1455 3496 ἐξ
1497 3433 1923 3502 ἀγανακτήσεως

359 3517 414 3569 οἱ
436 3533 493 3569 τε
529 3517 678 3587 λιμοὶ
709 3520 803 3573 καὶ
831 3519 1011 3590 λοιμοὶ
1054 3503 1250 3574 ἐκείνοι
1290 3522 1383 3576 καὶ
1415 3523 1464 3575 οί
1500 3523 1596 3591 τῆς
1642 3522 1743 3592 γῆς
1790 3523 1922 3575 ἀνα-

360 3600 612 3680 τιναγμοὶ
641 3611 735 3663 καὶ
765 3617 1003 3681 σεισμοὶ,
1037 3617 1102 3669 ἐκ
1131 3613 1398 3681 θεμελίων
1427 3615 1632 3684 ταύτην
1667 3615 1924 3667 σαλεύον-

360 3719 473 3769 τες,
506 3705 600 3756 καὶ
653 3706 709 3756 αί
766 3703 865 3772 τῆς
913 3705 1187 3774 θαλάσσης
1237 3706 1465 3775 φοϐεραὶ
1516 3706 1776 3775 ἐκδρομαὶ
1832 3707 1927 3758 καὶ

363 3797 694 3864 ἐπικλύσεις,
748 3796 1103 3868 βρυχωμένης
1146 3797 1333 3870 ὥσπερ
1364 3803 1419 3852 ἐν
1453 3798 1610 3868 θυμῷ
1654 3801 1746 3852 καὶ
1785 3816 1929 3867 παρ-

366 3887 664 3957 ερχομένης
712 3889 781 3942 τά
825 3890 1023 3960 ἐαυτῆς
1071 3891 1216 3961 ὅρια,
1305 3892 1397 3943 καὶ
1447 3891 1498 3942 οί
1551 3888 1929 3958 κατακλυσμοὶ

367 3983 460 4033 καὶ
518 3982 568 4034 οί
631 3980 998 4051 ἐνσκήψαντες
1062 3982 1405 4052 ἐμπρησμοὶ,
1439 3982 1528 4034 καὶ
1579 3982 1630 4034 οί
1683 3979 1929 4032 τοσοῦτοι

368 4075 622 4144 ἐμφύλιοι
649 4075 897 4146 πόλεμοι,
943 4075 1034 4127 καὶ
1065 4077 1098 4144 ή
1126 4074 1529 4144 ἀπροσδόκητος
1560 4072 1803 4142 ῥομφαία
1836 4069 1929 4122 τοῦ

370 4168 684 4233 θανατικοῦ,
724 4170 818 4222 καὶ
865 4169 893 4221 6
920 4170 1077 4237 φόνος
1127 4169 1234 4221 τῶν
1264 4166 1549 4234 ὁμοφύλων
1590 4164 1933 4235 Χριστιανῶν

369 4263 615 4329 ἀδελφῶν
649 4262 1018 4330 καὶχγνησίων
1051 4259 1330 4329 συγγενῶν
1373 4257 1463 4314 ὑπ’
1496 4257 1760 4328 ἀλλήλων,
1798 4258 1932 4326 φεὺί

373 4360 497 4413 καθ’
524 4352 762 4426 ἑκάστην
790 4353 1189 4426 φονευομένων,
1209 4353 1592 4422 ἀγνοησάντων
1622 4353 1750 4413 τοὺς
1779 4352 1937 4420 ὅρους

371 4453 467 4522 τῆς
503 4454 736 4520 φύσεως,
774 4448 880 4502 ὑπὸ
921 4447 1021 4520 τῇς
1067 4445 1160 4499 τοῦ
1208 4444 1455 4499 διαϐόλου
1515 4443 1939 4513 φρενοϐλαϐείας

2011 1977 2317 2031 σατανικῶν
2354 1977 2535 2047 εργων
2565 1979 2661 2030 καὶ
2705 1981 2770 2047 τῇ
2800 1977 2896 2029 τοῦ
2927 1977 3168 2044 Χριστοῦ
3218 1979 3458 2046 συνταγῇ
3499 1979 3567 2029 τὰ

2009 2067 2311 2138 ἀρέσκοντα
2366 2069 2445 2137 τῷ
2489 2068 2608 2136 Θεῷ
2633 2070 2727 2121 καὶ
2765 2069 2863 2137 τήν
2910 2069 3019 2121 τῶν
3068 2067 3253 2120 κακῶν
3279 2068 3570 2136 ἀποφυγὴν

2011 2159 2105 2211 καὶ
2152 2157 2522 2228 ἀλλοτρίωσιν.
2586 2158 2918 2228 Φοϐηθῶμεν
2977 2158 3189 2222 τοίνυν,
3247 2158 3567 2224 ἀγαπητοὶ,

2011 2251 2108 2302 καὶ⁷
2137 2251 2427 2320 ἀποστήτω
2475 2251 2702 2313 ἕκαστος
2753 2250 2862 2303 ἀπο
2909 2249 3018 2302 τῶν
3085 2249 3341 2320 πονηρῶν
3394 2249 3570 2318 ὑμῶν,

2011 2343 2106 2396 καὶ
2158 2342 2232 2412 μὴ
2266 2342 2645 2411 καταδεχέσθω
2681 2341 3098 2410 συναπάγεσθαι
3148 2344 3262 2403 τοῖς
3312 2341 3406 2393 τοῦ
3453 2341 3573 2393 δια-

2012 2432 2168 2485 ϐόλου
2219 2433 2601 2501 θεραπευταῖς,
2635 2432 2770 2485 ἀλλά
2838 2434 3184 2498 σπουδαζέτω
3228 2431 3327 2500 τήν
3377 2429 3574 2484 ἑαυτοῦ

2011 2525 2189 2594 ψυχὴν
2245 2524 2341 2592 τῆς
2393 2524 2615 2577 αἰωνίου
2679 2526 3064 2592 κατακρίσεως
3125 2521 3571 2592 περισώσασθαι’

2013 2616 2319 2682 γέγραπται
2374 2617 2521 2685 γάρ,
2579 2615 2662 2666 ὅτι
2727 2617 2926 2677 πάντες
2982 2612 3448 2684 παραστησόμεθα
3499 2612 3578 2680 τῷ

2020 2706 2241 2787 βήματι.
2263 2706 2356 2758 τοῦ
2391 2707 2651 2778 Χριστοῦ,
2699 2709 2784 2761 ινα
2817 2709 3108 2777 κομίσηται
3161 2707 3394 2768 ἐκαστος
3442 2704 3580 2774 πρὸς

2015 2796 2044 2848 δ
2073 2795 2326 2864 ἔπραξεν,
2354 2795 2464 2847 είτε
2499 2796 2725 2864 ἀγαθὸν,
2753 2797 2863 2849 εῐτε
2912 2797 3172 2866 πονηρὸν,
3209 2796 3334 2848 ἐπεὶ
3382 2794 3477 2847 καὶ
3522 2794 3580 2844 αί

2019 2887 2161 2940 κατά
2207 2886 2269 2939 τδ
2325 2885 2503 2950 θεῐον,
2551 2887 2627 2951 ὡς
2679 2888 2915 2958 εἴρηται,
2978 2887 3264 2957 βάπτισμα
3317 2885 3581 2952 συνθῆκαι

2019 2975 2114 3027 καὶ
2171 2977 2428 3042 συνταγαὶ
2499 2977 2728 3045 μεγάλαι
2804 2977 2900 3030 καὶ
2954 2979 3002 3030 οί
3058 2978 3334 3046 μάρτυρες
3397 2973 3582 3035 αἰδοῦς

2021 3064 2200 3117 ίκανοὶ
2251 3065 2469 3132 ἀγγελοι
2497 3082 2511 3096 ο
2540 3067 2636 3118 καλ⁹
2681 3066 2787 3136 γὰρ
2817 3066 2958 3119 κατά
3008 3066 3100 3118 τὸν
3131 3064 3321 3135 καιρὸν
3371 3065 3584 3115 ἐκεῖνον

2018 3156 2117 3223 τὴν
2177 3157 2463 3225 ὁμολογίαν
2512 3158 2904 3224 ἐγγράφουσιν,
2934 3157 3001 3228 ήν
3040 3158 3138 3210 καὶ
3188 3156 3586 3225 ἀπαραιτήτως

2022 3245 2510 3317 ἀπαιτηθησόμεθα
2557 3249 2616 3299 ἐν
2649 3249 2716 3318 τῇ
2767 3247 2975 3318 φοϐερᾷ
3028 3250 3306 3316 παρουσίᾳ
3348 3243 3441 3299 τοῦ
3483 3244 3588 3298 Κυι-

2027 3338 2143 3406 ρίου
2173 3323 2268 3391 καὶ
2299 3338 2434 3392 Θεοῦ
2499 3339 2593 3393 καὶ
2630 3338 2883 3409 Σωτῆρος
2916 3339 3073 3407 ήμῶν
3120 3337 3296 3406 Ἰησοῦ
3345 3335 3585 3405 Χριστοῦ

2024 3429 2080 3480 ἐν
2108 3430 2174 3498 τῇ
2201 3429 2383 3499 ήμέρᾳ
2410 3430 2506 3498 τῆς
2547 3429 2846 3498 μελλούσης
2889 3429 3325 3490 ἀνταποδόσεως.
3368 3427 3464 3488 Τίς
3493 3426 3587 3478 οὖν

2024 3522 2085 3575 οὑ
2127 3522 2317 3592 τρέμει
2359 3521 2420 3574 τὸ
2460 3521 2772 3589 λογοθέσιον
2818 3522 2996 3574 ἐκεῖνο
3048 3520 3108 3573 τὺ
3143 3521 3285 3589 μέγα
3333 3521 3427 3573 καὶ
3473 3521 3592 3572 ἀδέ-

2028 3631 2246 3678 καστον,
2275 3615 2363 3667 ὅτε
2414 3612 2882 3682 παραστησόμεθα
2930 3612 3128 3681 γυμνοὶ
3181 3612 3274 3664 καὶ
3324 3629 3593 3681 τετραχη-

2029 3707 2273 3778 λισμένοι
2305 3707 2396 3758 ἐπὶ
2438 3705 2531 3758 τοῦ
2564 3703 2798 3774 φοϐεροῦ
2833 3704 2941 3773 καὶ,
2974 3703 3414 3773 ἀπαραλογίστου
3474 3720 3594 3771 κρι-

2029 3799 2221 3870 τηρίου
2258 3798 2486 3862 ἐκείνου,
2507 3797 2661 3864 λόγον
2689 3794 3085 3863 ἀπαιτούμενοι
3127 3793 3236 3845 τῶν
3270 3796 3599 3863 πεπραγμέο

2031 3909 2171 3958 νων;
2228 3891 2293 3944 Τί
2362 3890 2578 3958 λέγεις,
2643 3888 2930 3956 ἀνθρωπε;
2993 3887 3132 3948 Χθές
3198 3887 3459 3949 ἀπετάξω
3521 3885 3600 3954 τῷ

2034 3985 2245 4054 Σατανᾷ
2280 3985 2372 4035 καὶ
2412 3984 2543 4035 πᾶσι
2583 3984 2693 4044 τοῖς
2725 3980 2907 4049 ἔργοις
2935 3977 3124 4046 αὑτοῦ,
3157 3979 3252 4031 καὶ
3281 3977 3357 4047 τῷ
3382 3965 3602 4046 Χριστῷ

2039 4077 2335 4142 συνετάξω,
2366 4075 2460 4128 νῦν
2491 4075 2546 4127 δέ
2579 4075 2920 4144 θεραπευτὴς
2950 4073 3136 4142 ἐγένου
3180 4072 3278 4126 τοῦ
3326 4071 3598 4125 διαϐόλου.

2038 4171 2117 4232 Οὑ,
2146 4168 2320 4235 φοϐεῖ,
2353 4168 2474 4220 οὐδὲ
2518 4169 2780 4237 τρέμειςς
2832 4166 2974 4236 Πρὸς
3018 4159 3147 4218 τίνα
3182 4164 3283 4237 τάς
3331 4163 3604 4230 συνθήκας

2039 4231 2339 4331 ἐποίησας-ς
2370 4261 2483 4312 Οὐκ
2516 4231 2754 4330 ηκουσας
2806 4231 2904 4326 τὴν
2943 4258 3217 4324 ἀπόφασιν
3235 4231 3346 4324 ῗήν
3369 4271 3384 4285 ⁸
3433 4255 3607 4306 Ἀπο-

2039 4355 2279 4426 χωρεῖτε
2315 4352 2416 4408 ἀπ’
2466 4352 2634 4422 ἐμοῦ,
2671 4352 2891 4416 πάντες
2949 4353 3007 4404 οι
3036 4349 3273 4419 ἐργάται
3323 4348 3431 4416 τῆς
3467 4349 3610 4402 ἀνο-

2037 4450 2200 4517 μίας,
2233 4449 2327 4501 καὶ
2361 4448 2442 4501 ὅτι
2492 4449 2519 4499 ὀ
2555 4445 2771 4516 σκώληξ
2805 4445 2984 4498 αὑτῶν
3019 4446 3079 4496 ού
3128 4444 3377 4509 τελευτᾷ,
3411 4445 3502 4523 καὶ
3548 4445 3610 4495 τὸ

302 4584 312 4601 .
375 4546 468 4597 καὶ
501 4545 534 4613 ή
568 4542 718 4612 παρά
750 4540 858 4593 τῶν
911 4538 1202 4610 βαρϐάρων
1233 4539 1329 4590 καὶ
1362 4535 1574 4590 ἀσεϐῶν
1603 4530 1812 4604 ἐχθρῶν
1847 4534 1939 4585 καὶ
1973 4560 2016 4615 ο
2043 4539 2153 4609 πῦρ
2217 4540 2398 4594 αὐτῶν
2470 4539 2529 4591 οὑ
2592 4538 2895 4602 σϐέννυται,
2957 4538 3072 4598 καὶ,
3125 4536 3360 4604 Δήσατε
3422 4533 3611 4589 αἰετοῦ

375 4636 550 4690 ἀθέων
579 4632 881 4687 ἐπελθοῦσα
930 4631 1140 4703 χαλεπὴ
1188 4631 1282 4682 καὶ
1328 4628 1542 4698 μεγάλη
1591 4626 1941 4696 αίχμαλωσία

375 4730 470 4783 καὶ
503 4729 531 4780 ὁ
561 4724 869 4795 ἀφανισμδς
911 4722 1004 4776 καὶ
1057 4723 1090 4791 ή
1137 4720 1312 4790 φθορὰ
1341 4723 1433 4772 καὶ
1477 4720 1511 4787 ή
1561 4716 1844 4785 διασπορὰ,
1877 4715 1944 4782 ήν

380 4823 593 4890 ὑπέστη
636 4820 731 4874 καὶ
787 4818 1079 4887 ὑφίσταται
1113 4815 1314 4879 ἀθλίως
1359 4815 1418 4867 τὸ
1459 4814 1570 4867 τῶν
1599 4810 1942 4882 Χριστιανῶν

379 4917 556 4983 γένος,
588 4913 718 4983 περὶ
765 4906 841 4966 ῶν
872 4908 996 4964 οὔτε
1040 4909 1260 4963 ἀκούειν
1302 4905 1550 4972 δυνατὸν,
1588 4903 1712 4958 οὔτε
1761 4903 1941 4970 λέγειν

379 5005 665 5078 ἀδακρυτί.
696 5007 795 5058 Διά
824 5003 995 5058 ταῦτα
1032 4999 1333 5072 παρακαλῶ
1360 4999 1505 5068 ὑμᾶς
1532 4999 1626 5050 καὶ
1677 4999 1740 5049 ἐκ
1773 4996 1944 5070 μέσης

381 5101 482 5170 τῆς
517 5098 696 5170 ψυχῆς
744 5094 1070 5166 παρακαλῶ,
1097 5093 1262 5147 τέκνα
1295 5107 1396 5159 μου
1450 5093 1507 5142 ἐν
1555 5087 1774 5159 Χριστῷ
1803 5090 1942 5154 ἀγα-

385 5194 556 5264 πητὰ,
590 5191 677 5244 ἵνα
707 5172 1072 5258 ἐπιστρέψητε
1108 5186 1334 5248 ἐκαστος
1368 5183 1536 5252 ὑγιῶς
1587 5180 1682 5234 καὶ
1711 5178 1950 5247 γνησίως

385 5287 478 5340 καὶ
516 5284 575 5351 ἐξ
600 5283 725 5354 ὅλης
754 5281 932 5351 ψυχῆς
960 5283 1054 5333 καὶ
1083 5276 1322 5339 διανοίας
1348 5275 1481 5345 πρὸς
1506 5273 1642 5328 Θεὸν
1671 5271 1759 5325 τὸν
1790 5270 1952 5339 μόνον

387 5377 584 5440 σώζειν
634 5374 957 5444 δυνάμενον,
1011 5372 1109 5424 καὶ
1151 5369 1314 5439 ἔχητε
1369 5367 1473 5447 πρὸ
1509 5363 1820 5434 ,ὀφθαλμῶν
1861 5362 1952 5414 τὸν

384 5469 550 5538 φόϐον
581 5466 768 5533 αὑτοῦ,
813 5470 910 5520 καὶ
937 5465 1265 5535 προσέχητε,
1302 5461 1418 5524 πῶς
1465 5459 1820 5530 περιπατεῖτε
1859 5457 1955 5509 καὶ

389 5564 713 5632 συντηρείτε
765 5560 860 5614 καὶ
899 5558 1205 5628 φυλάσσετε
1253 5552 1844 5620 ἐαυτοὺςάκλονήτους
1874 5549 1954 5611 είς

385 5658 486 5728 τήν
516 5653 1001 5727 πατροπαράδοτον
1046 5649 1293 5720 καθαρὰν
1344 5649 1437 5702 καὶ
1483 5645 1766 5717 όρθόδοξον
1796 5643 1954 5696 etai-

388 5752 544 5805 ϐειαν
577 5753 673 5803 καὶ
711 5747 894 5802 πίστιν
925 5741 1101 5815 ὑμῶν,
1136 5744 1232 5797 καὶ
1268 5740 1548 5811 ἀπέχησθε
1583 5736 1817 5791 καθόλου
1847 5735 1956 5787 ἀπὸ

393 5845 490 5914 τῆς
521 5841 802 5914 ἐπιμιξίας
836 5841 928 5894 καὶ
955 5835 1373 5910 συμφιλιώσεως
1409 5835 1499 5888 καὶ
1529 5831 1810 5892 κοινωνίας
1849 5829 1953 5882 τῶν

2047 4633 2249 4701 χεῖρας
2280 4631 2374 4684 καί
2406 4629 2619 4695 πόδας,
2661 4628 2760 4682 καί
2793 4631 3014 4697 ῥίψατε
3043 4629 3130 4692 είς
3172 4627 3238 4678 τὸ
3287 4628 3506 4690 σκότος
3544 4627 3611 4676 τὸ

2044 4725 2368 4788 ἐξώτερον;
2412 4722 2477 4791 Έί
2509 4720 2683 4774 ταῦτα
2708 4718 3146 4789 περιφροιίοῦμεν
3180 4718 3259 4779 ὡς
3286 4717 3360 4786 μὴ
3389 4718 3614 4769 ἀκού-ιν-

2046 4829 2175 4878 τες;
2215 4815 2278 4866 Τί
2326 4812 2417 4865 τὸν
2448 4804 2652 4882 καιρδν’
2683 4809 2780 4879 τῆς
2833 4810 3124 4879 μετανοίας
3158 4807 3608 4876 ἀναϐαλλόμεοχς

2049 4906 2166 4959 ’Ίνα
2203 4905 2253 4957 τί
2300 4904 2360 4956 ού
2413 4903 2776 4973 φροντίζομεν
2833 4901 2931 4970 τῆς
2990 4901 3146 4968 ήμῶν
3182 4899 3477 4967 σωτηρίας,
3505 4899 3613 4957 ἕως

2048 4996 2277 5067 καιρόςς
2311 4995 2507 5064 Δὺριον
2541 4995 2661 5063 ήξει
2712 4994 2820 5046 ἀπὸ
2851 4991 2947 5046 τοῦ
3003 4992 3234 5046 θανάτου
3288 4993 3464 5054 τέλος,
3519 4993 3618 5043 καὶ

2050 5091 2149 5143 οὑκ
2187 5089 2335 5142 ἐστιν
2368 5091 2424 5141 ἐν
2449 5086 2527 5156 τῷ
2554 5085 2658 5158 ᾅδῃ
2692 5087 2968 5154 μετάνοια,
3005 5085 3125 5137 οὑδέ
3173 5081 3478 5154 ἐπιστροφὴ
3517 5082 3614 5134 καὶ

2051 5183 2458 5254 ἐξομολόγησις,
2487 5180 2624 5236 ἀλλά
2651 5178 2927 5248 κάθειρξις
2956 5176 3211 5248 διηνεκὴς
3255 5175 3350 5228 καὶ
3380 5173 3620 5227 ἀνταπό-

2053 5276 2198 5336 δοσις
2270 5275 2377 5325 τῶν
2441 5274 2671 5325 ἐκαστου
2725 5270 3256 5342 πλημμελημάτων⁹
3309 5270 3358 5322 εί
3415 5285 3468 5322 τι
3528 5266 3623 5320 οὖν

2054 5369 2178 5435 ἐμοὶ
2222 5359 2519 5428 πείθοισθε,
2552 5366 2719 5416 τέκνα
2769 5381 2873 5432 μου
2927 5362 3190 5432 ἀγαπητά
3222 5361 3316 5413 καὶ
3352 5359 3496 5428 φίλοι
3529 5360 3624 5434 καὶ

2056 5458 2686 5528 ἀδελφολ,ἐπιστρέψατε
2743 5457 2836 5510 καὶ
2881 5456 3148 5525 ἐπίγνωτε
3191 5454 3281 5508 διὰ
3326 5453 3422 5523 τῆς
3461 5470 3630 5523 μετα-

2058 5550 2208 5613 νοίας
2236 5550 2331 5602 καὶ
2357 5548 2596 5618 ψυχικῆς
2629 5545 2979 5614 κατανύξεως
3007 5547 3070 5597 ἐν
3099 5543 3363 5614 συντριϐῇ
3395 5543 3626 5614 καρδίας

2057 5643 2152 5695 καὶ
2204 5639 2479 5709 πνεύματι
2526 5637 2913 5699 ταπεινώσεως
2966 5637 3060 5688 τὸν
3102 5635 3326 5704 Κύριον,
3364 5633 3430 5685 ἵν’
3487 5632 3632 5684 οὑτω

2059 5734 2154 5788 καὶ
2185 5733 2295 5786 τῶν
2326 5730 2752 5801 ἐπηγγελμένων
2802 5729 3027 5797 ἀγαθῶν
3081 5727 3408 5798 κληρονόμοι
3454 5726 3632 5791 γένοι-

2064 5826 2177 5890 σθε,
2211 5824 2246 5878 ἀ
2277 5825 2572 5895 ἡτοίμασεν
2612 5827 2637 5877 ό
2672 5822 2799 5886 Θεὸς
2847 5824 2960 5886 τοῖς
2990 5823 3344 5890 ἀγοπήσασιν
3373 5818 3538 5869 αὺτὶν
3571 5818 3633 5868 ἐκ
