4334 6480
320 441 454 507 1313

1145 456 1490 516 CALLISTI
1536 445 1646 518 ET.
1678 459 2011 519 leo'm
2026 462 2098 521 EI
2130 463 2239 523 CP.
2273 465 2730 528 ΡΑτιιιΛιιριι.

3411 462 3547 527 ισιι
3583 507 3598 539 .,

315 559 425 617 κῶς
450 557 726 653 κακοείως
755 563 847 614 καὶ
867 565 1207 634 ὴγνισμένως
1233 568 1327 620 καὶ
1353 571 1492 636 μετά
1515 571 1885 641 καθαρότητος
1915 595 1957 646 Α
1988 580 2080 629 καὶ
2126 576 2342 644 μακράν
2383 578 2848 653 ἀπορριφήσεται,
2893 577 2968 638 ὡς
3011 577 3226 642 ἀνάξιος
3267 577 3410 627 κατὰ
3448 551 3668 644 τὴνλ-’κυ

317 648 810 717 προσαρμοζούσης
840 653 952 716 τοῖς
982 655 1058 720 τῷ
1092 654 1213 724 9εῷ
1244 657 1500 725 ἱερᾶσθαι
1530 660 1755 729 λαχοῦσι
1784 662 1881 714 καὶ
1984 665 2278 736 κανονικὴν
2310 648 2697 737 παρατήρησίν
2728 685 2786 720 τε
2819 668 2915 720 καὶ
2943 666 3370 736 παρακέλευσιν.

317 738 500 804 δοχεῖα
537 737 692 792 οὖσιν
730 743 917 797 αὐτοῦ.
948 744 1256 799 Ἐνοεν-τοι
1299 749 1391 800 καὶ
1431 751 1531 816 τῆς
1573 752 1879 821 κρείττονος

317 828 570 894 τυχόντες
609 829 659 880 οἱ
702 831 865 898 ἱερεῖς
906 833 1109 897 τάξεως
1153 836 1275 888 καθ’
1299 837 1357 891 ὃν
1395 840 1609 908 εἴρηται
1652 842 1877 909 τρόπον,

318 917 625 983 ὀφείλουσιν
668 922 884 984 πάντως
932 926 1159 993 κοσμεῖν
1205 929 1433 991 ἐαυτοὺς
1484 933 1578 984 καὶ
1619 934 1732 994 τοῖς
1773 933 1883 986 τῶν

319 1007 533 1074 ἀρετῶν
563 1008 745 1077 ἔργοις
777 1011 1101 1066 ἀπευθύνειν
1130 1018 1210 1078 είς
1243 1004 1473 1088 μίμησιν
1502 1022 1642 1074 κατά
1671 1023 1732 1074 τὸ
1766 1000 1885 1091 ἐφι-

321 1095 448 1146 κτὸν
478 1096 572 1148 τοῦ
606 1099 821 1166 πρώτου
854 1103 949 1152 καὶ
982 1103 1220 1170 μεγάλου
1254 1107 1558 1175 ἀρχιερέως
1591 1110 1687 1162 καὶ
1717 1110 1884 1162 καλοῦ

323 1186 599 1253 ποιμένος,
631 1189 838 1257 Κυρίου
868 1191 1025 1260 ήμῶν
1059 1195 1234 1260 Ἰησοῦ
1267 1195 1527 1265 Χριστοῦ,
1557 1201 1652 1252 τοῦ
1682 1203 1749 1253 τά
1781 1203 1886 1255 ῐδια

323 1275 571 1342 πρόϐατα
611 1277 906 1342 καλοῦντος
947 1284 1066 1335 κατ’
1090 1285 1258 1352 δνομα
1300 1288 1409 1340 ἀπὸ
1443 1290 1540 1356 τῆς
1580 1289 1723 1358 ζωῆς
1758 1293 1888 1344 ταύ-

323 1379 420 1431 της
454 1366 548 1417 ἐπὶ
582 1367 679 1434 τὴν
713 1369 1013 1436 μέλλουσαν
1043 1375 1138 1426 καὶ
1167 1379 1280 1438 τοῖς
1312 1378 1544 1442 δικαίοις
1579 1382 1888 1454 ἀποκεκλη-

325 1455 580 1524 ρωμένην
606 1459 696 1510 καὶ
729 1459 1042 1514 ἀκολουθεῖν
1070 1466 1188 1515 κατ’
1215 1465 1358 1535 ἴχνος
1387 1468 1497 1531 τοῖς
1528 1469 1694 1533 θείοις
1723 1474 1888 1528 αὐτοῦ

325 1543 615 1614 διδάγμασι
658 1549 751 1601 καὶ
786 1553 901 1614 ταῖς
941 1553 1207 1618 ἐντολαῖς,
1245 1558 1383 1610 ἀλλά
1426 1561 1499 1628 μὴ
1533 1563 1650 1624 ταῖς
1689 1564 1750 1615 ού
1794 1538 1892 1617 κά-

325 1637 446 1701 λαῖς
479 1639 760 1707 βιωτικαῖς
793 1645 1149 1712 περιστάσεσι
1184 1648 1276 1700 καὶ
1303 1651 1416 1712 τοῖς
1443 1652 1652 1718 γηίνοις
1681 1655 1890 1719 τούτοις

329 1727 428 1806 καὶ
459 1731 821 1800 προσκαίροις
854 1739 1286 1804 προστετηκότες
1318 1742 1638 1809 χραίνεσθαι
1660 1785 1674 1807 ,
1706 1746 1890 1796 ἐντεῦ-

326 1818 418 1871 θεν
463 1821 558 1872 καὶ
605 1821 695 1873 τὸν
748 1822 851 1888 τῆς
899 1823 1079 1893 ψυχῆς
1129 1827 1408 1897 ὀφθαλμὸν
1456 1833 1750 1900 ἀμϐλύνειν
1798 1837 1892 1887 καὶ

2390 797 2418 866 ι·
2451 797 2772 867 Ὑπόσχεσις
2805 799 2913 851 τῶν
2949 799 3149 853 αὐτῶν.
3222 805 3246 821 ⁹

2055 931 2122 984 ll.
2154 931 2195 1002 1-
2232 932 2382 985 Ἐπεὶ
2411 934 2439 985 ὀ
2465 933 2885 999 παναγιώτατος
2912 933 3073 1002 ἡμῶν
3099 933 3394 1000 δεσπότης,
3425 933 3452 984 ὁ
3478 933 3554 984 οἱ-

1986 1024 2309 1090 κουμενικδς
2337 1024 2704 1094 πατριάρχης,
2732 1026 2829 1093 τῆς
2855 1024 2965 1076 τῶν
2991 1025 3248 1077 ἀπάντων
3279 1025 3553 1089 σωτηρίας

1987 1113 2078 1163 καὶ
2105 1111 2357 1177 εὐταξίας
2385 1115 2682 1182 κηδόμενος
2699 1157 2713 1178 ,
2738 1114 2813 1176 ὡς
2839 1117 2948 1166 ἀπὸ
2974 1114 3108 1167 Θεοῦ
3137 1116 3555 1182 καταπεμφοεὶς

1987 1202 2068 1263 εἱς
2116 1204 2294 1253 κοινὸν
2340 1203 2617 1270 φωτισμὸν
2666 1205 2760 1256 καὶ
2808 1205 3101 1272 ἀγιασμδν,
3151 1205 3249 1266 τὰς
3298 1205 3556 1270 ἀνωτέρω

1988 1292 2129 1343 κατά
2167 1292 2329 1359 μέρος
2361 1294 2660 1361 εἰρημένας
2694 1293 3046 1361 παραινέσεις
3081 1293 3172 1344 καὶ
3205 1293 3556 1352 διδασκαλίας

1991 1386 2448 1451 παρηγγυήσατο,
2477 1384 2581 1435 ὑπὸ
2606 1384 2700 1436 τοῦ
2731 1383 3001 1448 παναγίου
3030 1382 3346 1450 Πνεύματος
3373 1382 3558 1432 κινού⁹

1994 1472 2150 1540 μενός
2180 1489 2238 1524 τε
2270 1474 2364 1524 καὶ
2397 1473 2794 1542 όδηγούμενος,
2825 1471 2890 1533 ἃς
2920 1473 3017 1526 καὶ
3041 1472 3113 1534 ὼς
3145 1473 3242 1524 ἀπ’
3267 1472 3431 1524 αὐτοῦ
3463 1472 3555 1523 το5

1989 1559 2125 1612 Θεοῦ
2165 1561 2467 1630 ἐδεξάμεθα
2506 1563 2818 1631 ὁλοψύχως,
2864 1561 3282 1630 ὑπισχνούμεθα
3322 1561 3420 1631 ἤδη
3467 1564 3556 1625 ἑγ-

1992 1652 2252 1718 γράφως,
2301 1653 2388 1704 ῖνα
2438 1654 2798 1722 φυλάττωμεν
2846 1654 2941 1715 τὰς
2988 1653 3246 1714 τοιαύτας
3291 1640 3562 1716 διατάξεις

1993 1743 2086 1793 καὶ
2113 1743 2488 1805 ύποτυπώσεις
2518 1743 2968 1812 ἀπαραποιήτους
2991 1761 3050 1795 τε
3083 1747 3176 1794 καὶ
3204 1741 3563 1811 ἀπαραθραύ-

1996 1847 2174 1895 στους,
2207 1834 2300 1884 καὶ
2332 1833 2726 1903 συντηρὼμεθα
2757 1839 2898 1887 κατά
2931 1835 3106 1888 πάντα
3138 1833 3230 1885 ἐπὶ
3262 1836 3326 1902 τῇ
3361 1832 3565 1900 τούτων

325 1907 466 1960 οὕτω
497 1909 613 1977 βίον
644 1909 918 1979 αἱρεῖσθαι
947 1913 1227 1983 ἀπᾴδοντα
1258 1919 1353 1969 καὶ
1385 1919 1459 1986 μὴ
1494 1921 1888 1988 συμφωνοῦντα
1925 1920 1966 1974 Β
1992 1922 2264 1992 ἀσφαλείᾳ
2306 1924 2399 1974 καὶ⁵
2442 1923 2806 1993 ἐκπληρώσει.
2850 1923 2977 1975 Ἐάν
3020 1923 3277 1989 δέ,⁰ὅπερ
3326 1923 3565 1987 ἀπεύχο-

327 1998 404 2068 τῷ
446 1998 709 2068 ἱερατικῷ
752 2002 1014 2072 σχήματι,
1049 2004 1124 2067 ὡς
1156 2010 1223 2076 τῇ
1267 2008 1416 2079 αίτίᾳ
1449 2011 1619 2080 ταύτῃ
1661 2011 1897 2080 συμϐαίιτ

327 2106 458 2150 νειν,
507 2088 603 2160 τὴν
632 2103 635 2107 '
651 2091 750 2160 μὲν
796 2093 1047 2171 γλῶσσαν
1093 2097 1366 2168 ἐπιρῤεπῆ
1414 2101 1548 2170 πρὸς
1594 2102 1657 2153 τὸ
1702 2101 1896 2170 ψεῦδος

325 2179 472 2247 ἐχειν
501 2181 723 2246 αὐτοὺς,
758 2184 1129 2258 φιλαργύρους
1157 2188 1216 2240 δέ
1248 2190 1535 2257 φαίνεσθαι
1567 2195 1662 2246 καὶ
1688 2195 1896 2247 οἰνοπό-

326 2288 445 2335 τας,
484 2271 819 2338 πλεονεξίαις
849 2280 1137 2346 χαίροντας
1168 2282 1260 2334 καὶ
1290 2281 1628 2352 φιλοκερδεῖς
1655 2286 1896 2355 ἀσχημό-

329 2379 433 2424 νως
473 2365 566 2416 καὶ
600 2364 661 2419 τὸ
697 2368 843 2436 μέγα
875 2369 975 2438 τῆς
1009 2370 1307 2441 ἱερωσύνης
1343 2371 1477 2442 ὕψος
1498 2413 1513 2439 ,
1550 2375 1651 2442 φεῦ
1680 2379 1692 2431 ι
1730 2394 1898 2429 κατα-

332 2452 586 2519 σπῶντας
632 2457 710 2521 εἱς
759 2459 1031 2536 ἐμπορίαν
1080 2462 1359 2532 προδήλως
1410 2467 1893 2537 κατεγνωσμένην,

326 2542 484 2610 ὀλίγα
509 2545 602 2598 τοῦ
629 2548 767 2602 κατὰ
793 2547 969 2620 ψυχὴν
997 2552 1146 2616 ἐντὸς
1177 2553 1464 2622 ἀνθρώπου
1494 2557 1900 2627 φροντίζοντας,

325 2635 418 2688 τὸν
451 2635 495 2689 δ’
519 2636 626 2702 ἐξω
661 2640 757 2692 καὶ
792 2644 1108 2711 σωματικὸν
1140 2645 1466 2714 θεραπεύειν
1501 2650 1662 2717 μόνον
1697 2653 1912 2720 προθυ-·

333 2730 660 2797 μουμένους,
683 2731 760 2794 ὡς
784 2733 1029 2801 γίνεσθαι
1058 2736 1149 2790 τὸν
1178 2736 1325 2807 ἱερέα
1347 2737 1423 2801 ὡς
1447 2739 1538 2792 τὸν
1559 2739 1685 2793 λαόν
1705 2757 1719 2772 ο
1749 2743 1901 2810 μόλις

331 2821 438 2890 γάρ
476 2822 541 2875 ἂν
573 2823 650 2893 τῷ
685 2827 929 2893 περιόντι
964 2828 1074 2882 τῶν
1110 2829 1290 2883 καλῶν
1325 2830 1503 2902 ῑργων
1537 2831 1816 2902 δυνηθεῖεν
1852 2837 1902 2888 οἱ

333 2915 496 2983 ἱερεῖς
537 2914 718 2972 ἕλκειν
756 2922 836 2982 είς
878 2920 1110 2991 μίμησιν
1152 2923 1277 2986 τοὺς
1317 2926 1398 2985 είς
1437 2925 1633 2987 αὐτοὺς
1678 2925 1904 2991 βλέπον-

329 3021 428 3067 τας
456 3023 470 3037 ο
503 3007 597 3060 ἐὰν
630 3007 683 3059 δὲ
721 3009 924 3077 φαῦλον
957 3012 1268 3081 ἀρχέτυπον
1301 3015 1634 3082 φαίνωνται,
1673 3033 1902 3083 καταγι-

332 3099 691 3167 νωςκόμενοι,
733 3103 908 3173 πόσης
950 3105 1017 3158 ἂν
1058 3105 1142 3176 εῖη
1187 3104 1346 3158 τοῦτο
1384 3106 1484 3176 τῆς
1528 3109 1905 3179 κατακρίσεως

331 3189 520 3257 ἀξιονς
555 3195 652 3246 Διά
685 3194 860 3249 ταῦτα
894 3195 1310 3268 διασκεψαμένη
1347 3200 1379 3267 ἡ
1421 3201 1713 3271 μετριότης
1749 3201 1905 3271 ήμῶν

335 3282 635 3350 ἀσφάλειαν
679 3287 774 3357 τὴν
817 3288 1135 3359 πρέπουσαν
1161 3293 1478 3362 ¹ἐποιήσατο
1523 3295 1616 3346 καὶ
1656 3295 1756 3364 τῆς
1800 3295 1908 3348 τῶν

339 3372 532 3442 ἱερέων
565 3374 936 3445 διορθώσεως,
972 3379 1214 3448 Χριστοῦ
1249 3381 1469 3450 χάριτι,
1503 3383 1595 3435 καὶ
1629 3381 1910 3446 ἐξελέξατο

337 3466 444 3516 ἀπὸ
471 3467 576 3518 τῶν
599 3469 654 3520 ἐν
680 3472 745 3538 τῇ
774 3468 1106 3541 θεοδοξάστῳ
1136 3472 1711 3525 Κωνσταντινουπόλει
1740 3473 1913 3525 τοιού·-

337 3575 448 3609 τιυν
471 3560 661 3628 ἱερέων
682 3561 803 3621 τοὺς
833 3565 1364 3634 μεμαρτυρημένους
1389 3565 1785 3619 ἀντιποιεῖσθαι
1815 3567 1914 3635 μά·-

339 3651 498 3703 λιστα
533 3651 651 3720 βίου
682 3653 962 3722 θεοφιλοῦς
995 3656 1088 3708 καὶ
1120 3657 1442 3724 κρείττονας
1473 3658 1566 3709 καὶ
1596 3657 1915 3710 εὐλαϐεστέ-

346 3761 506 3811 ρους,
558 3747 650 3797 καὶ
702 3749 1006 3819 κατέστησε
1060 3748 1186 3802 καθ’
1219 3749 1457 3818 ἑκάστην
1511 3750 1784 3817 γειτονίαν
1833 3751 1914 3812 είς

343 3834 610 3906 ἐξάρχους
643 3838 752 3890 τῶν
779 3839 981 3892 λοιπῶν
1015 3840 1203 3910 ἱερέων
1234 3839 1330 3894 ἐπὶ
1361 3839 1437 3909 τῷ
1475 3840 1620 3894 κατά
1649 3839 1748 3911 τὴν
1777 3841 1915 3910 πρὸς

343 3928 540 3992 αὐτοὺς
584 3929 840 3983 ἀνάθεσιν
877 3931 1019 4002 μετά
1057 3935 1240 4004 πάσης
1276 3933 1556 4003 προσοχῆς
1595 3935 1686 3986 καὶ
1721 3951 1917 4003 συντη-

348 4020 558 4089 ρήσεως
589 4022 909 4077 ἐπιϐλέπειν
935 4024 1130 4088 αὐτοὺς
1161 4027 1256 4079 καὶ
1287 4024 1561 4078 διδάσκειν
1591 4026 1685 4078 καὶ
1715 4041 1916 4096 παραι-

344 4118 488 4179 νεῖν,
520 4115 619 4169 ὃσα
651 4117 731 4180 εἱς
767 4115 1028 4170 σύστασιν
1060 4117 1156 4170 καὶ
1189 4117 1394 4187 κόσμον
1428 4117 1708 4185 ἀφορῶσιν
1738 4117 1919 4170 αὐτῶν

345 4206 437 4259 καὶ
490 4205 793 4274 ἀσφάλειαν
839 4207 944 4277 τῆς
994 4207 1459 4278 ἐκκλησιαστικῆς
1509 4206 1917 4272 καταστάσεως,

344 4296 419 4356 ὡς
457 4295 524 4351 ἂν
558 4297 809 4352 ἐντεῦθεν
841 4299 1118 4368 τδτίμιον
1155 4301 1248 4352 καὶ
1283 4298 1562 4368 αίδέσιμον
1597 4298 1814 4368 ἔχοντες
1845 4297 1922 4349 οτ-

345 4392 505 4444 κοθεν
537 4392 637 4461 τῆς
673 4391 989 4462 πρεπούσης
1024 4392 1285 4457 άξιῶνται
1321 4391 1608 4454 εὐλαϐείας
1641 4391 1734 4444 καὶ
1767 4391 1921 4460 παρά

344 4485 440 4537 τοῦ
482 4482 665 4538 κοινοῦ
706 4484 988 4554 δημώδους
1027 4482 1191 4550 λαοῦ,
1230 4485 1325 4537 καὶ
1364 4485 1561 4553 ἔχωσιν
1595 4480 1742 4549 οὗτοι
1787 4483 1920 4550 πρὸς

2000 2011 2156 2079 μεθα,
2206 2011 2636 2079 ἀπελεγχθῶμεν
2678 2011 2770 2063 ἐπὶ
2816 2012 3125 2079 παραϐάσει
3171 2012 3266 2062 καὶ
3313 2011 3570 2078 ἀθετήσει

1996 2101 2174 2155 αὐτῶν
2197 2143 2211 2163 ,
2249 2101 2741 2170 καταδικαζώμεθα
2779 2104 2869 2155 καὶ
2905 2103 3269 2171 ἐκπίπτωμεν
3307 2105 3563 2169 ἀσυμπα-

1997 2193 2103 2254 θῶς
2141 2195 2234 2246 καὶ
2267 2195 2366 2262 τῆς
2406 2196 2706 2262 ἱερωσύνης
2740 2195 2896 2264 ἡμῶν
2919 2234 2934 2257 ,
2972 2194 3066 2246 καὶ
3102 2191 3456 2259 εὑθυνὼμεοα
3493 2191 3570 2251 ὡς

1997 2285 2096 2347 τὰς
2148 2281 2615 2354 ὲκκλησιαστικάς
2671 2285 2766 2337 καὶ
2820 2285 3184 2346 ἀποστολικάς
3238 2282 3567 2351 παραδόσεις

1999 2375 2468 2444 περιφρονοῦντες.
2493 2376 2651 2445 Μηνὶ
2680 2378 3008 2446 Δεκεμϐρίῳ
3041 2375 3153 2430 ινδ.
3183 2374 3253 2429 δ’.

2068 2467 2108 2537 ἰ’
2144 2469 2275 2535 Περὶ
2313 2468 2430 2521 τῶν
2463 2470 2833 2538 ἐκλεγέντων
2869 2467 3290 2535 πνευματικῶν
3323 2466 3423 2520 διὰ
3455 2483 3575 2519 τοι-

1998 2549 2192 2613 ὸύτων
2225 2559 2601 2614 δεσποτικῶν
2632 2546 2839 2629 τιμίων
2873 2560 3300 2626 ἐνταλτηρίων.

2073 2742 2167 2794 Ill.
2203 2739 2246 2810 1·
2279 2740 2344 2794 Ἦ
2373 2741 2464 2793 τοῦ
2499 2741 2801 2808 φιλαγάθου
2831 2740 2968 2793 Θεοῦ
2999 2742 3157 2810 ἡμῶν
3191 2742 3321 2809 περὶ
3349 2743 3409 2794 τὸ
3445 2743 3580 2811 ἡμέ-

2001 2849 2162 2898 τερον
2193 2831 2348 2897 γένος
2378 2832 2675 2900 κηδεμονία
2701 2832 2878 2900 σοφῶς
2908 2833 2974 2886 τά
3007 2834 3181 2886 πάντα
3213 2833 3580 2902 διοικονομουο

2007 2925 2141 2991 μένη
2172 2925 2268 2976 καὶ
2297 2923 2651 2978 διευθύνουσα
2679 2927 2778 2993 τὴν
2808 2925 2910 2994 τῆς
2945 2925 3329 2992 πνευματικῆς
3362 2926 3584 2994 χάριτνς

2006 3015 2318 3082 ἐπιστήμην
2352 3015 2590 3084 ἀρχῆθεν
2628 3019 2736 3078 τοῖς
2771 3015 2871 3086 τὴν
2905 3017 3276 3086 ποιμαντικὴν
3311 3020 3408 3070 καὶ
3441 3017 3584 3069 διδα-

2007 3107 2271 3176 σκαλικὴν
2307 3106 2465 3172 ἀξίαν
2505 3105 2761 3175 λαχοῦσιν
2804 3107 3090 3178 ἱεράρχαις
3133 3107 3468 3176 ἐπέτρεψεν,
3508 3111 3585 3168 εἰς

2007 3200 2213 3270 δοχεῖον
2246 3198 2342 3252 τοῦ
2380 3199 2536 3267 ἀγὶου
2572 3201 2894 3269 Πνεύματος
2927 3200 3418 3268 παρασκευάσασιν
3457 3201 3587 3251 ἐαυ-

2012 3291 2171 3354 τούς·.
2209 3292 2385 3360 ἀλλ’ἢ
2442 3293 2679 3360 μέριμνα
2722 3293 2815 3344 καὶ
2860 3291 3082 3358 φροντὶς
3126 3288 3235 3342 τῶν
3279 3291 3590 3358 ἐκκλησιῶν

2013 3385 2106 3438 καὶ
2146 3385 2179 3452 ἠ
2228 3382 2366 3448 μετά
2409 3383 2641 3450 σπουδῆς
2687 3382 3039 3451 ἐπεκδίκησις
3071 3381 3182 3434 τῶν
3216 3383 3590 3450 ἀδικουμένων

2016 3477 2105 3526 καὶ
2135 3476 2189 3526 αἱ
2219 3475 2328 3526 τῶν
2362 3473 2544 3543 χηρῶν
2573 3475 2667 3525 καὶ
2698 3473 2951 3542 ὀρφανῶν
2981 3473 3408 3541 ἐποφειλόμεναι
3442 3476 3591 3526 ἀντι.-

2013 3566 2206 3634 λήψεις
2234 3565 2324 3617 καὶ
2351 3564 2711 3634 προστασίαι,
2743 3565 2968 3632 προσέτι
2993 3580 3057 3633 γε
3091 3565 3197 3634 μὴν
3226 3565 3318 3617 καὶ
3345 3565 3412 3619 τά
3443 3569 3593 3624 παρά

2015 3660 2107 3713 τοῦ
2151 3659 2329 3712 κοινοῦ
2371 3657 2568 3727 ἐχθροῦ
2609 3657 2687 3726 τῷ
2735 3657 3061 3726 ἀνθρωπίνῳ
3102 3659 3246 3724 γένει
3290 3657 3403 3710 τῶν
3445 3661 3595 3728 αἱρέ-

2018 3767 2156 3803 σεων
2194 3749 2414 3816 κύματα
2452 3746 2732 3814 θαλάσσης
2767 3747 2924 3816 δίκην
2959 3744 3052 3798 ὑπ’
3078 3745 3295 3815 ἀνέμων
3328 3765 3595 3818 τραχυνο-

2020 3842 2188 3910 μένης
2232 3839 2374 3892 κατά
2413 3839 2512 3906 τῆς
2552 3836 2837 3906 όρθοδόξου
2880 3836 3123 3898 πίστεως
3167 3837 3494 3906 ἐγειρόμενά
3536 3856 3593 3888 τε

2019 3934 2116 3986 καὶ
2165 3931 2521 3993 ἐπικλύζοντα
2575 3929 2915 3982 στασιαστῶν
2965 3927 3060 3980 καὶ
3105 3929 3455 3997 χαιρεκάκων
3508 3933 3601 3981 ἁν-

2021 4024 2259 4094 θρώπων
2295 4023 2398 4074 ὑπὸ
2431 4021 2530 4074 τοῦ
2571 4020 2806 4090 πονηροῦ
2852 4020 3264 4090 ἐνεργουμένων
3301 4022 3442 4072 κατά
3484 4021 3598 4072 δια-

2022 4116 2223 4185 φόρους
2251 4112 2480 4184 καιρούς
2502 4129 2561 4165 τε
2586 4113 2682 4164 καὶ
2706 4116 2931 4180 χρόνους
2956 4113 3407 4180 ἐπανισταμένων
3431 4113 3600 4181 άφρό⁴

2021 4226 2127 4272 νως
2171 4210 2270 4262 οὐκ
2316 4207 2488 4276 ἐφῆκε
2535 4205 2749 4268 τούτοις
2798 4203 3015 4274 βοηθεῖν
3063 4205 3209 4257 κατά
3256 4205 3462 4257 σκοπὸν
3510 4209 3604 4258 καὶ

2025 4299 2356 4371 θεραπεύειν
2389 4295 2832 4367 ἐπιστημονικῶς
2864 4296 2989 4357 τοὺς
3025 4295 3166 4363 βέλει
3196 4296 3296 4364 τῆς
3328 4297 3604 4365 ἁμαρτίας

2025 4393 2470 4463 πεπληγμένους,
2521 4390 2817 4444 κάντεῦθεν
2865 4389 3132 4451 ποικίλοις
3183 4389 3279 4442 καὶ
3323 4390 3603 4456 διαφόροις

2024 4487 2301 4558 τραύμασι
2347 4484 2748 4545 καταστίκτους
2796 4482 3199 4550 γεγενημένους
3246 4483 3339 4534 καὶ
3391 4482 3606 4532 πολλῶν

303 4599 317 4616 ε
347 4576 546 4638 αὐτοὺς
578 4574 638 4626 τὸ
680 4573 844 4637 σέϐας
885 4573 1322 4643 προσερχόμενοι
1367 4573 1466 4625 καὶ
1506 4570 1797 4639 ζητοῦντες
1829 4572 1921 4624 τὸν
1955 4596 1998 4652 υ
2027 4582 2136 4634 τῶν
2165 4579 2475 4647 φαρμάκων
2504 4576 2734 4628 καὶτῶν
2766 4577 2964 4627 ίάσεων
2988 4574 3298 4640 δεομένους.
3328 4573 3425 4624 Διά
3452 4572 3610 4624 τοῦτο

348 4667 628 4734 ἀγιασμὸν
655 4665 788 4736 παρ’
813 4665 993 4721 αὐτῶν
1023 4664 1142 4734 μετ’
1164 4663 1346 4727 αἰδοῦς
1371 4681 1428 4718 τε
1459 4666 1552 4717 καὶ
1583 4663 1918 4728 εὐπειθείας,

349 4759 445 4810 καὶ
475 4758 626 4811 οὐδὲν
657 4757 1059 4828 καθυϐρίζηται
1091 4758 1150 4811 τὸ
1185 4759 1330 4828 μέγα
1359 4757 1522 4811 τοῦτο
1549 4757 1649 4824 τῆς
1685 4757 1918 4823 Ἐκκλη-

350 4851 476 4912 σίας
509 4849 804 4916 κεφάλαιον
839 4850 925 4903 διά
961 4850 1237 4911 πολιτείας
1273 4851 1485 4920 φαύλης
1507 4893 1520 4917 ,
1556 4850 1630 4911 ῶς
1665 4851 1917 4918 εἴρηται·

347 4942 770 5008 γινωσκέτωσαν
823 4944 932 5013 γάρ
990 4944 1070 5006 είς
1125 4941 1350 5013 βεϐαίαν
1407 4943 1498 4995 καὶ
1549 4941 1922 5011 ἀναμφίϐολον

349 5035 749 5106 πληροφορίαν,
777 5038 880 5101 ὅτι,
907 5036 966 5097 ὃς
997 5035 1063 5089 ἀν
1095 5035 1203 5088 ἀπὸ
1233 5036 1326 5087 τοῦ
1359 5034 1453 5087 νῦν
1481 5035 1679 5105 εὑρεθῇ
1708 5033 1816 5086 τῶν
1850 5032 1925 5084 ἱε-

351 5130 589 5200 ρατικῶς
620 5129 1097 5201 ἐξυπηρετούντων
1127 5126 1248 5197 Θεῷ
1277 5127 1752 5197 ἀναστρεφόμενος
1787 5128 1924 5191 μετά

350 5223 556 5276 λαϊκῶν
597 5225 657 5277 ἐν
700 5223 1026 5292 συμποσίοις
1069 5221 1101 5284 ἢ
1143 5219 1420 5282 ἀσυνέτως
1463 5220 1557 5272 καὶ
1597 5218 1927 5288 ἀφυλάκτως

353 5315 674 5387 περιπατῶν
706 5315 736 5384 ἢ
772 5317 975 5386 μάχαις
1006 5315 1105 5366 καὶ
1133 5316 1400 5384 ταραχαῖς
1431 5315 1525 5365 καὶ
1558 5312 1780 5365 στάσεσι
1813 5311 1930 5380 χαί-

356 5426 466 5480 ρων
519 5408 552 5480 ῆ
611 5407 885 5478 ἐμπορίαν
941 5407 1267 5476 ποιούμενος
1323 5406 1781 5475 κατεγνωσμένην
1836 5405 1930 5456 καὶ

352 5501 731 5570 ἀπείργουσαν
774 5500 835 5554 τὸ
884 5499 1163 5570 ἱερατικὸν
1205 5497 1453 5568 ἀξίωμα,
1499 5496 1533 5567 ἢ
1577 5497 1931 5567 ὁπωσδήποτε

356 5599 727 5670 ἀπελεγχθείη
759 5599 963 5667 διάγων
1002 5597 1155 5667 παρά
1186 5596 1284 5667 τὴν
1322 5593 1820 5667 προσαρμόζουσα-θ
1859 5593 1933 5644 ἱε-

362 5693 592 5763 ρατικὴν
627 5693 964 5768 κατάστασιν
988 5694 1091 5759 ,καὶ
1127 5691 1452 5761 ἀκρίϐειαν,
1490 5690 1804 5742 ἐκπεσεῖται
1838 5689 1937 5738 αἱ·

360 5786 482 5839 τίκα
517 5786 612 5855 τῆς
646 5785 803 5852 ἀξίας
834 5787 926 5838 καὶ
956 5785 1115 5855 δόξης
1145 5784 1238 5838 τοῦ
1274 5783 1632 5851 σεμνώματος
1661 5781 1757 5833 τοῦ
1790 5783 1939 5850 ἱερα-

362 5879 542 5947 τικοῦ,
585 5880 680 5934 καὶ
721 5879 813 5933 τοῦ
861 5878 1020 5950 χοροῦ
1065 5878 1171 5933 τῶν
1220 5877 1414 5949 ἱερέων
1461 5874 1938 5947 άποτμηθήσεται,

2028 4673 2090 4726 τδ
2122 4673 2222 4733 τῆς
2267 4671 2645 4738 πνευματικῆς
2682 4667 2885 4736 ταύτης
2923 4666 3200 4726 διακονῖας
3239 4665 3614 4732 λειτούργημα

2034 4761 2096 4813 τδ
2127 4759 2244 4813 κατ’
2268 4761 2477 4812 ἐκείνου
2511 4748 2707 4830 καιροῦ
2736 4759 2846 4819 τοῖς
2879 4755 3171 4825 ἱερατικῶς
3200 4755 3318 4820 Θεῷ
3351 4755 3617 4823 ἐξυπηρε-

2037 4855 2322 4925 τουμένοις
2345 4893 2359 4916 ,
2391 4849 2833 4920 κεκαθαρμένοις
2866 4847 2986 4902 οὖσι
3016 4847 3113 4899 καὶ
3145 4845 3344 4917 ἀρετῆς
3375 4845 3470 4898 καὶ
3504 4845 3617 4914 βίου

2040 4946 2324 5016 θεοφιλοῦς
2359 4945 2832 5013 ἀντιποιουμένοις
2867 4941 2964 4994 καὶ
3001 4935 3058 4992 εὖ
3099 4939 3240 5008 μάλα
3281 4940 3620 5007 πεπειραμέ-

2041 5059 2151 5103 νοις
2175 5039 2363 5110 ψυχῶν
2390 5035 2752 5107 προΐστασθαι
2779 5035 2874 5086 καὶ
2899 5032 3260 5102 χειραγωγεῖν
3287 5029 3457 5090 αὑτὰς
3489 5031 3620 5096 πρὶς

2040 5136 2141 5203 τὴν
2189 5130 2465 5200 σωτηρίαν
2508 5127 2660 5197 παρὰ
2701 5127 2808 5177 τῶν
2858 5123 3116 5176 τοιούτων
3163 5121 3484 5190 προστατῶν
3528 5121 3624 5170 καὶ

2041 5225 2515 5292 πνευματοφόρων
2554 5219 2813 5285 Πατέρων
2850 5217 2943 5268 καὶ
2983 5214 3325 5268 διδασκάλων
3360 5213 3586 5271 ἀνετέθη
3609 5251 3622 5273 ,

2045 5319 2118 5380 ὡς
2155 5317 2300 5378 είκθρς
2322 5355 2336 5377 ,
2376 5314 2515 5366 κατά
2554 5309 2840 5380 μετάδοσιν
2875 5309 3175 5377 θειοτέραν.
3204 5302 3312 5358 Ἦν
3349 5301 3443 5356 οὖν
3478 5303 3626 5354 τοῦίπ

2044 5412 2187 5464 οὕτω
2226 5408 2407 5470 καλῶς
2443 5408 2535 5457 καὶ
2568 5403 2882 5473 θεαρέστως
2916 5399 3218 5471 προϐαῖνον
3254 5416 3313 5451 τε
3352 5398 3447 5450 καὶ
3482 5398 3629 5463 γινό-

2051 5516 2214 5571 μενον
2236 5515 2251 5531 ο
2290 5498 2414 5550 ἐπεὶ
2452 5495 2507 5547 δέ
2541 5497 2661 5555 ταῖς
2695 5492 2836 5545 κατά
2875 5492 3067 5560 μικρὸν
3103 5489 3393 5558 ἐπηρείαις
3427 5485 3627 5552 τάτῆς

2049 5588 2331 5660 θεοφιλοῦς
2358 5587 2564 5655 ταύτης
2595 5584 2887 5638 ἐσϐέννυτο
2915 5581 3327 5643 καταστάσεως,
3358 5579 3453 5633 καὶ
3480 5579 3508 5630 ό
3535 5577 3631 5629 τοῦ

2052 5687 2259 5748 κόσμου
2301 5683 2507 5754 ἄρχων,
2548 5680 2642 5732 ἆτε
2681 5678 2745 5747 δὴ
2783 5677 2893 5728 τῶν
2939 5673 3194 5740 ζιζανίων
3236 5674 3495 5742 σπορεὺς,
3534 5673 3634 5723 οἰκ

2055 5779 2292 5834 ἐπαύετο
2324 5775 2608 5847 χρώμενος
2640 5774 2758 5834 ταῖς
2794 5770 3088 5831 κακίσταις
3126 5767 3292 5819 αὐτοῦ
3332 5766 3633 5834 μεθοδεία·.ς

2060 5873 2157 5930 καὶ
2205 5869 2474 5942 μηχαναῖς
2522 5867 2600 5930 είς
2647 5862 2926 5932 ἐξαπάτην
2969 5863 3065 5913 καὶ
3111 5856 3495 5927 ὲξουθενισμδν
3545 5858 3636 5909 καὶ
