4334 6480
821 433 964 502 1319

1879 431 2285 496 smomcm
2315 416 3002 506 CONSTITUTIONES.

3919 408 4068 496 ιεεο

812 500 958 598 κατὰ
983 544 1081 612 τὴν
1121 543 1228 594 τῶν
1267 543 1430 613 ίερῶν
1461 543 1706 596 κανόνων
1738 545 2144 613 παρακέλευσιν
2168 546 2250 606 είς
2285 545 2386 610 τὴν
2422 549 2460 601 Δ
2491 537 2746 606 ἐφορείας
2798 537 3113 596 “NW-“Vo
3157 537 3220 590 οὗ
3275 536 3384 607 μὴν
3418 500 3518 607 τὴν
3571 540 3763 593 τοῦωυ
3797 542 4062 612 ἐπριοὴν

812 635 972 702 ἡμῶν
1025 633 1360 702 μετριότητα
1383 651 1396 664 ·
1429 633 1554 686 ὃθεν
1585 635 1679 686 καὶ
1720 633 2024 703 διεμηνύθη
2048 635 2190 687 κατὰ
2225 634 2284 686 τὸ
2309 633 2384 685 εί-

811 724 908 784 κδς
943 723 974 792 ἠ
1015 721 1243 791 ῥηθεῖσι
1273 724 1642 792 περιπόθητος
1672 723 1940 793 ἐξαδέλφη
1962 722 2057 776 τοῦ
2081 721 2384 789 κρατίστου

809 813 906 864 καὶ
957 811 1116 878 ἀγίου
1171 828 1276 878 μου
1329 811 1737 881 αὐτοκράτορος
1765 812 1799 881 ἡ
1828 810 2264 881 Φιλανθρωπηνὴ
2293 809 2387 862 διά

732 926 741 934 ι
807 900 904 953 τοῦ
929 900 1278 968 ἐντιμοτάτου
1303 899 1750 970 ῥαιφερενδαρίου
1771 901 1869 969 τῆς
1891 900 2016 954 καθ’
2035 901 2185 968 ἡμᾶς
2215 901 2388 968 ἀγιω-

807 993 978 1059 τάτης
1028 991 1120 1044 τοῦ
1155 991 1293 1044 Θεοῦ
1343 991 1604 1060 Μεγάλης
1639 989 2111 1061 Ἐκκλησίας,κῦρ
2130 988 2385 1060 Μανουὴλ

807 1083 904 1136 τοῦ
927 1082 1274 1152 Σιλόέοτρου,
1296 1077 1363 1154 ἧς
1389 1083 1453 1152 δὴ
1474 1082 1568 1135 καὶ
1602 1082 1772 1150 μηδὲν
1815 1082 2102 1149 εῖπούσης,
2121 1080 2258 1149 μηδέ
2279 1080 2386 1134 δειο

809 1172 978 1243 ξάσης
1007 1173 1150 1226 κατά
1169 1175 1228 1227 τὸ
1252 1174 1490 1245 πρῶτον,
1513 1174 1608 1225 καὶ
1633 1172 1871 1242 δευτέρῳ
1910 1171 2189 1242 μηνύματι
2219 1170 2386 1240 ἐχρη-

801 1263 1026 1331 σάμεθα
1051 1261 1142 1315 διά
1171 1262 1268 1315 τοῦ
1295 1263 1631 1331 τιμιωτάτου
1689 1261 1930 1330 μεγάλου
1965 1259 2382 1331 χαρτοφύλακος

807 1356 903 1406 καὶ
928 1356 1134 1407 ὑπάτου
1158 1354 1268 1407 τῶν
1300 1354 1632 1421 φιλοσόφων,
1658 1353 1961 1422 ἀγαπητῶν
1987 1353 2129 1406 κατά
2155 1355 2384 1422 Πνεῦμα

807 1445 942 1497 υίῶν
973 1447 1074 1513 τῆς
1120 1443 1278 1512 ήμῶν
1317 1445 1697 1514 μετριότητος,
1731 1443 2026 1498 κάντεῦθεν
2057 1445 2176 1497 ἀντὶ
2201 1445 2383 1513 πάσης

808 1531 1108 1599 ἀπολογίας
1151 1531 1502 1596 ἐξαπέστειλε
1551 1533 1691 1602 πρὶς
1723 1532 1822 1602 τὴν
1857 1532 2018 1602 ήμῶν
2049 1532 2383 1603 μετριότητα

800 1625 869 1675 ab
899 1622 1139 1676 τοιοῦτον
1181 1624 1377 1676 σεπτὸν
1401 1621 1820 1692 χρυσόδουλλον,
1840 1623 1979 1693 δπερ
2010 1623 2105 1677 καὶ
2135 1625 2384 1692 ἀναγνω-

808 1712 934 1765 οθέν
962 1713 1056 1764 καὶ
1090 1711 1334 1775 ἐξετάσει
1361 1711 1514 1764 δοθέν
1543 1711 1777 1781 εὕρηται
1806 1712 1906 1781 οὐχ
1939 1711 2014 1774 ὡς
2047 1712 2257 1784 προέϐη
2282 1712 2383 1783 τὴν

805 1801 1006 1873 ἀρχὴν,
1039 1801 1155 1854 ἀλλ’
1195 1803 1315 1871 οὑχ,
1360 1801 1436 1863 ὡς
1475 1801 1606 1867 εδει,
1631 1792 2000 1869 μεταποιηθυ
2035 1802 2132 1856 καὶ
2166 1803 2242 1873 μὴ
2278 1803 2382 1874 τῆς

801 1891 1065 1962 ἀληθείας
1088 1878 1370 1961 ἐχόμενον,
1394 1893 1450 1944 ὲν
1474 1887 1556 1956 οἷς
1582 1892 1684 1963 τὴν
1711 1890 1828 1962 τοῦ,
1855 1894 2228 1965 μοναστηρίου
2275 1911 2381 1948 πα·-

808 1983 1110 2053 ραπομπὴν
1137 1985 1234 2034 καὶ
1259 1982 1672 2037 καταδούλωσιν
1703 1983 1940 2037 ἐποιεῖτο
1969 1984 2065 2038 καὶ
2095 1985 2235 2055 πρὸς
2253 1986 2382 2051 τοὺς

805 2075 1005 2137 παῖδας
1031 2073 1126 2127 τοῦ
1161 2074 1422 2144 ῥηθέντος
1451 2076 1981 2144 πανυπερσεσάστου
2023 2076 2118 2130 καὶ
2143 2075 2381 2148 καθεξῆς

797 2167 1063 2232 ὡσαύτως
1117 2168 1252 2236 πρὸς
1299 2170 1426 2231 τοὺς
1475 2168 1535 2235 ἐξ
1573 2169 1800 2224 ἐκείνων
1849 2169 2046 2236 παῖδας
2073 2171 2173 2223 καὶ
2199 2169 2381 2225 διαδό-

795 2277 948 2329 χους.
981 2259 1094 2329 Τῆς
1128 2258 1259 2328 γοῦν
1292 2260 1606 2324 ὑποθέσεως
1651 2261 1797 2315 οὕτω
1850 2263 2377 2334 παρακολουθούσης

797 2346 892 2400 καὶ
916 2345 1014 2399 τοῦ
1047 2343 1294 2400 τοιούτου
1344 2346 1549 2402 σεπτοῦ
1582 2349 1983 2420 χρυσοθούλλου
2019 2353 2163 2422 μετά
2187 2353 2373 2417 ἐξετά-

796 2456 934 2503 σεως
955 2439 1218 2512 ἀκριϐοῦς
1235 2441 1600 2510 ἀναφανέντος
1634 2456 1976 2514 μεταπεποιη
1985 2444 2150 2514 μένου
2176 2448 2256 2509 είς
2279 2447 2379 2517 τὴν
2406 2515 2416 2524 _

801 2530 1067 2601 ῥηθεῖσαν
1097 2528 1486 2600 παραπομπὴν
1534 2533 1626 2583 καὶ
1672 2530 2077 2585 καταδούλωσιν
2109 2535 2206 2586 καὶ
2238 2535 2378 2605 πρὸς

796 2621 928 2684 τοὺς
988 2621 1185 2682 παῖδας
1219 2619 1413 2673 τούτου
1466 2619 1531 2691 δὴ
1579 2621 1676 2674 τοῦ
1727 2623 2253 2695 πανυπερσεσάστου
2283 2627 2378 2680 καὶ

797 2712 938 2782 πρὸς
965 2715 1092 2777 τοὺς
1119 2713 1177 2781 ἐξ
1220 2713 1446 2767 ἐκείνων
1476 2714 1680 2783 ὀμοίως
1726 2713 1927 2784 ἐφεξῆς
1957 2717 2102 2769 κατά
2126 2717 2219 2770 τὸν
2247 2719 2379 2770 ἀνα-

793 2807 1187 2876 γεγραμμένον
1220 2806 1447 2875 τρόπον,
1492 2805 1589 2858 καὶ
1622 2805 1715 2859 τοῦ
1762 2807 2130 2876 παλαιγενοῦς
2163 2826 2377 2880 πρατη-

796 2899 916 2968 ρίου
964 2899 1298 2967 γράμματος
1330 2895 1506 2967 ἀληθῆ
1541 2897 1922 2969 παριστῶντος
1951 2899 2051 2970 τὴν
2095 2902 2248 2969 παρά
2277 2902 2377 2972 τῆς

789 2990 1134 3061 δηλωθείσης
1167 2989 1512 3059 ύψηλοτάτης
1556 2988 1852 3060 δεσποίνης
1876 2990 1988 3043 τῶν
2016 2991 2374 3061 Μουγουλίων

790 3085 1083 3154 γεγονυῖαν
1139 3082 1381 3152 ἀρχῆθεν
1439 3080 1705 3150 ἐξὼνησιν
1758 3082 1854 3134 καὶ
1907 3080 2048 3150 μετά
2099 3080 2373 3136 πλείστων

789 3171 1169 3240 ἀναλωμάτων
1199 3169 1416 3239 ἐκείνης
1445 3167 1541 3222 τοῦ
1583 3169 1950 3242 μοναστηρίου
1979 3165 2255 3240 ἀνίδρυσιν
2277 3171 2375 3226 καὶ

792 3262 1190 3336 προσκύρωσιν
1211 3261 1324 3314 τῶν
1353 3261 1756 3331 ἀφιερωμένων
1779 3262 1874 3316 καὶ
1904 3264 2374 3334 προσκεκυρωμέ-

790 3373 900 3410 νων
932 3354 1104 3424 αὐτῷ,
1129 3353 1206 3417 ὡς
1252 3352 1573 3422 δεδήλωται,
1604 3353 2070 3425 άποδεδειγμένης
2110 3371 2170 3408 τε
2203 3353 2373 3427 οῦσης

790 3453 884 3505 καὶ
914 3451 1013 3519 τῆς
1057 3447 1327 3519 τοσαύτης
1357 3447 1713 3516 καινοτομίας
1746 3449 1843 3500 καὶ
1872 3447 2054 3518 λύμης
2079 3448 2177 3501 καὶ
2203 3464 2373 3502 κατα-

785 3543 985 3614 τρισῆς
1032 3541 1129 3594 τοῦ
1179 3539 1549 3610 μοναστηρίου
1576 3542 1641 3591 ἐκ
1676 3539 1777 3609 τῆς
1809 3539 1953 3593 κατά
1984 3539 2151 3610 μέρος
2184 3540 2372 3612 ρηθεί·

783 3651 886 3703 σης
916 3631 1019 3689 τοῦ,
1042 3629 1567 3702 πανυπερσεδάστου
1597 3630 1801 3694 αίτίας,
1823 3631 1857 3701 η
1887 3633 2184 3704 μετριότης
2213 3632 2371 3702 ἡμῶν

785 3725 906 3792 ἀμα
958 3723 1061 3794 μέν
1098 3723 1195 3776 καὶ
1256 3720 1352 3775 τοῦ
1402 3720 1638 3791 ψυχικοῦ
1693 3721 2109 3793 κατακρίματος
2160 3724 2370 3777 ἐκεῖνον

785 3817 1229 3882 ἀπαλλάττουσα,
1271 3814 1388 3884 ἄμα
1424 3814 1483 3867 δέ
1527 3813 1626 3867 καὶ
1671 3811 1766 3865 τοῦ
1792 3812 2242 3867 ἀκαταδουλὼτου
2275 3815 2368 3868 καὶ

784 3904 1061 3968 ἀδλαδοῦς
1091 3905 1202 3957 ἀπὸ
1230 3903 1341 3957 τῶν
1370 3901 1658 3972 κοσμικῶν
1689 3900 1950 3967 καθάπαξ
1976 3901 2071 3958 τοῦ
2097 3920 2371 3974 μοναστη-

784 4002 904 4071 ρίου
942 3997 1327 4069 φροντίζουσα,
1371 3993 1628 4063 καθάπερ
1675 3994 2047 4065 ὀφειλομένως
2097 3995 2234 4066 εχει,
2272 3998 2369 4051 καὶ

778 4093 880 4163 τῆς
925 4089 1120 4159 λοιπῆς
1154 4088 1498 4152 λυσιτελείας
1535 4087 1695 4141 κατά⁵
1721 4087 1902 4158 ψυχὴν
1952 4090 2048 4142 καὶ
2094 4087 2367 4158 ὠφελείας

779 4184 925 4239 κατά
955 4183 1052 4251 τὴν
1088 4182 1396 4252 μοναχικην
1426 4179 1583 4246 τάξιν
1613 4196 1673 4233 τε
1723 4181 1817 4234 καὶ
1857 4181 2220 4248 κατάστασιν,
2251 4175 2368 4252 εἶχε

783 4277 886 4348 μὲν
920 4275 1060 4328 κατά
1084 4273 1176 4325 τὸν
1201 4271 1294 4324 τοῦ
1324 4271 1533 4325 δικαίου
1553 4272 1713 4342 λόγον
1728 4273 2086 4344 ’ἀναζητῆσαι
2109 4277 2206 4329 καὶ
2232 4279 2365 4331 ᾶπα-

777 4365 1132 4422 νασώσασθαι
1152 4363 1287 4436 τῷδε
1309 4363 1388 4434 τῷ
1421 4365 1775 4437 μοναστηρίῳ
1798 4365 1899 4437 τὴν
1927 4365 1998 4431 ἢν
2029 4367 2264 4439 ὑπέστη,
2289 4369 2384 4435 ὡς,

778 4463 1017 4532 εἴρηται,
1051 4460 1233 4530 λύμην
1279 4459 1376 4512 καὶ
1421 4458 1778 4529 καινοτομίαν
1823 4459 1903 4522 είς
1939 4460 2009 4513 τά
2043 4477 2356 4535 προσκεκυ-

2489 629 2584 681 καὶ
2623 630 2704 691 είς
2737 628 2800 680 τδ
2826 626 3019 698 μηκέτ’
3043 622 3184 680 εῐναι
3214 626 3468 680 ἐντεῦθεν
3496 629 3829 682 κατάλυσιν·
3847 633 4061 700 ἀνεπη-

2488 719 2722 788 ρεάστου
2752 716 2862 788 γάρ
2893 717 3046 780 ὄντος
3069 716 3235 771 αὐτοῦ
3267 717 3362 772 καὶ
3392 717 3729 788 κατατρισῆς
3752 720 4054 790 ἀνωτέρου,

2489 805 2744 875 μέλλουσι
2774 807 2992 869 πάντως
3018 807 3115 861 καὶ
3139 807 3194 859 αί
3225 807 3462 876 μοναχαὶ
3484 806 3738 872 ἀϐλαϐῶς
3761 810 3854 862 καὶ
3883 812 4055 880 ἀνεμο

2486 896 2755 960 ποδίστως
2804 896 2898 950 τὸν
2947 897 3090 951 κατά
3139 896 3274 950 Θεδν
3299 897 3502 968 δρόμον
3532 900 3710 952 αὐτῶν
3749 901 3934 953 ἀνύειν
3964 903 4060 952 καὶ

2484 987 2585 1058 τὴν
2613 987 2854 1058 ψυχικὴν
2900 989 3178 1058 σωτηρίαν
3221 990 3472 1055 ἐαυταῖς,
3514 991 3590 1054 ὡς
3633 993 4059 1060 ἐπηγγείλαντο.

2487 1077 3002 1149 πραγματεύεσθαι.
3037 1079 3121 1153 Ἰξά
3148 1081 3335 1149 μέντοι
3360 1080 3687 1149 διαφέροντα
3719 1083 3782 1134 ἐκ
3822 1083 4060 1136 παλαιοῦ

2483 1167 2562 1238 τῷ
2618 1170 2970 1240 μοναστηρίῳ
3023 1171 3262 1241 ὀσπητια
3305 1171 3369 1225 ού
3421 1171 3604 1232 καλῶς
3651 1171 3943 1226 ἐκδοθέντα
3970 1176 4063 1240 ἐγ-

2486 1260 2712 1328 τράφως
2756 1260 2910 1328 παρά
2959 1258 3056 1313 τοῦ
3085 1260 3331 1314 τοιούτου
3362 1262 3888 1333 πανυπερσεσάστου
3923 1267 4062 1332 πρὸς

2484 1350 2576 1401 τὸν
2596 1348 2904 1418 δηλωθέντα
2925 1350 3297 1422 περιπόθητον
3329 1349 3620 1421 ἐξάδελφον
3641 1353 3736 1407 τοῦ
3761 1355 4061 1423 κρατίστου

2484 1441 2578 1494 καὶ
2611 1439 2768 1506 ἀγίου
2819 1455 2925 1508 μου
2977 1441 3415 1511 αὐτοκράτορος,
3466 1444 3644 1510 μέγαν
3699 1449 4064 1515 πριμικήριον

2486 1526 2848 1594 Παλαιολόγον
2877 1526 2970 1581 τὸν
3004 1527 3260 1599 ’Δσάνην,
3280 1529 3384 1599 κῦρ
3431 1529 3787 1601 ’Δνδρόνικον,
3809 1534 3899 1586 τὸν
3919 1535 4065 1587 ἐκεί-

2485 1631 2578 1668 νου
2613 1616 2753 1682 υίδν,
2788 1615 2997 1687 ὀφείλει
3055 1618 3478 1691 ἐπανασωθῆναι
3519 1621 3615 1674 καὶ
3659 1626 3964 1691 προσεῖναι,
3988 1624 4062 1688 ὡς

2484 1706 2544 1759 τὸ
2597 1708 2890 1777 πρότερον,
2925 1707 3004 1777 τῷ
3055 1710 3409 1780 μοναστηρίιρ
3455 1711 3825 1783 ἀνενοχλήτως
3859 1718 4066 1768 παντά-

2484 1813 2620 1852 πασι
2651 1794 2748 1853 καὶ
2797 1797 3265 1863 ἀδιασείστως,ού
3299 1801 3460 1870 μόνον
3489 1800 3547 1855 δέ
3577 1803 3771 1870 ταῦτα,
3799 1805 3937 1858 ἀλλά
3971 1810 4066 1859 καὶ

2487 1887 2540 1942 εί
2573 1905 2655 1951 τις
2680 1887 2893 1962 ιτερος,
2918 1890 3023 1944 κάν
3052 1891 3200 1951 ὅστις
3225 1890 3337 1959 ἀρα
3360 1894 3452 1946 καὶ
3479 1889 3537 1966 ᾗ,
3560 1893 3766 1963 ἐφθασε
3791 1901 3884 1948 καὶ
3908 1899 4064 1964 ἀφεί-

2484 1977 2607 2032 λετο
2627 1980 2844 2051 ὀπωσδή
2854 1982 2983 2035 ποτέ
3007 1998 3060 2036 τι
3083 1981 3193 2034 τῶν
3218 1981 3596 2052 ὑποκειμένων
3629 1986 3724 2039 καὶ
3753 1987 4066 2057 ἀνηκόντων

2481 2069 2654 2141 αύτῷ,
2680 2073 2847 2142 χωρὶς
2867 2072 3004 2140 δῆτα
3027 2075 3128 2145 τῆς
3146 2075 3450 2137 οίκοθεσίας
3482 2076 3729 2130 Ἰωάννου
3751 2077 3845 2131 τοῦ
3866 2078 4062 2148 Θωμά,

2481 2160 2688 2229 ὀφείλει
2741 2163 2994 2226 κάκεῖνος
3019 2163 3296 2219 ἀπολῦσαι
3351 2166 3646 2237 τοῦτοητά
3676 2170 3788 2239 γάρ
3817 2169 4062 2241 ἀφιερω-

2485 2249 2625 2320 μένα
2647 2249 2767 2321 Θεῷ
2789 2251 3130 2324 ἀναφαίρετα
3154 2253 3249 2308 καὶ
3282 2256 3682 2312 ἀναπόσπαστα
3711 2259 3804 2313 τὸν
3821 2260 3909 2313 ἀεὶ
3933 2262 4064 2331 χρό-

2481 2358 2570 2395 νον
2613 2345 2910 2414 τυγχάνειν
2952 2345 3184 2416 ὀφείλει,
3214 2341 3295 2411 0?;
3337 2349 3663 2421 ἀφιέρωται,
3690 2352 3786 2405 καὶ
3836 2352 3867 2406 ὀ
3905 2357 4066 2423 χεῖρα

2482 2433 2813 2504 πλεονέκτην
2840 2438 2935 2489 καὶ
2991 2438 3219 2508 ἅρπαγα
3250 2440 3464 2506 τούτοις
3511 2442 3826 2498 ἐπιϐάλλειν
3853 2443 4064 2516 ἐπιχει-

2482 2523 2593 2595 ρῶν
2619 2526 2692 2589 ὼς
2730 2527 3009 2596 ίερόσυλος
3034 2529 3295 2602 ἀντικρυς
3323 2533 3571 2602 κρίνεται
3597 2536 3750 2606 παρά
3772 2536 3883 2590 τῶν
3902 2537 4066 2593 θείων

2481 2619 2574 2671 καὶ
2607 2617 2773 2689 ίερῶν
2804 2621 3072 2675 κανόνων.
3133 2622 3288 2676 Ἐπεὶ
3337 2623 3397 2677 δέ
3442 2625 3744 2700 ἀνηνέχθη,
3767 2630 3844 2693 ὡς
3870 2632 3939 2684 τὸ
3967 2633 4065 2700 τῆς

2491 2710 2797 2784 Ἰατραίνης
2828 2713 3046 2784 ἐκείνης
3091 2715 3356 2783 ὀσπήτιον
3390 2721 3930 2791 προσκεκυρωμένον
3974 2726 4069 2777 καὶ

2480 2805 2904 2874 ἀνατεθειμένον
2954 2804 3016 2859 δν
3047 2808 3114 2877 τῇ
3159 2809 3294 2876 μονῇ
3329 2807 3534 2877 ἔφθασε
3589 2813 3684 2863 καὶ
3732 2811 4064 2883 ἀπεσπάσθη

2479 2897 2759 2952 καὶτοῦτο
2792 2899 2949 2970 παρά
2979 2899 3073 2954 τοῦ
3103 2901 3330 2972 -μέρους
3371 2903 3466 2956 τοῦ
3502 2904 3669 2959 αὐτοῦ
3716 2923 4068 2979 πανυπερσε-

2478 2988 2703 3054 σάστου,
2747 2990 2958 3061 ὀφείλει
3002 2994 3098 3046 καὶ
3130 2993 3287 3047 τοῦτο
3320 2997 3747 3068 ὲπανασωθῆναι
3769 2999 3866 3053 καὶ
3899 3018 4067 3070 προσ-

2479 3081 2621 3136 εῖναι
2688 3081 3026 3154 αὐτῷ,’καθά
3045 3087 3140 3138 καὶ
3162 3085 3222 3138 τὸ
3251 3085 3522 3158 πρότερον
3544 3107 3557 3120 ·
3577 3090 3702 3144 ἐπεὶ
3731 3092 3860 3156 τοὺς
3888 3109 4069 3164 παρα·

2481 3170 2772 3236 ϐαίνοντας
2793 3174 2922 3239 τοὺς
2957 3175 3232 3240 τοιούτους
3255 3176 3437 3243 θείους
3465 3181 3564 3234 καὶ
3591 3182 3776 3253 ίεροὺς
3807 3185 4065 3256 κανόνας,

2479 3263 2619 3334 ὅπερ
2667 3264 2796 3318 κατ’
2839 3265 3021 3320 αὐτῶν
3055 3267 3333 3340 ἐπιτίμιον
3379 3272 3725 3341 ἐκφωνοῦσιν
3763 3274 3934 3342 οῦτοι,
3970 3283 4068 3333 καὶ

2481 3357 2644 3429 ἡμεῖς
2673 3357 2988 3424 ἀκολούθως
3019 3359 3080 3413 τὸ
3109 3361 3242 3414 αὐτὸ
3271 3360 3438 3432 βάρος
3463 3365 3801 3437 ἐπιτίθεμεν.
3827 3367 3922 3432 Et;
3958 3373 4066 3440 γάρ

2477 3448 2581 3520 τὴν
2613 3449 2744 3519 περὶ
2778 3452 2971 3504 τούτου
3007 3452 3311 3523 ἀσφάλειαν
3365 3454 3460 3508 καὶ
3496 3456 3558 3510 τὸ
3602 3460 3781 3528 παρὸν
3824 3463 4067 3533 γράμμα

2476 3539 2576 3609 τῆς
2603 3541 2760 3610 ημῶν
2793 3543 3147 3613 μετριότητος
3173 3545 3503 3602 ἀπολέλυται
3531 3550 3630 3604 ἐπὶ
3655 3551 3732 3620 τῷ
3763 3556 4060 3624 προσεῖναι

2477 3632 2544 3701 τῇ
2593 3631 2954 3706 διαληφθείσῃ
3006 3635 3283 3708 σεδασμίᾳ
3349 3642 3488 3712 μονῇ
3540 3641 3622 3705 είς
3666 3645 4063 3717 ἀνενοχλησίαν

2477 3718 2704 3790 διηνεκῆ
2743 3739 2804 3775 τε
2853 3721 2948 3778 καὶ
3006 3726 3239 3796 μόνιμον
3290 3729 3445 3783 κατὰ
3489 3728 3662 3800 μῆνα
3707 3729 4068 3805 Ὀκτώϐριον

2476 3811 2589 3882 τῆς
2615 3812 2660 3867 ε’
2686 3815 2800 3869 ινδ.
2859 3818 2967 3872 τοῦ
2998 3819 3163 3890 γςωξι
3182 3819 3380 3887 ἔτους.
3751 3839 3758 3846 ·

2545 3904 2587 3978 1-
2614 3904 2756 3978 Εϊχσ
2787 3911 2872 3981 τό-
2891 3913 3255 3980 Κάλλιστος,
3279 3914 3438 3980 ἐλέῳ
3481 3916 3631 3972 Θεοῦ
3677 3917 4068 3987 ἀρχιεκίσκο-

2476 4015 2592 4068 πος
2646 3999 3380 4074 Κωνσταντινουπόλεως,
3445 4009 3600 4076 Νέας
3661 3993 3911 4082 Ῥώμης,
3968 4016 4066 4068 καί

2475 4096 2890 4164 οίκουμεινικός
2941 4097 3344 4168 πατριάρχης,
3385 4098 3494 4172 pm
3552 4101 3666 4169 τῆς
3724 4105 3925 4172 τιμίας
3971 4109 4068 4162 καί

2475 4183 2639 4250 θείας
2667 4184 3040 4256 δεσποτικῆς
3078 4189 3518 4260 πατριαρχικῆς
3547 4192 3771 4262 χειρός.

2483 4341 2570 4400 Vl.
2599 4343 2857 4400 Callistus
2883 4345 3172 4412 conﬁrmat
3205 4348 3541 4417 prehendam
3565 4351 3942 4408 Amaraminc
3967 4357 4066 4410 da-

2781 4433 2800 4447 -
2995 4425 3102 4470 tam
3131 4419 3195 4471 ab
3226 4419 3566 4488 imperatore.

781 4554 1000 4627 ρωμένα
1028 4551 1201 4621 αὐτῷ,
1241 4550 1464 4621 παρῆκε
1508 4552 1565 4605 δέ
1597 4552 1740 4622 λόγῳ
1774 4544 2236 4622 συγκαταϐάσεως
2271 4557 2365 4612 καὶ
2397 4567 2443 4623 n
2539 4551 2579 4623 ἰ-
2624 4551 2777 4607 Ὲπεὶ
2808 4555 2841 4623 ἡ
2870 4555 3343 4625 ὲποκιομαξομένη
3376 4557 3751 4627 Ἀμαραντίνα
3782 4561 3984 4629 ἔφθάσε
4011 4566 4066 4631 ἒξ

781 4647 1023 4718 μάλιστα
1049 4646 1127 4708 ὡς
1176 4645 1278 4714 τῆς
1335 4644 1430 4697 τοῦ
1486 4645 1784 4715 είρημένου
1828 4647 2364 4717 πανυπερσεσάστου
2469 4646 2740 4717 ὑποόολῆς
2767 4650 2864 4702 καὶ
2893 4648 3195 4718 βασκανίας
3211 4650 3306 4703 τοῦ
3328 4653 3509 4704 κοινοῦ
3538 4652 3738 4722 ἐχθροῦ
3765 4657 3863 4708 καὶ
3891 4673 4064 4726 προσ-

775 4739 1038 4809 τελευτῆς
1064 4736 1594 4810 προκαταλαδούσης
1621 4753 1635 4768 °
1674 4737 1735 4792 τὸ
1781 4739 1957 4808 παρὸν
2002 4741 2193 4810 μέντοι
2229 4742 2368 4796 ἀπο·
2466 4739 2648 4792 έκειτο
2706 4739 2976 4810 πρότερον
3007 4742 3328 4813 ἀτοπήμασι
3379 4745 3474 4796 καὶ
3504 4744 3690 4815 έργοις
3724 4747 4065 4818 ψυκοὸλασέ-

775 4833 982 4887 λύουσα
1008 4833 1245 4902 γράμμα
1278 4833 1336 4889 ἐν
1362 4830 1504 4902 ἀγίῳ
1542 4831 1986 4902 παρακελεύεται
2021 4833 2361 4907 Πνεύματιη

779 4929 1075 4999 μετριότης
1101 4926 1280 4998 ἡμῶν,
1304 4926 1380 4989 ὡς
1413 4926 1483 4979 ἂν
1512 4926 1844 4996 εὑρίσκηται
1879 4927 1942 4980 τὸ
1973 4927 2083 4980 ἀπὸ
2111 4927 2270 4982 τοῦδε
2303 4928 2366 4983 τὸ

769 5020 1067 5090 διαληφθέν
1093 5019 1458 5091 μοναστήριον
1486 5018 1586 5090 τῆς
1609 5021 2034 5089 πανυπεράγνου
2061 5019 2367 5089 Δεσποίνης

774 5115 870 5168 καὶ
899 5113 1245 5182 Θεομήτορος
1277 5110 1377 5181 τῆς
1419 5110 1879 5180 Παναγιωτίσσης
1911 5109 2364 5164 ἀκαταδούλωτον

773 5209 872 5261 καὶ
919 5205 1206 5273 ἐλεύθερον
1242 5203 1524 5266 παντελῶς
1573 5203 1673 5273 τῆς
1727 5203 1982 5272 ἐφορείας
2016 5203 2217 5267 παντὸς
2271 5202 2367 5257 τοῦ

772 5302 980 5371 μέρους
1013 5301 1226 5352 ἐκείνου
1262 5297 1327 5368 δὴ
1360 5298 1455 5351 τοῦ
1495 5296 2052 5367 πανυπερσεὸάστου,
2087 5297 2366 5368 μηδεμίαν

771 5392 1042 5463 μηδαμῶς
1071 5391 1362 5444 δικαίωσιν
1401 5390 1616 5461 ἔχοντος
1647 5391 1759 5443 ἀπὸ
1803 5393 1898 5443 τοῦ
1931 5389 2137 5443 σεπτοῦ
2169 5407 2367 5460 χρυσο-

768 5479 998 5541 δούλλου
1026 5485 1399 5552 ἀναφανέντος
1421 5482 1944 5554 μεταπεποιημένου
1971 5483 2214 5552 ἐν’μὲρει
2243 5482 2369 5554 τρό-

767 5596 870 5631 πον
893 5577 952 5631 δν
983 5577 1223 5649 εἴρηται,
1254 5577 1432 5639 άλλως
1461 5576 1510 5630 θ’
1554 5577 1636 5630 ὅτι
1667 5578 1762 5630 καὶ
1796 5579 1823 5629 ὀ
1851 5576 2098 5646 ἀοίδιμος
2135 5579 2229 5630 καὶ
2263 5595 2366 5647 μα-

768 5675 1002 5742 καρίτης
1037 5672 1296 5742 βασιλεὺς
1336 5669 1436 5740 τὴν
1483 5671 1747 5725 σύστασιν
1779 5672 1875 5723 καὶ
1905 5671 2005 5738 τὴν
2031 5670 2126 5722 ἐπὶ
2155 5670 2216 5721 τὸ
2246 5668 2365 5738 βέλε’

766 5784 882 5821 τιον
915 5768 1141 5840 πρόοδον
1197 5769 1291 5820 καὶ
1337 5764 1635 5836 ψυχωςρελῆ
1675 5765 2014 5836 συντήρησιν
2062 5762 2158 5817 τοῦ
2193 5757 2364 5832 μονα-

2469 4847 2576 4896 σιν,
2608 4830 2836 4904 ὕστερον
2876 4834 2932 4886 δέ
2967 4834 3191 4906 εὐδοκία
3225 4834 3365 4891 Θεοῦ
3404 4838 3514 4891 ἀπο
3549 4846 3936 4909 παραινέσεως
3967 4845 4061 4911 τῆς

2469 4927 2630 4994 άγίας
2663 4925 2758 4980 τοῦ
2811 4926 2948 4981 Θεοῦ
2993 4928 3345 5000 Ἐκκλησίας,
3389 4931 3492 4984 τοῦ·
3513 4932 3695 4986 κοινοῦ
3739 4934 3847 4988 τῶν
3874 4935 4061 5007 ψυχῶν

2474 5020 2737 5089 ίατρείου,
2765 5018 2827 5072 ού
2863 5020 3025 5089 μόνον
3072 5021 3396 5087 έδδελύξατο
3439 5027 3530 5077 καὶ
3565 5026 3781 5096 ἀπέστη
3825 5030 4058 5082 καθόλου

2467 5112 2575 5165 ἀπ“ι
2605 5112 2715 5164 τῶν
2737 5111 2998 5167 τοιούτων
3033 5114 3301 5185 ὀλεθρίων
3333 5116 3606 5186 πράξεων,
3637 5119 3776 5170 ἀλλὰ
3809 5121 3904 5172 καὶ
3935 5120 4058 5189 θερ-

2472 5208 2581 5276 μὴν
2621 5208 2683 5259 ἐκ
2729 5207 2838 5259 τῶν
2869 5207 3051 5276 ἔργων
3098 5207 3401 5272 ἐνεδείξατο
3454 5212 3552 5279 τὴν
3611 5210 3913 5278 μετάνοιαν
3968 5210 4058 5263 καί

2468 5300 2768 5366 κατάνυξιν
2795 5303 2890 5353 καὶ
2917 5300 3197 5371 ὀλοψύχως
3255 5301 3394 5372 πρὸς
3429 5304 3489 5355 τὸ
3526 5305 3776 5374 κρεῖττον
3811 5305 4061 5372 ἐπιστρο-

2469 5391 2595 5462 φὴν,
2625 5391 2698 5456 ὡς
2735 5394 2830 5445 καὶ
2860 5392 2919 5445 τὸ
2945 5392 3243 5463 μοιαχικὸν
3274 5394 3528 5461 ἀσμένως
3565 5395 4059 5464 μεταμφιάσασθαι

2469 5484 2658 5555 σχῆμα
2686 5488 2778 5538 καὶ
2810 5485 3102 5555 ἀγαπῆσαι
3145 5486 3238 5539 τὸν
3275 5489 3490 5558 μονήρη
3529 5486 3667 5557 βίον,
3701 5487 4060 5542 εἰσελθοῦσαν

2467 5577 2525 5629 ἐν
2548 5579 2613 5647 τῇ
2649 5577 2924 5647 σεϐισμίᾳ
2955 5579 3097 5648 μονῇ
3124 5576 3221 5629 τοῦ
3255 5578 3462 5648 Περτζέ
3490 5579 3586 5633 καὶ
3610 5578 4061 5650 ἐπιμελουμένην

2466 5667 2566 5738 τῆς
2589 5667 2834 5739 ,ψυχικῆς
2859 5669 3032 5739 αὐτῆς
3055 5670 3355 5739 σωτηρίας.
3397 5671 3710 5742 ’Δνενεχοέν
3741 5673 3799 5725 δέ
3825 5673 3904 5744 τῷ
3930 5690 4065 5743 κρα-

2467 5761 2635 5832 τίστῳ
2677 5763 2771 5814 καὶ
2831 5761 2974 5832 ἁγίῳ
3036 5778 3140 5834 μου
3181 5764 3549 5836 αὐτοκράτορι
3583 5767 3736 5836 παρὰ
3775 5768 3872 5837 τῆς
3907 5767 4064 5835 ἡμῶν

767 5863 993 5934 στηρὲου
1047 5863 1155 5916 ἀπὸ
1195 5861 1291 5933 τῆς
1341 5858 1436 5913 τοῦ
1486 5860 1784 5929 εἰρημένου
1831 5859 2362 5932 πανυπερσεσάστου
2472 5857 2826 5930 μετριότητος
2861 5857 3024 5913 ῑνεκα
3067 5861 3413 5933 προμηθείας
3438 5861 3550 5933 -τῆς
3585 5863 3851 5935 ρηθςίσης
3887 5863 4063 5933 Ἀμα-
