4334 6480
841 427 981 492 1367

1903 381 2295 498 δγκουῐρίε
2334 425 3018 493 CONSTITUTIONES.

3932 402 4070 492 me

836 545 992 611 ἡμῶν
1016 543 1156 612 πρὸς
1179 545 1271 596 τδν
1312 545 1474 598 αὑτὸν
1514 546 1804 613 ἱερώτατον
1859 549 2263 617 μητροπολίτην
2293 546 2389 596 Βι-
2422 549 2460 599 Α
2495 556 2580 590 σει
2629 541 2723 591 καὶ
2757 540 3052 606 ἀποφάσειο
3087 537 3164 599 ὡς
3213 540 3375 608 μόνον
3415 538 3654 608 ίφθασίν
3699 542 4060 612 ἀποδημήσας

837 634 974 702 ζόης
1001 635 1094 686 καὶ
1124 633 1424 702 ὑπέρτιμον
1444 651 1459 665 ο
1488 637 1804 704 ἐπιλήψεται
1829 639 2010 688 τοίνυν
2037 631 2194 696 οὗτος
2225 632 2394 698 αὑτῆς

836 725 930 774 καὶ
960 722 1069 774 τῶν
1096 723 1188 775 ὑπ’
1231 723 1404 792 αὑτὴν
1431 725 1666 785 πάντων,
1703 727 1796 780 καὶ
1827 726 1914 778 ἐπ’
1960 727 2143 787 ἀδείας
2171 724 2282 789 ἐξει
2317 724 2393 775 ίε-

838 816 1086 881 ρουργεῖν
1134 815 1192 864 ἐν
1243 815 1400 882 αὑτῇ,
1447 816 1794 881 ἀναγνώστας
1821 832 1880 868 τε
1930 815 2252 886 σφραγίζειν
2297 819 2393 868 καὶ

834 904 1218 967 ὑποδιακόνους
1243 907 1334 958 καὶ
1359 907 1660 971 διακόνους,
1681 907 1760 960 ἔτι
1789 925 1846 960 τε
1873 910 1964 960 καὶ
1989 907 2390 977 πρεσϐυτέρους

833 995 940 1047 ἀπὸ
963 995 1070 1046 τῶν
1095 995 1186 1046 ὑπ’
1211 997 1380 1063 αὑτὴν
1407 999 1749 1065 χειροτονεῖν,
1775 997 2128 1064 καθιερώσεις
2160 1013 2218 1048 τε
2246 997 2391 1048 ναῶν

832 1087 1025 1146 ποιεῖν,
1058 1085 1150 1135 καὶ
1203 1085 1388 1145 ἀπλῶς
1427 1088 1603 1137 πάντα
1651 1087 2104 1155 διαπράττεσθαι,
2139 1088 2242 1139 ὅσα
2295 1088 2391 1138 καὶ

830 1173 858 1224 ό
887 1174 1102 1236 γνήσιος
1144 1173 1450 1240 ἀρχιερεὺς,
1487 1173 1615 1226 ἀνευ
1658 1175 1754 1241 τῆς
1783 1175 1873 1226 τοῦ
1921 1175 2066 1242 ίεροῦ
2100 1175 2389 1243 συνθρόνου

832 1261 1286 1331 ἐγκαθιδρύσεως,
1323 1263 1433 1314 ἐστ’
1464 1265 1530 1316 ἀν
1567 1264 1830 1331 δηλονότι,
1866 1264 2001 1317 Θεοῦ
2052 1265 2284 1325 διδόντος
2314 1264 2390 1316 εί-

832 1351 1059 1418 ρηνικῆς
1097 1356 1476 1413 καταστάσεως
1509 1356 1915 1422 ῖέπιγενομένης
1964 1357 2075 1415 τοῖς
2131 1357 2391 1422 πράγμα-

833 1456 937 1495 σιν.
970 1440 1242 1510 ἐπανέλθῃ
1282 1443 1376 1492 καὶ
1405 1445 1432 1493 ὀ
1461 1443 1622 1503 αὐτὸς
1657 1444 1947 1511 ἱερώτατος
1984 1444 2388 1511 μητροπολίτης

829 1529 1031 1596 Βιζύῃς
1063 1531 1156 1580 καὶ
1191 1531 1487 1597 ὑπέρτιμος
1521 1534 1598 1592 εἰς
1633 1535 1731 1600 τὴν
1779 1532 2046 1600 λαχοῦσαν
2073 1534 2256 1595 αὑτὸν,
2295 1534 2387 1585 καὶ

827 1618 1050 1689 διεξάγῃ
1082 1621 1141 1671 τὸ
1193 1623 1624 1674 καταπιστευθέν
1669 1623 1818 1690 αὐτῷ
1848 1625 2063 1686 λογικὸν
2114 1623 2386 1691 ποίμνιον,

826 1709 900 1762 ὡς
929 1710 956 1759 ό
985 1710 1076 1760 τοῦ
1134 1710 1336 1778 Κυρίου
1380 1709 1628 1777 βούλεται
1678 1713 1840 1779 νόμος
1868 1728 1880 1741 ·
1912 1712 2036 1765 ὅθεν
2083 1712 2387 1778 ὀφείλουσιν

826 1801 959 1852 οἵτε
992 1801 1242 1868 κληρικοὶ
1291 1805 1386 1868 τῆς
1429 1801 1685 1870 ῥηθείσης
1733 1805 2044 1870 ἁγιωτάτης
2088 1805 2385 1869 ἐκκλησίας

2498 629 2607 680 ἀπὸ
2637 629 2744 679 τῶν
2769 627 3018 689 ἐνταῦθα,
3045 629 3221 697 μικρά
3266 630 3564 698 φροντίσας
3609 631 3722 685 τῶν
3755 633 4066 702 ἐψηφισμέο

2495 735 2602 768 νων
2643 719 2957 783 συνοδικῶς,
3003 721 3268 789 ἀθετητὴς
3315 722 3522 771 τούτων
3560 723 3813 788 ἐγένετοο
3859 718 4063 776 αὐτίκα

2493 807 2690 868 τοίνυν,
2715 806 2905 877 ῶσπερ
2930 808 3351 878 ἐπιλελησμένος
3379 811 3474 864 τοῦ
3509 812 3630 865 κατ’
3661 813 3827 864 αὑτδν
3845 819 3944 882 σχή
3958 832 4066 881 μα-

2489 916 2601 961 τος,
2623 901 2930 961 ἐπαναστάς
2961 901 3055 952 καὶ
3078 902 3478 972 ἐπαναισχυντή
3489 921 3584 965 τας
3606 906 3742 971 πρὸς
3764 906 3856 957 τὸν
3876 906 4063 969 Χάνην

2491 990 2679 1059 ἀπῄει,
2707 990 3018 1058 ἀμυντικῶς
3049 991 3390 1061 διακείμενος
3418 996 3556 1046 κατά
3598 997 3705 1046 τῶν
3736 997 3948 1061 ίερέων,
3983 995 4062 1059 ὡς

2489 1082 2548 1132 οὑ
2584 1079 2784 1149 χρεὼν,
2804 1081 2961 1133 ἄδικα
2991 1081 3308 1150 πασχόντων
3335 1084 3427 1136 ἐπὶ
3450 1085 3733 1153 ἀνατροπῇ
3762 1087 3860 1136 καὶ
3889 1101 4060 1137 καταρ

2491 1168 2643 1221 λύσει
2676 1170 2773 1236 τῆς
2805 1170 3089 1240 συνοδικῆς
3117 1171 3321 1238 ταύτης
3354 1173 3695 1239 διαγνώσεώς
3715 1191 3773 1226 τε
3796 1177 3887 1227 καὶ
3917 1177 4058 1227 ἀποο

2492 1263 2729 1327 φάσεως,
2764 1263 2852 1313 ὅτε
2888 1262 2952 1330 δὴ
2985 1265 3079 1313 καὶ
3113 1263 3173 1314 τὸ
3202 1263 3496 1332 λεγόμενον
3525 1266 3818 1334 διαλείχιον
3847 1267 4059 1319 ἐκεῖθεν

2489 1346 2691 1413 λαϐὼν,
2730 1349 2822 1401 ἆτε
2852 1349 2917 1417 δὴ
2950 1353 3014 1418 τῇ
3060 1350 3363 1421 Ἐκκλησία
3395 1352 3470 1421 μὴ
3502 1353 3824 1406 ὑποκεῖσθαι
3870 1353 4061 1423 βουλό.

2493 1439 2802 1502 μενος,-οὑκ
2825 1438 2979 1504 ὀλίγα
3003 1441 3323 1493 ἐπικίνδυνα
3374 1443 3473 1492 καὶ
3495 1446 3779 1496 κακωτικά
3813 1445 3905 1495 καὶ
3940 1445 4060 1496 lm-

2489 1527 2659 1593 ζήμια
2684 1530 2795 1587 τοῖς
2818 1528 3077 1589 τοιούτοις
3103 1531 3340 1597 ίερεῦσιν
3366 1534 3692 1601 ἐπήνεγκεν,
3717 1533 3792 1595 ὡς
3821 1536 3896 1600 μὴ
3920 1532 4063 1602 ὤφε-

2487 1616 2598 1667 λεν.
2641 1617 2875 1686 Ἐφερον
2912 1620 3010 1685 μὲν
3039 1619 3132 1671 οὖν
3157 1614 3336 1683 οὗτοι,
3354 1624 3530 1674 καίτοι
3562 1623 3628 1675 τὰ
3655 1623 3935 1675 δεινότατα
3969 1621 4062 1674 ὑπ’

2487 1707 2654 1758 αὑτοῦ
2681 1708 3001 1775 πάσχοντες,
3038 1711 3482 1780 παρακαλοῦντες
3505 1752 3520 1773 ,
3543 1712 3808 1780 δεόμενοι,
3835 1715 3931 1765 καὶ
3963 1715 4061 1782 τὴν

2491 1800 2585 1849 ἐπὶ
2621 1800 2681 1850 τὸ
2714 1799 2920 1868 βέλτιον
2945 1801 3110 1852 αὑτοῦ
3140 1804 3544 1872 προσδοκῶντες
3575 1805 3913 1874 μεταϐολήνο
3939 1807 4059 1857 ἐπεὶ

828 1891 1062 1959 Δέρκους
1089 1895 1182 1946 καὶ
1215 1894 1242 1944 ό
1270 1894 1374 1944 ὑπὸ
1530 1869 1740 1963 ἐνορίσν
1769 1897 1862 1946 καὶ
1895 1869 2253 1962 ἐπικράτειαν
2287 1895 2383 1946 αὑ-
2415 1869 2461 1927 Β
2488 1888 2544 1940 δὲ
2575 1885 2712 1941 εἶδον
2745 1890 2908 1942 αὑτὸν
2943 1869 3224 1959 προδήλως
3265 1894 3362 1960 μὲν
3391 1894 3486 1946 καὶ
3514 1894 3804 1955 συνοδικάς
3837 1869 4056 1963 ψήφους

825 1982 924 2046 τῆς
957 1981 1140 2044 λοιητὺς
1187 1984 1330 2046 ἅπας
1365 1985 1490 2047 λαὸς
1517 1985 1660 2053 ἔχειν
1691 1988 1770 2047 είς
1799 1986 1994 2038 ἐαυτὸν
2017 1989 2077 2038 τὸ
2106 1988 2383 2055 προσῆκον

827 2073 990 2135 σέϐας
1013 2075 1108 2124 καὶ
1139 2075 1320 2125 πᾶσαν
1347 2076 1513 2144 τιμὴν
1543 2077 1636 2128 καὶ
1666 2076 2004 2140 εὐπείθειαν,
2028 2079 2130 2130 ὅσα
2174 2080 2270 2129 καὶ
2303 2080 2385 2140 είς

823 2164 1084 2232 ἀρχιερέα
1133 2165 1332 2227 αὑτῶν,
1385 2166 1600 2234 πατέρα
1632 2184 1687 2218 τε
1735 2165 1830 2218 καὶ
1895 2168 2236 2230 διδάσκαλον,
2289 2171 2385 2221 καὶ

822 2253 1108 2307 πείθεσθαι
1138 2255 1335 2325 τούτῳ.
1363 2256 1449 2323 ἐφ’
1476 2251 1556 2318 οἷς
1588 2258 1654 2310 ἂν
1684 2259 1797 2326 ἐχοι
1825 2259 2002 2324 λέγειν
2031 2261 2124 2311 καὶ
2147 2261 2386 2329 εἰσηγεῖ-

822 2345 947 2399 σθαι
1003 2348 1206 2408 αὑτοῖς.
1243 2347 1520 2418 ἀφορῶσιν
1553 2349 1634 2411 είς
1679 2349 1917 2420 ψυχικὴν
1951 2351 2133 2405 αὑτῶν
2173 2352 2386 2405 λυσιτέ-

817 2439 988 2503 λεεαν,
1020 2438 1233 2502 οὑδενδς
1278 2440 1385 2493 τῶν
1405 2441 1662 2495 ἀπάντων
1702 2440 2012 2512 ὀφείλοντος
2042 2443 2408 2514 παρεμποδί-.

819 2547 913 2583 σαι
940 2529 1088 2599 αὑτῷ
1113 2531 1205 2584 ἐπὶ
1233 2531 1442 2595 τούτοις
1457 2533 1614 2596 ὅλως,
1641 2533 1744 2587 κᾶν
1773 2537 1921 2596 ὅστις
1951 2536 2059 2604 ἄρα
2087 2531 2258 2610 καὶ
2285 2535 2382 2599 EI;

816 2621 926 2690 γάρ
961 2619 1059 2691 τὴν
1085 2623 1215 2691 περὶ
1242 2621 1431 2676 τούτου
1475 2625 1775 2692 ἀσφάλειαν
1810 2625 2138 2679 ἀπολέλυται
2172 2628 2267 2680 καὶ
2317 2627 2380 2680 τὺ

816 2713 992 2781 παρὸν
1014 2713 1246 2784 γράμμα
1269 2716 1370 2784 τῆς
1394 2715 1550 2785 ήμῶν
1579 2718 1952 2788 μετριότητος.

882 2870 1124 2927 XXVIII.
1176 2870 1419 2944 Synodus
1443 2875 1865 2996 eictamgnunicat
1913 2876 2308 2946 metropolitam

989 2989 1001 2996 .
1552 2962 1711 2996 arma.

1552 2962 1711 2999 ama.

952 3053 993 3125 -ι-
1025 3055 1358 3126 Καθαίρεσις
1389 3055 1638 3128 συνοδικὴ
1679 3056 1773 3110 τοῦ
1795 3072 1924 3111 ποτε
1965 3059 2234 3126 Ἀλανίας.

2489 1980 2582 2030 καὶ
2634 1981 2943 2048 ἀποφάσεις
2998 1983 3436 2052 περιφρονοῦντα
3479 1988 3576 2038 καὶ
3631 1987 3928 2041 ἀθετοῦντα
3962 1992 4057 2040 καὶ

2489 2071 2621 2141 παρ’
2645 2072 2799 2124 οὐδὲν
2827 2074 3032 2138 ταύτας
3063 2076 3414 2144 ποιούμενον,
3440 2079 3500 2130 οὑ
3557 2078 3664 2148 μὴν
3701 2079 3764 2150 δὴ
3794 2079 3931 2131 ἀλλά
3965 2080 4056 2132 καὶ

2487 2155 2581 2216 ἐπὶ
2608 2164 2860 2217 τοσοῦτον
2883 2164 2978 2218 τοῦ
3018 2167 3354 2235 καθήκοντος
3383 2170 3815 2238 ἐκτραπόμενον,
3847 2170 3922 2232 ὡς
3957 2171 4051 2223 καὶ

2482 2253 2608 2314 τοὺς
2635 2255 2810 2306 ἐκεῖσε
2829 2258 3174 2319 πανσέπτους
3197 2259 3293 2311 καὶ
3315 2259 3494 2322 θείους
3516 2261 3678 2323 ναοὺς
3707 2261 4054 2315 κατακλείειν

2485 2345 2581 2396 σὺν
2607 2345 2834 2417 οὐδεμιᾷ
2866 2365 2971 2400 τινι
3018 2350 3228 2419 εὐλόγῳ
3276 2352 3548 2422 προφάσει
3591 2353 3848 2416 καὶτοὺς
3890 2356 4052 2422 ίερεῖς

2481 2434 2577 2487 τοῦ
2604 2437 2916 2508 ἱερουργεῖν
2937 2439 3141 2502 ἀδίκως
3172 2442 3412 2508 ἐπέχειν,
3436 2444 3578 2495 κατά
3597 2445 3707 2513 γάρ
3732 2445 3826 2496 τὸν
3856 2448 4052 2514 καιρὸν

2488 2529 2695 2582 ἐκεῖνον
2723 2530 2817 2582 δύο
2850 2531 3213 2602 Χριστιανοὺς
3244 2533 3569 2603 ἀνθρώπους
3601 2538 3934 2605 τεθνηκότας
3963 2538 4053 2594 διά

2481 2619 2579 2686 τὴν
2612 2621 2928 2688 παράλογον
2952 2622 3118 2675 αὑτοῦ
3157 2623 3264 2675 τῶν
3296 2625 3487 2694 ἱερέων
3519 2627 3828 2695 ἐπίσχεσιν,
3863 2632 3926 2682 οὑ
3958 2632 4054 2682 σὺν

2480 2711 2604 2781 δίκῃ
2651 2712 3009 2781 ἐπαχθεῖσαν,
3065 2713 3479 2783 παρεσκεύασεν
3525 2717 3803 2784 ἀψάλτους
3850 2721 4052 2774 ἐναπο-

2484 2807 2665 2870 μεῖναι
2697 2805 2793 2856 καὶ
2831 2804 2906 2874 μὴ
2931 2805 3042 2857 τῶν
3075 2809 3486 2874 νενομισμένων
3519 2810 3820 2880 ἐπιτυχεῖν,
3853 2815 3915 2864 οὑ
3947 2817 4054 2881 μὴν

2479 2893 2542 2961 δὴ
2589 2893 2724 2946 ἀλλά
2777 2896 2992 2948 καὶδύο
3040 2898 3165 2950 τινὰ
3198 2899 3374 2970 βρέφη
3407 2902 3469 2952 ἐκ
3510 2903 3796 2970 προγόνων
3849 2905 4051 2974 εὑσεόἧ

2406 3012 2414 3020 -
2483 2986 2586 3055 τὴν
2622 2985 2716 3038 τοῦ
2751 2987 2942 3052 γένους
2994 2989 3182 3059 σειρὰν
3220 2991 3442 3044 ἕλκοντα
3471 2995 3756 3061 παραίτιος
3810 2999 4047 3062 ἐγένετο,

2479 3077 2554 3138 ὼς
2585 3077 2643 3130 οὑ
2689 3078 2869 3147 θέμις,
2916 3079 3281 3148 βαπτισθῆναι
3324 3085 3405 3147 είς
3462 3087 3560 3154 τὴν
3597 3088 3900 3158 ἐκκλησίαν
3943 3091 4052 3143 τῶν

881 3162 1217 3232 -Ῑ-Φθάνουσι
1247 3165 1353 3232 πρό
1380 3180 1544 3218 τινων
1597 3165 1694 3236 ἥδη
1756 3169 1963 3236 χρόνων
2012 3171 2061 3222 οί
2114 3171 2376 3227 Ταναῖται
2411 3193 2452 3255 c
2495 3170 2816 3238 Ἀρμενίων,
2854 3174 3053 3242 μηκέτι
3106 3177 3445 3241 ἐνεγκόντες,
3498 3178 3789 3248 ἐγγράφως
3839 3183 4048 3248 ἀναφέ-

809 3253 1218 3309 θεοσεδέστατοι
1262 3257 1446 3324 ίερεῖς,
1472 3258 1501 3311 ὃ
1530 3274 1590 3309 τε
1624 3264 2042 3327 πρωτοπαππᾶς
2074 3262 2310 3335 Μιχαὴλ,
2346 3270 2374 3319 ὀ

813 3345 1184 3417 πρεσϐύτερος
1201 3348 1467 3410 Νικόλαος
1490 3349 1583 3402 καὶ
1605 3351 1633 3402 ό
1652 3349 1834 3413 λοιπὸς
1862 3353 1980 3420 μετ’
2000 3355 2181 3408 αὐτῶν
2204 3373 2374 3426 πρεσ.

811 3437 1037 3507 σύτερος
1070 3440 1408 3508 ὀΘεόδωρος,
1439 3443 1516 3502 είς
1545 3442 1642 3502 τὰς
1669 3443 1808 3510 μετά
1835 3444 1930 3495 τοῦ
1960 3462 2087 3497 ποτε
2125 3447 2376 3509 Ἀλανίας

807 3531 1140 3598 ἐμπεσόντες
1168 3533 1268 3584 οὑκ
1302 3532 1489 3599 ὀλίγας
1512 3533 1953 3603 ἀμφισϐητήσεις
1986 3537 2078 3589 καὶ
2097 3537 2371 3605 διενέξεις,

805 3622 882 3682 ὡς
913 3622 1382 3692 ἀποστερούμενοι
1425 3623 1556 3693 παρ’
1590 3625 1776 3690 αὑτοῦ,
1810 3627 2064 3698 καθάπερ
2105 3629 2372 3700 διισχυρί-

803 3701 978 3778 ζοντο,
1011 3715 1120 3766 τῶν
1173 3714 1437 3767 ἀνέκαθεν
1486 3718 1872 3786 προσηκόντων
1917 3719 2011 3770 καὶ
2056 3721 2371 3788 ἀνηκόντων

800 3807 985 3867 αὐτοῖς
1013 3804 1484 3875 ἐκκλησιαστικῶν
1506 3806 1726 3859 δικαίων
1747 3823 1760 3837 ο
1797 3807 1950 3862 ἐνθεν
1982 3826 2062 3862 τοι
2100 3815 2193 3863 καὶ
2224 3815 2368 3879 ἐπεὶ,

801 3899 980 3968 ἱκεσίᾳ
1013 3898 1183 3967 πολλῇ
1217 3899 1486 3968 πρότερον
1513 3900 1855 3969 χρησάμενοι
1886 3903 2022 3970 πρὸς
2051 3903 2212 3956 αὑτὸν
2243 3905 2367 3956 τού-

796 4007 906 4042 των
939 3990 1126 4052 ἐνεκα,
1163 3989 1273 4042 οὐδ’
1300 3989 1437 4052 ὅλως
1468 3991 1697 4060 ἴσχυσαν
1726 3996 2052 4060 μεταπεῖσαι
2083 3997 2182 4064 τῆς
2209 3998 2368 4048 πλεο-

797 4082 1053 4150 νεκτικῆς
1089 4081 1182 4133 καὶ
1210 4081 1518 4149 φιλονείκου
1553 4081 1803 4153 γνώμης,
1838 4086 1934 4137 καὶ
1967 4087 2042 4154 μὴ
2079 4088 2170 4138 ἐπὶ
2205 4088 2369 4139 πλέον

794 4174 1085 4243 δυνάμενοι
1110 4174 1296 4242 φέρειν
1312 4175 1412 4244 τὴν
1433 4175 1666 4238 ἀδικίαν,
1691 4177 2050 4246 ἀνατρέχουσι
2067 4180 2368 4245 τηνικαῦτα

794 4268 876 4328 είς
909 4267 1002 4319 τὸν
1031 4264 1335 4332 ἁγιώτατον
1375 4268 1743 4336 πατριάρχην,
1773 4269 1877 4335 κῦρ
1924 4269 2196 4340 Ἰσίδωρον
2227 4274 2366 4324 ἐκεῖ·

795 4375 907 4422 νον,
935 4359 1030 4410 καὶ
1059 4359 1128 4411 τὰ
1166 4359 1294 4427 περὶ
1339 4357 1526 4411 τούτου
1560 4359 1878 4428 περιπαθῶς
1921 4361 2363 4427 ἀναγγέλλουσιν,

791 4451 881 4503 ὅτε
917 4449 982 4516 δὴ
1005 4452 1099 4504 καὶ
1130 4449 1410 4502 συνοδικοῦ
1440 4452 1798 4520 δικαστηρίου
1827 4453 2090 4515 πολλάκις
2124 4463 2214 4505 καί
2246 4456 2365 4506 δια-

2482 3277 2637 3332 ρουσι
2669 3263 2764 3315 καὶ
2814 3264 3082 3332 πρότερον
3121 3266 3186 3318 τά
3226 3268 3354 3337 περὶ
3386 3269 3579 3321 τούτου
3628 3272 3925 3335 συνεδικῶς
3960 3275 4054 3325 ἐπὶ

2477 3350 2570 3402 τοῦ
2601 3353 3040 3420 χρηματίσαντος
3071 3353 3177 3424 κῦρ
3213 3357 3488 3412 Φιλοθέου.
3521 3360 3675 3413 Μετά
3712 3361 3896 3426 μέντοι
3947 3382 4054 3416 πα-

2479 3442 2756 3510 ραδρομὴν
2785 3444 2885 3495 οὐκ
2907 3444 3087 3510 ὀλίγου
3120 3443 3315 3514 καιροῦ
3345 3448 3626 3517 ἀρχόντων
3658 3452 3844 3517 τινῶν,
3869 3469 4052 3522 πραγ-

2479 3532 2766 3598 ματευτῶν
2793 3536 2886 3586 καὶ
2917 3536 3023 3587 ἀπὸ
3053 3536 3165 3588 τῶν
3195 3539 3430 3592 ἐποίκων
3466 3541 3699 3593 πολιτῶν
3727 3545 3829 3611 τῆς
3858 3545 4043 3599 θεοδο-

2476 3623 2693 3689 ξάστου,
2724 3624 3092 3687 θεοφυλάκτου
3129 3631 3221 3680 καὶ
3269 3629 3707 3698 θεομεγαλύντου
3755 3636 4054 3690 Κωνσταν-

2471 3714 2831 3777 τινουπόλεως
2861 3715 2918 3782 ἐξ
2956 3716 3111 3780 ἔθους
3157 3719 3300 3771 κατά
3333 3720 3424 3773 τὸν
3456 3722 3633 3774 ἐκεῖσε
3677 3727 3845 3778 τόπον
3913 3729 4048 3796 ἀφιο

2477 3807 2810 3874 κνουμένων,
2834 3808 3069 3874 ἐχόντων
3093 3812 3155 3862 ἐκ
3185 3810 3281 3864 τοῦ
3314 3813 3518 3880 τρόπου
3551 3815 3645 3868 καὶ
3671 3819 3770 3887 τῆς
3802 3823 4052 3887 συνειδή-

2476 3913 2612 3956 σεως
2637 3896 2698 3948 τὸ
2729 3895 3043 3960 ἀξιόπιστον
3074 3902 3169 3952 καὶ
3197 3904 3562 3972 ἐγνωσμένων
3584 3906 3754 3961 όντων
3783 3913 3864 3972 είς
3888 3914 4055 3966 τοῦτο

2473 3990 2583 4048 τοῖς
2614 3989 2748 4041 πᾶσι
2783 3990 2991 4058 σχεδὸν,
3018 3990 3112 4042 τοῦ
3143 4009 3201 4044 τε
3240 3995 3345 4061 κῦρ
3395 3988 3812 4053 Κωνσταντίνου
3843 4004 4054 4074 δηλαδὴ

2471 4078 2565 4130 τοῦ
2611 4079 2946 4148 Ἀγαπητοῦ,
2978 4083 3074 4136 τοῦ
3127 4086 3458 4154 αὑταδέλφου
3500 4090 3665 4142 αὑτοῦ
3711 4091 4054 4162 Ἀγαπητοῦ,

2470 4171 2565 4224 τοῦ
2603 4173 2710 4225 ἀπὸ
2757 4173 2862 4226 τῶν
2897 4176 3189 4242 Πηγαῖτῶν
3220 4179 3654 4248 Σγουροπούλου,
3689 4183 3783 4236 τοῦ
3831 4187 4057 4256 Μονίμ-

2472 4260 2743 4314 6ασιώτου
2777 4262 2873 4316 καὶ
2905 4258 3132 4332 ἐτέρων,
3169 4268 3225 4317 ἐν
3252 4269 3455 4335 εἰδήσει
3490 4271 3583 4321 καὶ
3605 4271 3775 4340 πείρᾳ
3810 4279 4050 4341 γενομέ-

2470 4370 2579 4404 νων
2609 4352 2707 4406 καὶ
2767 4355 2995 4424 αὑτοψεὶ
3029 4357 3244 4409 ίδόντων
3293 4359 3391 4421 τάς
3421 4361 3805 4428 ἀπειρημένας
3845 4365 4057 4427 ταύτας

2472 4444 2566 4494 καὶ
2598 4445 2948 4513 παρανόμους
2985 4448 3214 4516 πράξεις
3237 4450 3402 4502 αὑτοῦ
3449 4455 3543 4504 καὶ
3571 4455 3660 4504 τὸν
3699 4457 4056 4523 προσήκοντα.

792 4543 976 4611 φέρως
1013 4542 1504 4612 συγκροτηθέντος’
1538 4545 1921 4614 συμπαρόντος
1953 4547 2046 4596 κιαι)⁵
2078 4545 2173 4597 τοῦ
2215 4547 2364 4598 ἀντι,
2399 4528 2441 4582 D
2472 4530 2631 4599 ζῆλον
2671 4534 2922 4587 ἐντεῦθεν
2958 4536 3341 4591 ἀναλαϐόντων
3370 4541 3461 4591 καὶ
3489 4542 3789 4605 συνοδικῶς
3816 4543 3892 4610 τῷ
3927 4549 4054 4596 τότε

792 4634 1200 4700 καθισταμένου
1247 4636 1432 4696 αὑτοῖς
1466 4635 1705 4686 τοιούτου
1751 4635 2019 4696 Ἀλανίσς,
2056 4638 2175 4689 ἐπεὶ
2214 4639 2365 4706 διαρ-

791 4727 961 4796 ρήδην
1018 4725 1370 4792 ἀνεφάνησαν
1429 4728 1476 4778 οί
1521 4725 1754 4778 τοιοῦτοι
1809 4727 2175 4796 πρεσὸύτεροι
2227 4729 2364 4795 μετά

787 4817 985 4886 πολλὴν
1007 4818 1100 4870 καὶ
1121 4819 1325 4888 ἀκριόἦ
1345 4819 1441 4887 τὴν
1466 4819 1710 4883 ἐξέτασιν
1737 4819 1895 4872 ἄδικα
1914 4821 2212 4889 πάσχοντες
2235 4821 2366 4888 παρ’

784 4910 951 4963 αὑτοῦ
1005 4911 1101 4962 καὶ
1151 4911 1261 4961 τῶν
1313 4910 1460 4961 ίδίων
1513 4912 2002 4979 ἀποστερούμενοι,
2031 4913 2129 4981 οὑχ
2185 4915 2363 4979 ὑγιαι-

783 5005 953 5071 νούσῃ
985 5000 1205 5070 γνώμῃ.
1238 5001 1498 5070 ψήφισμα
1548 5003 1827 5054 συνοδικὸν
1874 5005 2165 5071 ἐξήνεγκον
2209 5004 2360 5056 τοῦδε

781 5097 875 5149 τοῦ
899 5097 1205 5164 ἀγιωτάτου
1244 5096 1586 5164 πατριάρχου
1644 5095 1747 5164 κῦρ
1785 5095 2078 5164 Ἰσιδώρου,
2116 5097 2361 5150 δικαιοῦν

780 5188 1001 5249 αὑτοὺς,
1053 5183 1194 5237 ὥστε
1241 5185 1560 5247 ἀπολαύειν,
1603 5185 1677 5245 ὠς
1733 5183 1792 5235 τὸ
1845 5185 2137 5252 πρότερον,
2175 5189 2238 5238 ἐκ
2264 5187 2358 5238 τοῦ

780 5280 879 5330 ἀπ’
913 5277 1166 5330 ἐντεῦθεν
1213 5277 1323 5329 τῶν
1357 5277 1726 5344 διαφερόντων
1761 5277 1944 5338 αὑτοῖς
1989 5278 2198 5330 ἀνωθεν
2245 5295 2359 5330 τοια

775 5372 953 5438 τούτων
985 5371 1459 5439 ἐκκλησιαστικιῖιν
1487 5371 1713 5422 δικαίων
1738 5371 1877 5423 κατά
1924 5371 2022 5440 τὴν
2055 5373 2359 5439 ἐπικρατὴ-

776 5481 953 5517 σασαν
973 5463 1114 5515 κατὰ
1136 5463 1226 5515 τὸν
1253 5465 1428 5516 ἐκεῖσε
1460 5465 1622 5515 τόπον
1645 5463 1797 5528 τάξιν
1820 5479 1878 5514 τε
1909 5464 2000 5532 καὶ
2043 5466 2353 5531 συνήθειαν.

773 5555 921 5609 ’.ἀλλ’
953 5555 981 5606 ό
1028 5554 1289 5623 δηλωθε“ις
1332 5553 1623 5620 Ἀλανίαξ,
1661 5556 1839 5613 καίτοι
1869 5554 2026 5619 δόξας
2063 5555 2355 5605 πείσαιοαι

768 5650 932 5718 δῆθεν
963 5650 1148 5711 αὑτοῖς
1171 5691 1186 5712 ,
1217 5649 1594 5718 ἀποσχόμενος
1645 5651 1743 5717 τῆς
1801 5649 2082 5718 ἐριστικῆς
2128 5649 2356 5717 γνώμης

767 5742 937 5795 αὑτοῦ
957 5743 1050 5794 καὶ
1074 5739 1490 5810 πλεονεκτικῆς,
1517 5741 1614 5795 καὶ
1633 5743 1903 5811 στέργων,
1920 5741 1996 5803 ὡς
2016 5739 2353 5808 καθυπεκρί-

768 5852 887 5890 νετο
911 5834 999 5886 τὸν
1019 5834 1230 5904 καιρὸν,
1256 5835 1323 5905 τῇ
1358 5835 1609 5904 συνοδικῇ
1634 5833 1810 5905 ταύτῃ
1833 5835 2097 5902 ἐγγράφῳ
2125 5831 2355 5898 διαγνώ-

2470 4626 2957 4692 παραγενομένων,
3016 4631 3404 4699 συμπαρόντος
3442 4633 3535 4682 καὶ
3597 4635 4053 4701 συνεδριάζοντος

2469 4715 2562 4766 καὶ
2599 4717 2763 4769 αὑτοῦ
2794 4719 2857 4787 δὴ
2885 4719 2976 4770 τοῦ
3018 4719 3291 4786 Ἀλανίας,
3330 4724 3619 4792 κεκίνηται
3671 4727 3919 4795 ἀκριϐῶς
3952 4728 4056 4778 καὶ

2466 4807 2536 4860 τὰ
2560 4809 2680 4860 κατ’
2733 4809 2899 4861 αὑτοῦ
2963 4812 3264 4881 αἰτιάματα
3310 4816 3406 4868 καὶ
3445 4817 3772 4886 ἐγκλήματα
3816 4822 3909 4870 ἐπὶ
3949 4821 4054 4887 τῆς

2470 4900 2623 4962 θείας
2669 4903 2763 4954 καὶ
2795 4904 2944 4971 ίερᾶς
2974 4907 3306 4973 ὁμηγύρεως
3360 4908 3468 4960 τῶν
3506 4911 3821 4979 ίερωτάτων
3851 4913 4048 4981 ἀρχιε-

2469 4994 2607 5060 ρέων
2638 4995 2731 5045 καὶ
2763 4995 3098 5064 ὑπερτίμων,
3129 4999 3226 5051 καὶ
3249 4999 3397 5060 ὅπως
3429 4999 3884 5068 ἀνερυθριάστως
3906 5005 4051 5054 ἀπε-

2464 5086 2705 5154 τόλμησε
2732 5088 2826 5138 καὶ
2850 5089 3344 5157 ἐπεχειροτόνησεν
3368 5090 3669 5142 ἐπίσκοπον
3695 5095 3774 5153 είς
3800 5093 3901 5159 τὴν
3935 5094 4050 5145 τῶν

2465 5176 2799 5233 καυκασίων
2830 5181 3186 5250 μητρόπολιν,
3229 5183 3717 5252 συνηριθμημὲνην
3747 5185 3957 5238 ἀνωθεν
3975 5191 4050 5255 τῇ

2467 5274 2590 5342 ἱερᾷ
2628 5273 2831 5343 συνόδῳ
2858 5275 2952 5325 καὶ
2983 5276 3048 5343 τῇ
3086 5281 3464 5346 πατριαρχικῇ
3502 5279 3731 5347 έφορείᾳ
3773 5279 3870 5330 καὶ
3912 5281 4051 5330 ἀνα-

2461 5365 2640 5431 κρίσει
2671 5363 3038 5432 ὑποκειμένην
3064 5366 3159 5417 καὶ
3194 5367 3296 5417 ὑπὸ
3317 5365 3415 5435 τὴν
3443 5364 3568 5418 καθ’
3596 5369 3741 5435 ἡμᾶς
3772 5365 4047 5419 τελοῦσαν

2462 5458 2771 5532 ἁχιωτάτην
2834 5458 3127 5526 καθολικὴν
3191 5461 3285 5511 καὶ
3338 5460 3708 5529 ἀποστολικὴν
3802 5462 4046 5530 Ἐκκλη-

2462 5569 2605 5614 σ;αν,
2661 5553 2709 5601 εἰ
2762 5549 2856 5602 καὶ
2891 5550 3224 5618 σοφιστικῶς
3272 5554 3532 5622 ἐπειρᾶτο
3580 5554 3954 5620 συμπλάττειν
3979 5572 4047 5608 τι

2460 5644 2555 5694 καὶ
2584 5642 2889 5708 λανθάνειν,
2929 5651 3332 5714 σκηπτόμενος,
3374 5647 3568 5715 ἑτέραν
3617 5649 3715 5715 μὲν
3750 5645 3890 5702 εἶναι
3939 5650 4051 5719 τὴν

2457 5736 2565 5787 τῶν
2602 5737 2931 5788 Καυκασίων
2973 5737 3256 5806 συνοδικὴν
3311 5739 3516 5806 ταύτην
3564 5741 4048 5808 μητρόπολιν,ἀ.λ-

2459 5829 2556 5897 λην
2584 5829 2640 5882 δὲ
2673 5831 2973 5899 τυγχάνειν
3030 5833 3336 5900 ἐπισκοπὴν
3366 5831 3458 5884 ὑπ’
3506 5834 3695 5900 αὑτὸν,
3728 5834 3828 5901 τὴν
3886 5835 4047 5889 οὑτω
