  <div class='ocr_page' id='page_1' title='image "/cluster/home/n/w/nwhite01/storage/ocr_20150623/152/nnc1.0046980377/684.png"; bbox 0 0 4430 6454; ppageno 0'>
   <div class='ocr_carea' id='block_1_1' title="bbox 380 417 518 487">
    <p class='ocr_par' dir='ltr' id='par_1_1' title="bbox 380 417 518 487">
     <span class='ocr_line' id='line_1_1' title="bbox 380 417 518 487; baseline -0.014 -1"><span class='ocrx_word' id='word_1_1' title='bbox 380 417 518 487; x_wconf 75' lang='grc'>1349</span> 
     </span>
    </p>
   </div>
   <div class='ocr_carea' id='block_1_2' title="bbox 1207 411 2796 477">
    <p class='ocr_par' dir='ltr' id='par_1_2' title="bbox 1207 411 2796 477">
     <span class='ocr_line' id='line_1_2' title="bbox 1207 411 2796 477; baseline -0.003 -4"><span class='ocrx_word' id='word_1_2' title='bbox 1207 412 1543 477; x_wconf 62' lang='grc' dir='ltr'>αλιιιειπι</span> <span class='ocrx_word' id='word_1_3' title='bbox 1584 415 1678 474; x_wconf 81' lang='lat' dir='ltr'><strong>ET</strong></span> <span class='ocrx_word' id='word_1_4' title='bbox 1723 411 2141 475; x_wconf 75' lang='lat' dir='ltr'>PIIILOTHEI</span> <span class='ocrx_word' id='word_1_5' title='bbox 2178 412 2290 475; x_wconf 78' lang='grc' dir='ltr'>ΕΡ.</span> <span class='ocrx_word' id='word_1_6' title='bbox 2331 411 2796 472; x_wconf 79' lang='lat' dir='ltr'>PATRIARCH.</span> 
     </span>
    </p>
   </div>
   <div class='ocr_carea' id='block_1_3' title="bbox 3476 408 3615 474">
    <p class='ocr_par' dir='ltr' id='par_1_3' title="bbox 3476 408 3615 474">
     <span class='ocr_line' id='line_1_3' title="bbox 3476 408 3615 474; baseline 0 -1"><span class='ocrx_word' id='word_1_7' title='bbox 3476 408 3615 474; x_wconf 78' lang='grc'>1350</span> 
     </span>
    </p>
   </div>
   <div class='ocr_carea' id='block_1_4' title="bbox 374 518 3616 609">
    <p class='ocr_par' dir='ltr' id='par_1_4' title="bbox 374 518 3616 609">
     <span class='ocr_line' id='line_1_4' title="bbox 374 518 3616 609; baseline -0.004 -23"><span class='ocrx_word' id='word_1_8' title='bbox 374 549 494 595; x_wconf 87' lang='grc' dir='ltr'>πως</span> <span class='ocrx_word' id='word_1_9' title='bbox 525 530 822 609; x_wconf 76' lang='grc' dir='ltr'>λεγομένην</span> <span class='ocrx_word' id='word_1_10' title='bbox 848 528 1204 584; x_wconf 76' lang='grc' dir='ltr'>Καυκασίανο</span> <span class='ocrx_word' id='word_1_11' title='bbox 1241 528 1540 593; x_wconf 76' lang='grc' dir='ltr'>ἐξετάσεως</span> <span class='ocrx_word' id='word_1_12' title='bbox 1593 527 1727 597; x_wconf 83' lang='grc' dir='ltr'>γάρ,</span> <span class='ocrx_word' id='word_1_13' title='bbox 1771 527 1941 580; x_wconf 85' lang='grc' dir='ltr'>καθά·</span> <span class='ocrx_word' id='word_1_14' title='bbox 1970 537 2015 594; x_wconf 71' lang='grc' dir='ltr'><strong>Α</strong></span> <span class='ocrx_word' id='word_1_15' title='bbox 2041 541 2212 593; x_wconf 89' lang='grc' dir='ltr'>τεροι,</span> <span class='ocrx_word' id='word_1_16' title='bbox 2246 525 2297 578; x_wconf 79' lang='grc' dir='ltr'>οι</span> <span class='ocrx_word' id='word_1_17' title='bbox 2326 521 2611 586; x_wconf 71' lang='grc' dir='ltr'>Ταναῐται,</span> <span class='ocrx_word' id='word_1_18' title='bbox 2649 525 2749 576; x_wconf 87' lang='grc' dir='ltr'>οὑκ</span> <span class='ocrx_word' id='word_1_19' title='bbox 2803 518 2942 591; x_wconf 73' lang='grc' dir='ltr'>ἦσαν</span> <span class='ocrx_word' id='word_1_20' title='bbox 2987 521 3380 590; x_wconf 81' lang='grc' dir='ltr'>ἐπιδημοῦντες</span> <span class='ocrx_word' id='word_1_21' title='bbox 3424 521 3616 575; x_wconf 84' lang='grc' dir='ltr'>ἐνταῦ·</span> 
     </span>
    </p>
   </div>
   <div class='ocr_carea' id='block_1_5' title="bbox 379 616 1940 686">
    <p class='ocr_par' dir='ltr' id='par_1_5' title="bbox 379 616 1940 686">
     <span class='ocr_line' id='line_1_5' title="bbox 379 616 1940 686; baseline -0.001 -16"><span class='ocrx_word' id='word_1_22' title='bbox 379 634 487 686; x_wconf 88' lang='grc' dir='ltr'>περ</span> <span class='ocrx_word' id='word_1_23' title='bbox 515 618 706 685; x_wconf 83' lang='grc' dir='ltr'>ἐχρῆν,</span> <span class='ocrx_word' id='word_1_24' title='bbox 740 616 1002 686; x_wconf 74' lang='grc' dir='ltr'>ἀκριϐοῦς</span> <span class='ocrx_word' id='word_1_25' title='bbox 1032 617 1330 685; x_wconf 89' lang='grc' dir='ltr'>γενομένης</span> <span class='ocrx_word' id='word_1_26' title='bbox 1363 618 1458 670; x_wconf 72' lang='grc' dir='ltr'>καὶ</span> <span class='ocrx_word' id='word_1_27' title='bbox 1493 618 1602 670; x_wconf 91' lang='grc' dir='ltr'>τῶν</span> <span class='ocrx_word' id='word_1_28' title='bbox 1633 617 1940 669; x_wconf 88' lang='grc' dir='ltr'>κανονικῶν</span> 
     </span>
    </p>
   </div>
   <div class='ocr_carea' id='block_1_6' title="bbox 381 707 1938 778">
    <p class='ocr_par' dir='ltr' id='par_1_6' title="bbox 381 707 1938 778">
     <span class='ocr_line' id='line_1_6' title="bbox 381 707 1938 778; baseline -0.001 -20"><span class='ocrx_word' id='word_1_29' title='bbox 381 708 579 778; x_wconf 71' lang='grc' dir='ltr'>βίϐλων</span> <span class='ocrx_word' id='word_1_30' title='bbox 611 707 1052 777; x_wconf 79' lang='grc' dir='ltr'>προτεθειμένων</span> <span class='ocrx_word' id='word_1_31' title='bbox 1081 707 1162 767; x_wconf 88' lang='grc' dir='ltr'>είς</span> <span class='ocrx_word' id='word_1_32' title='bbox 1194 707 1360 774; x_wconf 82' lang='grc' dir='ltr'>μέσον</span> <span class='ocrx_word' id='word_1_33' title='bbox 1381 709 1476 758; x_wconf 76' lang='grc' dir='ltr'>καὶ</span> <span class='ocrx_word' id='word_1_34' title='bbox 1500 709 1600 774; x_wconf 84' lang='grc' dir='ltr'>τῆς</span> <span class='ocrx_word' id='word_1_35' title='bbox 1621 708 1938 775; x_wconf 76' lang='grc' dir='ltr'>ἀπαριθμή-</span> 
     </span>
    </p>
   </div>
   <div class='ocr_carea' id='block_1_7' title="bbox 380 795 1941 865">
    <p class='ocr_par' dir='ltr' id='par_1_7' title="bbox 380 795 1941 865">
     <span class='ocr_line' id='line_1_7' title="bbox 380 795 1941 865; baseline -0.001 -16"><span class='ocrx_word' id='word_1_36' title='bbox 380 813 518 859; x_wconf 86' lang='grc' dir='ltr'>σεως</span> <span class='ocrx_word' id='word_1_37' title='bbox 567 795 856 863; x_wconf 74' lang='grc' dir='ltr'>γεγονυίας</span> <span class='ocrx_word' id='word_1_38' title='bbox 919 795 1322 863; x_wconf 83' lang='grc' dir='ltr'>λελογισμένως</span> <span class='ocrx_word' id='word_1_39' title='bbox 1364 797 1474 847; x_wconf 89' lang='grc' dir='ltr'>τῶν</span> <span class='ocrx_word' id='word_1_40' title='bbox 1519 814 1579 849; x_wconf 88' lang='grc' dir='ltr'>τε</span> <span class='ocrx_word' id='word_1_41' title='bbox 1630 796 1941 865; x_wconf 89' lang='grc' dir='ltr'>ἐκασταχοῦ</span> 
     </span>
    </p>
   </div>
   <div class='ocr_carea' id='block_1_8' title="bbox 387 885 1945 956">
    <p class='ocr_par' dir='ltr' id='par_1_8' title="bbox 387 885 1945 956">
     <span class='ocr_line' id='line_1_8' title="bbox 387 885 1945 956; baseline -0.001 -17"><span class='ocrx_word' id='word_1_42' title='bbox 387 887 772 956; x_wconf 77' lang='grc' dir='ltr'>μητροπόλεων</span> <span class='ocrx_word' id='word_1_43' title='bbox 803 885 899 938; x_wconf 83' lang='grc' dir='ltr'>καὶ</span> <span class='ocrx_word' id='word_1_44' title='bbox 928 886 1036 938; x_wconf 93' lang='grc' dir='ltr'>τῶν</span> <span class='ocrx_word' id='word_1_45' title='bbox 1064 886 1441 953; x_wconf 69' lang='grc' dir='ltr'>ὑποκειμένων</span> <span class='ocrx_word' id='word_1_46' title='bbox 1476 887 1696 949; x_wconf 78' lang='grc' dir='ltr'>ταύταις</span> <span class='ocrx_word' id='word_1_47' title='bbox 1726 889 1945 938; x_wconf 80' lang='grc' dir='ltr'>ἐπισκο-</span> 
     </span>
    </p>
   </div>
   <div class='ocr_carea' id='block_1_9' title="bbox 380 976 1946 1047">
    <p class='ocr_par' dir='ltr' id='par_1_9' title="bbox 380 976 1946 1047">
     <span class='ocr_line' id='line_1_9' title="bbox 380 976 1946 1047; baseline 0.001 -18"><span class='ocrx_word' id='word_1_48' title='bbox 380 978 501 1029; x_wconf 91' lang='grc' dir='ltr'>πῶν</span> <span class='ocrx_word' id='word_1_49' title='bbox 532 978 674 1030; x_wconf 89' lang='grc' dir='ltr'>κατά</span> <span class='ocrx_word' id='word_1_50' title='bbox 705 977 804 1047; x_wconf 79' lang='grc' dir='ltr'>τήν</span> <span class='ocrx_word' id='word_1_51' title='bbox 832 977 898 1028; x_wconf 85' lang='grc' dir='ltr'>ἐκ</span> <span class='ocrx_word' id='word_1_52' title='bbox 929 976 1162 1029; x_wconf 79' lang='grc' dir='ltr'>παλαιοῦ</span> <span class='ocrx_word' id='word_1_53' title='bbox 1188 980 1644 1046; x_wconf 67' lang='grc' dir='ltr'>ἐπικρατήσασαν</span> <span class='ocrx_word' id='word_1_54' title='bbox 1662 979 1820 1043; x_wconf 80' lang='grc' dir='ltr'>τάξιν</span> <span class='ocrx_word' id='word_1_55' title='bbox 1847 976 1946 1031; x_wconf 82' lang='grc' dir='ltr'>καὶ</span> 
     </span>
    </p>
   </div>
   <div class='ocr_carea' id='block_1_10' title="bbox 379 1067 1946 1139">
    <p class='ocr_par' dir='ltr' id='par_1_10' title="bbox 379 1067 1946 1139">
     <span class='ocr_line' id='line_1_10' title="bbox 379 1067 1946 1139; baseline 0.001 -18"><span class='ocrx_word' id='word_1_56' title='bbox 379 1067 733 1121; x_wconf 77' lang='grc' dir='ltr'>ὑποτύπωσιν</span> <span class='ocrx_word' id='word_1_57' title='bbox 767 1069 848 1133; x_wconf 85' lang='grc' dir='ltr'>είς</span> <span class='ocrx_word' id='word_1_58' title='bbox 876 1068 977 1136; x_wconf 82' lang='grc' dir='ltr'>τὴν</span> <span class='ocrx_word' id='word_1_59' title='bbox 1004 1069 1104 1137; x_wconf 78' lang='grc' dir='ltr'>τῆς</span> <span class='ocrx_word' id='word_1_60' title='bbox 1157 1069 1414 1138; x_wconf 85' lang='grc' dir='ltr'>ἀληθείας</span> <span class='ocrx_word' id='word_1_61' title='bbox 1443 1070 1755 1139; x_wconf 89' lang='grc' dir='ltr'>ἀνεύρεσιν,</span> <span class='ocrx_word' id='word_1_62' title='bbox 1797 1071 1946 1124; x_wconf 84' lang='grc' dir='ltr'>οὑδε-</span> 
     </span>
    </p>
   </div>
   <div class='ocr_carea' id='block_1_11' title="bbox 385 1157 1947 1228">
    <p class='ocr_par' dir='ltr' id='par_1_11' title="bbox 385 1157 1947 1228">
     <span class='ocr_line' id='line_1_11' title="bbox 385 1157 1947 1228; baseline 0.003 -20"><span class='ocrx_word' id='word_1_63' title='bbox 385 1158 484 1227; x_wconf 91' lang='grc' dir='ltr'>μία</span> <span class='ocrx_word' id='word_1_64' title='bbox 532 1173 620 1217; x_wconf 88' lang='grc' dir='ltr'>τις</span> <span class='ocrx_word' id='word_1_65' title='bbox 667 1157 898 1226; x_wconf 78' lang='grc' dir='ltr'>εὕρηται</span> <span class='ocrx_word' id='word_1_66' title='bbox 930 1158 1205 1224; x_wconf 78' lang='grc' dir='ltr'>ἐπισκοπὴ</span> <span class='ocrx_word' id='word_1_67' title='bbox 1259 1157 1621 1228; x_wconf 86' lang='grc' dir='ltr'>εὑρισκομένη</span> <span class='ocrx_word' id='word_1_68' title='bbox 1687 1160 1793 1213; x_wconf 73' lang='grc' dir='ltr'>ὑπ’)</span> <span class='ocrx_word' id='word_1_69' title='bbox 1847 1161 1947 1224; x_wconf 70' lang='grc' dir='ltr'>τὴν</span> 
     </span>
    </p>
   </div>
   <div class='ocr_carea' id='block_1_12' title="bbox 393 1248 1948 1321">
    <p class='ocr_par' dir='ltr' id='par_1_12' title="bbox 393 1248 1948 1321">
     <span class='ocr_line' id='line_1_12' title="bbox 393 1248 1948 1321; baseline 0.003 -20"><span class='ocrx_word' id='word_1_70' title='bbox 393 1248 644 1310; x_wconf 80' lang='grc' dir='ltr'>’Δλανίας</span> <span class='ocrx_word' id='word_1_71' title='bbox 681 1251 714 1316; x_wconf 81' lang='grc' dir='ltr'>ἡ</span> <span class='ocrx_word' id='word_1_72' title='bbox 748 1249 1042 1302; x_wconf 85' lang='grc' dir='ltr'>Καυκασία</span> <span class='ocrx_word' id='word_1_73' title='bbox 1091 1249 1382 1317; x_wconf 89' lang='grc' dir='ltr'>λεγομένη.</span> <span class='ocrx_word' id='word_1_74' title='bbox 1413 1249 1489 1312; x_wconf 85' lang='grc' dir='ltr'>ὡς</span> <span class='ocrx_word' id='word_1_75' title='bbox 1539 1252 1699 1314; x_wconf 86' lang='lat'><strong>0616;</strong></span> <span class='ocrx_word' id='word_1_76' title='bbox 1735 1267 1948 1321; x_wconf 85' lang='grc' dir='ltr'>προφα-</span> 
     </span>
    </p>
   </div>
   <div class='ocr_carea' id='block_1_13' title="bbox 382 1338 1947 1413">
    <p class='ocr_par' dir='ltr' id='par_1_13' title="bbox 382 1338 1947 1413">
     <span class='ocr_line' id='line_1_13' title="bbox 382 1338 1947 1413; baseline 0.002 -24"><span class='ocrx_word' id='word_1_77' title='bbox 382 1338 665 1407; x_wconf 73' lang='grc' dir='ltr'>σιζόμενος</span> <span class='ocrx_word' id='word_1_78' title='bbox 701 1338 905 1405; x_wconf 80' lang='grc' dir='ltr'>ἐλεγεν,</span> <span class='ocrx_word' id='word_1_79' title='bbox 959 1339 1095 1393; x_wconf 85' lang='grc' dir='ltr'>ἀλλά</span> <span class='ocrx_word' id='word_1_80' title='bbox 1155 1341 1316 1406; x_wconf 90' lang='grc' dir='ltr'>μόνον</span> <span class='ocrx_word' id='word_1_81' title='bbox 1357 1340 1588 1412; x_wconf 90' lang='grc' dir='ltr'>εῦρηται</span> <span class='ocrx_word' id='word_1_82' title='bbox 1637 1344 1756 1404; x_wconf 76' lang='grc' dir='ltr'>ταῖς</span> <span class='ocrx_word' id='word_1_83' title='bbox 1815 1344 1947 1413; x_wconf 69' lang='grc' dir='ltr'>ἀληο</span> 
     </span>
    </p>
   </div>
   <div class='ocr_carea' id='block_1_14' title="bbox 385 1429 1949 1500">
    <p class='ocr_par' dir='ltr' id='par_1_14' title="bbox 385 1429 1949 1500">
     <span class='ocr_line' id='line_1_14' title="bbox 385 1429 1949 1500; baseline 0.004 -20"><span class='ocrx_word' id='word_1_84' title='bbox 385 1429 558 1492; x_wconf 79' lang='grc' dir='ltr'>θείαις</span> <span class='ocrx_word' id='word_1_85' title='bbox 610 1431 946 1499; x_wconf 88' lang='grc' dir='ltr'>μητρόπολις</span> <span class='ocrx_word' id='word_1_86' title='bbox 1003 1432 1161 1500; x_wconf 85' lang='grc' dir='ltr'>ήμῶν</span> <span class='ocrx_word' id='word_1_87' title='bbox 1199 1433 1535 1486; x_wconf 79' lang='grc' dir='ltr'>Καυκασίων</span> <span class='ocrx_word' id='word_1_88' title='bbox 1574 1433 1781 1487; x_wconf 77' lang='grc' dir='ltr'>ἀνωθεν</span> <span class='ocrx_word' id='word_1_89' title='bbox 1829 1439 1949 1497; x_wconf 81' lang='grc' dir='ltr'>ταῖς</span> 
     </span>
    </p>
   </div>
   <div class='ocr_carea' id='block_1_15' title="bbox 386 1514 1950 1594">
    <p class='ocr_par' dir='ltr' id='par_1_15' title="bbox 386 1514 1950 1594">
     <span class='ocr_line' id='line_1_15' title="bbox 386 1514 1950 1594; baseline 0.006 -24"><span class='ocrx_word' id='word_1_90' title='bbox 386 1520 693 1582; x_wconf 81' lang='grc' dir='ltr'>συνοδικαίς</span> <span class='ocrx_word' id='word_1_91' title='bbox 740 1521 1099 1589; x_wconf 89' lang='grc' dir='ltr'>μητροπόλεσι</span> <span class='ocrx_word' id='word_1_92' title='bbox 1132 1524 1608 1594; x_wconf 75' lang='grc' dir='ltr'>ζσυνηριθμημένη</span> <span class='ocrx_word' id='word_1_93' title='bbox 1659 1527 1803 1578; x_wconf 89' lang='grc' dir='ltr'>κατά</span> <span class='ocrx_word' id='word_1_94' title='bbox 1857 1514 1950 1580; x_wconf 76' lang='grc' dir='ltr'>τὸν</span> 
     </span>
    </p>
   </div>
   <div class='ocr_carea' id='block_1_16' title="bbox 384 1611 1952 1686">
    <p class='ocr_par' dir='ltr' id='par_1_16' title="bbox 384 1611 1952 1686">
     <span class='ocr_line' id='line_1_16' title="bbox 384 1611 1952 1686; baseline 0.003 -23"><span class='ocrx_word' id='word_1_95' title='bbox 384 1611 874 1681; x_wconf 67' lang='grc' dir='ltr'>ἀναγεγραμμένον</span> <span class='ocrx_word' id='word_1_96' title='bbox 897 1614 1116 1682; x_wconf 82' lang='grc' dir='ltr'>τρόπον.</span> <span class='ocrx_word' id='word_1_97' title='bbox 1145 1614 1421 1676; x_wconf 85' lang='grc' dir='ltr'>Ὢσαύτως</span> <span class='ocrx_word' id='word_1_98' title='bbox 1443 1616 1669 1686; x_wconf 83' lang='grc' dir='ltr'>ἐκινήθη</span> <span class='ocrx_word' id='word_1_99' title='bbox 1693 1620 1783 1668; x_wconf 71' lang='grc' dir='ltr'>καὶ</span> <span class='ocrx_word' id='word_1_100' title='bbox 1810 1619 1952 1683; x_wconf 83' lang='grc' dir='ltr'>ἀπη-</span> 
     </span>
    </p>
   </div>
   <div class='ocr_carea' id='block_1_17' title="bbox 384 1701 1951 1772">
    <p class='ocr_par' dir='ltr' id='par_1_17' title="bbox 384 1701 1951 1772">
     <span class='ocr_line' id='line_1_17' title="bbox 384 1701 1951 1772; baseline 0.004 -19"><span class='ocrx_word' id='word_1_101' title='bbox 384 1701 590 1770; x_wconf 88' lang='grc' dir='ltr'>λέγχθη</span> <span class='ocrx_word' id='word_1_102' title='bbox 621 1703 896 1772; x_wconf 79' lang='grc' dir='ltr'>ἀριδήλως</span> <span class='ocrx_word' id='word_1_103' title='bbox 946 1705 1042 1756; x_wconf 77' lang='grc' dir='ltr'>καὶ</span> <span class='ocrx_word' id='word_1_104' title='bbox 1072 1705 1219 1766; x_wconf 85' lang='grc' dir='ltr'>ὅπως</span> <span class='ocrx_word' id='word_1_105' title='bbox 1279 1706 1369 1758; x_wconf 84' lang='grc' dir='ltr'>τὸν</span> <span class='ocrx_word' id='word_1_106' title='bbox 1417 1707 1737 1772; x_wconf 84' lang='grc' dir='ltr'>ἐπίσκοπον,</span> <span class='ocrx_word' id='word_1_107' title='bbox 1769 1708 1951 1760; x_wconf 81' lang='grc' dir='ltr'>ὅντινα</span> 
     </span>
    </p>
   </div>
   <div class='ocr_carea' id='block_1_18' title="bbox 386 1791 1954 1866">
    <p class='ocr_par' dir='ltr' id='par_1_18' title="bbox 386 1791 1954 1866">
     <span class='ocr_line' id='line_1_18' title="bbox 386 1791 1954 1866; baseline 0.004 -23"><span class='ocrx_word' id='word_1_108' title='bbox 386 1791 558 1861; x_wconf 77' lang='grc' dir='ltr'>δήπου</span> <span class='ocrx_word' id='word_1_109' title='bbox 604 1793 938 1860; x_wconf 82' lang='grc' dir='ltr'>παρανόμως</span> <span class='ocrx_word' id='word_1_110' title='bbox 989 1794 1084 1846; x_wconf 74' lang='grc' dir='ltr'>καὶ</span> <span class='ocrx_word' id='word_1_111' title='bbox 1121 1795 1491 1858; x_wconf 84' lang='grc' dir='ltr'>ἀκανονίστως</span> <span class='ocrx_word' id='word_1_112' title='bbox 1547 1798 1954 1866; x_wconf 66' lang='grc' dir='ltr'>ἐχειροτόνησεν</span> 
     </span>
    </p>
   </div>
   <div class='ocr_carea' id='block_1_19' title="bbox 2043 611 3616 681">
    <p class='ocr_par' dir='ltr' id='par_1_19' title="bbox 2043 611 3616 681">
     <span class='ocr_line' id='line_1_19' title="bbox 2043 611 3616 681; baseline -0.002 -15"><span class='ocrx_word' id='word_1_113' title='bbox 2043 616 2133 667; x_wconf 91' lang='grc' dir='ltr'>θα.</span> <span class='ocrx_word' id='word_1_114' title='bbox 2163 614 2404 680; x_wconf 82' lang='grc' dir='ltr'>Ἐφθασε</span> <span class='ocrx_word' id='word_1_115' title='bbox 2456 613 2512 666; x_wconf 85' lang='grc' dir='ltr'>δέ</span> <span class='ocrx_word' id='word_1_116' title='bbox 2560 615 2656 666; x_wconf 58' lang='grc' dir='ltr'>καὶ</span> <span class='ocrx_word' id='word_1_117' title='bbox 2690 616 2720 664; x_wconf 89' lang='lat'>6</span> <span class='ocrx_word' id='word_1_118' title='bbox 2780 612 3008 680; x_wconf 76' lang='grc' dir='ltr'>ἀδελφὸς</span> <span class='ocrx_word' id='word_1_119' title='bbox 3068 612 3256 674; x_wconf 87' lang='grc' dir='ltr'>αὑτοῦ,</span> <span class='ocrx_word' id='word_1_120' title='bbox 3315 612 3467 679; x_wconf 83' lang='grc' dir='ltr'>παρά</span> <span class='ocrx_word' id='word_1_121' title='bbox 3516 611 3616 681; x_wconf 75' lang='grc' dir='ltr'>τὴν</span> 
     </span>
    </p>
   </div>
   <div class='ocr_carea' id='block_1_20' title="bbox 2039 701 3617 770">
    <p class='ocr_par' dir='ltr' id='par_1_20' title="bbox 2039 701 3617 770">
     <span class='ocr_line' id='line_1_20' title="bbox 2039 701 3617 770; baseline -0.003 -15"><span class='ocrx_word' id='word_1_122' title='bbox 2039 707 2232 756; x_wconf 88' lang='grc' dir='ltr'>τούτου</span> <span class='ocrx_word' id='word_1_123' title='bbox 2295 705 2476 756; x_wconf 88' lang='grc' dir='ltr'>αίτίαν</span> <span class='ocrx_word' id='word_1_124' title='bbox 2549 705 2676 764; x_wconf 88' lang='grc' dir='ltr'>τοὺς</span> <span class='ocrx_word' id='word_1_125' title='bbox 2730 705 2895 770; x_wconf 77' lang='grc' dir='ltr'>ἱερεῖς</span> <span class='ocrx_word' id='word_1_126' title='bbox 2961 701 3300 764; x_wconf 76' lang='grc' dir='ltr'>ἀδικοῦντος,</span> <span class='ocrx_word' id='word_1_127' title='bbox 3362 701 3617 766; x_wconf 83' lang='grc' dir='ltr'>καθάπερ</span> 
     </span>
    </p>
   </div>
   <div class='ocr_carea' id='block_1_21' title="bbox 2043 792 3620 861">
    <p class='ocr_par' dir='ltr' id='par_1_21' title="bbox 2043 792 3620 861">
     <span class='ocr_line' id='line_1_21' title="bbox 2043 792 3620 861; baseline -0.002 -16"><span class='ocrx_word' id='word_1_128' title='bbox 2043 793 2432 861; x_wconf 81' lang='grc' dir='ltr'>ἀνωμολογήθη</span> <span class='ocrx_word' id='word_1_129' title='bbox 2465 793 2618 859; x_wconf 75' lang='grc' dir='ltr'>παρά</span> <span class='ocrx_word' id='word_1_130' title='bbox 2637 792 2746 844; x_wconf 88' lang='grc' dir='ltr'>τῶν</span> <span class='ocrx_word' id='word_1_131' title='bbox 2765 794 3022 858; x_wconf 79' lang='grc' dir='ltr'>ἀνωτέρω</span> <span class='ocrx_word' id='word_1_132' title='bbox 3042 795 3162 860; x_wconf 82' lang='grc' dir='ltr'>είρη</span> <span class='ocrx_word' id='word_1_133' title='bbox 3173 793 3351 859; x_wconf 85' lang='grc' dir='ltr'>μένων</span> <span class='ocrx_word' id='word_1_134' title='bbox 3385 792 3620 843; x_wconf 84' lang='grc' dir='ltr'>πολιτῶν</span> 
     </span>
    </p>
   </div>
   <div class='ocr_carea' id='block_1_22' title="bbox 2045 881 3620 950">
    <p class='ocr_par' dir='ltr' id='par_1_22' title="bbox 2045 881 3620 950">
     <span class='ocr_line' id='line_1_22' title="bbox 2045 881 3620 950; baseline -0.002 -15"><span class='ocrx_word' id='word_1_135' title='bbox 2045 885 2136 935; x_wconf 76' lang='grc' dir='ltr'>καὶ</span> <span class='ocrx_word' id='word_1_136' title='bbox 2213 881 2674 950; x_wconf 79' lang='grc' dir='ltr'>πραγματευτῶν,</span> <span class='ocrx_word' id='word_1_137' title='bbox 2733 883 3134 949; x_wconf 80' lang='grc' dir='ltr'>προσχωρήσας</span> <span class='ocrx_word' id='word_1_138' title='bbox 3195 885 3308 941; x_wconf 76' lang='grc' dir='ltr'>τοῖς</span> <span class='ocrx_word' id='word_1_139' title='bbox 3384 883 3620 949; x_wconf 79' lang='grc' dir='ltr'>Πέρσαις</span> 
     </span>
    </p>
   </div>
   <div class='ocr_carea' id='block_1_23' title="bbox 2043 972 3618 1041">
    <p class='ocr_par' dir='ltr' id='par_1_23' title="bbox 2043 972 3618 1041">
     <span class='ocr_line' id='line_1_23' title="bbox 2043 972 3618 1041; baseline -0.002 -16"><span class='ocrx_word' id='word_1_140' title='bbox 2043 975 2131 1026; x_wconf 82' lang='grc' dir='ltr'>διὰ</span> <span class='ocrx_word' id='word_1_141' title='bbox 2158 975 2219 1026; x_wconf 85' lang='grc' dir='ltr'>τὸ</span> <span class='ocrx_word' id='word_1_142' title='bbox 2243 975 2318 1041; x_wconf 80' lang='grc' dir='ltr'>μὴ</span> <span class='ocrx_word' id='word_1_143' title='bbox 2347 973 2634 1040; x_wconf 79' lang='grc' dir='ltr'>βούλεσθαι</span> <span class='ocrx_word' id='word_1_144' title='bbox 2669 973 2984 1035; x_wconf 80' lang='grc' dir='ltr'>ἀποδοῦναι,</span> <span class='ocrx_word' id='word_1_145' title='bbox 3017 974 3149 1040; x_wconf 85' lang='grc' dir='ltr'>ὅσην</span> <span class='ocrx_word' id='word_1_146' title='bbox 3181 972 3231 1023; x_wconf 90' lang='grc' dir='ltr'>οί</span> <span class='ocrx_word' id='word_1_147' title='bbox 3266 975 3432 1041; x_wconf 80' lang='grc' dir='ltr'>ίερεῐς</span> <span class='ocrx_word' id='word_1_148' title='bbox 3488 989 3618 1024; x_wconf 69' lang='grc' dir='ltr'>κατι</span> 
     </span>
    </p>
   </div>
   <div class='ocr_carea' id='block_1_24' title="bbox 2047 1063 3620 1130">
    <p class='ocr_par' dir='ltr' id='par_1_24' title="bbox 2047 1063 3620 1130">
     <span class='ocr_line' id='line_1_24' title="bbox 2047 1063 3620 1130; baseline 0 -14"><span class='ocrx_word' id='word_1_149' title='bbox 2047 1065 2304 1118; x_wconf 79' lang='grc' dir='ltr'>εδάλοντο</span> <span class='ocrx_word' id='word_1_150' title='bbox 2333 1065 2533 1130; x_wconf 71' lang='grc' dir='ltr'>ἔξοδον,</span> <span class='ocrx_word' id='word_1_151' title='bbox 2592 1065 2919 1126; x_wconf 75' lang='grc' dir='ltr'>ἀπελθόντες</span> <span class='ocrx_word' id='word_1_152' title='bbox 2969 1066 3027 1128; x_wconf 79' lang='grc' dir='ltr'>ἐξ</span> <span class='ocrx_word' id='word_1_153' title='bbox 3084 1065 3264 1127; x_wconf 82' lang='grc' dir='ltr'>αίτίας</span> <span class='ocrx_word' id='word_1_154' title='bbox 3326 1063 3492 1116; x_wconf 86' lang='grc' dir='ltr'>αὑτοῦ</span> <span class='ocrx_word' id='word_1_155' title='bbox 3543 1066 3620 1123; x_wconf 77' lang='grc' dir='ltr'>είς</span> 
     </span>
    </p>
   </div>
   <div class='ocr_carea' id='block_1_25' title="bbox 2045 1157 3622 1225">
    <p class='ocr_par' dir='ltr' id='par_1_25' title="bbox 2045 1157 3622 1225">
     <span class='ocr_line' id='line_1_25' title="bbox 2045 1157 3622 1225; baseline -0.001 -17"><span class='ocrx_word' id='word_1_156' title='bbox 2045 1158 2138 1208; x_wconf 80' lang='grc' dir='ltr'>τὸν</span> <span class='ocrx_word' id='word_1_157' title='bbox 2195 1157 2404 1222; x_wconf 85' lang='grc' dir='ltr'>Χάνην,</span> <span class='ocrx_word' id='word_1_158' title='bbox 2471 1157 2565 1208; x_wconf 75' lang='grc' dir='ltr'>καὶ</span> <span class='ocrx_word' id='word_1_159' title='bbox 2609 1157 2934 1223; x_wconf 73' lang='grc' dir='ltr'>συνθέμενος</span> <span class='ocrx_word' id='word_1_160' title='bbox 2991 1159 3058 1225; x_wconf 78' lang='grc' dir='ltr'>τῇ</span> <span class='ocrx_word' id='word_1_161' title='bbox 3111 1157 3317 1208; x_wconf 84' lang='grc' dir='ltr'>τούτων</span> <span class='ocrx_word' id='word_1_162' title='bbox 3377 1157 3622 1224; x_wconf 66' lang='grc' dir='ltr'>ἀσεϐείᾳ,</span> 
     </span>
    </p>
   </div>
   <div class='ocr_carea' id='block_1_26' title="bbox 2053 1247 3625 1314">
    <p class='ocr_par' dir='ltr' id='par_1_26' title="bbox 2053 1247 3625 1314">
     <span class='ocr_line' id='line_1_26' title="bbox 2053 1247 3625 1314; baseline -0.001 -16"><span class='ocrx_word' id='word_1_163' title='bbox 2053 1247 2547 1314; x_wconf 85' lang='grc' dir='ltr'>μουσουλμανίσας,</span> <span class='ocrx_word' id='word_1_164' title='bbox 2613 1248 2841 1299; x_wconf 77' lang='grc' dir='ltr'>πλεῖστα</span> <span class='ocrx_word' id='word_1_165' title='bbox 2907 1247 3265 1299; x_wconf 82' lang='grc' dir='ltr'>καθικέτευσε</span> <span class='ocrx_word' id='word_1_166' title='bbox 3327 1248 3625 1308; x_wconf 86' lang='grc' dir='ltr'>συνοδικῶς</span> 
     </span>
    </p>
   </div>
   <div class='ocr_carea' id='block_1_27' title="bbox 2052 1337 3626 1406">
    <p class='ocr_par' dir='ltr' id='par_1_27' title="bbox 2052 1337 3626 1406">
     <span class='ocr_line' id='line_1_27' title="bbox 2052 1337 3626 1406; baseline 0 -20"><span class='ocrx_word' id='word_1_167' title='bbox 2052 1339 2152 1403; x_wconf 70' lang='grc' dir='ltr'>τὴν</span> <span class='ocrx_word' id='word_1_168' title='bbox 2176 1337 2335 1404; x_wconf 87' lang='grc' dir='ltr'>ήμῶν</span> <span class='ocrx_word' id='word_1_169' title='bbox 2369 1339 2701 1406; x_wconf 85' lang='grc' dir='ltr'>μετριότητα</span> <span class='ocrx_word' id='word_1_170' title='bbox 2735 1339 2826 1389; x_wconf 70' lang='grc' dir='ltr'>καὶ</span> <span class='ocrx_word' id='word_1_171' title='bbox 2875 1340 3058 1390; x_wconf 80' lang='grc' dir='ltr'>πᾶσαν</span> <span class='ocrx_word' id='word_1_172' title='bbox 3109 1337 3208 1405; x_wconf 79' lang='grc' dir='ltr'>τὴν</span> <span class='ocrx_word' id='word_1_173' title='bbox 3270 1338 3398 1405; x_wconf 75' lang='grc' dir='ltr'>περὶ</span> <span class='ocrx_word' id='word_1_174' title='bbox 3455 1338 3626 1403; x_wconf 67' lang='grc' dir='ltr'>αὐτὴν</span> 
     </span>
    </p>
   </div>
   <div class='ocr_carea' id='block_1_28' title="bbox 2054 1427 3625 1496">
    <p class='ocr_par' dir='ltr' id='par_1_28' title="bbox 2054 1427 3625 1496">
     <span class='ocr_line' id='line_1_28' title="bbox 2054 1427 3625 1496; baseline -0.001 -18"><span class='ocrx_word' id='word_1_175' title='bbox 2054 1429 2204 1492; x_wconf 84' lang='grc' dir='ltr'>ίεράν</span> <span class='ocrx_word' id='word_1_176' title='bbox 2235 1429 2594 1496; x_wconf 84' lang='grc' dir='ltr'>ἀδελφότητα,</span> <span class='ocrx_word' id='word_1_177' title='bbox 2615 1429 2690 1486; x_wconf 80' lang='grc' dir='ltr'>ὡς</span> <span class='ocrx_word' id='word_1_178' title='bbox 2724 1427 2789 1481; x_wconf 82' lang='grc' dir='ltr'>ἀν</span> <span class='ocrx_word' id='word_1_179' title='bbox 2815 1429 3052 1492; x_wconf 87' lang='grc' dir='ltr'>μάλιστα</span> <span class='ocrx_word' id='word_1_180' title='bbox 3081 1430 3166 1480; x_wconf 71' lang='grc' dir='ltr'>διὰ</span> <span class='ocrx_word' id='word_1_181' title='bbox 3211 1430 3273 1480; x_wconf 88' lang='lat'>16</span> <span class='ocrx_word' id='word_1_182' title='bbox 3302 1428 3625 1496; x_wconf 76' lang='grc' dir='ltr'>ἐπιστρέψαι</span> 
     </span>
    </p>
   </div>
   <div class='ocr_carea' id='block_1_29' title="bbox 2051 1518 3628 1585">
    <p class='ocr_par' dir='ltr' id='par_1_29' title="bbox 2051 1518 3628 1585">
     <span class='ocr_line' id='line_1_29' title="bbox 2051 1518 3628 1585; baseline -0.001 -16"><span class='ocrx_word' id='word_1_183' title='bbox 2051 1519 2159 1570; x_wconf 84' lang='grc' dir='ltr'>ἀπὸ</span> <span class='ocrx_word' id='word_1_184' title='bbox 2197 1518 2296 1585; x_wconf 75' lang='grc' dir='ltr'>τῆς</span> <span class='ocrx_word' id='word_1_185' title='bbox 2321 1519 2532 1584; x_wconf 78' lang='grc' dir='ltr'>πλάνης</span> <span class='ocrx_word' id='word_1_186' title='bbox 2591 1519 2686 1570; x_wconf 83' lang='grc' dir='ltr'>καὶ</span> <span class='ocrx_word' id='word_1_187' title='bbox 2746 1519 2999 1580; x_wconf 83' lang='grc' dir='ltr'>ἀσεσείας</span> <span class='ocrx_word' id='word_1_188' title='bbox 3045 1521 3194 1571; x_wconf 77' lang='grc' dir='ltr'>τόνδε</span> <span class='ocrx_word' id='word_1_189' title='bbox 3247 1520 3340 1570; x_wconf 82' lang='lat' dir='ltr'><strong>16v</strong></span> <span class='ocrx_word' id='word_1_190' title='bbox 3401 1519 3628 1585; x_wconf 66' lang='grc' dir='ltr'>ἀδελφὺν</span> 
     </span>
    </p>
   </div>
   <div class='ocr_carea' id='block_1_30' title="bbox 2052 1607 3629 1679">
    <p class='ocr_par' dir='ltr' id='par_1_30' title="bbox 2052 1607 3629 1679">
     <span class='ocr_line' id='line_1_30' title="bbox 2052 1607 3629 1679; baseline 0 -20"><span class='ocrx_word' id='word_1_191' title='bbox 2052 1607 2216 1660; x_wconf 81' lang='grc' dir='ltr'>αὑτοῦ</span> <span class='ocrx_word' id='word_1_192' title='bbox 2247 1609 2388 1678; x_wconf 64' lang='grc' dir='ltr'>λάθῃ</span> <span class='ocrx_word' id='word_1_193' title='bbox 2418 1611 2512 1662; x_wconf 84' lang='grc' dir='ltr'>ἐπί</span> <span class='ocrx_word' id='word_1_194' title='bbox 2544 1628 2668 1662; x_wconf 91' lang='grc' dir='ltr'>τινα</span> <span class='ocrx_word' id='word_1_195' title='bbox 2704 1610 2960 1679; x_wconf 84' lang='grc' dir='ltr'>καιρικὴν</span> <span class='ocrx_word' id='word_1_196' title='bbox 3019 1611 3364 1679; x_wconf 80' lang='grc' dir='ltr'>προθεσμίαν</span> <span class='ocrx_word' id='word_1_197' title='bbox 3420 1609 3481 1660; x_wconf 87' lang='lat'>16</span> <span class='ocrx_word' id='word_1_198' title='bbox 3543 1612 3629 1659; x_wconf 77' lang='grc' dir='ltr'>ἐν·</span> 
     </span>
    </p>
   </div>
   <div class='ocr_carea' id='block_1_31' title="bbox 2052 1698 3629 1770">
    <p class='ocr_par' dir='ltr' id='par_1_31' title="bbox 2052 1698 3629 1770">
     <span class='ocr_line' id='line_1_31' title="bbox 2052 1698 3629 1770; baseline -0.001 -20"><span class='ocrx_word' id='word_1_199' title='bbox 2052 1698 2295 1766; x_wconf 86' lang='grc' dir='ltr'>δόσιμον,</span> <span class='ocrx_word' id='word_1_200' title='bbox 2332 1699 2428 1751; x_wconf 75' lang='grc' dir='ltr'>καὶ</span> <span class='ocrx_word' id='word_1_201' title='bbox 2456 1701 2667 1770; x_wconf 83' lang='grc' dir='ltr'>ἀπέλθῃ</span> <span class='ocrx_word' id='word_1_202' title='bbox 2692 1702 2785 1752; x_wconf 76' lang='grc' dir='ltr'>ἐπὶ</span> <span class='ocrx_word' id='word_1_203' title='bbox 2821 1700 2994 1765; x_wconf 88' lang='grc' dir='ltr'>τούτῳ</span> <span class='ocrx_word' id='word_1_204' title='bbox 3021 1701 3223 1763; x_wconf 85' lang='grc' dir='ltr'>ἐκεῖσε,</span> <span class='ocrx_word' id='word_1_205' title='bbox 3285 1698 3629 1764; x_wconf 73' lang='grc' dir='ltr'>καθυποσγό-</span> 
     </span>
    </p>
   </div>
   <div class='ocr_carea' id='block_1_32' title="bbox 2059 1789 3631 1861">
    <p class='ocr_par' dir='ltr' id='par_1_32' title="bbox 2059 1789 3631 1861">
     <span class='ocr_line' id='line_1_32' title="bbox 2059 1789 3631 1861; baseline 0.001 -21"><span class='ocrx_word' id='word_1_206' title='bbox 2059 1805 2219 1856; x_wconf 85' lang='grc' dir='ltr'>μενος</span> <span class='ocrx_word' id='word_1_207' title='bbox 2258 1789 2328 1841; x_wconf 84' lang='grc' dir='ltr'>δι’</span> <span class='ocrx_word' id='word_1_208' title='bbox 2359 1791 2713 1861; x_wconf 86' lang='grc' dir='ltr'>οίκειοχείρου</span> <span class='ocrx_word' id='word_1_209' title='bbox 2769 1791 3096 1861; x_wconf 84' lang='grc' dir='ltr'>γράμματος</span> <span class='ocrx_word' id='word_1_210' title='bbox 3165 1790 3331 1841; x_wconf 82' lang='grc' dir='ltr'>αὑτοῦ</span> <span class='ocrx_word' id='word_1_211' title='bbox 3393 1791 3486 1860; x_wconf 62' lang='grc' dir='ltr'>καλ.</span> <span class='ocrx_word' id='word_1_212' title='bbox 3525 1790 3631 1858; x_wconf 80' lang='grc' dir='ltr'>ιόίᾳ</span> 
     </span>
    </p>
   </div>
   <div class='ocr_carea' id='block_1_33' title="bbox 388 1881 3631 1955">
    <p class='ocr_par' dir='ltr' id='par_1_33' title="bbox 388 1881 3631 1955">
     <span class='ocr_line' id='line_1_33' title="bbox 388 1881 3631 1955; baseline 0.006 -21"><span class='ocrx_word' id='word_1_213' title='bbox 388 1883 468 1945; x_wconf 84' lang='grc' dir='ltr'>είς</span> <span class='ocrx_word' id='word_1_214' title='bbox 491 1884 595 1952; x_wconf 76' lang='grc' dir='ltr'>τὴν</span> <span class='ocrx_word' id='word_1_215' title='bbox 628 1884 942 1952; x_wconf 83' lang='grc' dir='ltr'>ἀγιωτάτην</span> <span class='ocrx_word' id='word_1_216' title='bbox 978 1887 1319 1955; x_wconf 87' lang='grc' dir='ltr'>μητρόπολιν</span> <span class='ocrx_word' id='word_1_217' title='bbox 1355 1889 1711 1952; x_wconf 83' lang='grc' dir='ltr'>Καυκασίων,</span> <span class='ocrx_word' id='word_1_218' title='bbox 1747 1891 1953 1943; x_wconf 84' lang='grc' dir='ltr'>συνοδι-</span> <span class='ocrx_word' id='word_1_219' title='bbox 1985 1891 2024 1945; x_wconf 83' lang='grc' dir='ltr'><strong>Β</strong></span> <span class='ocrx_word' id='word_1_220' title='bbox 2054 1881 2343 1950; x_wconf 77' lang='grc' dir='ltr'>ὑπογραφῇ</span> <span class='ocrx_word' id='word_1_221' title='bbox 2383 1883 2822 1950; x_wconf 58' lang='grc' dir='ltr'>πεπιστευμένου,</span> <span class='ocrx_word' id='word_1_222' title='bbox 2847 1883 3133 1945; x_wconf 55' lang='grc' dir='ltr'>ἐπιστῆναι</span> <span class='ocrx_word' id='word_1_223' title='bbox 3171 1883 3631 1952; x_wconf 66' lang='grc' dir='ltr'>ἀλογοπραγήτὶυς</span> 
     </span>
    </p>
   </div>
   <div class='ocr_carea' id='block_1_34' title="bbox 388 1976 1970 2054">
    <p class='ocr_par' dir='ltr' id='par_1_34' title="bbox 388 1976 1970 2054">
     <span class='ocr_line' id='line_1_34' title="bbox 388 1976 1970 2054; baseline 0.007 -26"><span class='ocrx_word' id='word_1_224' title='bbox 388 1977 491 2046; x_wconf 69' lang='grc' dir='ltr'>κήν</span> <span class='ocrx_word' id='word_1_225' title='bbox 520 1976 707 2040; x_wconf 68' lang='grc' dir='ltr'>οὖσαν,</span> <span class='ocrx_word' id='word_1_226' title='bbox 759 1982 1217 2050; x_wconf 77' lang='grc' dir='ltr'>χειροτονήσαντα</span> <span class='ocrx_word' id='word_1_227' title='bbox 1272 1981 1365 2035; x_wconf 84' lang='grc' dir='ltr'>τδν</span> <span class='ocrx_word' id='word_1_228' title='bbox 1416 1985 1660 2037; x_wconf 90' lang='grc' dir='ltr'>τοιοῦτον</span> <span class='ocrx_word' id='word_1_229' title='bbox 1701 1990 1793 2038; x_wconf 82' lang='grc' dir='ltr'>καὶ</span> <span class='ocrx_word' id='word_1_230' title='bbox 1824 2004 1970 2054; x_wconf 67' lang='grc' dir='ltr'>προ-ι</span> 
     </span>
    </p>
   </div>
   <div class='ocr_carea' id='block_1_35' title="bbox 387 2066 1955 2145">
    <p class='ocr_par' dir='ltr' id='par_1_35' title="bbox 387 2066 1955 2145">
     <span class='ocr_line' id='line_1_35' title="bbox 387 2066 1955 2145; baseline 0.008 -27"><span class='ocrx_word' id='word_1_231' title='bbox 387 2066 688 2122; x_wconf 77' lang='grc' dir='ltr'>διδάσαντα</span> <span class='ocrx_word' id='word_1_232' title='bbox 752 2072 832 2132; x_wconf 79' lang='grc' dir='ltr'>είς</span> <span class='ocrx_word' id='word_1_233' title='bbox 892 2071 1039 2140; x_wconf 76' lang='grc' dir='ltr'>ἱερέα</span> <span class='ocrx_word' id='word_1_234' title='bbox 1067 2073 1209 2145; x_wconf 46' lang='grc' dir='ltr'>,τινὰ</span> <span class='ocrx_word' id='word_1_235' title='bbox 1267 2074 1545 2144; x_wconf 83' lang='grc' dir='ltr'>ἀθέσμως,</span> <span class='ocrx_word' id='word_1_236' title='bbox 1599 2077 1694 2129; x_wconf 83' lang='grc' dir='ltr'>ᾶτε</span> <span class='ocrx_word' id='word_1_237' title='bbox 1736 2077 1801 2145; x_wconf 80' lang='grc' dir='ltr'>δή</span> <span class='ocrx_word' id='word_1_238' title='bbox 1835 2094 1955 2130; x_wconf 89' lang='grc' dir='ltr'>συν-</span> 
     </span>
    </p>
   </div>
   <div class='ocr_carea' id='block_1_36' title="bbox 387 2160 1955 2237">
    <p class='ocr_par' dir='ltr' id='par_1_36' title="bbox 387 2160 1955 2237">
     <span class='ocr_line' id='line_1_36' title="bbox 387 2160 1955 2237; baseline 0.006 -26"><span class='ocrx_word' id='word_1_239' title='bbox 387 2160 629 2228; x_wconf 87' lang='grc' dir='ltr'>αφθέντα</span> <span class='ocrx_word' id='word_1_240' title='bbox 684 2163 941 2228; x_wconf 72' lang='grc' dir='ltr'>γυναικὶ,</span> <span class='ocrx_word' id='word_1_241' title='bbox 1010 2161 1068 2227; x_wconf 78' lang='grc' dir='ltr'>ἐξ</span> <span class='ocrx_word' id='word_1_242' title='bbox 1125 2165 1311 2232; x_wconf 77' lang='grc' dir='ltr'>ἐτέρου</span> <span class='ocrx_word' id='word_1_243' title='bbox 1367 2165 1502 2237; x_wconf 79' lang='grc' dir='ltr'>οὔσῃ</span> <span class='ocrx_word' id='word_1_244' title='bbox 1598 2167 1791 2235; x_wconf 79' lang='grc' dir='ltr'>ἀνδρὸς</span> <span class='ocrx_word' id='word_1_245' title='bbox 1862 2170 1955 2220; x_wconf 71' lang='grc' dir='ltr'>καὶ</span> 
     </span>
    </p>
   </div>
   <div class='ocr_carea' id='block_1_37' title="bbox 387 2250 1957 2327">
    <p class='ocr_par' dir='ltr' id='par_1_37' title="bbox 387 2250 1957 2327">
     <span class='ocr_line' id='line_1_37' title="bbox 387 2250 1957 2327; baseline 0.008 -26"><span class='ocrx_word' id='word_1_246' title='bbox 387 2250 718 2321; x_wconf 76' lang='grc' dir='ltr'>χηρευούσῃ,</span> <span class='ocrx_word' id='word_1_247' title='bbox 767 2252 863 2324; x_wconf 77' lang='grc' dir='ltr'>καὶ</span> <span class='ocrx_word' id='word_1_248' title='bbox 906 2253 987 2315; x_wconf 89' lang='grc' dir='ltr'>είς</span> <span class='ocrx_word' id='word_1_249' title='bbox 1027 2255 1341 2322; x_wconf 81' lang='grc' dir='ltr'>τοὺμφανές</span> <span class='ocrx_word' id='word_1_250' title='bbox 1390 2257 1468 2320; x_wconf 89' lang='grc' dir='ltr'>είς</span> <span class='ocrx_word' id='word_1_251' title='bbox 1526 2259 1686 2311; x_wconf 91' lang='grc' dir='ltr'>τοῦτο</span> <span class='ocrx_word' id='word_1_252' title='bbox 1733 2259 1957 2327; x_wconf 83' lang='grc' dir='ltr'>ἐξελεγ-</span> 
     </span>
    </p>
   </div>
   <div class='ocr_carea' id='block_1_38' title="bbox 389 2339 1956 2408">
    <p class='ocr_par' dir='ltr' id='par_1_38' title="bbox 389 2339 1956 2408">
     <span class='ocr_line' id='line_1_38' title="bbox 389 2339 1956 2408; baseline 0.003 -17"><span class='ocrx_word' id='word_1_253' title='bbox 389 2339 611 2408; x_wconf 86' lang='grc' dir='ltr'>χθέντα,</span> <span class='ocrx_word' id='word_1_254' title='bbox 665 2341 755 2394; x_wconf 83' lang='grc' dir='ltr'>διὰ</span> <span class='ocrx_word' id='word_1_255' title='bbox 805 2340 982 2394; x_wconf 86' lang='grc' dir='ltr'>ταῦτα</span> <span class='ocrx_word' id='word_1_256' title='bbox 1030 2343 1244 2395; x_wconf 77' lang='grc' dir='ltr'>καθεῖλε</span> <span class='ocrx_word' id='word_1_257' title='bbox 1296 2344 1445 2397; x_wconf 87' lang='grc' dir='ltr'>τόνδε</span> <span class='ocrx_word' id='word_1_258' title='bbox 1490 2345 1581 2396; x_wconf 84' lang='grc' dir='ltr'>τὸν</span> <span class='ocrx_word' id='word_1_259' title='bbox 1632 2345 1956 2408; x_wconf 86' lang='grc' dir='ltr'>ἐπίσκοπον,</span> 
     </span>
    </p>
   </div>
   <div class='ocr_carea' id='block_1_39' title="bbox 390 2429 1958 2507">
    <p class='ocr_par' dir='ltr' id='par_1_39' title="bbox 390 2429 1958 2507">
     <span class='ocr_line' id='line_1_39' title="bbox 390 2429 1958 2507; baseline 0.004 -26"><span class='ocrx_word' id='word_1_260' title='bbox 390 2429 485 2483; x_wconf 67' lang='grc' dir='ltr'>καὶ</span> <span class='ocrx_word' id='word_1_261' title='bbox 513 2429 607 2483; x_wconf 81' lang='grc' dir='ltr'>τὸν</span> <span class='ocrx_word' id='word_1_262' title='bbox 636 2431 799 2484; x_wconf 81' lang='grc' dir='ltr'>αὑτὸν</span> <span class='ocrx_word' id='word_1_263' title='bbox 826 2433 988 2507; x_wconf 85' lang='grc' dir='ltr'>πάλιν</span> <span class='ocrx_word' id='word_1_264' title='bbox 1011 2432 1408 2504; x_wconf 77' lang='grc' dir='ltr'>δεξιωσάμενον</span> <span class='ocrx_word' id='word_1_265' title='bbox 1455 2433 1672 2500; x_wconf 84' lang='grc' dir='ltr'>ἐπειτα,</span> <span class='ocrx_word' id='word_1_266' title='bbox 1736 2437 1958 2490; x_wconf 76' lang='grc' dir='ltr'>αὐτονό-</span> 
     </span>
    </p>
   </div>
   <div class='ocr_carea' id='block_1_40' title="bbox 392 2524 1960 2601">
    <p class='ocr_par' dir='ltr' id='par_1_40' title="bbox 392 2524 1960 2601">
     <span class='ocr_line' id='line_1_40' title="bbox 392 2524 1960 2601; baseline 0.006 -27"><span class='ocrx_word' id='word_1_267' title='bbox 392 2538 477 2589; x_wconf 88' lang='grc' dir='ltr'>μῳ</span> <span class='ocrx_word' id='word_1_268' title='bbox 504 2524 700 2592; x_wconf 79' lang='grc' dir='ltr'>γνώμῃ</span> <span class='ocrx_word' id='word_1_269' title='bbox 732 2527 826 2578; x_wconf 77' lang='grc' dir='ltr'>καὶ</span> <span class='ocrx_word' id='word_1_270' title='bbox 849 2525 1001 2594; x_wconf 81' lang='grc' dir='ltr'>παρά</span> <span class='ocrx_word' id='word_1_271' title='bbox 1031 2526 1250 2594; x_wconf 79' lang='grc' dir='ltr'>τὴντῶν</span> <span class='ocrx_word' id='word_1_272' title='bbox 1275 2527 1435 2580; x_wconf 81' lang='grc' dir='ltr'>θείων</span> <span class='ocrx_word' id='word_1_273' title='bbox 1453 2531 1545 2582; x_wconf 77' lang='grc' dir='ltr'>καὶ</span> <span class='ocrx_word' id='word_1_274' title='bbox 1587 2529 1749 2601; x_wconf 78' lang='grc' dir='ltr'>ιεριίν</span> <span class='ocrx_word' id='word_1_275' title='bbox 1801 2531 1960 2583; x_wconf 88' lang='grc' dir='ltr'>κανό-</span> 
     </span>
    </p>
   </div>
   <div class='ocr_carea' id='block_1_41' title="bbox 389 2615 1980 2692">
    <p class='ocr_par' dir='ltr' id='par_1_41' title="bbox 389 2615 1980 2692">
     <span class='ocr_line' id='line_1_41' title="bbox 389 2615 1980 2692; baseline 0.006 -27"><span class='ocrx_word' id='word_1_276' title='bbox 389 2629 496 2665; x_wconf 85' lang='grc' dir='ltr'>νων</span> <span class='ocrx_word' id='word_1_277' title='bbox 525 2615 938 2685; x_wconf 78' lang='grc' dir='ltr'>παρατήρησιν,</span> <span class='ocrx_word' id='word_1_278' title='bbox 955 2616 1034 2669; x_wconf 88' lang='grc' dir='ltr'>ὀὑ</span> <span class='ocrx_word' id='word_1_279' title='bbox 1072 2618 1234 2687; x_wconf 88' lang='grc' dir='ltr'>μόνον</span> <span class='ocrx_word' id='word_1_280' title='bbox 1263 2621 1665 2691; x_wconf 81' lang='grc' dir='ltr'>συγχωρήσεως</span> <span class='ocrx_word' id='word_1_281' title='bbox 1703 2623 1980 2692; x_wconf 78' lang='grc' dir='ltr'>ἠξίωσεν,-</span> 
     </span>
    </p>
   </div>
   <div class='ocr_carea' id='block_1_42' title="bbox 389 2697 1964 2783">
    <p class='ocr_par' dir='ltr' id='par_1_42' title="bbox 389 2697 1964 2783">
     <span class='ocr_line' id='line_1_42' title="bbox 389 2697 1964 2783; baseline 0.006 -25"><span class='ocrx_word' id='word_1_282' title='bbox 389 2704 527 2758; x_wconf 76' lang='grc' dir='ltr'>ὰλλά</span> <span class='ocrx_word' id='word_1_283' title='bbox 566 2704 661 2757; x_wconf 74' lang='grc' dir='ltr'>καὶ</span> <span class='ocrx_word' id='word_1_284' title='bbox 720 2697 1239 2779; x_wconf 85' lang='grc' dir='ltr'>συνελειτούργησεν</span> <span class='ocrx_word' id='word_1_285' title='bbox 1294 2710 1466 2778; x_wconf 86' lang='grc' dir='ltr'>αὑτῷ,</span> <span class='ocrx_word' id='word_1_286' title='bbox 1510 2711 1600 2764; x_wconf 83' lang='grc' dir='ltr'>ὅτε</span> <span class='ocrx_word' id='word_1_287' title='bbox 1642 2712 1704 2783; x_wconf 75' lang='grc' dir='ltr'>δὴ</span> <span class='ocrx_word' id='word_1_288' title='bbox 1753 2713 1964 2781; x_wconf 83' lang='grc' dir='ltr'>φθάσας</span> 
     </span>
    </p>
   </div>
   <div class='ocr_carea' id='block_1_43' title="bbox 392 2797 1963 2869">
    <p class='ocr_par' dir='ltr' id='par_1_43' title="bbox 392 2797 1963 2869">
     <span class='ocr_line' id='line_1_43' title="bbox 392 2797 1963 2869; baseline 0.008 -22"><span class='ocrx_word' id='word_1_289' title='bbox 392 2797 771 2866; x_wconf 78' lang='grc' dir='ltr'>ἐχειροτόνησε</span> <span class='ocrx_word' id='word_1_290' title='bbox 795 2797 888 2852; x_wconf 85' lang='grc' dir='ltr'>τὸν</span> <span class='ocrx_word' id='word_1_291' title='bbox 923 2801 1157 2868; x_wconf 78' lang='grc' dir='ltr'>Σαρατου</span> <span class='ocrx_word' id='word_1_292' title='bbox 1195 2803 1516 2867; x_wconf 88' lang='grc' dir='ltr'>ἐπίσκοπον,</span> <span class='ocrx_word' id='word_1_293' title='bbox 1538 2805 1786 2869; x_wconf 88' lang='grc' dir='ltr'>δεδωκὼς</span> <span class='ocrx_word' id='word_1_294' title='bbox 1822 2807 1963 2862; x_wconf 84' lang='grc' dir='ltr'>ἀδει-</span> 
     </span>
    </p>
   </div>
   <div class='ocr_carea' id='block_1_44' title="bbox 391 2887 1964 2970">
    <p class='ocr_par' dir='ltr' id='par_1_44' title="bbox 391 2887 1964 2970">
     <span class='ocr_line' id='line_1_44' title="bbox 391 2887 1964 2970; baseline 0.01 -32"><span class='ocrx_word' id='word_1_295' title='bbox 391 2903 456 2938; x_wconf 90' lang='grc' dir='ltr'>αν</span> <span class='ocrx_word' id='word_1_296' title='bbox 477 2887 772 2952; x_wconf 77' lang='grc' dir='ltr'>ἀκωλύτως</span> <span class='ocrx_word' id='word_1_297' title='bbox 794 2890 1119 2960; x_wconf 68' lang='grc' dir='ltr'>ἱερουργεῖν,</span> <span class='ocrx_word' id='word_1_298' title='bbox 1164 2892 1353 2964; x_wconf 85' lang='grc' dir='ltr'>ὥσπερ</span> <span class='ocrx_word' id='word_1_299' title='bbox 1388 2895 1455 2949; x_wconf 76' lang='grc' dir='ltr'>ἂν</span> <span class='ocrx_word' id='word_1_300' title='bbox 1481 2898 1530 2950; x_wconf 90' lang='grc' dir='ltr'>εί</span> <span class='ocrx_word' id='word_1_301' title='bbox 1563 2897 1730 2967; x_wconf 85' lang='grc' dir='ltr'>μηδέν</span> <span class='ocrx_word' id='word_1_302' title='bbox 1768 2915 1822 2951; x_wconf 87' lang='grc' dir='ltr'>τι</span> <span class='ocrx_word' id='word_1_303' title='bbox 1863 2893 1964 2970; x_wconf 80' lang='grc' dir='ltr'>μη-</span> 
     </span>
    </p>
   </div>
   <div class='ocr_carea' id='block_1_45' title="bbox 392 2979 1965 3058">
    <p class='ocr_par' dir='ltr' id='par_1_45' title="bbox 392 2979 1965 3058">
     <span class='ocr_line' id='line_1_45' title="bbox 392 2979 1965 3058; baseline 0.009 -29"><span class='ocrx_word' id='word_1_304' title='bbox 392 2979 580 3048; x_wconf 88' lang='grc' dir='ltr'>δαμῶς</span> <span class='ocrx_word' id='word_1_305' title='bbox 613 2984 1081 3052; x_wconf 48' lang='grc' dir='ltr'>⁶προσκεκρουκὼς</span> <span class='ocrx_word' id='word_1_306' title='bbox 1108 2989 1221 3047; x_wconf 81' lang='grc' dir='ltr'>τοῖς</span> <span class='ocrx_word' id='word_1_307' title='bbox 1255 2986 1479 3041; x_wconf 84' lang='grc' dir='ltr'>κανόσιν</span> <span class='ocrx_word' id='word_1_308' title='bbox 1535 2990 1733 3058; x_wconf 91' lang='grc' dir='ltr'>ἐφάνη,</span> <span class='ocrx_word' id='word_1_309' title='bbox 1767 2990 1904 3058; x_wconf 82' lang='grc' dir='ltr'>πρὸς</span> <span class='ocrx_word' id='word_1_310' title='bbox 1938 2991 1965 3043; x_wconf 87' lang='lat'>6</span> 
     </span>
    </p>
   </div>
   <div class='ocr_carea' id='block_1_46' title="bbox 393 3073 1967 3156">
    <p class='ocr_par' dir='ltr' id='par_1_46' title="bbox 393 3073 1967 3156">
     <span class='ocr_line' id='line_1_46' title="bbox 393 3073 1967 3156; baseline 0.009 -31"><span class='ocrx_word' id='word_1_311' title='bbox 393 3073 582 3143; x_wconf 77' lang='grc' dir='ltr'>δήκαὶ</span> <span class='ocrx_word' id='word_1_312' title='bbox 633 3075 743 3128; x_wconf 73' lang='grc' dir='ltr'>ἀπὸ</span> <span class='ocrx_word' id='word_1_313' title='bbox 779 3078 1045 3148; x_wconf 87' lang='grc' dir='ltr'>στόματος</span> <span class='ocrx_word' id='word_1_314' title='bbox 1109 3081 1401 3146; x_wconf 87' lang='grc' dir='ltr'>συνοδικῶς</span> <span class='ocrx_word' id='word_1_315' title='bbox 1452 3083 1816 3156; x_wconf 87' lang='grc' dir='ltr'>διωμολόγησε</span> <span class='ocrx_word' id='word_1_316' title='bbox 1872 3086 1967 3140; x_wconf 74' lang='grc' dir='ltr'>καὶ</span> 
     </span>
    </p>
   </div>
   <div class='ocr_carea' id='block_1_47' title="bbox 396 3167 1966 3248">
    <p class='ocr_par' dir='ltr' id='par_1_47' title="bbox 396 3167 1966 3248">
     <span class='ocr_line' id='line_1_47' title="bbox 396 3167 1966 3248; baseline 0.009 -30"><span class='ocrx_word' id='word_1_317' title='bbox 396 3167 681 3239; x_wconf 88' lang='grc' dir='ltr'>πρότερον,</span> <span class='ocrx_word' id='word_1_318' title='bbox 713 3169 786 3240; x_wconf 79' lang='grc' dir='ltr'>μή</span> <span class='ocrx_word' id='word_1_319' title='bbox 811 3170 1113 3242; x_wconf 84' lang='grc' dir='ltr'>δυνάμενος</span> <span class='ocrx_word' id='word_1_320' title='bbox 1142 3174 1280 3246; x_wconf 80' lang='grc' dir='ltr'>πρδς</span> <span class='ocrx_word' id='word_1_321' title='bbox 1308 3176 1408 3246; x_wconf 82' lang='grc' dir='ltr'>τὴν</span> <span class='ocrx_word' id='word_1_322' title='bbox 1438 3176 1699 3245; x_wconf 79' lang='grc' dir='ltr'>ἀλήθειαν</span> <span class='ocrx_word' id='word_1_323' title='bbox 1747 3179 1966 3248; x_wconf 87' lang='grc' dir='ltr'>ἀπομά-</span> 
     </span>
    </p>
   </div>
   <div class='ocr_carea' id='block_1_48' title="bbox 394 3258 1968 3340">
    <p class='ocr_par' dir='ltr' id='par_1_48' title="bbox 394 3258 1968 3340">
     <span class='ocr_line' id='line_1_48' title="bbox 394 3258 1968 3340; baseline 0.01 -31"><span class='ocrx_word' id='word_1_324' title='bbox 394 3258 610 3327; x_wconf 89' lang='grc' dir='ltr'>χεσθαι.</span> <span class='ocrx_word' id='word_1_325' title='bbox 654 3261 851 3330; x_wconf 80' lang='grc' dir='ltr'>Ἤρκει</span> <span class='ocrx_word' id='word_1_326' title='bbox 874 3262 974 3330; x_wconf 75' lang='grc' dir='ltr'>μὲν</span> <span class='ocrx_word' id='word_1_327' title='bbox 1005 3264 1098 3319; x_wconf 80' lang='grc' dir='ltr'>οὖν</span> <span class='ocrx_word' id='word_1_328' title='bbox 1121 3266 1191 3318; x_wconf 89' lang='grc' dir='ltr'>τά</span> <span class='ocrx_word' id='word_1_329' title='bbox 1225 3270 1354 3335; x_wconf 75' lang='grc' dir='ltr'>περὶ</span> <span class='ocrx_word' id='word_1_330' title='bbox 1381 3269 1597 3335; x_wconf 90' lang='grc' dir='ltr'>τούτου,</span> <span class='ocrx_word' id='word_1_331' title='bbox 1648 3262 1743 3323; x_wconf 82' lang='grc' dir='ltr'>καὶ</span> <span class='ocrx_word' id='word_1_332' title='bbox 1808 3271 1968 3340; x_wconf 85' lang='grc' dir='ltr'>μόνον</span> 
     </span>
    </p>
   </div>
   <div class='ocr_carea' id='block_1_49' title="bbox 393 3345 1969 3427">
    <p class='ocr_par' dir='ltr' id='par_1_49' title="bbox 393 3345 1969 3427">
     <span class='ocr_line' id='line_1_49' title="bbox 393 3345 1969 3427; baseline 0.01 -28"><span class='ocrx_word' id='word_1_333' title='bbox 393 3345 566 3410; x_wconf 76' lang='grc' dir='ltr'>οὕτως</span> <span class='ocrx_word' id='word_1_334' title='bbox 592 3349 1040 3422; x_wconf 80' lang='grc' dir='ltr'>ἀποδεδειγμένα,</span> <span class='ocrx_word' id='word_1_335' title='bbox 1071 3356 1391 3427; x_wconf 74' lang='grc' dir='ltr'>καθαιρέσει</span> <span class='ocrx_word' id='word_1_336' title='bbox 1420 3361 1628 3413; x_wconf 79' lang='grc' dir='ltr'>ἐκεῖνον</span> <span class='ocrx_word' id='word_1_337' title='bbox 1656 3361 1969 3414; x_wconf 76' lang='grc' dir='ltr'>ὑποϐαλεῐνο</span> 
     </span>
    </p>
   </div>
   <div class='ocr_carea' id='block_1_50' title="bbox 395 3441 1972 3524">
    <p class='ocr_par' dir='ltr' id='par_1_50' title="bbox 395 3441 1972 3524">
     <span class='ocr_line' id='line_1_50' title="bbox 395 3441 1972 3524; baseline 0.01 -32"><span class='ocrx_word' id='word_1_338' title='bbox 395 3441 446 3492; x_wconf 80' lang='grc' dir='ltr'>εί</span> <span class='ocrx_word' id='word_1_339' title='bbox 484 3442 594 3511; x_wconf 81' lang='grc' dir='ltr'>γὰρ</span> <span class='ocrx_word' id='word_1_340' title='bbox 641 3444 794 3515; x_wconf 74' lang='grc' dir='ltr'>ἀνδρὶ</span> <span class='ocrx_word' id='word_1_341' title='bbox 847 3448 1014 3513; x_wconf 73' lang='grc' dir='ltr'>παγὶς</span> <span class='ocrx_word' id='word_1_342' title='bbox 1079 3450 1277 3519; x_wconf 82' lang='grc' dir='ltr'>ἰσχυρά</span> <span class='ocrx_word' id='word_1_343' title='bbox 1334 3451 1401 3504; x_wconf 84' lang='grc' dir='ltr'>τά</span> <span class='ocrx_word' id='word_1_344' title='bbox 1454 3452 1561 3505; x_wconf 82' lang='grc' dir='ltr'>τδια</span> <span class='ocrx_word' id='word_1_345' title='bbox 1613 3454 1786 3523; x_wconf 81' lang='grc' dir='ltr'>χείλη,</span> <span class='ocrx_word' id='word_1_346' title='bbox 1837 3458 1972 3524; x_wconf 70' lang='grc' dir='ltr'>φησι</span> 
     </span>
    </p>
   </div>
   <div class='ocr_carea' id='block_1_51' title="bbox 395 3529 1972 3610">
    <p class='ocr_par' dir='ltr' id='par_1_51' title="bbox 395 3529 1972 3610">
     <span class='ocr_line' id='line_1_51' title="bbox 395 3529 1972 3610; baseline 0.01 -28"><span class='ocrx_word' id='word_1_347' title='bbox 395 3529 674 3599; x_wconf 82' lang='grc' dir='ltr'>Σολομὼν,</span> <span class='ocrx_word' id='word_1_348' title='bbox 726 3533 822 3604; x_wconf 77' lang='grc' dir='ltr'>καὶ</span> <span class='ocrx_word' id='word_1_349' title='bbox 873 3534 1055 3603; x_wconf 83' lang='grc' dir='ltr'>λόγοις</span> <span class='ocrx_word' id='word_1_350' title='bbox 1114 3539 1316 3591; x_wconf 88' lang='grc' dir='ltr'>οίκείου</span> <span class='ocrx_word' id='word_1_351' title='bbox 1367 3543 1632 3610; x_wconf 89' lang='grc' dir='ltr'>στόματος</span> <span class='ocrx_word' id='word_1_352' title='bbox 1689 3545 1972 3607; x_wconf 80' lang='grc' dir='ltr'>ἁλίσκεται</span> 
     </span>
    </p>
   </div>
   <div class='ocr_carea' id='block_1_52' title="bbox 393 3621 1969 3705">
    <p class='ocr_par' dir='ltr' id='par_1_52' title="bbox 393 3621 1969 3705">
     <span class='ocr_line' id='line_1_52' title="bbox 393 3621 1969 3705; baseline 0.009 -30"><span class='ocrx_word' id='word_1_353' title='bbox 393 3621 648 3690; x_wconf 77' lang='grc' dir='ltr'>ικαστος,</span> <span class='ocrx_word' id='word_1_354' title='bbox 682 3626 862 3696; x_wconf 88' lang='grc' dir='ltr'>πολλῷ</span> <span class='ocrx_word' id='word_1_355' title='bbox 894 3643 958 3695; x_wconf 92' lang='grc' dir='ltr'>γε</span> <span class='ocrx_word' id='word_1_356' title='bbox 996 3629 1196 3696; x_wconf 80' lang='grc' dir='ltr'>μᾶλλον</span> <span class='ocrx_word' id='word_1_357' title='bbox 1226 3632 1254 3684; x_wconf 89' lang='lat'>6</span> <span class='ocrx_word' id='word_1_358' title='bbox 1281 3633 1371 3684; x_wconf 81' lang='grc' dir='ltr'>ἐπὶ</span> <span class='ocrx_word' id='word_1_359' title='bbox 1393 3632 1488 3686; x_wconf 91' lang='grc' dir='ltr'>τοῦ</span> <span class='ocrx_word' id='word_1_360' title='bbox 1513 3635 1661 3705; x_wconf 85' lang='grc' dir='ltr'>ίεροῦ</span> <span class='ocrx_word' id='word_1_361' title='bbox 1693 3637 1969 3690; x_wconf 89' lang='grc' dir='ltr'>συνοδικοῦ</span> 
     </span>
    </p>
   </div>
   <div class='ocr_carea' id='block_1_53' title="bbox 393 3714 1970 3798">
    <p class='ocr_par' dir='ltr' id='par_1_53' title="bbox 393 3714 1970 3798">
     <span class='ocr_line' id='line_1_53' title="bbox 393 3714 1970 3798; baseline 0.01 -32"><span class='ocrx_word' id='word_1_362' title='bbox 393 3714 747 3785; x_wconf 85' lang='grc' dir='ltr'>δικαστηρίου</span> <span class='ocrx_word' id='word_1_363' title='bbox 807 3719 902 3772; x_wconf 75' lang='grc' dir='ltr'>καὶ</span> <span class='ocrx_word' id='word_1_364' title='bbox 961 3721 1059 3790; x_wconf 82' lang='grc' dir='ltr'>τῆς</span> <span class='ocrx_word' id='word_1_365' title='bbox 1124 3722 1448 3795; x_wconf 84' lang='grc' dir='ltr'>Ἐκκλησίας</span> <span class='ocrx_word' id='word_1_366' title='bbox 1500 3726 1686 3794; x_wconf 82' lang='grc' dir='ltr'>σχεδὸν</span> <span class='ocrx_word' id='word_1_367' title='bbox 1750 3729 1970 3798; x_wconf 80' lang='grc' dir='ltr'>ἀπάσης</span> 
     </span>
    </p>
   </div>
   <div class='ocr_carea' id='block_1_54' title="bbox 395 3807 1971 3888">
    <p class='ocr_par' dir='ltr' id='par_1_54' title="bbox 395 3807 1971 3888">
     <span class='ocr_line' id='line_1_54' title="bbox 395 3807 1971 3888; baseline 0.01 -29"><span class='ocrx_word' id='word_1_368' title='bbox 395 3807 559 3871; x_wconf 80' lang='lat'><strong>0616;</strong></span> <span class='ocrx_word' id='word_1_369' title='bbox 589 3807 684 3875; x_wconf 80' lang='grc' dir='ltr'>ἀφ’</span> <span class='ocrx_word' id='word_1_370' title='bbox 709 3809 932 3874; x_wconf 85' lang='grc' dir='ltr'>ἐαυτοῦ,</span> <span class='ocrx_word' id='word_1_371' title='bbox 993 3811 1068 3875; x_wconf 83' lang='grc' dir='ltr'>ὡς</span> <span class='ocrx_word' id='word_1_372' title='bbox 1122 3814 1365 3885; x_wconf 74' lang='grc' dir='ltr'>εἴρηται,</span> <span class='ocrx_word' id='word_1_373' title='bbox 1422 3818 1838 3888; x_wconf 85' lang='grc' dir='ltr'>διομολογήσας,</span> <span class='ocrx_word' id='word_1_374' title='bbox 1889 3822 1971 3875; x_wconf 79' lang='grc' dir='ltr'>ὅτι</span> 
     </span>
    </p>
   </div>
   <div class='ocr_carea' id='block_1_55' title="bbox 393 3897 1972 3980">
    <p class='ocr_par' dir='ltr' id='par_1_55' title="bbox 393 3897 1972 3980">
     <span class='ocr_line' id='line_1_55' title="bbox 393 3897 1972 3980; baseline 0.011 -31"><span class='ocrx_word' id='word_1_375' title='bbox 393 3897 759 3968; x_wconf 73' lang='grc' dir='ltr'>οὑδιῚτερόν</span> <span class='ocrx_word' id='word_1_376' title='bbox 780 3917 834 3954; x_wconf 91' lang='grc' dir='ltr'>τι</span> <span class='ocrx_word' id='word_1_377' title='bbox 889 3901 1110 3957; x_wconf 78' lang='grc' dir='ltr'>καθεῖλε</span> <span class='ocrx_word' id='word_1_378' title='bbox 1163 3906 1257 3959; x_wconf 82' lang='grc' dir='ltr'>τὸν</span> <span class='ocrx_word' id='word_1_379' title='bbox 1304 3909 1380 3971; x_wconf 86' lang='grc' dir='ltr'>ὡς</span> <span class='ocrx_word' id='word_1_380' title='bbox 1429 3909 1592 3980; x_wconf 81' lang='grc' dir='ltr'>δῆθεν</span> <span class='ocrx_word' id='word_1_381' title='bbox 1641 3913 1972 3966; x_wconf 81' lang='grc' dir='ltr'>Καυκασίων</span> 
     </span>
    </p>
   </div>
   <div class='ocr_carea' id='block_1_56' title="bbox 395 3990 1974 4075">
    <p class='ocr_par' dir='ltr' id='par_1_56' title="bbox 395 3990 1974 4075">
     <span class='ocr_line' id='line_1_56' title="bbox 395 3990 1974 4075; baseline 0.012 -33"><span class='ocrx_word' id='word_1_382' title='bbox 395 3990 725 4062; x_wconf 76' lang='grc' dir='ltr'>παρανόμως</span> <span class='ocrx_word' id='word_1_383' title='bbox 752 3998 1202 4066; x_wconf 80' lang='grc' dir='ltr'>χειροτονηθέντα</span> <span class='ocrx_word' id='word_1_384' title='bbox 1233 3999 1310 4063; x_wconf 89' lang='grc' dir='ltr'>είς</span> <span class='ocrx_word' id='word_1_385' title='bbox 1363 4000 1461 4072; x_wconf 79' lang='grc' dir='ltr'>τὴν</span> <span class='ocrx_word' id='word_1_386' title='bbox 1508 4004 1792 4075; x_wconf 80' lang='grc' dir='ltr'>συνοδικὴν</span> <span class='ocrx_word' id='word_1_387' title='bbox 1840 4007 1974 4060; x_wconf 90' lang='grc' dir='ltr'>ταύ-</span> 
     </span>
    </p>
   </div>
   <div class='ocr_carea' id='block_1_57' title="bbox 395 4083 1972 4165">
    <p class='ocr_par' dir='ltr' id='par_1_57' title="bbox 395 4083 1972 4165">
     <span class='ocr_line' id='line_1_57' title="bbox 395 4083 1972 4165; baseline 0.011 -31"><span class='ocrx_word' id='word_1_388' title='bbox 395 4099 496 4153; x_wconf 88' lang='grc' dir='ltr'>την</span> <span class='ocrx_word' id='word_1_389' title='bbox 529 4083 845 4157; x_wconf 82' lang='grc' dir='ltr'>ἀγιωτάτην</span> <span class='ocrx_word' id='word_1_390' title='bbox 874 4088 1232 4157; x_wconf 88' lang='grc' dir='ltr'>μητρόπολιν,</span> <span class='ocrx_word' id='word_1_391' title='bbox 1265 4093 1314 4145; x_wconf 86' lang='grc' dir='ltr'>εί</span> <span class='ocrx_word' id='word_1_392' title='bbox 1344 4094 1418 4163; x_wconf 83' lang='grc' dir='ltr'>μὴ</span> <span class='ocrx_word' id='word_1_393' title='bbox 1443 4093 1529 4150; x_wconf 88' lang='grc' dir='ltr'>διά</span> <span class='ocrx_word' id='word_1_394' title='bbox 1560 4096 1621 4148; x_wconf 87' lang='lat'>16</span> <span class='ocrx_word' id='word_1_395' title='bbox 1645 4096 1972 4165; x_wconf 76' lang='grc' dir='ltr'>ἀφυλάκτως</span> 
     </span>
    </p>
   </div>
   <div class='ocr_carea' id='block_1_58' title="bbox 396 4175 1972 4257">
    <p class='ocr_par' dir='ltr' id='par_1_58' title="bbox 396 4175 1972 4257">
     <span class='ocr_line' id='line_1_58' title="bbox 396 4175 1972 4257; baseline 0.01 -29"><span class='ocrx_word' id='word_1_396' title='bbox 396 4175 496 4244; x_wconf 79' lang='grc' dir='ltr'>τὴν</span> <span class='ocrx_word' id='word_1_397' title='bbox 523 4177 865 4246; x_wconf 88' lang='grc' dir='ltr'>χειροτονίαν</span> <span class='ocrx_word' id='word_1_398' title='bbox 903 4182 1112 4233; x_wconf 81' lang='grc' dir='ltr'>ἐκεῖνον</span> <span class='ocrx_word' id='word_1_399' title='bbox 1151 4184 1483 4252; x_wconf 85' lang='grc' dir='ltr'>ποιήσασθαι</span> <span class='ocrx_word' id='word_1_400' title='bbox 1533 4185 1629 4239; x_wconf 85' lang='grc' dir='ltr'>τοῦ</span> <span class='ocrx_word' id='word_1_401' title='bbox 1676 4189 1972 4257; x_wconf 74' lang='grc' dir='ltr'>πρεσϐυτέ-</span> 
     </span>
    </p>
   </div>
   <div class='ocr_carea' id='block_1_59' title="bbox 347 4269 1971 4351">
    <p class='ocr_par' dir='ltr' id='par_1_59' title="bbox 347 4269 1971 4351">
     <span class='ocr_line' id='line_1_59' title="bbox 347 4269 1971 4351; baseline 0.012 -33"><span class='ocrx_word' id='word_1_402' title='bbox 347 4337 354 4342; x_wconf 32' lang='lat'><strong><em>.</em></strong></span> <span class='ocrx_word' id='word_1_403' title='bbox 398 4284 492 4338; x_wconf 85' lang='grc' dir='ltr'>ρου</span> <span class='ocrx_word' id='word_1_404' title='bbox 525 4269 740 4323; x_wconf 86' lang='grc' dir='ltr'>ἐκείνου</span> <span class='ocrx_word' id='word_1_405' title='bbox 777 4271 872 4322; x_wconf 91' lang='grc' dir='ltr'>τοῦ</span> <span class='ocrx_word' id='word_1_406' title='bbox 897 4275 1120 4338; x_wconf 68' lang='grc' dir='ltr'>γυναικὶ⁵</span> <span class='ocrx_word' id='word_1_407' title='bbox 1155 4278 1466 4348; x_wconf 79' lang='grc' dir='ltr'>χηρευούσῃ</span> <span class='ocrx_word' id='word_1_408' title='bbox 1535 4280 1971 4351; x_wconf 78' lang='grc' dir='ltr'>συνεζευγμένου</span> 
     </span>
    </p>
   </div>
   <div class='ocr_carea' id='block_1_60' title="bbox 341 4343 1974 4438">
    <p class='ocr_par' dir='ltr' id='par_1_60' title="bbox 341 4343 1974 4438">
     <span class='ocr_line' id='line_1_60' title="bbox 341 4343 1974 4438; baseline 0.012 -28"><span class='ocrx_word' id='word_1_409' title='bbox 341 4343 346 4347; x_wconf 44' lang='grc'><em>’</em></span> <span class='ocrx_word' id='word_1_410' title='bbox 396 4359 492 4411; x_wconf 78' lang='grc' dir='ltr'>καὶ</span> <span class='ocrx_word' id='word_1_411' title='bbox 520 4357 582 4424; x_wconf 78' lang='grc' dir='ltr'>ἐξ</span> <span class='ocrx_word' id='word_1_412' title='bbox 607 4359 800 4432; x_wconf 83' lang='grc' dir='ltr'>ἐτέρου</span> <span class='ocrx_word' id='word_1_413' title='bbox 831 4361 971 4437; x_wconf 77' lang='grc' dir='ltr'>οὑσῃ</span> <span class='ocrx_word' id='word_1_414' title='bbox 998 4343 1322 4435; x_wconf 27' lang='grc' dir='ltr'>ἀνδρὸς,”ὠς</span> <span class='ocrx_word' id='word_1_415' title='bbox 1375 4343 1692 4438; x_wconf 81' lang='grc' dir='ltr'>δεδήλωται,</span> <span class='ocrx_word' id='word_1_416' title='bbox 1741 4343 1974 4430; x_wconf 79' lang='grc' dir='ltr'>ἐνταῦθα</span> 
     </span>
    </p>
   </div>
   <div class='ocr_carea' id='block_1_61' title="bbox 394 4449 1974 4539">
    <p class='ocr_par' dir='ltr' id='par_1_61' title="bbox 394 4449 1974 4539">
     <span class='ocr_line' id='line_1_61' title="bbox 394 4449 1974 4539; baseline 0.013 -37"><span class='ocrx_word' id='word_1_417' title='bbox 394 4449 488 4504; x_wconf 90' lang='lat'>106</span> <span class='ocrx_word' id='word_1_418' title='bbox 516 4449 652 4504; x_wconf 92' lang='grc' dir='ltr'>Θεοῦ</span> <span class='ocrx_word' id='word_1_419' title='bbox 674 4453 908 4522; x_wconf 87' lang='grc' dir='ltr'>μάλιστα</span> <span class='ocrx_word' id='word_1_420' title='bbox 943 4456 1386 4522; x_wconf 83' lang='grc' dir='ltr'>συνελαύνοντος,</span> <span class='ocrx_word' id='word_1_421' title='bbox 1430 4462 1507 4525; x_wconf 83' lang='grc' dir='ltr'>ὡς</span> <span class='ocrx_word' id='word_1_422' title='bbox 1559 4464 1660 4534; x_wconf 80' lang='grc' dir='ltr'>τήν</span> <span class='ocrx_word' id='word_1_423' title='bbox 1714 4467 1974 4539; x_wconf 76' lang='grc' dir='ltr'>ᾴλήθειαν</span> 
     </span>
    </p>
   </div>
   <div class='ocr_carea' id='block_1_62' title="bbox 350 4541 2046 4629">
    <p class='ocr_par' dir='ltr' id='par_1_62' title="bbox 350 4541 2046 4629">
     <span class='ocr_line' id='line_1_62' title="bbox 350 4541 2046 4629; baseline 0.013 -35"><span class='ocrx_word' id='word_1_424' title='bbox 350 4554 359 4569; x_wconf 86' lang='grc'><em>“</em></span> <span class='ocrx_word' id='word_1_425' title='bbox 396 4541 714 4629; x_wconf 77' lang='grc' dir='ltr'>ἁπανταχοῦ</span> <span class='ocrx_word' id='word_1_426' title='bbox 741 4547 1173 4614; x_wconf 85' lang='grc' dir='ltr'>ἐπευδοκοῦντος</span> <span class='ocrx_word' id='word_1_427' title='bbox 1199 4556 1425 4621; x_wconf 75' lang='grc' dir='ltr'>κρατεῖν</span> <span class='ocrx_word' id='word_1_428' title='bbox 1453 4555 1550 4609; x_wconf 84' lang='grc' dir='ltr'>καὶ</span> <span class='ocrx_word' id='word_1_429' title='bbox 1596 4559 1970 4629; x_wconf 73' lang='grc' dir='ltr'>παρῤησιάζε-</span> <span class='ocrx_word' id='word_1_430' title='bbox 2004 4574 2046 4628; x_wconf 84' lang='grc' dir='ltr'>ι)</span> 
     </span>
    </p>
   </div>
   <div class='ocr_carea' id='block_1_63' title="bbox 397 4622 1974 4721">
    <p class='ocr_par' dir='ltr' id='par_1_63' title="bbox 397 4622 1974 4721">
     <span class='ocr_line' id='line_1_63' title="bbox 397 4622 1974 4721; baseline 0.014 -37"><span class='ocrx_word' id='word_1_431' title='bbox 397 4632 543 4698; x_wconf 90' lang='grc' dir='ltr'>σθαι,</span> <span class='ocrx_word' id='word_1_432' title='bbox 575 4622 673 4688; x_wconf 73' lang='grc' dir='ltr'>σῦν</span> <span class='ocrx_word' id='word_1_433' title='bbox 701 4635 826 4708; x_wconf 76' lang='grc' dir='ltr'>δίκῃ</span> <span class='ocrx_word' id='word_1_434' title='bbox 849 4639 1309 4710; x_wconf 85' lang='grc' dir='ltr'>ἐμπεδηθήσεται,</span> <span class='ocrx_word' id='word_1_435' title='bbox 1343 4645 1418 4708; x_wconf 86' lang='grc' dir='ltr'>ῶς</span> <span class='ocrx_word' id='word_1_436' title='bbox 1479 4638 1622 4700; x_wconf 89' lang='grc' dir='ltr'>τίσιν</span> <span class='ocrx_word' id='word_1_437' title='bbox 1672 4622 1974 4721; x_wconf 64' lang='grc' dir='ltr'>ἀρρήκτοις</span> 
     </span>
    </p>
   </div>
   <div class='ocr_carea' id='block_1_64' title="bbox 397 4722 1971 4804">
    <p class='ocr_par' dir='ltr' id='par_1_64' title="bbox 397 4722 1971 4804">
     <span class='ocr_line' id='line_1_64' title="bbox 397 4722 1971 4804; baseline 0.013 -30"><span class='ocrx_word' id='word_1_438' title='bbox 397 4722 586 4791; x_wconf 75' lang='grc' dir='ltr'>πέδαις</span> <span class='ocrx_word' id='word_1_439' title='bbox 611 4728 1111 4798; x_wconf 79' lang='grc' dir='ltr'>περισφιγγόμενος</span> <span class='ocrx_word' id='word_1_440' title='bbox 1154 4734 1266 4794; x_wconf 71' lang='grc' dir='ltr'>τοῖς</span> <span class='ocrx_word' id='word_1_441' title='bbox 1309 4735 1511 4802; x_wconf 87' lang='grc' dir='ltr'>χείλεσι</span> <span class='ocrx_word' id='word_1_442' title='bbox 1563 4739 1676 4801; x_wconf 81' lang='grc' dir='ltr'>τοῖς</span> <span class='ocrx_word' id='word_1_443' title='bbox 1730 4742 1971 4804; x_wconf 73' lang='grc' dir='ltr'>οἰκείοις.</span> 
     </span>
    </p>
   </div>
   <div class='ocr_carea' id='block_1_65' title="bbox 397 4808 1976 4905">
    <p class='ocr_par' dir='ltr' id='par_1_65' title="bbox 397 4808 1976 4905">
     <span class='ocr_line' id='line_1_65' title="bbox 397 4808 1976 4905; baseline 0.013 -39"><span class='ocrx_word' id='word_1_444' title='bbox 397 4813 614 4869; x_wconf 85' lang='grc' dir='ltr'>Τούτων</span> <span class='ocrx_word' id='word_1_445' title='bbox 675 4808 932 4891; x_wconf 26' lang='grc' dir='ltr'>δέ-οῦτω</span> <span class='ocrx_word' id='word_1_446' title='bbox 991 4828 1522 4896; x_wconf 78' lang='grc' dir='ltr'>προκεχωρηκότων,</span> <span class='ocrx_word' id='word_1_447' title='bbox 1582 4831 1704 4883; x_wconf 81' lang='grc' dir='ltr'>ἐπεὶ</span> <span class='ocrx_word' id='word_1_448' title='bbox 1757 4833 1976 4905; x_wconf 73' lang='grc' dir='ltr'>εὐδοκία</span> 
     </span>
    </p>
   </div>
   <div class='ocr_carea' id='block_1_66' title="bbox 397 4904 1976 4994">
    <p class='ocr_par' dir='ltr' id='par_1_66' title="bbox 397 4904 1976 4994">
     <span class='ocr_line' id='line_1_66' title="bbox 397 4904 1976 4994; baseline 0.012 -36"><span class='ocrx_word' id='word_1_449' title='bbox 397 4904 534 4958; x_wconf 89' lang='grc' dir='ltr'>Θεοῦ</span> <span class='ocrx_word' id='word_1_450' title='bbox 555 4906 811 4978; x_wconf 83' lang='grc' dir='ltr'>είσῆλθεν</span> <span class='ocrx_word' id='word_1_451' title='bbox 838 4912 868 4964; x_wconf 90' lang='lat'>6</span> <span class='ocrx_word' id='word_1_452' title='bbox 893 4913 1187 4982; x_wconf 89' lang='grc' dir='ltr'>κράτιστος</span> <span class='ocrx_word' id='word_1_453' title='bbox 1212 4919 1306 4969; x_wconf 76' lang='grc' dir='ltr'>καὶ</span> <span class='ocrx_word' id='word_1_454' title='bbox 1352 4917 1507 4985; x_wconf 74' lang='grc' dir='ltr'>ἅγιός</span> <span class='ocrx_word' id='word_1_455' title='bbox 1560 4938 1660 4990; x_wconf 92' lang='grc' dir='ltr'>μου</span> <span class='ocrx_word' id='word_1_456' title='bbox 1708 4904 1976 4994; x_wconf 68' lang='lat' dir='ltr'><strong>0610x90-</strong></span> 
     </span>
    </p>
   </div>
   <div class='ocr_carea' id='block_1_67' title="bbox 396 5000 1977 5085">
    <p class='ocr_par' dir='ltr' id='par_1_67' title="bbox 396 5000 1977 5085">
     <span class='ocr_line' id='line_1_67' title="bbox 396 5000 1977 5085; baseline 0.014 -37"><span class='ocrx_word' id='word_1_457' title='bbox 396 5013 511 5066; x_wconf 91' lang='grc' dir='ltr'>τωρ</span> <span class='ocrx_word' id='word_1_458' title='bbox 566 5000 888 5070; x_wconf 77' lang='grc' dir='ltr'>παραδόξως</span> <span class='ocrx_word' id='word_1_459' title='bbox 919 5005 998 5068; x_wconf 88' lang='grc' dir='ltr'>είς</span> <span class='ocrx_word' id='word_1_460' title='bbox 1037 5007 1137 5076; x_wconf 80' lang='grc' dir='ltr'>τήν</span> <span class='ocrx_word' id='word_1_461' title='bbox 1193 5007 1560 5076; x_wconf 82' lang='grc' dir='ltr'>θεοδόξαστον,</span> <span class='ocrx_word' id='word_1_462' title='bbox 1603 5014 1977 5085; x_wconf 81' lang='grc' dir='ltr'>θεοφύλακτον</span> 
     </span>
    </p>
   </div>
   <div class='ocr_carea' id='block_1_68' title="bbox 401 5090 1979 5175">
    <p class='ocr_par' dir='ltr' id='par_1_68' title="bbox 401 5090 1979 5175">
     <span class='ocr_line' id='line_1_68' title="bbox 401 5090 1979 5175; baseline 0.013 -33"><span class='ocrx_word' id='word_1_463' title='bbox 401 5092 496 5144; x_wconf 80' lang='grc' dir='ltr'>καὶ</span> <span class='ocrx_word' id='word_1_464' title='bbox 525 5090 964 5173; x_wconf 85' lang='grc' dir='ltr'>θεομεγάλυντον</span> <span class='ocrx_word' id='word_1_465' title='bbox 995 5100 1197 5167; x_wconf 89' lang='grc' dir='ltr'>ταύτην</span> <span class='ocrx_word' id='word_1_466' title='bbox 1255 5103 1854 5175; x_wconf 83' lang='grc' dir='ltr'>Κωνσταντινούπυλιν,</span> <span class='ocrx_word' id='word_1_467' title='bbox 1903 5111 1979 5162; x_wconf 82' lang='grc' dir='ltr'>δι-</span> 
     </span>
    </p>
   </div>
   <div class='ocr_carea' id='block_1_69' title="bbox 401 5185 1978 5270">
    <p class='ocr_par' dir='ltr' id='par_1_69' title="bbox 401 5185 1978 5270">
     <span class='ocr_line' id='line_1_69' title="bbox 401 5185 1978 5270; baseline 0.014 -36"><span class='ocrx_word' id='word_1_468' title='bbox 401 5185 738 5254; x_wconf 75' lang='grc' dir='ltr'>καιώσαντος</span> <span class='ocrx_word' id='word_1_469' title='bbox 769 5188 934 5240; x_wconf 79' lang='grc' dir='ltr'>αὑτὸν</span> <span class='ocrx_word' id='word_1_470' title='bbox 961 5189 1056 5242; x_wconf 83' lang='grc' dir='ltr'>τοῦ</span> <span class='ocrx_word' id='word_1_471' title='bbox 1089 5191 1227 5245; x_wconf 86' lang='grc' dir='ltr'>Θεοῦ</span> <span class='ocrx_word' id='word_1_472' title='bbox 1277 5197 1419 5250; x_wconf 84' lang='grc' dir='ltr'>κατὰ</span> <span class='ocrx_word' id='word_1_473' title='bbox 1461 5197 1523 5250; x_wconf 88' lang='lat'>16</span> <span class='ocrx_word' id='word_1_474' title='bbox 1579 5201 1779 5270; x_wconf 75' lang='grc' dir='ltr'>προσὸν</span> <span class='ocrx_word' id='word_1_475' title='bbox 1826 5202 1978 5268; x_wconf 89' lang='grc' dir='ltr'>αὑτῷ</span> 
     </span>
    </p>
   </div>
   <div class='ocr_carea' id='block_1_70' title="bbox 399 5279 1979 5365">
    <p class='ocr_par' dir='ltr' id='par_1_70' title="bbox 399 5279 1979 5365">
     <span class='ocr_line' id='line_1_70' title="bbox 399 5279 1979 5365; baseline 0.014 -37"><span class='ocrx_word' id='word_1_476' title='bbox 399 5279 697 5365; x_wconf 83' lang='grc' dir='ltr'>περιφανές</span> <span class='ocrx_word' id='word_1_477' title='bbox 723 5279 933 5334; x_wconf 87' lang='grc' dir='ltr'>δίκαιον</span> <span class='ocrx_word' id='word_1_478' title='bbox 967 5285 1047 5347; x_wconf 78' lang='grc' dir='ltr'>εἰς</span> <span class='ocrx_word' id='word_1_479' title='bbox 1075 5285 1175 5355; x_wconf 80' lang='grc' dir='ltr'>τὴν</span> <span class='ocrx_word' id='word_1_480' title='bbox 1203 5292 1534 5361; x_wconf 78' lang='grc' dir='ltr'>προγονικὴν</span> <span class='ocrx_word' id='word_1_481' title='bbox 1581 5296 1676 5346; x_wconf 78' lang='grc' dir='ltr'>καὶ</span> <span class='ocrx_word' id='word_1_482' title='bbox 1703 5296 1979 5365; x_wconf 80' lang='grc' dir='ltr'>πατρικήν</span> 
     </span>
    </p>
   </div>
   <div class='ocr_carea' id='block_1_71' title="bbox 401 5364 1980 5453">
    <p class='ocr_par' dir='ltr' id='par_1_71' title="bbox 401 5364 1980 5453">
     <span class='ocr_line' id='line_1_71' title="bbox 401 5364 1980 5453; baseline 0.013 -34"><span class='ocrx_word' id='word_1_483' title='bbox 401 5364 564 5421; x_wconf 82' lang='grc' dir='ltr'>αὑτοῦ</span> <span class='ocrx_word' id='word_1_484' title='bbox 588 5369 785 5441; x_wconf 81' lang='grc' dir='ltr'>ἀρχὴν,</span> <span class='ocrx_word' id='word_1_485' title='bbox 820 5370 910 5436; x_wconf 21' lang='grc' dir='ltr'>δτιά</span> <span class='ocrx_word' id='word_1_486' title='bbox 959 5374 1020 5426; x_wconf 88' lang='lat'>16</span> <span class='ocrx_word' id='word_1_487' title='bbox 1079 5375 1346 5447; x_wconf 83' lang='grc' dir='ltr'>θεοφιλῶς</span> <span class='ocrx_word' id='word_1_488' title='bbox 1408 5381 1713 5453; x_wconf 76' lang='grc' dir='ltr'>βασιλεύειν</span> <span class='ocrx_word' id='word_1_489' title='bbox 1767 5364 1864 5440; x_wconf 78' lang='grc' dir='ltr'>καὶ</span> <span class='ocrx_word' id='word_1_490' title='bbox 1921 5364 1980 5439; x_wconf 75' lang='grc' dir='ltr'>ἐν</span> 
     </span>
    </p>
   </div>
   <div class='ocr_carea' id='block_1_72' title="bbox 401 5457 1979 5545">
    <p class='ocr_par' dir='ltr' id='par_1_72' title="bbox 401 5457 1979 5545">
     <span class='ocr_line' id='line_1_72' title="bbox 401 5457 1979 5545; baseline 0.011 -33"><span class='ocrx_word' id='word_1_491' title='bbox 401 5457 579 5512; x_wconf 74' lang='grc' dir='ltr'>ἅπασι</span> <span class='ocrx_word' id='word_1_492' title='bbox 603 5461 716 5522; x_wconf 85' lang='grc' dir='ltr'>τοῖς</span> <span class='ocrx_word' id='word_1_493' title='bbox 749 5462 1062 5529; x_wconf 88' lang='grc' dir='ltr'>καλλίστοις</span> <span class='ocrx_word' id='word_1_494' title='bbox 1102 5467 1456 5536; x_wconf 85' lang='grc' dir='ltr'>διαλάμπειν,</span> <span class='ocrx_word' id='word_1_495' title='bbox 1519 5475 1618 5544; x_wconf 75' lang='grc' dir='ltr'>οὐχ</span> <span class='ocrx_word' id='word_1_496' title='bbox 1682 5475 1885 5545; x_wconf 75' lang='grc' dir='ltr'>ἥκιστα</span> <span class='ocrx_word' id='word_1_497' title='bbox 1923 5478 1979 5529; x_wconf 83' lang='grc' dir='ltr'>δέ</span> 
     </span>
    </p>
   </div>
   <div class='ocr_carea' id='block_1_73' title="bbox 401 5551 1977 5642">
    <p class='ocr_par' dir='ltr' id='par_1_73' title="bbox 401 5551 1977 5642">
     <span class='ocr_line' id='line_1_73' title="bbox 401 5551 1977 5642; baseline 0.013 -40"><span class='ocrx_word' id='word_1_498' title='bbox 401 5551 785 5626; x_wconf 78' lang='grc' dir='ltr'>φιλανθρωπίᾳ</span> <span class='ocrx_word' id='word_1_499' title='bbox 842 5573 903 5609; x_wconf 87' lang='grc' dir='ltr'>τε</span> <span class='ocrx_word' id='word_1_500' title='bbox 961 5559 1056 5612; x_wconf 75' lang='grc' dir='ltr'>καὶ</span> <span class='ocrx_word' id='word_1_501' title='bbox 1121 5564 1451 5632; x_wconf 83' lang='grc' dir='ltr'>χρηστότητι</span> <span class='ocrx_word' id='word_1_502' title='bbox 1510 5569 1602 5628; x_wconf 82' lang='grc' dir='ltr'>καὶ</span> <span class='ocrx_word' id='word_1_503' title='bbox 1640 5568 1977 5642; x_wconf 70' lang='grc' dir='ltr'>δικαιοσύνῃ.</span> 
     </span>
    </p>
   </div>
   <div class='ocr_carea' id='block_1_74' title="bbox 412 5645 1982 5727">
    <p class='ocr_par' dir='ltr' id='par_1_74' title="bbox 412 5645 1982 5727">
     <span class='ocr_line' id='line_1_74' title="bbox 412 5645 1982 5727; baseline 0.011 -30"><span class='ocrx_word' id='word_1_504' title='bbox 412 5645 721 5715; x_wconf 77' lang='grc' dir='ltr'>Ἐπανῆλθε</span> <span class='ocrx_word' id='word_1_505' title='bbox 755 5647 836 5713; x_wconf 71' lang='grc' dir='ltr'>δέ,</span> <span class='ocrx_word' id='word_1_506' title='bbox 872 5649 1036 5720; x_wconf 80' lang='grc' dir='ltr'>αὑτοῦ</span> <span class='ocrx_word' id='word_1_507' title='bbox 1093 5654 1188 5706; x_wconf 85' lang='grc' dir='ltr'>τοῦ</span> <span class='ocrx_word' id='word_1_508' title='bbox 1245 5654 1381 5709; x_wconf 84' lang='grc' dir='ltr'>Θεοῦ</span> <span class='ocrx_word' id='word_1_509' title='bbox 1437 5663 1851 5727; x_wconf 82' lang='grc' dir='ltr'>συναιρομένου,</span> <span class='ocrx_word' id='word_1_510' title='bbox 1918 5665 1982 5716; x_wconf 86' lang='grc' dir='ltr'>ἐκ</span> 
     </span>
    </p>
   </div>
   <div class='ocr_carea' id='block_1_75' title="bbox 401 5735 1980 5823">
    <p class='ocr_par' dir='ltr' id='par_1_75' title="bbox 401 5735 1980 5823">
     <span class='ocr_line' id='line_1_75' title="bbox 401 5735 1980 5823; baseline 0.013 -35"><span class='ocrx_word' id='word_1_511' title='bbox 401 5735 500 5807; x_wconf 80' lang='grc' dir='ltr'>τῆς</span> <span class='ocrx_word' id='word_1_512' title='bbox 530 5737 831 5810; x_wconf 82' lang='grc' dir='ltr'>ὑπερορίας</span> <span class='ocrx_word' id='word_1_513' title='bbox 858 5743 1076 5814; x_wconf 86' lang='grc' dir='ltr'>ἐκείνης</span> <span class='ocrx_word' id='word_1_514' title='bbox 1111 5746 1205 5798; x_wconf 79' lang='grc' dir='ltr'>καὶ</span> <span class='ocrx_word' id='word_1_515' title='bbox 1249 5748 1280 5815; x_wconf 87' lang='grc' dir='ltr'>ή</span> <span class='ocrx_word' id='word_1_516' title='bbox 1343 5755 1628 5822; x_wconf 73' lang='grc' dir='ltr'>μετριότης</span> <span class='ocrx_word' id='word_1_517' title='bbox 1679 5754 1834 5823; x_wconf 85' lang='grc' dir='ltr'>ήμῶν</span> <span class='ocrx_word' id='word_1_518' title='bbox 1900 5759 1980 5818; x_wconf 82' lang='grc' dir='ltr'>εἰς</span> 
     </span>
    </p>
   </div>
   <div class='ocr_carea' id='block_1_76' title="bbox 402 5828 1982 5912">
    <p class='ocr_par' dir='ltr' id='par_1_76' title="bbox 402 5828 1982 5912">
     <span class='ocr_line' id='line_1_76' title="bbox 402 5828 1982 5912; baseline 0.009 -33"><span class='ocrx_word' id='word_1_519' title='bbox 402 5828 500 5896; x_wconf 74' lang='grc' dir='ltr'>τήν</span> <span class='ocrx_word' id='word_1_520' title='bbox 527 5828 862 5901; x_wconf 79' lang='grc' dir='ltr'>’Ἐκκλησίαν</span> <span class='ocrx_word' id='word_1_521' title='bbox 887 5833 1075 5903; x_wconf 84' lang='grc' dir='ltr'>αὑτῆς.</span> <span class='ocrx_word' id='word_1_522' title='bbox 1113 5836 1175 5888; x_wconf 75' lang='lat' dir='ltr'>Ol</span> <span class='ocrx_word' id='word_1_523' title='bbox 1201 5836 1254 5889; x_wconf 84' lang='grc' dir='ltr'>δέ</span> <span class='ocrx_word' id='word_1_524' title='bbox 1317 5854 1378 5905; x_wconf 84' lang='grc' dir='ltr'>γε</span> <span class='ocrx_word' id='word_1_525' title='bbox 1443 5840 1700 5908; x_wconf 77' lang='grc' dir='ltr'>ῥηθέντες</span> <span class='ocrx_word' id='word_1_526' title='bbox 1749 5844 1982 5912; x_wconf 62' lang='grc' dir='ltr'>ττρεσόὰο</span> 
     </span>
    </p>
   </div>
   <div class='ocr_carea' id='block_1_77' title="bbox 2057 1967 3631 2045">
    <p class='ocr_par' dir='ltr' id='par_1_77' title="bbox 2057 1967 3631 2045">
     <span class='ocr_line' id='line_1_77' title="bbox 2057 1967 3631 2045; baseline 0.002 -23"><span class='ocrx_word' id='word_1_527' title='bbox 2057 1973 2121 2040; x_wconf 79' lang='grc' dir='ltr'>τῇ</span> <span class='ocrx_word' id='word_1_528' title='bbox 2147 1971 2268 2024; x_wconf 78' lang='grc' dir='ltr'>καθ’</span> <span class='ocrx_word' id='word_1_529' title='bbox 2293 1973 2443 2040; x_wconf 80' lang='grc' dir='ltr'>ἡμᾶς</span> <span class='ocrx_word' id='word_1_530' title='bbox 2473 1974 2592 2044; x_wconf 80' lang='grc' dir='ltr'>ίερᾷ</span> <span class='ocrx_word' id='word_1_531' title='bbox 2619 1977 2708 2026; x_wconf 68' lang='grc' dir='ltr'>καὶ</span> <span class='ocrx_word' id='word_1_532' title='bbox 2730 1967 2850 2045; x_wconf 74' lang='grc' dir='ltr'>θείᾳ</span> <span class='ocrx_word' id='word_1_533' title='bbox 2877 1977 3078 2045; x_wconf 80' lang='grc' dir='ltr'>συνόδῳ</span> <span class='ocrx_word' id='word_1_534' title='bbox 3131 1977 3227 2028; x_wconf 76' lang='grc' dir='ltr'>καὶ</span> <span class='ocrx_word' id='word_1_535' title='bbox 3282 1974 3631 2040; x_wconf 81' lang='grc' dir='ltr'>ἀπολογήσα-</span> 
     </span>
    </p>
   </div>
   <div class='ocr_carea' id='block_1_78' title="bbox 2061 2058 3633 2134">
    <p class='ocr_par' dir='ltr' id='par_1_78' title="bbox 2061 2058 3633 2134">
     <span class='ocr_line' id='line_1_78' title="bbox 2061 2058 3633 2134; baseline 0.002 -22"><span class='ocrx_word' id='word_1_536' title='bbox 2061 2063 2184 2114; x_wconf 90' lang='grc' dir='ltr'>σθαι</span> <span class='ocrx_word' id='word_1_537' title='bbox 2207 2063 2299 2115; x_wconf 83' lang='grc' dir='ltr'>καὶ</span> <span class='ocrx_word' id='word_1_538' title='bbox 2327 2064 2417 2114; x_wconf 76' lang='grc' dir='ltr'>ἐπὶ</span> <span class='ocrx_word' id='word_1_539' title='bbox 2455 2066 2564 2124; x_wconf 80' lang='grc' dir='ltr'>τοῖς</span> <span class='ocrx_word' id='word_1_540' title='bbox 2595 2065 2805 2133; x_wconf 89' lang='grc' dir='ltr'>ἐτέροις</span> <span class='ocrx_word' id='word_1_541' title='bbox 2835 2067 3194 2134; x_wconf 80' lang='grc' dir='ltr'>ἐγκλήμασιν,</span> <span class='ocrx_word' id='word_1_542' title='bbox 3224 2066 3307 2131; x_wconf 80' lang='grc' dir='ltr'>ἐφ’</span> <span class='ocrx_word' id='word_1_543' title='bbox 3359 2058 3441 2125; x_wconf 81' lang='grc' dir='ltr'>οἷς</span> <span class='ocrx_word' id='word_1_544' title='bbox 3465 2083 3633 2132; x_wconf 74' lang='grc' dir='ltr'>κατη-</span> 
     </span>
    </p>
   </div>
   <div class='ocr_carea' id='block_1_79' title="bbox 2061 2155 3634 2227">
    <p class='ocr_par' dir='ltr' id='par_1_79' title="bbox 2061 2155 3634 2227">
     <span class='ocr_line' id='line_1_79' title="bbox 2061 2155 3634 2227; baseline 0.006 -24"><span class='ocrx_word' id='word_1_545' title='bbox 2061 2155 2303 2222; x_wconf 77' lang='grc' dir='ltr'>γορεῖτο,</span> <span class='ocrx_word' id='word_1_546' title='bbox 2327 2155 2395 2206; x_wconf 78' lang='grc' dir='ltr'>δι’</span> <span class='ocrx_word' id='word_1_547' title='bbox 2422 2155 2543 2207; x_wconf 87' lang='grc' dir='ltr'>δλου</span> <span class='ocrx_word' id='word_1_548' title='bbox 2581 2156 2674 2208; x_wconf 84' lang='grc' dir='ltr'>τοῦ</span> <span class='ocrx_word' id='word_1_549' title='bbox 2709 2158 3073 2227; x_wconf 74' lang='grc' dir='ltr'>παρελθόντος</span> <span class='ocrx_word' id='word_1_550' title='bbox 3142 2158 3476 2227; x_wconf 79' lang='grc' dir='ltr'>Ὅκτωδρίου</span> <span class='ocrx_word' id='word_1_551' title='bbox 3533 2177 3634 2227; x_wconf 76' lang='grc' dir='ltr'>μη-</span> 
     </span>
    </p>
   </div>
   <div class='ocr_carea' id='block_1_80' title="bbox 2059 2245 3636 2320">
    <p class='ocr_par' dir='ltr' id='par_1_80' title="bbox 2059 2245 3636 2320">
     <span class='ocr_line' id='line_1_80' title="bbox 2059 2245 3636 2320; baseline 0.003 -22"><span class='ocrx_word' id='word_1_552' title='bbox 2059 2245 2176 2308; x_wconf 78' lang='grc' dir='ltr'>νὸς,</span> <span class='ocrx_word' id='word_1_553' title='bbox 2238 2245 2332 2298; x_wconf 76' lang='grc' dir='ltr'>ἀτε</span> <span class='ocrx_word' id='word_1_554' title='bbox 2395 2246 2460 2315; x_wconf 73' lang='grc' dir='ltr'>δὴ</span> <span class='ocrx_word' id='word_1_555' title='bbox 2524 2249 2621 2300; x_wconf 70' lang='grc' dir='ltr'>καὶ</span> <span class='ocrx_word' id='word_1_556' title='bbox 2685 2249 2790 2301; x_wconf 89' lang='grc' dir='ltr'>τῶν</span> <span class='ocrx_word' id='word_1_557' title='bbox 2858 2251 3392 2320; x_wconf 86' lang='grc' dir='ltr'>ἀντικαθισταμένων</span> <span class='ocrx_word' id='word_1_558' title='bbox 3458 2251 3636 2318; x_wconf 82' lang='grc' dir='ltr'>τούτῳ</span> 
     </span>
    </p>
   </div>
   <div class='ocr_carea' id='block_1_81' title="bbox 2064 2337 3636 2410">
    <p class='ocr_par' dir='ltr' id='par_1_81' title="bbox 2064 2337 3636 2410">
     <span class='ocr_line' id='line_1_81' title="bbox 2064 2337 3636 2410; baseline 0.006 -23"><span class='ocrx_word' id='word_1_559' title='bbox 2064 2337 2512 2405; x_wconf 73' lang='grc' dir='ltr'>μετακληθέντων</span> <span class='ocrx_word' id='word_1_560' title='bbox 2543 2341 2636 2392; x_wconf 79' lang='grc' dir='ltr'>καὶ</span> <span class='ocrx_word' id='word_1_561' title='bbox 2667 2345 3128 2410; x_wconf 85' lang='grc' dir='ltr'>παραγενομένων</span> <span class='ocrx_word' id='word_1_562' title='bbox 3162 2359 3174 2372; x_wconf 94' lang='grc'>·</span> <span class='ocrx_word' id='word_1_563' title='bbox 3210 2345 3334 2395; x_wconf 80' lang='grc' dir='ltr'>ἐπεὶ</span> <span class='ocrx_word' id='word_1_564' title='bbox 3365 2343 3422 2396; x_wconf 78' lang='grc' dir='ltr'>δέ</span> <span class='ocrx_word' id='word_1_565' title='bbox 3473 2345 3636 2405; x_wconf 85' lang='lat'><strong>0616;</strong></span> 
     </span>
    </p>
   </div>
   <div class='ocr_carea' id='block_1_82' title="bbox 2065 2428 3710 2504">
    <p class='ocr_par' dir='ltr' id='par_1_82' title="bbox 2065 2428 3710 2504">
     <span class='ocr_line' id='line_1_82' title="bbox 2065 2428 3710 2504; baseline 0.005 -25"><span class='ocrx_word' id='word_1_566' title='bbox 2065 2430 2164 2496; x_wconf 84' lang='grc' dir='ltr'>μὲν</span> <span class='ocrx_word' id='word_1_567' title='bbox 2195 2428 2463 2496; x_wconf 70' lang='grc' dir='ltr'>ἐψεύσατο</span> <span class='ocrx_word' id='word_1_568' title='bbox 2514 2431 2614 2498; x_wconf 76' lang='grc' dir='ltr'>τὴν</span> <span class='ocrx_word' id='word_1_569' title='bbox 2668 2433 2982 2501; x_wconf 84' lang='grc' dir='ltr'>ὑπόσχεσιν,</span> <span class='ocrx_word' id='word_1_570' title='bbox 3037 2437 3084 2486; x_wconf 90' lang='grc' dir='ltr'>οί</span> <span class='ocrx_word' id='word_1_571' title='bbox 3141 2435 3198 2487; x_wconf 77' lang='grc' dir='ltr'>δέ</span> <span class='ocrx_word' id='word_1_572' title='bbox 3250 2435 3636 2504; x_wconf 77' lang='grc' dir='ltr'>διιληφθέντες</span> <span class='ocrx_word' id='word_1_573' title='bbox 3701 2451 3710 2463; x_wconf 89' lang='grc'>·</span> 
     </span>
    </p>
   </div>
   <div class='ocr_carea' id='block_1_83' title="bbox 2066 2515 3636 2600">
    <p class='ocr_par' dir='ltr' id='par_1_83' title="bbox 2066 2515 3636 2600">
     <span class='ocr_line' id='line_1_83' title="bbox 2066 2515 3636 2600; baseline 0.007 -31"><span class='ocrx_word' id='word_1_574' title='bbox 2066 2519 2230 2585; x_wconf 81' lang='grc' dir='ltr'>ίερετς</span> <span class='ocrx_word' id='word_1_575' title='bbox 2259 2515 2400 2590; x_wconf 80' lang='grc' dir='ltr'>ἦσαν</span> <span class='ocrx_word' id='word_1_576' title='bbox 2431 2523 2496 2590; x_wconf 75' lang='grc' dir='ltr'>τῇ</span> <span class='ocrx_word' id='word_1_577' title='bbox 2533 2524 2800 2595; x_wconf 73' lang='grc' dir='ltr'>ἐκκλησίᾳ</span> <span class='ocrx_word' id='word_1_578' title='bbox 2831 2527 3288 2600; x_wconf 87' lang='grc' dir='ltr'>προσεδρεύοντες</span> <span class='ocrx_word' id='word_1_579' title='bbox 3337 2529 3432 2582; x_wconf 79' lang='grc' dir='ltr'>καὶ</span> <span class='ocrx_word' id='word_1_580' title='bbox 3469 2543 3636 2596; x_wconf 85' lang='grc' dir='ltr'>προσ-</span> 
     </span>
    </p>
   </div>
   <div class='ocr_carea' id='block_1_84' title="bbox 2061 2608 3639 2690">
    <p class='ocr_par' dir='ltr' id='par_1_84' title="bbox 2061 2608 3639 2690">
     <span class='ocr_line' id='line_1_84' title="bbox 2061 2608 3639 2690; baseline 0.007 -30"><span class='ocrx_word' id='word_1_581' title='bbox 2061 2608 2569 2681; x_wconf 85' lang='grc' dir='ltr'>ταλαιπωρούμενοι</span> <span class='ocrx_word' id='word_1_582' title='bbox 2617 2616 2848 2690; x_wconf 81' lang='grc' dir='ltr'>πλείστῃ</span> <span class='ocrx_word' id='word_1_583' title='bbox 2897 2618 3244 2688; x_wconf 74' lang='grc' dir='ltr'>κακοπαθείᾳ</span> <span class='ocrx_word' id='word_1_584' title='bbox 3278 2618 3374 2671; x_wconf 75' lang='grc' dir='ltr'>καὶ</span> <span class='ocrx_word' id='word_1_585' title='bbox 3429 2619 3639 2672; x_wconf 78' lang='grc' dir='ltr'>ἐαυτῶν</span> 
     </span>
    </p>
   </div>
   <div class='ocr_carea' id='block_1_85' title="bbox 2064 2702 3639 2780">
    <p class='ocr_par' dir='ltr' id='par_1_85' title="bbox 2064 2702 3639 2780">
     <span class='ocr_line' id='line_1_85' title="bbox 2064 2702 3639 2780; baseline 0.007 -29"><span class='ocrx_word' id='word_1_586' title='bbox 2064 2716 2128 2767; x_wconf 92' lang='grc' dir='ltr'>γε</span> <span class='ocrx_word' id='word_1_587' title='bbox 2148 2702 2256 2753; x_wconf 89' lang='grc' dir='ltr'>τῶν</span> <span class='ocrx_word' id='word_1_588' title='bbox 2287 2704 2603 2780; x_wconf 80' lang='grc' dir='ltr'>ἀναγκαίων</span> <span class='ocrx_word' id='word_1_589' title='bbox 2625 2710 3123 2778; x_wconf 88' lang='grc' dir='ltr'>κατατρυχόμενοι,</span> <span class='ocrx_word' id='word_1_590' title='bbox 3162 2711 3415 2764; x_wconf 85' lang='grc' dir='ltr'>συνοδικά</span> <span class='ocrx_word' id='word_1_591' title='bbox 3448 2709 3639 2780; x_wconf 58' lang='grc' dir='ltr'>ψηφί-</span> 
     </span>
    </p>
   </div>
   <div class='ocr_carea' id='block_1_86' title="bbox 2066 2771 3641 2872">
    <p class='ocr_par' dir='ltr' id='par_1_86' title="bbox 2066 2771 3641 2872">
     <span class='ocr_line' id='line_1_86' title="bbox 2066 2771 3641 2872; baseline 0.007 -27"><span class='ocrx_word' id='word_1_592' title='bbox 2066 2809 2250 2862; x_wconf 90' lang='grc' dir='ltr'>σματα</span> <span class='ocrx_word' id='word_1_593' title='bbox 2297 2771 2574 2858; x_wconf 70' lang='grc' dir='ltr'>⁸πολλάκις</span> <span class='ocrx_word' id='word_1_594' title='bbox 2626 2799 2722 2851; x_wconf 76' lang='grc' dir='ltr'>καὶ</span> <span class='ocrx_word' id='word_1_595' title='bbox 2775 2771 3048 2870; x_wconf 65' lang='grc' dir='ltr'>διαφόρως</span> <span class='ocrx_word' id='word_1_596' title='bbox 3094 2771 3443 2872; x_wconf 88' lang='grc' dir='ltr'>ἀπελύθησαν</span> 
     </span>
    </p>
   </div>
   <div class='ocr_carea' id='block_1_87' title="bbox 2066 2886 3643 2966">
    <p class='ocr_par' dir='ltr' id='par_1_87' title="bbox 2066 2886 3643 2966">
     <span class='ocr_line' id='line_1_87' title="bbox 2066 2886 3643 2966; baseline 0.008 -30"><span class='ocrx_word' id='word_1_597' title='bbox 2066 2887 2230 2937; x_wconf 72' lang='grc' dir='ltr'>αὑτὸν</span> <span class='ocrx_word' id='word_1_598' title='bbox 2293 2886 2387 2940; x_wconf 78' lang='grc' dir='ltr'>ἐπὶ</span> <span class='ocrx_word' id='word_1_599' title='bbox 2446 2889 2526 2958; x_wconf 87' lang='grc' dir='ltr'>τῷ</span> <span class='ocrx_word' id='word_1_600' title='bbox 2592 2890 2888 2958; x_wconf 75' lang='grc' dir='ltr'>ἀφικέσθαι</span> <span class='ocrx_word' id='word_1_601' title='bbox 2946 2894 3372 2964; x_wconf 77' lang='grc' dir='ltr'>ἀπροφασίστως</span> <span class='ocrx_word' id='word_1_602' title='bbox 3426 2898 3504 2960; x_wconf 80' lang='grc' dir='ltr'>εἰς</span> <span class='ocrx_word' id='word_1_603' title='bbox 3544 2898 3643 2966; x_wconf 84' lang='grc' dir='ltr'>τὴν</span> 
     </span>
    </p>
   </div>
   <div class='ocr_carea' id='block_1_88' title="bbox 2070 2975 3642 3056">
    <p class='ocr_par' dir='ltr' id='par_1_88' title="bbox 2070 2975 3642 3056">
     <span class='ocr_line' id='line_1_88' title="bbox 2070 2975 3642 3056; baseline 0.009 -29"><span class='ocrx_word' id='word_1_604' title='bbox 2070 2975 2285 3028; x_wconf 78' lang='grc' dir='ltr'>σύνοδον</span> <span class='ocrx_word' id='word_1_605' title='bbox 2311 2981 2421 3043; x_wconf 80' lang='grc' dir='ltr'>καὶ,</span> <span class='ocrx_word' id='word_1_606' title='bbox 2448 2979 2501 3031; x_wconf 80' lang='grc' dir='ltr'>ετ</span> <span class='ocrx_word' id='word_1_607' title='bbox 2525 2995 2590 3047; x_wconf 82' lang='grc' dir='ltr'>γε</span> <span class='ocrx_word' id='word_1_608' title='bbox 2615 2982 2853 3046; x_wconf 90' lang='grc' dir='ltr'>δύναιτο,</span> <span class='ocrx_word' id='word_1_609' title='bbox 2880 2983 3328 3054; x_wconf 82' lang='grc' dir='ltr'>ἀπολογήσασθαι</span> <span class='ocrx_word' id='word_1_610' title='bbox 3362 2991 3492 3056; x_wconf 72' lang='grc' dir='ltr'>περὶ</span> <span class='ocrx_word' id='word_1_611' title='bbox 3533 2989 3642 3041; x_wconf 91' lang='grc' dir='ltr'>τῶν</span> 
     </span>
    </p>
   </div>
   <div class='ocr_carea' id='block_1_89' title="bbox 2069 3068 3642 3148">
    <p class='ocr_par' dir='ltr' id='par_1_89' title="bbox 2069 3068 3642 3148">
     <span class='ocr_line' id='line_1_89' title="bbox 2069 3068 3642 3148; baseline 0.011 -31"><span class='ocrx_word' id='word_1_612' title='bbox 2069 3068 2521 3139; x_wconf 80' lang='grc' dir='ltr'>ἐπενηνεγμένων</span> <span class='ocrx_word' id='word_1_613' title='bbox 2572 3079 2698 3126; x_wconf 86' lang='grc' dir='ltr'>κατ’</span> <span class='ocrx_word' id='word_1_614' title='bbox 2751 3075 2918 3127; x_wconf 89' lang='lat'><strong>06106</strong></span> <span class='ocrx_word' id='word_1_615' title='bbox 2965 3078 3222 3130; x_wconf 88' lang='grc' dir='ltr'>τοιούτων</span> <span class='ocrx_word' id='word_1_616' title='bbox 3277 3081 3642 3148; x_wconf 77' lang='grc' dir='ltr'>αἱτιαματων,</span> 
     </span>
    </p>
   </div>
   <div class='ocr_carea' id='block_1_90' title="bbox 2070 3160 3644 3242">
    <p class='ocr_par' dir='ltr' id='par_1_90' title="bbox 2070 3160 3644 3242">
     <span class='ocr_line' id='line_1_90' title="bbox 2070 3160 3644 3242; baseline 0.01 -31"><span class='ocrx_word' id='word_1_617' title='bbox 2070 3160 2318 3230; x_wconf 86' lang='grc' dir='ltr'>δοθείσης</span> <span class='ocrx_word' id='word_1_618' title='bbox 2349 3165 2443 3216; x_wconf 75' lang='grc' dir='ltr'>καὶ</span> <span class='ocrx_word' id='word_1_619' title='bbox 2472 3166 2634 3220; x_wconf 88' lang='grc' dir='ltr'>πάλιν</span> <span class='ocrx_word' id='word_1_620' title='bbox 2666 3169 2819 3238; x_wconf 87' lang='grc' dir='ltr'>αὑτῷ</span> <span class='ocrx_word' id='word_1_621' title='bbox 2848 3170 3041 3240; x_wconf 89' lang='grc' dir='ltr'>ἐτέρας</span> <span class='ocrx_word' id='word_1_622' title='bbox 3095 3173 3355 3241; x_wconf 83' lang='grc' dir='ltr'>καιρικῆς</span> <span class='ocrx_word' id='word_1_623' title='bbox 3398 3174 3644 3242; x_wconf 80' lang='grc' dir='ltr'>διωρίας,</span> 
     </span>
    </p>
   </div>
   <div class='ocr_carea' id='block_1_91' title="bbox 2075 3254 3646 3332">
    <p class='ocr_par' dir='ltr' id='par_1_91' title="bbox 2075 3254 3646 3332">
     <span class='ocr_line' id='line_1_91' title="bbox 2075 3254 3646 3332; baseline 0.009 -29"><span class='ocrx_word' id='word_1_624' title='bbox 2075 3254 2264 3329; x_wconf 81' lang='grc' dir='ltr'>μέχρις</span> <span class='ocrx_word' id='word_1_625' title='bbox 2294 3257 2389 3307; x_wconf 79' lang='grc' dir='ltr'>καὶ</span> <span class='ocrx_word' id='word_1_626' title='bbox 2417 3256 2538 3310; x_wconf 80' lang='grc' dir='ltr'>ὅλου</span> <span class='ocrx_word' id='word_1_627' title='bbox 2564 3257 2761 3330; x_wconf 80' lang='grc' dir='ltr'>δηλαδή</span> <span class='ocrx_word' id='word_1_628' title='bbox 2790 3260 2884 3313; x_wconf 82' lang='grc' dir='ltr'>τοῦ</span> <span class='ocrx_word' id='word_1_629' title='bbox 2911 3263 3273 3331; x_wconf 79' lang='grc' dir='ltr'>παρελθόντος</span> <span class='ocrx_word' id='word_1_630' title='bbox 3310 3265 3646 3332; x_wconf 83' lang='grc' dir='ltr'>Ἀπριλλίου,</span> 
     </span>
    </p>
   </div>
   <div class='ocr_carea' id='block_1_92' title="bbox 2072 3345 3646 3424">
    <p class='ocr_par' dir='ltr' id='par_1_92' title="bbox 2072 3345 3646 3424">
     <span class='ocr_line' id='line_1_92' title="bbox 2072 3345 3646 3424; baseline 0.009 -28"><span class='ocrx_word' id='word_1_631' title='bbox 2072 3345 2236 3398; x_wconf 88' lang='grc' dir='ltr'>τῶνδε</span> <span class='ocrx_word' id='word_1_632' title='bbox 2269 3349 2379 3398; x_wconf 89' lang='grc' dir='ltr'>τῶν</span> <span class='ocrx_word' id='word_1_633' title='bbox 2405 3348 2600 3417; x_wconf 77' lang='grc' dir='ltr'>ἱερέων</span> <span class='ocrx_word' id='word_1_634' title='bbox 2631 3352 2774 3404; x_wconf 84' lang='grc' dir='ltr'>κατὰ</span> <span class='ocrx_word' id='word_1_635' title='bbox 2803 3354 2894 3405; x_wconf 80' lang='grc' dir='ltr'>τὸν</span> <span class='ocrx_word' id='word_1_636' title='bbox 2923 3354 3106 3422; x_wconf 79' lang='grc' dir='ltr'>ὅμοιον</span> <span class='ocrx_word' id='word_1_637' title='bbox 3160 3357 3364 3424; x_wconf 84' lang='grc' dir='ltr'>τρόπον</span> <span class='ocrx_word' id='word_1_638' title='bbox 3412 3358 3646 3411; x_wconf 85' lang='grc' dir='ltr'>ἐνταῦθα</span> 
     </span>
    </p>
   </div>
   <div class='ocr_carea' id='block_1_93' title="bbox 2073 3438 3648 3517">
    <p class='ocr_par' dir='ltr' id='par_1_93' title="bbox 2073 3438 3648 3517">
     <span class='ocr_line' id='line_1_93' title="bbox 2073 3438 3648 3517; baseline 0.008 -29"><span class='ocrx_word' id='word_1_639' title='bbox 2073 3438 2558 3507; x_wconf 73' lang='grc' dir='ltr'>κατατριϐομένων</span> <span class='ocrx_word' id='word_1_640' title='bbox 2626 3444 2720 3496; x_wconf 83' lang='grc' dir='ltr'>καὶ</span> <span class='ocrx_word' id='word_1_641' title='bbox 2776 3444 2878 3516; x_wconf 79' lang='grc' dir='ltr'>τὴν</span> <span class='ocrx_word' id='word_1_642' title='bbox 2930 3447 3201 3516; x_wconf 88' lang='grc' dir='ltr'>τοσαύτην</span> <span class='ocrx_word' id='word_1_643' title='bbox 3264 3449 3648 3517; x_wconf 80' lang='grc' dir='ltr'>ὑφισταμένων</span> 
     </span>
    </p>
   </div>
   <div class='ocr_carea' id='block_1_94' title="bbox 2072 3531 3650 3611">
    <p class='ocr_par' dir='ltr' id='par_1_94' title="bbox 2072 3531 3650 3611">
     <span class='ocr_line' id='line_1_94' title="bbox 2072 3531 3650 3611; baseline 0.009 -30"><span class='ocrx_word' id='word_1_644' title='bbox 2072 3531 2452 3611; x_wconf 66' lang='grc' dir='ltr'>ταλαιπωρίαν</span> <span class='ocrx_word' id='word_1_645' title='bbox 2525 3535 2620 3588; x_wconf 78' lang='grc' dir='ltr'>καὶ</span> <span class='ocrx_word' id='word_1_646' title='bbox 2694 3538 3069 3592; x_wconf 89' lang='grc' dir='ltr'>κακοπάθειαν</span> <span class='ocrx_word' id='word_1_647' title='bbox 3145 3541 3238 3593; x_wconf 78' lang='grc' dir='ltr'>καὶ</span> <span class='ocrx_word' id='word_1_648' title='bbox 3293 3541 3392 3611; x_wconf 84' lang='grc' dir='ltr'>τὴν</span> <span class='ocrx_word' id='word_1_649' title='bbox 3442 3543 3650 3595; x_wconf 86' lang='grc' dir='ltr'>ἐκείνου</span> 
     </span>
    </p>
   </div>
   <div class='ocr_carea' id='block_1_95' title="bbox 2072 3623 3651 3704">
    <p class='ocr_par' dir='ltr' id='par_1_95' title="bbox 2072 3623 3651 3704">
     <span class='ocr_line' id='line_1_95' title="bbox 2072 3623 3651 3704; baseline 0.008 -29"><span class='ocrx_word' id='word_1_650' title='bbox 2072 3623 2257 3692; x_wconf 74' lang='grc' dir='ltr'>ἄφιξιν</span> <span class='ocrx_word' id='word_1_651' title='bbox 2290 3627 2672 3694; x_wconf 82' lang='grc' dir='ltr'>ἀναμενόντων</span> <span class='ocrx_word' id='word_1_652' title='bbox 2724 3630 2821 3682; x_wconf 83' lang='grc' dir='ltr'>καὶ</span> <span class='ocrx_word' id='word_1_653' title='bbox 2876 3629 3317 3686; x_wconf 77' lang='grc' dir='ltr'>διασισασάντων</span> <span class='ocrx_word' id='word_1_654' title='bbox 3372 3635 3434 3687; x_wconf 90' lang='grc' dir='ltr'>οὑ</span> <span class='ocrx_word' id='word_1_655' title='bbox 3490 3637 3651 3704; x_wconf 89' lang='grc' dir='ltr'>μόνον</span> 
     </span>
    </p>
   </div>
   <div class='ocr_carea' id='block_1_96' title="bbox 2071 3715 3652 3798">
    <p class='ocr_par' dir='ltr' id='par_1_96' title="bbox 2071 3715 3652 3798">
     <span class='ocr_line' id='line_1_96' title="bbox 2071 3715 3652 3798; baseline 0.008 -32"><span class='ocrx_word' id='word_1_656' title='bbox 2071 3715 2171 3785; x_wconf 83' lang='grc' dir='ltr'>τήν</span> <span class='ocrx_word' id='word_1_657' title='bbox 2200 3717 2320 3768; x_wconf 88' lang='grc' dir='ltr'>τότε</span> <span class='ocrx_word' id='word_1_658' title='bbox 2347 3718 2440 3769; x_wconf 88' lang='grc' dir='ltr'>τοῦ</span> <span class='ocrx_word' id='word_1_659' title='bbox 2483 3720 2804 3788; x_wconf 85' lang='grc' dir='ltr'>μετοπώρου</span> <span class='ocrx_word' id='word_1_660' title='bbox 2855 3721 3024 3790; x_wconf 84' lang='grc' dir='ltr'>ὥραν,</span> <span class='ocrx_word' id='word_1_661' title='bbox 3075 3725 3212 3776; x_wconf 84' lang='grc' dir='ltr'>ἀλλά</span> <span class='ocrx_word' id='word_1_662' title='bbox 3251 3729 3347 3784; x_wconf 68' lang='grc' dir='ltr'>καὶ,</span> <span class='ocrx_word' id='word_1_663' title='bbox 3386 3727 3511 3798; x_wconf 8' lang='grc' dir='ltr'>’τὴν</span> <span class='ocrx_word' id='word_1_664' title='bbox 3558 3727 3652 3779; x_wconf 90' lang='grc' dir='ltr'>τοῦ</span> 
     </span>
    </p>
   </div>
   <div class='ocr_carea' id='block_1_97' title="bbox 2072 3809 3652 3887">
    <p class='ocr_par' dir='ltr' id='par_1_97' title="bbox 2072 3809 3652 3887">
     <span class='ocr_line' id='line_1_97' title="bbox 2072 3809 3652 3887; baseline 0.007 -29"><span class='ocrx_word' id='word_1_665' title='bbox 2072 3809 2370 3876; x_wconf 87' lang='grc' dir='ltr'>χειμῶνος,</span> <span class='ocrx_word' id='word_1_666' title='bbox 2409 3809 2508 3878; x_wconf 71' lang='grc' dir='ltr'>ήδη</span> <span class='ocrx_word' id='word_1_667' title='bbox 2538 3809 2593 3863; x_wconf 78' lang='grc' dir='ltr'>δὲ</span> <span class='ocrx_word' id='word_1_668' title='bbox 2628 3812 2723 3864; x_wconf 74' lang='grc' dir='ltr'>καὶ</span> <span class='ocrx_word' id='word_1_669' title='bbox 2755 3815 2985 3883; x_wconf 77' lang='grc' dir='ltr'>ταυτηνὶ</span> <span class='ocrx_word' id='word_1_670' title='bbox 3013 3816 3200 3886; x_wconf 76' lang='grc' dir='ltr'>σχεδὸν</span> <span class='ocrx_word' id='word_1_671' title='bbox 3248 3816 3347 3887; x_wconf 81' lang='grc' dir='ltr'>τὴν</span> <span class='ocrx_word' id='word_1_672' title='bbox 3409 3818 3502 3870; x_wconf 84' lang='grc' dir='ltr'>τοῦ</span> <span class='ocrx_word' id='word_1_673' title='bbox 3548 3820 3652 3870; x_wconf 82' lang='grc' dir='ltr'>ἐνι-</span> 
     </span>
    </p>
   </div>
   <div class='ocr_carea' id='block_1_98' title="bbox 2077 3901 3653 3976">
    <p class='ocr_par' dir='ltr' id='par_1_98' title="bbox 2077 3901 3653 3976">
     <span class='ocr_line' id='line_1_98' title="bbox 2077 3901 3653 3976; baseline 0.009 -25"><span class='ocrx_word' id='word_1_674' title='bbox 2077 3901 2344 3968; x_wconf 88' lang='grc' dir='ltr'>σταμένου</span> <span class='ocrx_word' id='word_1_675' title='bbox 2372 3901 2585 3971; x_wconf 83' lang='grc' dir='ltr'>θέρους.</span> <span class='ocrx_word' id='word_1_676' title='bbox 2633 3904 2844 3976; x_wconf 82' lang='grc' dir='ltr'>Προέση</span> <span class='ocrx_word' id='word_1_677' title='bbox 2890 3907 3076 3973; x_wconf 79' lang='grc' dir='ltr'>μέντοι</span> <span class='ocrx_word' id='word_1_678' title='bbox 3107 3912 3201 3962; x_wconf 77' lang='grc' dir='ltr'>καὶ</span> <span class='ocrx_word' id='word_1_679' title='bbox 3250 3905 3406 3973; x_wconf 82' lang='grc' dir='ltr'>αὖθις</span> <span class='ocrx_word' id='word_1_680' title='bbox 3448 3912 3653 3972; x_wconf 83' lang='grc' dir='ltr'>συνοδι-</span> 
     </span>
    </p>
   </div>
   <div class='ocr_carea' id='block_1_99' title="bbox 2075 3993 3653 4074">
    <p class='ocr_par' dir='ltr' id='par_1_99' title="bbox 2075 3993 3653 4074">
     <span class='ocr_line' id='line_1_99' title="bbox 2075 3993 3653 4074; baseline 0.009 -31"><span class='ocrx_word' id='word_1_681' title='bbox 2075 3993 2168 4043; x_wconf 78' lang='grc' dir='ltr'>κδν</span> <span class='ocrx_word' id='word_1_682' title='bbox 2199 3994 2462 4062; x_wconf 67' lang='grc' dir='ltr'>ψήφισμα</span> <span class='ocrx_word' id='word_1_683' title='bbox 2494 3994 2632 4061; x_wconf 78' lang='grc' dir='ltr'>πρδς</span> <span class='ocrx_word' id='word_1_684' title='bbox 2663 3997 2829 4050; x_wconf 76' lang='grc' dir='ltr'>αὑτὸν</span> <span class='ocrx_word' id='word_1_685' title='bbox 2883 3999 3164 4068; x_wconf 77' lang='grc' dir='ltr'>ἐμϐριθῶς</span> <span class='ocrx_word' id='word_1_686' title='bbox 3216 4003 3274 4054; x_wconf 86' lang='grc' dir='ltr'>ἐν</span> <span class='ocrx_word' id='word_1_687' title='bbox 3335 4004 3530 4074; x_wconf 73' lang='grc' dir='ltr'>ίσχυρᾷ</span> <span class='ocrx_word' id='word_1_688' title='bbox 3571 4003 3653 4073; x_wconf 84' lang='grc' dir='ltr'>βε-</span> 
     </span>
    </p>
   </div>
   <div class='ocr_carea' id='block_1_100' title="bbox 2077 4082 3654 4174">
    <p class='ocr_par' dir='ltr' id='par_1_100' title="bbox 2077 4082 3654 4174">
     <span class='ocr_line' id='line_1_100' title="bbox 2077 4082 3654 4174; baseline 0.008 -39"><span class='ocrx_word' id='word_1_689' title='bbox 2077 4082 2304 4138; x_wconf 85' lang='grc' dir='ltr'>δαιώσει</span> <span class='ocrx_word' id='word_1_690' title='bbox 2360 4088 2847 4155; x_wconf 85' lang='grc' dir='ltr'>ἐπιφωνούμενον,</span> <span class='ocrx_word' id='word_1_691' title='bbox 2915 4092 3032 4156; x_wconf 83' lang='grc' dir='ltr'>ὡς,</span> <span class='ocrx_word' id='word_1_692' title='bbox 3095 4093 3257 4163; x_wconf 86' lang='grc' dir='ltr'>εῐπερ</span> <span class='ocrx_word' id='word_1_693' title='bbox 3319 4097 3416 4148; x_wconf 79' lang='grc' dir='ltr'>καὶ</span> <span class='ocrx_word' id='word_1_694' title='bbox 3468 4097 3654 4174; x_wconf 72' lang='grc' dir='ltr'>πάλιν,</span> 
     </span>
    </p>
   </div>
   <div class='ocr_carea' id='block_1_101' title="bbox 2076 4178 3657 4258">
    <p class='ocr_par' dir='ltr' id='par_1_101' title="bbox 2076 4178 3657 4258">
     <span class='ocr_line' id='line_1_101' title="bbox 2076 4178 3657 4258; baseline 0.009 -33"><span class='ocrx_word' id='word_1_695' title='bbox 2076 4179 2556 4246; x_wconf 76' lang='grc' dir='ltr'>περιφρονητικῶς</span> <span class='ocrx_word' id='word_1_696' title='bbox 2583 4178 2874 4245; x_wconf 78' lang='grc' dir='ltr'>διατεθεὶς,</span> <span class='ocrx_word' id='word_1_697' title='bbox 2907 4183 3004 4236; x_wconf 89' lang='grc' dir='ltr'>οὑκ</span> <span class='ocrx_word' id='word_1_698' title='bbox 3039 4185 3349 4254; x_wconf 82' lang='grc' dir='ltr'>ἀπαντήσει</span> <span class='ocrx_word' id='word_1_699' title='bbox 3377 4187 3527 4249; x_wconf 78' lang='grc' dir='ltr'>ἐντὸς</span> <span class='ocrx_word' id='word_1_700' title='bbox 3558 4189 3657 4258; x_wconf 78' lang='grc' dir='ltr'>τῆς</span> 
     </span>
    </p>
   </div>
   <div class='ocr_carea' id='block_1_102' title="bbox 2075 4267 3655 4346">
    <p class='ocr_par' dir='ltr' id='par_1_102' title="bbox 2075 4267 3655 4346">
     <span class='ocr_line' id='line_1_102' title="bbox 2075 4267 3655 4346; baseline 0.01 -28"><span class='ocrx_word' id='word_1_701' title='bbox 2075 4267 2478 4340; x_wconf 84' lang='grc' dir='ltr'>ἀποταχθείσης</span> <span class='ocrx_word' id='word_1_702' title='bbox 2504 4271 2724 4340; x_wconf 87' lang='grc' dir='ltr'>διωρίας</span> <span class='ocrx_word' id='word_1_703' title='bbox 2759 4275 2903 4327; x_wconf 87' lang='grc' dir='ltr'>κατά</span> <span class='ocrx_word' id='word_1_704' title='bbox 2965 4275 3166 4345; x_wconf 66' lang='grc' dir='ltr'>πολλὴν</span> <span class='ocrx_word' id='word_1_705' title='bbox 3221 4280 3655 4346; x_wconf 74' lang='grc' dir='ltr'>συγκατάδισιν,</span> 
     </span>
    </p>
   </div>
   <div class='ocr_carea' id='block_1_103' title="bbox 2079 4361 3657 4442">
    <p class='ocr_par' dir='ltr' id='par_1_103' title="bbox 2079 4361 3657 4442">
     <span class='ocr_line' id='line_1_103' title="bbox 2079 4361 3657 4442; baseline 0.01 -31"><span class='ocrx_word' id='word_1_706' title='bbox 2079 4361 2258 4430; x_wconf 73' lang='grc' dir='ltr'>ἡγουν.</span> <span class='ocrx_word' id='word_1_707' title='bbox 2279 4361 2373 4412; x_wconf 84' lang='lat'>106</span> <span class='ocrx_word' id='word_1_708' title='bbox 2406 4362 2772 4430; x_wconf 86' lang='grc' dir='ltr'>παρελθόντος</span> <span class='ocrx_word' id='word_1_709' title='bbox 2845 4367 3181 4435; x_wconf 83' lang='grc' dir='ltr'>Ἀπριλλίου,</span> <span class='ocrx_word' id='word_1_710' title='bbox 3221 4371 3296 4432; x_wconf 87' lang='grc' dir='ltr'>ὼς</span> <span class='ocrx_word' id='word_1_711' title='bbox 3338 4372 3657 4442; x_wconf 86' lang='grc' dir='ltr'>δεδήλωται,</span> 
     </span>
    </p>
   </div>
   <div class='ocr_carea' id='block_1_104' title="bbox 2075 4452 3658 4535">
    <p class='ocr_par' dir='ltr' id='par_1_104' title="bbox 2075 4452 3658 4535">
     <span class='ocr_line' id='line_1_104' title="bbox 2075 4452 3658 4535; baseline 0.01 -31"><span class='ocrx_word' id='word_1_712' title='bbox 2075 4452 2150 4514; x_wconf 84' lang='grc' dir='ltr'>ῶς</span> <span class='ocrx_word' id='word_1_713' title='bbox 2183 4456 2538 4524; x_wconf 82' lang='grc' dir='ltr'>καταφρονῶν</span> <span class='ocrx_word' id='word_1_714' title='bbox 2570 4456 2670 4524; x_wconf 69' lang='grc' dir='ltr'>μὲν</span> <span class='ocrx_word' id='word_1_715' title='bbox 2701 4459 2796 4511; x_wconf 72' lang='grc' dir='ltr'>καὶ</span> <span class='ocrx_word' id='word_1_716' title='bbox 2839 4461 2937 4529; x_wconf 81' lang='grc' dir='ltr'>τῆς</span> <span class='ocrx_word' id='word_1_717' title='bbox 2977 4463 3088 4514; x_wconf 90' lang='grc' dir='ltr'>τῶν</span> <span class='ocrx_word' id='word_1_718' title='bbox 3135 4464 3294 4516; x_wconf 83' lang='grc' dir='ltr'>θείων</span> <span class='ocrx_word' id='word_1_719' title='bbox 3348 4470 3443 4521; x_wconf 75' lang='grc' dir='ltr'>καὶ</span> <span class='ocrx_word' id='word_1_720' title='bbox 3496 4468 3658 4535; x_wconf 78' lang='grc' dir='ltr'>ιερῶν</span> 
     </span>
    </p>
   </div>
   <div class='ocr_carea' id='block_1_105' title="bbox 2077 4544 3659 4619">
    <p class='ocr_par' dir='ltr' id='par_1_105' title="bbox 2077 4544 3659 4619">
     <span class='ocr_line' id='line_1_105' title="bbox 2077 4544 3659 4619; baseline 0.011 -24"><span class='ocrx_word' id='word_1_721' title='bbox 2077 4544 2319 4597; x_wconf 83' lang='grc' dir='ltr'>κανόνων</span> <span class='ocrx_word' id='word_1_722' title='bbox 2349 4547 2808 4615; x_wconf 78' lang='grc' dir='ltr'>παρακελεύσεως</span> <span class='ocrx_word' id='word_1_723' title='bbox 2852 4567 2912 4603; x_wconf 88' lang='grc' dir='ltr'>τε</span> <span class='ocrx_word' id='word_1_724' title='bbox 2941 4554 3034 4605; x_wconf 78' lang='grc' dir='ltr'>καὶ</span> <span class='ocrx_word' id='word_1_725' title='bbox 3096 4553 3411 4619; x_wconf 80' lang='grc' dir='ltr'>διατάξεως,</span> <span class='ocrx_word' id='word_1_726' title='bbox 3449 4554 3659 4613; x_wconf 81' lang='grc' dir='ltr'>ἀθετῶν</span> 
     </span>
    </p>
   </div>
   <div class='ocr_carea' id='block_1_106' title="bbox 2077 4636 3658 4716">
    <p class='ocr_par' dir='ltr' id='par_1_106' title="bbox 2077 4636 3658 4716">
     <span class='ocr_line' id='line_1_106' title="bbox 2077 4636 3658 4716; baseline 0.009 -27"><span class='ocrx_word' id='word_1_727' title='bbox 2077 4636 2132 4689; x_wconf 80' lang='grc' dir='ltr'>δὲ</span> <span class='ocrx_word' id='word_1_728' title='bbox 2156 4639 2249 4689; x_wconf 72' lang='grc' dir='ltr'>καὶ</span> <span class='ocrx_word' id='word_1_729' title='bbox 2273 4637 2368 4708; x_wconf 79' lang='grc' dir='ltr'>τὴν</span> <span class='ocrx_word' id='word_1_730' title='bbox 2402 4640 2536 4709; x_wconf 81' lang='grc' dir='ltr'>πρὸς</span> <span class='ocrx_word' id='word_1_731' title='bbox 2576 4642 2674 4709; x_wconf 76' lang='grc' dir='ltr'>τὴν</span> <span class='ocrx_word' id='word_1_732' title='bbox 2710 4641 2926 4694; x_wconf 79' lang='grc' dir='ltr'>σύνοδον</span> <span class='ocrx_word' id='word_1_733' title='bbox 2983 4645 3120 4697; x_wconf 85' lang='grc' dir='ltr'>ίδίαν</span> <span class='ocrx_word' id='word_1_734' title='bbox 3151 4647 3448 4716; x_wconf 76' lang='grc' dir='ltr'>ὑπόσχεσιν</span> <span class='ocrx_word' id='word_1_735' title='bbox 3490 4651 3658 4703; x_wconf 84' lang='grc' dir='ltr'>αὑτοῦ</span> 
     </span>
    </p>
   </div>
   <div class='ocr_carea' id='block_1_107' title="bbox 2077 4730 3660 4808">
    <p class='ocr_par' dir='ltr' id='par_1_107' title="bbox 2077 4730 3660 4808">
     <span class='ocr_line' id='line_1_107' title="bbox 2077 4730 3660 4808; baseline 0.01 -28"><span class='ocrx_word' id='word_1_736' title='bbox 2077 4730 2546 4799; x_wconf 84' lang='grc' dir='ltr'>ὁμολογουμένως,</span> <span class='ocrx_word' id='word_1_737' title='bbox 2613 4732 2937 4804; x_wconf 88' lang='grc' dir='ltr'>καθαιρέσει</span> <span class='ocrx_word' id='word_1_738' title='bbox 3002 4738 3444 4808; x_wconf 77' lang='grc' dir='ltr'>ὑποδληθήσεται</span> <span class='ocrx_word' id='word_1_739' title='bbox 3498 4743 3660 4795; x_wconf 74' lang='grc' dir='ltr'>ἕνεκα</span> 
     </span>
    </p>
   </div>
   <div class='ocr_carea' id='block_1_108' title="bbox 2079 4817 3661 4905">
    <p class='ocr_par' dir='ltr' id='par_1_108' title="bbox 2079 4817 3661 4905">
     <span class='ocr_line' id='line_1_108' title="bbox 2079 4817 3661 4905; baseline 0.009 -30"><span class='ocrx_word' id='word_1_740' title='bbox 2079 4825 2187 4875; x_wconf 83' lang='grc' dir='ltr'>τῶν</span> <span class='ocrx_word' id='word_1_741' title='bbox 2211 4824 2681 4894; x_wconf 77' lang='grc' dir='ltr'>ἀποδεδειγμένων</span> <span class='ocrx_word' id='word_1_742' title='bbox 2699 4817 2834 4879; x_wconf 84' lang='grc' dir='ltr'>’κατ’</span> <span class='ocrx_word' id='word_1_743' title='bbox 2861 4828 3028 4881; x_wconf 87' lang='grc' dir='ltr'>αὑτοῦ</span> <span class='ocrx_word' id='word_1_744' title='bbox 3080 4832 3342 4884; x_wconf 82' lang='grc' dir='ltr'>τοιούτων</span> <span class='ocrx_word' id='word_1_745' title='bbox 3379 4834 3661 4905; x_wconf 84' lang='grc' dir='ltr'>ἐγκλημά-</span> 
     </span>
    </p>
   </div>
   <div class='ocr_carea' id='block_1_109' title="bbox 2080 4907 3661 4990">
    <p class='ocr_par' dir='ltr' id='par_1_109' title="bbox 2080 4907 3661 4990">
     <span class='ocr_line' id='line_1_109' title="bbox 2080 4907 3661 4990; baseline 0.009 -26"><span class='ocrx_word' id='word_1_746' title='bbox 2080 4931 2210 4975; x_wconf 86' lang='grc' dir='ltr'>των,</span> <span class='ocrx_word' id='word_1_747' title='bbox 2239 4912 2320 4966; x_wconf 58' lang='grc' dir='ltr'>δι*</span> <span class='ocrx_word' id='word_1_748' title='bbox 2336 4907 2412 4966; x_wconf 81' lang='grc' dir='ltr'>ὧν</span> <span class='ocrx_word' id='word_1_749' title='bbox 2440 4918 2552 4978; x_wconf 76' lang='grc' dir='ltr'>τοῖς</span> <span class='ocrx_word' id='word_1_750' title='bbox 2580 4919 2802 4968; x_wconf 85' lang='grc' dir='ltr'>κανόσιν</span> <span class='ocrx_word' id='word_1_751' title='bbox 2844 4919 3015 4988; x_wconf 84' lang='grc' dir='ltr'>ἐφάνη</span> <span class='ocrx_word' id='word_1_752' title='bbox 3071 4925 3537 4990; x_wconf 76' lang='grc' dir='ltr'>προσκεκρουκὼς</span> <span class='ocrx_word' id='word_1_753' title='bbox 3567 4929 3661 4978; x_wconf 81' lang='grc' dir='ltr'>καὶ</span> 
     </span>
    </p>
   </div>
   <div class='ocr_carea' id='block_1_110' title="bbox 2081 5008 3661 5088">
    <p class='ocr_par' dir='ltr' id='par_1_110' title="bbox 2081 5008 3661 5088">
     <span class='ocr_line' id='line_1_110' title="bbox 2081 5008 3661 5088; baseline 0.008 -31"><span class='ocrx_word' id='word_1_754' title='bbox 2081 5008 2516 5079; x_wconf 81' lang='grc' dir='ltr'>ἐμπαροινήσας.</span> <span class='ocrx_word' id='word_1_755' title='bbox 2556 5008 2793 5074; x_wconf 82' lang='grc' dir='ltr'>Ἐκεῖνος</span> <span class='ocrx_word' id='word_1_756' title='bbox 2827 5013 3009 5080; x_wconf 84' lang='grc' dir='ltr'>μέντοι</span> <span class='ocrx_word' id='word_1_757' title='bbox 3079 5030 3143 5080; x_wconf 88' lang='grc' dir='ltr'>γε</span> <span class='ocrx_word' id='word_1_758' title='bbox 3195 5017 3292 5067; x_wconf 78' lang='grc' dir='ltr'>καὶ</span> <span class='ocrx_word' id='word_1_759' title='bbox 3361 5017 3661 5088; x_wconf 77' lang='grc' dir='ltr'>διαρρήδην</span> 
     </span>
    </p>
   </div>
   <div class='ocr_carea' id='block_1_111' title="bbox 2081 5096 3663 5181">
    <p class='ocr_par' dir='ltr' id='par_1_111' title="bbox 2081 5096 3663 5181">
     <span class='ocr_line' id='line_1_111' title="bbox 2081 5096 3663 5181; baseline 0.008 -33"><span class='ocrx_word' id='word_1_760' title='bbox 2081 5096 2508 5166; x_wconf 75' lang='grc' dir='ltr'>διωμολόγησεν,</span> <span class='ocrx_word' id='word_1_761' title='bbox 2567 5100 2648 5152; x_wconf 86' lang='grc' dir='ltr'>ἐτι</span> <span class='ocrx_word' id='word_1_762' title='bbox 2701 5099 2982 5172; x_wconf 85' lang='grc' dir='ltr'>ἐπιδημῶν</span> <span class='ocrx_word' id='word_1_763' title='bbox 3029 5106 3285 5168; x_wconf 85' lang='grc' dir='ltr'>ἐνταῦθα,</span> <span class='ocrx_word' id='word_1_764' title='bbox 3339 5109 3663 5181; x_wconf 72' lang='grc' dir='ltr'>ὑπεραλγῶν</span> 
     </span>
    </p>
   </div>
   <div class='ocr_carea' id='block_1_112' title="bbox 2081 5187 3662 5269">
    <p class='ocr_par' dir='ltr' id='par_1_112' title="bbox 2081 5187 3662 5269">
     <span class='ocr_line' id='line_1_112' title="bbox 2081 5187 3662 5269; baseline 0.012 -31"><span class='ocrx_word' id='word_1_765' title='bbox 2081 5187 2242 5256; x_wconf 78' lang='grc' dir='ltr'>δῆθεν</span> <span class='ocrx_word' id='word_1_766' title='bbox 2273 5191 2364 5242; x_wconf 70' lang='grc' dir='ltr'>ἐπὶ</span> <span class='ocrx_word' id='word_1_767' title='bbox 2403 5194 2468 5260; x_wconf 73' lang='grc' dir='ltr'>τῇ</span> <span class='ocrx_word' id='word_1_768' title='bbox 2538 5191 2745 5262; x_wconf 75' lang='grc' dir='ltr'>ψυχικῇ</span> <span class='ocrx_word' id='word_1_769' title='bbox 2805 5196 3054 5268; x_wconf 78' lang='grc' dir='ltr'>ἀπωλείᾳ</span> <span class='ocrx_word' id='word_1_770' title='bbox 3103 5198 3197 5250; x_wconf 91' lang='grc' dir='ltr'>τοῦ</span> <span class='ocrx_word' id='word_1_771' title='bbox 3256 5199 3509 5269; x_wconf 82' lang='grc' dir='ltr'>ἀδελφοῦ,</span> <span class='ocrx_word' id='word_1_772' title='bbox 3563 5203 3662 5268; x_wconf 83' lang='grc' dir='ltr'>ὡς,</span> 
     </span>
    </p>
   </div>
   <div class='ocr_carea' id='block_1_113' title="bbox 2083 5282 3664 5363">
    <p class='ocr_par' dir='ltr' id='par_1_113' title="bbox 2083 5282 3664 5363">
     <span class='ocr_line' id='line_1_113' title="bbox 2083 5282 3664 5363; baseline 0.01 -32"><span class='ocrx_word' id='word_1_773' title='bbox 2083 5282 2242 5350; x_wconf 77' lang='grc' dir='ltr'>εἰπερ</span> <span class='ocrx_word' id='word_1_774' title='bbox 2276 5283 2534 5337; x_wconf 81' lang='grc' dir='ltr'>ἀπεδίδου</span> <span class='ocrx_word' id='word_1_775' title='bbox 2569 5288 2667 5355; x_wconf 79' lang='grc' dir='ltr'>τὴν</span> <span class='ocrx_word' id='word_1_776' title='bbox 2698 5289 3144 5359; x_wconf 76' lang='grc' dir='ltr'>καταϐληθείσαν</span> <span class='ocrx_word' id='word_1_777' title='bbox 3174 5295 3328 5363; x_wconf 86' lang='grc' dir='ltr'>παρά</span> <span class='ocrx_word' id='word_1_778' title='bbox 3358 5295 3522 5347; x_wconf 87' lang='grc' dir='ltr'>τῶνδε</span> <span class='ocrx_word' id='word_1_779' title='bbox 3555 5298 3664 5348; x_wconf 74' lang='grc' dir='ltr'>τιῖιν</span> 
     </span>
    </p>
   </div>
   <div class='ocr_carea' id='block_1_114' title="bbox 2085 5371 3660 5460">
    <p class='ocr_par' dir='ltr' id='par_1_114' title="bbox 2085 5371 3660 5460">
     <span class='ocr_line' id='line_1_114' title="bbox 2085 5371 3660 5460; baseline 0.01 -36"><span class='ocrx_word' id='word_1_780' title='bbox 2085 5374 2277 5443; x_wconf 75' lang='grc' dir='ltr'>ἱερέων</span> <span class='ocrx_word' id='word_1_781' title='bbox 2311 5371 2509 5460; x_wconf 70' lang='grc' dir='ltr'>ἔξοδον,</span> <span class='ocrx_word' id='word_1_782' title='bbox 2543 5381 2888 5435; x_wconf 87' lang='grc' dir='ltr'>ἀπελθόντων</span> <span class='ocrx_word' id='word_1_783' title='bbox 2916 5383 2975 5447; x_wconf 82' lang='grc' dir='ltr'>ἐξ</span> <span class='ocrx_word' id='word_1_784' title='bbox 3008 5385 3189 5448; x_wconf 87' lang='grc' dir='ltr'>αἰτίας</span> <span class='ocrx_word' id='word_1_785' title='bbox 3233 5386 3398 5444; x_wconf 85' lang='lat'><strong>06106</strong></span> <span class='ocrx_word' id='word_1_786' title='bbox 3426 5389 3504 5449; x_wconf 87' lang='grc' dir='ltr'>είς</span> <span class='ocrx_word' id='word_1_787' title='bbox 3567 5390 3660 5460; x_wconf 73' lang='lat' dir='ltr'><strong>16v</strong></span> 
     </span>
    </p>
   </div>
   <div class='ocr_carea' id='block_1_115' title="bbox 2087 5457 3668 5547">
    <p class='ocr_par' dir='ltr' id='par_1_115' title="bbox 2087 5457 3668 5547">
     <span class='ocr_line' id='line_1_115' title="bbox 2087 5457 3668 5547; baseline 0.01 -29"><span class='ocrx_word' id='word_1_788' title='bbox 2087 5464 2291 5537; x_wconf 82' lang='grc' dir='ltr'>Χάνην,</span> <span class='ocrx_word' id='word_1_789' title='bbox 2345 5457 2598 5540; x_wconf 77' lang='grc' dir='ltr'>καθάπερ</span> <span class='ocrx_word' id='word_1_790' title='bbox 2623 5474 2836 5543; x_wconf 82' lang='grc' dir='ltr'>εῐρηται</span> <span class='ocrx_word' id='word_1_791' title='bbox 2866 5475 3149 5547; x_wconf 81' lang='grc' dir='ltr'>ἀνωτέρω,</span> <span class='ocrx_word' id='word_1_792' title='bbox 3182 5479 3477 5532; x_wconf 80' lang='grc' dir='ltr'>κάντεῦθεν</span> <span class='ocrx_word' id='word_1_793' title='bbox 3508 5457 3668 5534; x_wconf 65' lang='grc' dir='ltr'>κάπὶ-</span> 
     </span>
    </p>
   </div>
   <div class='ocr_carea' id='block_1_116' title="bbox 2086 5561 3670 5638">
    <p class='ocr_par' dir='ltr' id='par_1_116' title="bbox 2086 5561 3670 5638">
     <span class='ocr_line' id='line_1_116' title="bbox 2086 5561 3670 5638; baseline 0.01 -27"><span class='ocrx_word' id='word_1_794' title='bbox 2086 5561 2322 5613; x_wconf 88' lang='grc' dir='ltr'>παύοντο</span> <span class='ocrx_word' id='word_1_795' title='bbox 2350 5562 2443 5613; x_wconf 76' lang='grc' dir='ltr'>καὶ</span> <span class='ocrx_word' id='word_1_796' title='bbox 2473 5565 2546 5615; x_wconf 70' lang='grc' dir='ltr'>τά</span> <span class='ocrx_word' id='word_1_797' title='bbox 2567 5566 2868 5634; x_wconf 87' lang='grc' dir='ltr'>ἐπιφυέντα</span> <span class='ocrx_word' id='word_1_798' title='bbox 2897 5569 3195 5638; x_wconf 85' lang='grc' dir='ltr'>σκάνδαλα,</span> <span class='ocrx_word' id='word_1_799' title='bbox 3230 5573 3330 5624; x_wconf 74' lang='grc' dir='ltr'>οὐκ</span> <span class='ocrx_word' id='word_1_800' title='bbox 3355 5572 3425 5626; x_wconf 75' lang='grc' dir='ltr'>ἀν</span> <span class='ocrx_word' id='word_1_801' title='bbox 3453 5573 3480 5624; x_wconf 86' lang='lat'>6</span> <span class='ocrx_word' id='word_1_802' title='bbox 3519 5573 3670 5627; x_wconf 79' lang='grc' dir='ltr'>ἀδελ-</span> 
     </span>
    </p>
   </div>
   <div class='ocr_carea' id='block_1_117' title="bbox 2088 5655 3666 5735">
    <p class='ocr_par' dir='ltr' id='par_1_117' title="bbox 2088 5655 3666 5735">
     <span class='ocr_line' id='line_1_117' title="bbox 2088 5655 3666 5735; baseline 0.011 -30"><span class='ocrx_word' id='word_1_803' title='bbox 2088 5655 2298 5722; x_wconf 77' lang='grc' dir='ltr'>φὸς,ὼ;</span> <span class='ocrx_word' id='word_1_804' title='bbox 2337 5658 2413 5725; x_wconf 80' lang='grc' dir='ltr'>μή</span> <span class='ocrx_word' id='word_1_805' title='bbox 2439 5655 2739 5730; x_wconf 80' lang='grc' dir='ltr'>ὢφελε,τῷ</span> <span class='ocrx_word' id='word_1_806' title='bbox 2773 5663 3273 5734; x_wconf 77' lang='grc' dir='ltr'>μουσουλμανισμῷ</span> <span class='ocrx_word' id='word_1_807' title='bbox 3306 5671 3666 5735; x_wconf 71' lang='grc' dir='ltr'>περιέπιπτε.</span> 
     </span>
    </p>
   </div>
   <div class='ocr_carea' id='block_1_118' title="bbox 2087 5748 3673 5832">
    <p class='ocr_par' dir='ltr' id='par_1_118' title="bbox 2087 5748 3673 5832">
     <span class='ocr_line' id='line_1_118' title="bbox 2087 5748 3673 5832; baseline 0.008 -30"><span class='ocrx_word' id='word_1_808' title='bbox 2087 5748 2526 5820; x_wconf 84' lang='grc' dir='ltr'>Μεμαρτύρηται</span> <span class='ocrx_word' id='word_1_809' title='bbox 2546 5751 2601 5804; x_wconf 83' lang='grc' dir='ltr'>δέ</span> <span class='ocrx_word' id='word_1_810' title='bbox 2620 5754 2890 5823; x_wconf 79' lang='grc' dir='ltr'>ἁριδήλως</span> <span class='ocrx_word' id='word_1_811' title='bbox 2907 5757 2975 5808; x_wconf 85' lang='grc' dir='ltr'>τὰ</span> <span class='ocrx_word' id='word_1_812' title='bbox 2999 5755 3130 5828; x_wconf 76' lang='grc' dir='ltr'>περὶ</span> <span class='ocrx_word' id='word_1_813' title='bbox 3156 5758 3347 5812; x_wconf 88' lang='grc' dir='ltr'>τούτου</span> <span class='ocrx_word' id='word_1_814' title='bbox 3393 5761 3486 5814; x_wconf 82' lang='grc' dir='ltr'>καὶ</span> <span class='ocrx_word' id='word_1_815' title='bbox 3518 5762 3673 5832; x_wconf 79' lang='grc' dir='ltr'>παρά</span> 
     </span>
    </p>
   </div>
   <div class='ocr_carea' id='block_1_119' title="bbox 2087 5843 3671 5925">
    <p class='ocr_par' dir='ltr' id='par_1_119' title="bbox 2087 5843 3671 5925">
     <span class='ocr_line' id='line_1_119' title="bbox 2087 5843 3671 5925; baseline 0.008 -29"><span class='ocrx_word' id='word_1_816' title='bbox 2087 5843 2196 5897; x_wconf 92' lang='grc' dir='ltr'>τῶν</span> <span class='ocrx_word' id='word_1_817' title='bbox 2251 5845 2556 5912; x_wconf 84' lang='grc' dir='ltr'>ίερωτάτων</span> <span class='ocrx_word' id='word_1_818' title='bbox 2609 5849 2913 5920; x_wconf 81' lang='grc' dir='ltr'>ἀρχιερέων</span> <span class='ocrx_word' id='word_1_819' title='bbox 2964 5853 3075 5905; x_wconf 75' lang='grc' dir='ltr'>καὶ·</span> <span class='ocrx_word' id='word_1_820' title='bbox 3113 5853 3456 5925; x_wconf 86' lang='grc' dir='ltr'>ὑπερτίμων,</span> <span class='ocrx_word' id='word_1_821' title='bbox 3489 5854 3581 5909; x_wconf 85' lang='grc' dir='ltr'>τοῦ</span> <span class='ocrx_word' id='word_1_822' title='bbox 3607 5870 3671 5910; x_wconf 85' lang='grc' dir='ltr'>τε</span> 
     </span>
    </p>
   </div>
  </div>
