4430 6454
859 397 989 464 1351

1919 396 2324 459 ΞΥΝΟῡιΟΛζ·
2353 398 3032 474 οοΝεΤιτυτιοΝιιε.

3941 385 4076 463 1-352
4151 419 4154 421 -

851 502 1300 575 Χριστουπὸλεως
1330 506 1422 558 καὶ
1447 505 1540 557 τοῦ
1567 503 1897 573 Κελτζηνῆς,
1933 508 2013 558 ὅτι
2040 507 2254 572 ἀληθῶς
2283 504 2418 557 lvd»-
2445 517 2490 572 Α
2521 507 2689 559 τονῶν
2713 509 2744 577 ἢ
2783 509 2876 561 καὶ
2900 507 3088 576 ἔτερόν
3118 523 3172 559 τι
3201 505 3353 576 παρά
3373 506 3434 558 τὺ
3468 506 3706 576 καθῆκον
3750 509 3916 561 ποιῶν
3939 513 4075 576 ἀγα-

853 608 979 647 πιον
1015 594 1192 646 αὑτῶν
1221 594 1526 660 γενομένων
1553 593 1835 659 αὑτηκόων
1865 595 2078 658 ἐξεῖπεν
2103 593 2258 655 οὗτος
2283 595 2416 645 αὑτὸ

849 687 944 738 καὶ
997 683 1359 751 ἀνεκάλυψεν,
1417 684 1627 736 οἴκοθεν
1668 685 2018 752 ὡρμημένος.
2065 685 2139 744 ὡς
2194 686 2286 736 ἐπὶ
2338 684 2416 751 τῷ

848 775 1066 844 ἀδελφῷ
1087 775 1406 842 ἀνιώμενος,
1440 777 1488 826 εί
1523 777 1616 829 καὶ
1649 776 1808 828 τοῦτο
1838 776 2034 844 σκῆψις
2070 775 2296 842 ὕστερον
2322 777 2416 827 καὶ

853 868 1059 936 ματαία
1107 868 1382 935 πρόφασις
1410 867 1812 934 ἀπελήλεγκται
1838 884 1854 898 ο
1884 868 1944 920 ού
1990 867 2098 934 μὴν
2143 867 2277 919 ἀλλὰ
2321 867 2416 917 καὶ

849 960 986 1026 πρὸς
1011 959 1208 1018 αὑτοὺς
1227 959 1353 1018 τοῦς
1383 957 1706 1023 ἱερωτάτους
1726 959 2022 1025 ἀρχιερεῖς,
2039 957 2128 1008 τὸν
2153 957 2417 1023 Χριστου-

850 1050 1078 1110 πόλεως,
1117 1048 1209 1098 τὸν
1239 1047 1554 1114 Κελτζηνῆς
1582 1050 1672 1098 καὶ
1701 1048 1792 1098 τὸν
1822 1047 2096 1113 Σμύρνης,
2126 1046 2204 1097 ἐτι
2235 1062 2292 1096 τε
2322 1046 2416 1096 καὶ⁸

846 1140 982 1205 πρός
1018 1155 1172 1198 τινας
1212 1140 1318 1189 τῶν
1345 1139 1693 1205 τιμιωτάτων
1725 1136 2198 1206 ἐκκλησιαστικῶν
2227 1136 2415 1204 ἀρχόν-

843 1246 952 1279 των
985 1227 1153 1291 ἔδειξε
1187 1228 1281 1280 καὶ
1309 1221 1460 1278 εἷπεν
1482 1229 1681 1291 ὁμοίως
1705 1228 1932 1287 ἐκεῖνος,
1963 1225 2174 1292 μέλλων
2203 1225 2412 1290 ἀποδη-

847 1321 968 1387 μεῖν
1001 1320 1108 1370 ἀπὸ
1133 1318 1243 1370 τῶν
1267 1316 1524 1379 ἐνταῦθα,
1553 1318 1635 1368 ὅτι
1670 1318 1811 1367 κατά
1838 1317 2110 1382 πρόφασιν
2147 1314 2414 1378 κατεψευ-

846 1409 1051 1476 σμένην
1075 1408 1289 1469 ἐξέθετο
1332 1408 1432 1474 τὴν
1468 1407 1750 1472 προῦᾶσαν
1798 1407 2073 1472 ἔγγραφον
2121 1402 2414 1469 ὑπόσχεσιν

847 1498 978 1564 παρ’
1008 1496 1175 1549 αὑτοῦ
1199 1511 1210 1524 ·
1262 1496 1322 1546 τὸ
1365 1495 1420 1546 δέ
1463 1495 1731 1561 σκόπιμον
1763 1490 1830 1563 ῆν
1859 1493 2050 1558 ἐκείνῳ
2086 1489 2410 1559 ὁλοσχερῶς,

843 1588 919 1646 ὡς
943 1590 1100 1656 εἰπερ
1132 1588 1292 1655 μόνον
1320 1586 1546 1653 ἰσχύσας
1573 1583 1796 1647 ἐξέλθοι,
1825 1583 1923 1634 οὑκ
1945 1581 2013 1634 ἀν
2039 1581 2258 1632 πώποτε
2287 1581 2414 1630 ὑποο

844 1676 1149 1744 στρέψειεν,
1184 1675 1306 1726 ὅσον
1335 1674 1395 1726 τὸ
1430 1672 1518 1724 ἐπ’
1548 1671 1715 1738 αύτῷ.
1752 1669 1941 1731 Οὕτως
1998 1667 2091 1720 οῦν
2140 1668 2201 1718 οὑ
2253 1665 2413 1734 μόνον

839 1767 1098 1823 καθάπαξ
1141 1763 1517 1830 κατεφρόνησε
1546 1763 1642 1826 τῆς
1673 1761 1778 1812 τῶν
1805 1758 1967 1812 θείων
1997 1759 2092 1814 καὶ
2122 1756 2284 1825 ἱερῶν
2314 1771 2414 1805 κα-

838 1863 1006 1910 νόνων
1029 1855 1484 1926 παρατηρήσεως,
1537 1853 1672 1904 ἀλλὰ
1718 1851 1812 1902 καὶ
1863 1848 2044 1909 αὐτῶν
2072 1847 2180 1904 τῶν
2210 1847 2412 1913 ἐγγρά-

839 1968 952 2019 φω.
987 1947 1403 2014 ὑπεσχημένων,
1433 1945 1580 2012 ἔργῳ
1611 1942 1784 2010 δήπου
1811 1941 2056 2008 πληρῶν,
2087 1939 2229 2006 ἀπερ
2256 1937 2408 2003 ἔλεγε

839 2044 1129 2112 πρότερον,
1167 2039 1301 2091 ἀλλά
1359 2038 1453 2090 καὶ
1483 2039 1547 2087 ἐκ
1581 2034 1884 2102 κακοήθους
1930 2033 2109 2103 ψυχῆς
2142 2031 2236 2083 καὶ
2266 2031 2403 2095 γνιίι⁸

841 2152 947 2205 μης
980 2134 1241 2203 θρασείας
1274 2128 1660 2195 κατολιγωρῶν
1711 2127 1975 2193 ἄντικρυς
2014 2125 2104 2174 καὶ
2138 2119 2411 2175 καταπαί-

836 2229 947 2291 ζων
989 2227 1080 2277 καὶ
1134 2223 1264 2293 παρ’
1293 2222 1444 2274 οὐδὲν
1475 2222 1754 2286 τιθέμενος
1808 2219 1874 2269 τὰ
1907 2217 2040 2284 πρὸς
2070 2215 2230 2266 αὑτὸν
2273 2211 2409 2264 κατά

837 2321 938 2387 τὴν
967 2311 1260 2385 κανονικὴν
1305 2313 1549 2376 διάταξιν
1581 2310 1919 2365 ἀπολυθέντα
1951 2305 2204 2360 συνοδικὰ
2242 2303 2410 2373 ψηφί-

838 2428 1046 2481 σματα,
1077 2406 1530 2478 μετακαλούμενα
1550 2403 1737 2457 τοῦτον
1767 2400 2023 2464 ἐνταῦθα,
2046 2401 2301 2467 ἐμήνυεν,
2333 2395 2408 2457 ὡς

2448 1820 2489 1874 Β

835 2503 987 2555 οὐδέν
1031 2503 1182 2552 ἐστιν
1211 2501 1372 2568 ἔργον
1406 2495 1553 2564 αύτῷ
1597 2496 1718 2548 οὑδέ
1757 2494 2066 2562 φρόντισμα
2113 2489 2408 2557 ἀφικέσθαι
2441 2482 2449 2490 ’

838 2591 1094 2653 ἐνταῦθα,
1120 2589 1304 2656 ἐπειδὴ
1358 2588 1550 2655 ἐτέρας
1601 2585 1713 2652 ἔχει
1752 2583 1996 2644 δουλείας
2057 2579 2409 2648 ἐπικειμένας

837 2683 1010 2752 αὐτῷ,
1039 2681 1154 2735 ἀλλ’
1198 2678 1322 2730 οὑδὲ
1372 2679 1656 2746 ἐγγραφον
1699 2673 1978 2742 ἀναφορὰν
2025 2671 2408 2736 ἐξαποστεῖλαι

820 2775 1096 2844 ,ἠνέσχετο
1128 2770 1208 2831 είς
1234 2769 1333 2836 τὴν
1362 2765 1580 2818 σύνοδον
1613 2764 1646 2833 ἢ
1681 2763 1891 2816 ἱκεσίαν
1923 2759 2044 2812 τινὰ
2076 2759 2410 2826 ποιήσασθαι

835 2870 930 2918 καὶ
958 2861 1308 2932 παράκλησιν
1342 2858 1375 2927 ἦ
1405 2860 1498 2915 καὶ
1527 2856 1831 2925 ὡρισμένον
1859 2851 1980 2905 τινὰ
2000 2850 2197 2920 ,καιρὸν
2237 2850 2410 2920 δηλῶ-

839 2972 932 3009 σαι
961 2953 1092 3020 περὶ
1119 2952 1216 3018 τῆς
1244 2948 1482 3015 ἀφίξεως
1515 2945 1684 2997 αὑτοῦ
1720 2944 1750 3011 ἢ
1789 2942 1914 3013 περὶ
1944 2943 2138 3011 ἐτέρας
2165 2943 2410 3011 ἡστινοσ-

835 3048 931 3100 οῦν
963 3044 1141 3105 αἱτίας
1175 3043 1205 3110 ἢ
1238 3042 1540 3116 ζητήσεως,
1587 3037 1960 3105 ἀφροντίστως
2013 3035 2153 3105 ἔχων
2208 3033 2410 3096 παντά-

837 3156 1025 3203 πασιν,
1053 3134 1332 3202 ῶσπερ-ἀν
1352 3135 1397 3183 εἱ
1425 3131 1500 3200 μὴ
1526 3130 1798 3198 διαφόρως
1837 3128 2164 3196 ἐξηλέγχετο
2202 3124 2411 3176 συνοδι-

836 3232 971 3294 κῶς,
999 3228 1081 3297 ἐφ’
1110 3205 1307 3294 οἷσπερ
1339 3225 1482 3278 ἑάλω
1524 3223 1637 3283 τοῖς
1671 3221 1862 3272 κανόσι
1896 3215 2175 3277 παντελῶς
2206 3217 2413 3282 ἀπηγο-

839 3325 1142 3394 ρευμένοις,
1213 3318 1337 3388 μηδ’
1394 3313 1760 3384 ἐπηγγέλλετο
1817 3309 2108 3379 ἐγγράφως
2179 3309 2274 3358 ἐπὶ
2334 3306 2412 3370 τῷ

834 3414 1150 3480 ἀπαντῆσαι
1177 3411 1278 3462 καὶ
1304 3405 1772 3474 ἀπολογήσασθαι,
1802 3401 1894 3453 καὶ
1921 3400 2093 3452 ταῦτα
2119 3397 2412 3452 συνιδικῶν

831 3507 1206 3577 ψηφισμάτων
1243 3499 1744 3570 μετακαλουμένων
1778 3496 1962 3557 αὑτὸν,
1993 3491 2068 3554 ὡς
2095 3491 2410 3559 δεδήλωται,

833 3605 930 3652 καὶ
961 3597 1068 3654 τῶν
1107 3592 1576 3658 συγκαταϐάσεως
1614 3588 1757 3654 λόγῳ
1786 3584 2046 3636 δοθεισῶν
2099 3581 2251 3650 αὑτῷ
2295 3597 2417 3632 καιο

842 3692 1009 3762 ρικῶν
1041 3692 1120 3750 είς
1150 3687 1305 3738 τοῦτο
1352 3681 1703 3753 προθεσμιῶν
1737 3675 2120 3745 παρελθουσῶν
2172 3675 2267 3726 καὶ
2306 3672 2414 3724 τῶν

834 3786 1030 3852 ἱερέων
1078 3783 1135 3833 ἐν
1165 3780 1242 3858 τῶ
1268 3776 1568 3858 ἀναμένειν
1612 3770 1975 3840 ἐκτριῦέντων
2009 3769 2216 3838 σχεδὸν,
2244 3765 2411 3820 αὑτοῦ

832 3878 926 3929 τὸν
977 3863 1172 3940 καιρὸν
1191 3863 1362 3930 αὖά
1408 3869 1470 3918 τὸ
1503 3865 1692 3918 δοκοῦν
1730 3861 1878 3931 αύτῷ
1926 3859 2412 3931 παρακρουομένου

833 3971 930 4024 καὶ
959 3960 1279 4037 ἀμυνετικῶς
1313 3961 1456 4014 κατά
1480 3959 1682 4010 τούτων
1721 3955 2091 4022 διακειμένου.
2127 3951 2235 4005 Καὶ
2261 3950 2313 4002 τί
2347 3949 2414 4003 ἂν

832 4063 949 4131 έχοι
991 4077 1076 4121 τις
1129 4055 1261 4124 περὶ
1308 4053 1418 4105 τῶν
1477 4050 1654 4104 ἀλλων
1702 4046 1846 4100 κατά
1894 4045 2059 4115 μέρος
2111 4042 2409 4108 διεξιέναι;

833 4155 998 4209 Ὅθεν
1026 4152 1119 4203 καὶ
1152 4151 1202 4201 εἱ
1225 4145 1366 4200 κνιτά
1419 4144 1510 4196 τὸν
1546 4147 1612 4208 ιγ’
1646 4141 1851 4192 κανόνα
1883 4136 1983 4206 τῆς
2010 4136 2069 4187 ἐν
2105 4131 2413 4202 Καρχηδόνι

834 4245 1060 4301 συνόδου
1091 4239 1234 4293 οὑτω
1278 4237 1417 4306 πρὸς
1448 4235 1593 4297 λέξιν
1632 4229 2022 4300 διαγορεύοντα
2045 4243 2060 4258 ο
2106 4243 2124 4278 ε
2175 4225 2300 4277 Ἐάν
2333 4239 2415 4285 τις

832 4335 1135 4404 ἐναντιωθῇ
1172 4335 1237 4403 τῇ
1273 4333 1380 4400 ίδίᾳ
1411 4328 1695 4397 ὁμολογία,
1725 4326 1845 4394 ῆτοι
1903 4325 1970 4393 τῇ
2010 4320 2118 4388 ίδίᾳ
2168 4318 2416 4385 ὑπογρα-

832 4429 1154 4504 “flauth
1181 4425 1553 4493 ἀποστερήσει
1577 4422 1675 4488 τῆς
1705 4419 1840 4480 ίδίας
1872 4415 2062 4485 τιμῆς,
2100 4433 2118 4467 ι
2154 4411 2333 4479 πολλῷ
2353 4425 2415 4477 γε

2439 3166 2482 3224 C

2521 602 2802 649 νακτεῖται
2851 598 2945 650 καὶ
2967 598 3305 664 ἀφορίζεται.
3336 616 3356 649 ε
3389 599 3499 666 Οὑχ
3533 599 3730 666 ῆκιστα
3767 598 3833 651 ἂν
3863 601 3948 668 εῐη
3976 603 4078 654 ὑπδ

2518 688 2837 754 καθαίρεσιν
2865 689 2946 748 είς
2989 686 3148 738 τοῦτο
3195 687 3431 756 θράσους
3471 687 3774 755 ἐληλακὼς.
3810 688 3952 741 ὥστε
3983 692 4080 742 καὶ

2514 775 2614 844 τὴν
2637 778 2746 828 τῶν
2773 778 3102 835 Καυκασίων
3125 777 3221 845 τῆς
3253 776 3494 844 μεγάλης
3518 777 3735 829 συνόδου
3768 778 4080 846 ἀγιωτάτην

2519 867 2853 936 μητρόπολιν
2899 866 2994 918 καὶ
3045 869 3109 934 τῇ
3162 869 3532 934 πατριαρχικῇ
3583 870 3833 936 περιωπῇ
3870 869 4080 922 ἀνωθεν

2518 959 2886 1025 ὑποκειμένην
2919 957 3014 1009 καὶ
3043 959 3162 1022 ταῖς
3198 955 3412 1016 λοιπαῖς
3447 955 3754 1024 συνοδικαῐς
3803 960 4080 1026 μητροπό-

2517 1046 2633 1098 λεσι
2675 1045 3156 1114 συνηριθμημένην
3207 1045 3518 1112 αὑτονόμως
3570 1045 3665 1097 καὶ
3711 1048 4082 1108 ἀκανονίστως

2517 1137 2901 1204 ἀποτολμήσας
2946 1136 3272 1202 ποιήσασθαι
3307 1135 3397 1200 ὑφ’
3432 1135 3647 1199 ἐαυτὸν,
3670 1136 3730 1187 οὑ
3793 1137 3952 1203 μόνον
3983 1134 4085 1203 τῆς

2517 1226 2776 1291 ἀληθείας
2830 1223 3304 1292 καταψευδόμενος
3345 1225 3645 1285 παντελῶς,
3677 1223 3810 1278 ἀλλά
3855 1224 3951 1276 καὶ
3985 1223 4082 1276 ἀπ’

2516 1316 2764 1377 ἐναντίας
2803 1314 2974 1368 ἐλθὼν
2999 1319 3066 1382 τῇ
3099 1315 3264 1385 ἐτέρα
3290 1315 3482 1367 τούτου
3508 1316 3768 1385 ὁμολογίᾳ
3796 1317 4082 1383 ἐγγράφῳ.

2514 1406 2602 1458 ὅτε
2622 1406 2715 1466 ,είς
2735 1405 2996 1473 ἀρχιερέα
3023 1405 3364 1470 προέϐαινεν,
3392 1405 3764 1473 οἱκειοχείρως
3792 1407 4079 1474 ἐγγραψάο

2519 1513 2680 1565 μενος
2704 1496 2797 1555 ἐπὶ
2818 1493 3017 1560 λέξεως
3046 1494 3248 1557 οὕτως’
3283 1513 3301 1544 ε
3334 1495 3473 1562 Πρὸς
3495 1496 3705 1556 τούτοις
3729 1496 4086 1564 καθομολογῶ

2517 1588 2806 1655 φυλάττειν
2865 1592 2958 1639 καὶ
2989 1589 3056 1641 τά
3102 1591 3476 1656 πατριαρχικά
3521 1587 3707 1644 δίκαια
3753 1588 4086 1659 ἀπαρεγχείο

2519 1697 2678 1747 ρητα.
2711 1697 2729 1728 ι
2773 1678 2912 1747 Πρὸς
2937 1677 3144 1740 τούτοις
3178 1695 3241 1744 γε
3273 1679 3382 1746 μήν
3416 1678 3566 1728 ἐστιν
3603 1677 3956 1746 καθαιρετέος
3991 1677 4087 1730 καὶ

2517 1770 2603 1822 διὰ
2638 1770 2892 1836 τάέτερςι
2937 1769 3114 1820 ἀτοπα
3155 1767 3251 1826 καὶ
3281 1768 3628 1830 ἀκανόνιστα,
3652 1768 3796 1836 ἅπερ
3836 1768 3999 1828 αὑτός
4025 1781 4088 1819 τε

2517 1859 2921 1930 δωμολόγησεν
2951 1859 3059 1912 ἀπὸ
3087 1857 3181 1910 τοῦ
3224 1858 3428 1915 οἱκείου
3461 1857 3752 1925 στόματος,
3777 1856 3870 1917 καὶ
3901 1856 4088 1912 οἱδια-

2517 1951 2814 2020 ληφθέντες
2840 1949 3266 2018 πραγματευταὶ
3286 1949 3380 2000 καὶ
3401 1948 3617 1999 πολῖται
3648 1946 3940 2009 συνοδικῶς
3969 1949 4090 2017 μετ’

2517 2043 2819 2113 ἀσφαλείας
2859 2044 2956 2114 τῆς
2993 2041 3378 2112 προσηκούσης
3408 2040 3776 2110 ἐρωτηθέντες
3807 2042 4089 2110 παρέστη-

2518 2156 2639 2198 σαν,
2669 2137 2738 2189 τὰ
2766 2135 2934 2187 πλείω
2963 2135 3018 2187 δέ
3049 2135 3299 2202 παρῆκεν
3324 2135 3357 2185 ό
3386 2132 3540 2198 λόγος
3578 2134 3676 2200 τῆς
3708 2132 3938 2194 ἀτοπίας
3984 2116 4090 2185 αὑ.

2516 2227 2634 2286 τοῦ,
2660 2227 2720 2277 τὸ
2747 2225 2924 2294 μῆκος
2961 2220 3348 2292 ὑφορώμενοςδ
3384 2221 3540 2290 ἤρκει
3569 2221 3751 2290 μέντοι
3779 2239 3843 2289 γε
3871 2224 3960 2274 καὶ
3993 2226 4090 2290 μό-

2516 2335 2607 2369 νον
2637 2317 2696 2368 τὸ
2722 2317 2779 2367 ἐν
2806 2313 2995 2381 παγίδι
3028 2312 3301 2382 ληφθῆναι
3331 2313 3398 2381 τῇ
3431 2310 3689 2380 ὁμολογίᾳ
3718 2311 3813 2380 τῆς
3836 2312 4090 2379 γλώσσης

2516 2408 2704 2471 αὑτοῦ,
2754 2406 2913 2459 τοῦτο
2958 2406 3020 2476 δὴ
3073 2405 3134 2457 τὸ
3192 2404 3592 2472 Σολομῶντειον
3641 2407 3719 2466 είς
3766 2405 3865 2472 τὴν
3899 2403 4090 2458 τούτου

2517 2498 2856 2568 καθαίρεσιν,
2890 2501 3034 2571 ἢπερ
3079 2498 3312 2568 ἐρρήθη,
3351 2497 3410 2550 τὸ
3445 2498 3501 2550 δὲ
3535 2498 3629 2551 καὶ
3675 2499 3774 2566 τὴν
3805 2497 3913 2562 τῶν
3949 2499 4094 2551 Καυ-

2517 2593 2724 2645 κασίων
2787 2592 3098 2659 ἁγιωτάτην
3160 2588 3511 2659 μητρόπολιν
3549 2591 3945 2655 ἀποσπάσαντα
3993 2589 4093 2657 τῆς

2519 2683 2679 2751 ἀγὶας
2707 2683 2800 2734 τοῦ
2832 2681 2967 2734 Θεοῦ
3003 2681 3296 2750 καθολικῆς
3329 2681 3421 2737 καὶ
3446 2680 3815 2746 ἀποστολικῆς
3862 2680 4094 2748 Ἐκκλη-

2519 2776 2642 2835 σίας
2687 2774 2777 2842 ὑφ’
2804 2773 2994 2825 ἑαυτὸν
3033 2771 3263 2830 ἀναιδῶς
3307 2769 3657 2840 ποιήσασθαι,
3708 2770 3868 2827 τοῦτο
3896 2770 3954 2822 δέ
4002 2774 4096 2823 καὶ

2518 2868 2697 2934 πάσης
2733 2863 3075 2941 συμπαθείας
3105 2861 3270 2919 αὑτὸν
3307 2861 3608 2916 ἀποκλείει.
3637 2862 3736 2922 Διά
3766 2861 3892 2927 γοῦν
3918 2862 4097 2918 ταῦτα

2521 2955 3030 3024 συνδιασκεψαμένη
3074 2954 3107 3023 ὴ
3141 2954 3431 3023 μετριότης
3461 2951 3622 3029 ἡμῶν
3661 2955 3727 3034 τῇ
3760 2956 3885 3020 περὶ
3921 2955 4097 3021 αὑτὴν

2520 3049 2639 3119 θείᾳ
2695 3047 2968 3117 ὁμηγύρει
3015 3045 3110 3098 καὶ
3142 3043 3469 3114 ἀδελφότητι
3502 3043 3614 3095 τῶν
3651 3044 3958 3112 ἱερωτάτων
3993 3048 4095 3112 ἀρ-

2510 3139 2767 3218 χιερέων,
2797 3137 2892 3190 τοῦ
2928 3137 3275 3207 Ἡρακλείας,
3307 3135 3401 3187 τοῦ
3425 3136 3731 3206 Σηλυϐρίας
3760 3138 3856 3190 καὶ
3885 3137 3974 3188 τὸν
4003 3140 4097 3191 τόο

2517 3248 2619 3284 πον
2647 3231 3017 3299 Νικομηδείας
3049 3231 3360 3299 ἐπέχοντος,
3400 3229 3494 3282 τοῦ
3531 3229 3789 3292 Νικαίας,
3822 3229 3915 3282 τοῦ
3946 3229 4097 3284 Χαλ-

2517 3324 2762 3391 κηδόνος,
2786 3321 2884 3372 τοῦ
2909 3322 3152 3390 Σταυρου
3164 3322 3386 3385 πόλεως,
3400 3321 3491 3374 τοῦ
3516 3321 3878 3389 Χριστουπόλε
3889 3338 3986 3384 ως,
4003 3317 4098 3386 τοῦ

2518 3411 2792 3483 Σμύρνηε,
2827 3411 2924 3463 τοῦ
2949 3411 3169 3479 Βιζύης,
3195 3413 3289 3465 τοῦ
3321 3412 3655 3481 Κελτζηνῆς,
3693 3411 3789 3464 τοῦ
3829 3411 4099 3476 Μηδείας,

2516 3505 2610 3556 τοῦ
2650 3505 2895 3567 Ῥωσίου,
2928 3505 3022 3558 τοῦ
3057 3505 3378 3572 Σουγδαίας,
3416 3504 3510 3556 τοῦ
3542 3503 3818 3573 Γαρέλλης
3873 3506 3966 3556 καὶ
4001 3504 4101 3557 τοῦ

2515 3595 2759 3656 Λιτόῶν,
2795 3595 3180 3667 καθῃρημένον
3223 3593 3314 3646 τοῦ
3362 3593 3548 3645 λοιποῦ
3583 3594 3874 3662 τυγχάνειν
3913 3592 4099 3655 αὑτὸν,

2518 3686 2803 3755 προδήλως
2835 3685 3108 3754 ἀθετητην
3153 3684 3259 3736 τῶν
3291 3684 3452 3736 θείων
3497 3675 3737 3735 κανόνων
3783 3682 4100 3750 γενόμενον,

2519 3779 2614 3830 καὶ
2641 3777 3180 3845 ἀπογεγυμνωμένον
3210 3775 3389 3842 πάσης
3433 3776 3732 3844 ἱερωσύνης
3775 3775 3870 3827 καὶ
3898 3776 4103 3826 παττά-

2520 3884 2683 3922 πασιν
2731 3864 3249 3936 ἀπηλλοτριωμένον
3281 3863 3373 3917 τοῦ
3429 3864 3537 3917 τῶν
3582 3863 3889 3933 ἀρχιερέων
3938 3862 4103 3932 χοροῦ

2520 3964 2615 4013 καὶ
2668 3959 2862 4030 μηκέτι
2895 3958 3062 4028 ,παρά
3113 3958 3338 4027 μηδενὶς
3388 3955 3508 4009 καθ’
3546 3956 3853 4024 οίονδήτινα
3901 3957 4105 4023 τρόπον

2519 4050 2922 4121 προδεχθῆναι
2966 4051 3045 4111 είς
3098 4049 3404 4117 ὑπηρεσίαν
3451 4043 3845 4116 ἀρχιερατικὴν
3897 4045 3922 4114 ἢ
3966 4047 4106 4108 ὅλως

2521 4144 2824 4214 ἱερατικὴν,
2875 4140 3063 4211 ἐπειδὴ
3112 4141 3205 4194 τὸν
3264 4138 3506 4192 τοιοῦτον
3570 4139 3707 4206 μετὰ
3761 4137 3966 4204 πολλὴν
4008 4139 4107 4189 καὶ

2519 4235 2725 4304 ἀκριὸῆ
2775 4234 2874 4302 τὴν
2925 4233 3173 4297 ἐξέτασιν
3219 4232 3444 4294 ἐνδίκως
3488 4231 3579 4283 καὶ
3611 4229 3912 4292 κανονικῶς
3943 4231 4103 4297 κοινῇ

2521 4329 2721 4390 πάντες
2759 4325 3053 4386 συνοδικῶς
3099 4322 3358 4376 παντελεῖ
3397 4320 3717 4390 καθαιρέσει
3755 4319 4108 4372 καθυποὸἀλο

2520 4421 2710 4488 λομεν.
2738 4421 2837 4471 Διὰ
2869 4417 3004 4485 γοῦν
3031 4417 3133 4484 τὴν
3163 4415 3293 4484 περὶ
3321 4413 3510 4466 τούτου
3544 4413 3773 4481 μόνιμον
3795 4410 3893 4480 τὴν
3919 4410 4107 4476 ἀσφά-

839 4501 1041 4595 ilium
1097 4519 1302 4590 ταύτης
1334 4517 1558 4576 ἐνδίκως
1610 4508 2118 4580 ἀποστερηθήσπαι
2157 4507 2184 4558 δ
2217 4501 2417 4572 προδή·
2451 4513 2492 4569 D
2521 4512 2671 4564 λειαν
2708 4512 2802 4565 καὶ
2836 4511 2915 4572 είς
2947 4509 3037 4562 τὸν
3062 4507 3190 4571 ἑξῆς
3220 4507 3412 4576 χρόνον
3446 4505 3777 4562 ἁπολέλυται
3807 4502 3901 4556 καὶ
3941 4504 3974 4572 ὴ
4013 4501 4108 4570 ἔγ·

833 4614 941 4677 λως
985 4612 1257 4681 ἀθετητὴς
1289 4609 1581 4677 γενόμενος
1613 4605 1672 4656 οὑ
1709 4604 1872 4672 μόνον
1916 4600 2014 4669 τῆς
2058 4595 2417 4665 οίκειοχείρου

831 4706 996 4761 αὑτοῦ
1029 4706 1318 4772 ἐγγράφου
1364 4698 1710 4767 ὑποσχέσεως
1749 4694 1844 4746 καὶ
1885 4691 2237 4760 ὑπογραφῆς,
2281 4687 2420 4740 ἀλλά

832 4804 929 4856 καὶ
962 4798 1246 4869 προδήλως
1281 4789 1700 4860 καταφρονητὴς
1751 4788 1860 4840 τῶν
1906 4802 1966 4838 τε
2013 4784 2175 4838 θείων
2217 4797 2422 4834 κανονι-

832 4894 946 4946 κῶν
972 4889 1271 4954 διατάξεων
1313 4890 1406 4939 καί
1432 4886 1540 4940 τῶν
1573 4881 2083 4953 προσκαλουμένων
2107 4876 2271 4928 αὑτὸν
2302 4874 2419 4927 δια-

833 4989 1017 5058 φόρως
1056 4982 1351 5038 συνοδικῶν
1407 4983 1781 5050 ψηφισμάτων
1812 4976 1908 5027 καὶ
1942 4973 2077 5044 μηδὲ
2115 4970 2420 5037 ἀπολογίας

835 5080 1179 5154 ἡστινοσοῦν,
1211 5079 1465 5143 καθάπερ
1495 5077 1586 5129 καὶ
1609 5073 1975 5142 ὀφειλομένως
2005 5064 2141 5138 εἶχε.
2177 5068 2284 5119 Καὶ
2318 5065 2421 5116 πά-

833 5176 948 5230 λιν·
986 5193 1004 5226 ι
1034 5175 1096 5226 Et
1119 5172 1374 5230 κατὰτὸν
1403 5168 1760 5224 ἀποστολικὸν
1789 5167 1859 5216 λε’
1882 5163 2084 5216 κανόνα
2108 5160 2252 5213 οὕτω
2281 5158 2420 5211 κατὰ

837 5271 991 5340 ῥῆμα
1039 5267 1389 5328 θεσπίζοντα,
1441 5263 1744 5316 ἐπίσκοπον
1796 5259 1872 5328 μὴ
1918 5257 2122 5326 τολμᾷν
2179 5252 2284 5319 ἐξω
2313 5251 2422 5305 τῶν

835 5360 1028 5414 ἑαυτοῦ
1060 5361 1203 5428 ὅρων
1238 5355 1578 5426 χειροτονίας
1629 5351 1901 5403 ποιεῖσθαι
1941 5352 2015 5408 εἰς
2044 5349 2141 5409 τάς
2180 5346 2255 5414 μὴ
2292 5343 2422 5396 ὑπο-

835 5449 1096 5521 κειμένας
1151 5450 1300 5519 αὑτῷ
1330 5449 1512 5508 πόλεις
1561 5445 1657 5498 καὶ
1708 5443 1921 5511 κώμας,
1961 5441 2007 5492 εί
2044 5439 2100 5492 δὲ
2131 5434 2423 5505 ἐλεγχθείη

832 5548 993 5601 τοῦτο
1025 5542 1343 5614 πεποιηκὼς
1379 5542 1528 5610 παρὰ
1557 5539 1656 5609 τὴν
1681 5537 1788 5590 τῶν
1823 5533 2167 5602 κατεχόντων
2199 5533 2298 5592 τάς
2332 5529 2425 5580 πόα

832 5644 942 5705 λεις
986 5641 1203 5700 ἐκείνας
1255 5641 1349 5690 καὶ
1402 5636 1588 5706 χώρας
1624 5632 1878 5700 γνώμην,
1921 5623 2296 5695 καθαιρείσθω
2330 5624 2423 5675 καὶ

833 5735 998 5795 αὑτὸς
1035 5733 1128 5785 καὶ
1161 5728 1256 5792 οῦς
1301 5726 1704 5797 ἐχειροτόνησε.
1749 5741 1766 5772 ι
1806 5719 2202 5789 Διαγορεύουσι
2237 5715 2294 5767 δέ
2329 5716 2420 5766 καὶ

834 5831 882 5880 οἱ
906 5825 1250 5894 φιλευαεδεῖς
1276 5822 1431 5890 νόμοι
1456 5819 1633 5889 ῥητῶς
1656 5834 1669 5848 ο
1708 5835 1726 5869 ι
1773 5818 1832 5869 ⁸0
1865 5818 1922 5868 ἐν
1947 5810 2218 5882 ὑπερορίᾳ
2244 5825 2422 5879 χειρο-

2523 4621 2733 4674 γραφος
2774 4602 2915 4671 αῦτη
2960 4598 3212 4671 συνοδικὴ
3247 4599 3520 4665 ἀπόφασις
3553 4597 3632 4657 εἱς
3659 4594 3978 4663 καθαίρεσιν
4010 4591 4109 4650 αὑ·

2523 4697 2639 4761 τοῦ,
2668 4692 3120 4763 καταστρωθείτα
3141 4693 3214 4762 ,ἐν
3240 4693 3354 4752 τοῖς
3394 4689 3558 4758 ἱεροῖς
3589 4688 3883 4750 κωδικίοις,
3915 4685 4111 4757 ῶσπερ

2522 4787 2760 4840 εἴθισται
2809 4782 2902 4835 καὶ
2931 4782 3246 4852 νενόμισται
3275 4780 3417 4832 κατά
3445 4780 3543 4849 τὴν
3570 4778 3835 4832 ἀνέκαθεν
3872 4779 4111 4846 ἐπικρα-

2524 4882 2769 4947 τήσασαν
2811 4873 3113 4944 παράδοσιν
3154 4874 3249 4926 καὶ
3299 4872 3654 4926 ὑποτύπωσιν
3701 4873 3765 4941 τῇ
3807 4867 4114 4942 Ἐκκλησία

2523 4966 2683 5022 Θεοῦ.

2596 5057 2636 5130 -ι-
2673 5053 2811 5126 Εἶχε
2842 5055 2909 5107 τό
2931 5069 2944 5083 ο
2982 5052 3141 5120 Μηνὶ
3166 5049 3393 5115 Ἰουλίῳ
3419 5048 3536 5103 ινδ.
3573 5048 3853 5116 ἐννάτης.

2525 5218 2720 5274 XXIX.
2756 5212 3074 5270 Pam’archa
3121 5211 3361 5262 nominat
3412 5204 3804 5276 metrOpolilam
3850 5205 4023 5261 Rhodi
4060 5216 4114 5260 ει

3168 5281 3480 5350 Cycladum.

2599 5431 2643 5481 ἱ.
2668 5427 2706 5496 ἰ-
2739 5424 3137 5478 Εύλαὸέστατοι
3163 5418 3414 5488 κληρικοὶ
3439 5419 3540 5487 τῆς
3566 5415 3880 5485 ἁγιωτάτης
3909 5431 4113 5485 μητρο.

2528 5523 2737 5582 πόλεως
2793 5516 2997 5579 Ῥόδου,
3047 5513 3310 5581 ἀγαπητά
3364 5511 3504 5563 κατά
3537 5509 3744 5578 Κύριον
3805 5508 3973 5560 τέκνα
4014 5510 4115 5584 τῆς

2529 5614 2682 5684 ἡμῶν
2747 5609 3122 5681 μετριότητος.
3161 5606 3341 5675 χάριν,
3371 5604 3619 5674 εἱρήνην.
3649 5602 3819 5665 ἐλεος,
3854 5600 4116 5670 εὐθηνίαν

2528 5727 2586 5762 τε
2641 5706 2750 5758 τῶν
2801 5702 3023 5769 ἀγαθῶν
3077 5701 3170 5750 καὶ
3211 5699 3452 5767 ψυχικὴν
3497 5697 3774 5765 σωτηρίαν
3817 5695 4116 5764 ἐπεύχεται

2530 5800 2656 5872 ὑμῖν
2682 5800 2714 5866 ἡ
2751 5794 3039 5866 μετριότης
3072 5790 3230 5860 ἡμῶν
3265 5791 3370 5843 ἀπὸ
3399 5788 3533 5842 Θεοῦ
3571 5785 4117 5852 πα·.τοκράτορος.Ἰι
