4430 6454
790 417 926 480 1355

1570 414 1920 476 CALLISTI
1959 414 2055 473 ΕΤ
2095 414 2526 478 PHILOTHEI
2569 420 2677 483 ΕΡ.
2724 421 3189 492 PATBIARCH.

3899 406 4036 486 1356

782 528 843 580 τὸ
871 527 1029 590 ἀγιον
1056 542 1069 556 ο
1105 523 1486 590 ἀποϐάλλομαι
1514 521 1572 575 δέ
1609 524 1705 576 καὶ
1745 523 2017 591 ἀρνοῦμαι
2049 524 2145 576 καὶ
2176 525 2356 577 πάντα
2387 531 2430 586 Α
2460 544 2616 580 ταιον
2675 529 2849 598 δνομα
2909 532 3007 599 τῆς
3061 532 3170 583 τῶν
3230 530 3454 600 Ἰϐήρων
3510 530 3884 600 προσηγορίας
3942 539 4037 587 καὶ

781 621 848 669 τά
881 617 1043 668 λοιπά
1080 600 1244 681 ἐθιμα
1280 612 1488 672 αὑτῶν,
1523 613 1590 664 τά
1617 629 1676 663 τε
1707 612 2144 681 ἐκκλησιαστικά
2175 613 2268 665 καὶ
2293 614 2361 665 τά

780 712 912 775 περὶ
968 706 1066 772 τῆς
1127 705 1321 772 λοιπῆς
1373 704 1556 756 αὑτῶν
1618 704 1915 767 πολιτείας,
1977 703 2072 755 καὶ
2143 703 2359 770 στέργω

781 798 960 851 πάντα
988 797 1087 848 ὃσα
1126 795 1223 846 καὶ
1257 794 1450 863 φρονεῖ
1475 792 1570 844 καὶ
1599 792 1747 858 λέγει
1772 795 1804 860 ἡ
1837 792 1967 858 ἀγία
1993 790 2087 844 τοῦ
2117 791 2355 860 Χριστοῦ

778 889 1006 957 Μεγάλη
1055 887 1353 954 Ἐκκλησία
1391 887 1519 952 περὶ
1559 885 1740 936 αὑτῶν
1774 888 1869 952 τῆς
1907 885 2355 935 Κωνσταντινου-

693 971 710 996 ’
784 983 1011 1042 πόλεως,
1060 982 1150 1033 καὶ
1182 979 1299 1045 εἰμὶ
1334 979 1424 1030 καὶ
1458 976 1570 1043 ἐγὼ
1600 973 1680 1038 εἷς
1728 975 1837 1028 τῶν
1869 975 2173 1043 ὑρθοδόξων
2224 975 2358 1044 Χρι-

782 1074 1016 1125 στιανῶν
1050 1073 1142 1123 καὶ
1176 1069 1427 1140 μαθητὴς
1471 1072 1571 1136 τῆς
1614 1068 1967 1135 Ἐκκλησίας.
2004 1066 2108 1119 Καὶ
2145 1069 2225 1129 εἰς
2259 1065 2357 1134 τὴν

780 1165 907 1232 περὶ
941 1164 1133 1214 τούτου
1163 1161 1468 1229 ἀσφάλειαν
1501 1158 1849 1227 ἐποιησάμην
1877 1158 1970 1210 καὶ
2011 1157 2110 1226 τὴν
2144 1157 2377 1226 παροῦσ-

747 1257 876 1305 ,σαν
911 1271 1013 1321 μου
1043 1253 1358 1321 ὁμολογίαν,
1397 1251 1722 1321 ὑπογράψας
1767 1253 1942 1321 αὑτὴν
1981 1250 2352 1320 οἰκειοχείρως

770 1347 916 1414 μηνὶ
948 1344 1173 1406 ἰουνίῳ
1202 1343 1316 1395 ινδ.
1351 1341 1627 1408 δεκάτης.

782 1437 842 1488 Ὀ
869 1438 1084 1505 ἄρχων.
1117 1435 1276 1488 Manu
1303 1437 1547 1506 prOpria,
1576 1433 1823 1505 Georgio:
1852 1475 1864 1487 .
1913 1474 1927 1488 .
1966 1434 2138 1487 Vacha
2171 1436 2351 1491 archo.

772 1591 964 1646 ΧΧΧΙ.
1011 1593 1264 1646 Callistus
1297 1594 1499 1647 dirimit
1550 1595 1959 1648 controversiam
2001 1601 2174 1648 ortam
2211 1595 2350 1648 inter

964 1665 1244 1716 monachos
1277 1666 1580 1717 monasterii
1610 1663 1879 1719 [berorum
1921 1666 1974 1716 in
2009 1665 2164 1717 Atho.

843 1802 880 1871 -ι-
908 1803 1009 1854 ’Ἐν
1039 1817 1092 1852 τι
1127 1801 1224 1852 καὶ
1254 1797 1414 1850 τοῦτο
1445 1797 1555 1849 τῶν
1597 1796 1989 1865 ἐννομωτάτων
2029 1814 2085 1850 τε
2127 1796 2222 1850 καὶ
2264 1795 2344 1849 δι-

2471 619 2946 688 σφετεριζομένων
2973 621 3224 676 ἐντεῦθεν
3259 625 3356 676 καὶ
3386 621 3485 690 τὴν
3527 622 3824 690 καθολικὴν
3862 625 4036 694 αὐτῆς

2467 708 2787 777 ἐκκλησίαν,
2821 706 2882 764 οὗ
2937 712 3096 779 χάριν
3125 713 3313 764 πολλοὶ
3345 713 3440 765 καὶ
3487 713 3737 784 διάφοροι
3761 715 4034 780 ἐγεγόνει-

2467 814 2567 851 σαν
2597 798 2847 863 συνάξεις
2887 803 2983 853 καὶ
3009 802 3306 864 ἐξετάσεις,
3337 802 3478 856 ὥστε
3519 804 3622 869 τὴν
3655 805 4036 873 προσήκουσαν

2466 887 2721 954 γενέσθαι
2765 891 3103 946 κατάστασιν
3145 895 3231 944 ἐπ’
3261 892 3426 962 αὐτῇ.
3457 894 3845 962 αἰτησαμένων
3877 894 4038 946 τοῦτο

2465 973 2572 1027 τῶν
2606 979 2858 1046 μοναχῶν
2901 978 3194 1047 Ῥωμαίων
3226 984 3310 1033 ἐπ’
3346 983 3620 1053 ἀσφαλείᾳ
3644 984 3740 1037 καὶ
3771 988 4034 1052 συστάσει

2463 1064 2562 1132 τῆς
2585 1067 2918 1137 δηλωθείσης
2949 1072 3135 1138 μονῆς.
3163 1072 3355 1124 Ἔνθεν
3386 1089 3468 1125 τοι
3499 1075 3590 1126 καὶ
3617 1074 3709 1128 τοῦ
3733 1075 4031 1130 ὁσιωτάτου

2463 1154 2678 1224 ἀνδρὸς,
2708 1157 2809 1226 κύρ
2854 1159 3132 1227 Ἀρσενίου
3160 1163 3390 1227 ἐκείνου,
3421 1162 3516 1215 τοῦ
3548 1165 3627 1226 τίς
3651 1165 3874 1234 Πρῶτον
3901 1167 4034 1220 ἀπο-

2462 1248 2798 1314 τεταγμένου
2828 1247 2921 1300 106
2967 1247 3152 1315 Ἀγίου
3189 1250 3382 1303 τούτου
3410 1254 3608 1320 Ὅρους
3660 1253 4034 1321 ἐπιδημήσαν-

2463 1351 2553 1396 τος
2582 1340 2647 1406 τῇ
2689 1338 2916 1409 τοιαύτῃ
2949 1343 3085 1409 μονῇ
3121 1343 3214 1392 καὶ
3245 1341 3344 1410 τὴν
3384 1341 3495 1394 τῶν
3537 1342 3765 1410 Ἰϐήρων
3798 1344 3929 1412 περὶ
3967 1345 4036 1396 τὰ

2461 1429 2602 1480 καλά
2632 1429 2894 1497 ἀμέλειαν
2943 1433 3142 1498 ίδόντος
3168 1434 3262 1485 καὶ
3291 1433 3389 1502 τὴν
3429 1433 3620 1502 λοιπὴν
3651 1434 3909 1504 ἀπειρίαν
3936 1438 4034 1487 αὑ-

2458 1520 2588 1584 τῶν,
2623 1520 2689 1590 ήν
2724 1522 2850 1590 περί
2885 1540 2942 1576 τε
2975 1524 3075 1592 τὴν
3110 1524 3408 1593 ἐκκλησίαν
3453 1527 3551 1579 καὶ
3578 1528 3645 1579 τά
3673 1527 3836 1580 λοιπά
3869 1527 4035 1596 ἔθιμα

2456 1613 2554 1678 τῆς
2584 1615 2751 1682 μονῆς
2803 1615 3095 1680 ἐδείκνυον,
3127 1617 3221 1673 καὶ
3278 1617 3579 1679 δείσαντος,
3619 1619 3695 1687 μή
3749 1635 3881 1670 ποτε
3937 1620 4034 1671 καὶ

2454 1709 2516 1760 τὸ
2544 1709 2750 1778 ταύτης
2801 1710 3066 1780 φρούριον
3100 1711 3375 1764 εὐάλωτον
3404 1711 3634 1780 γένηται
3668 1713 3781 1773 τοῖς
3813 1712 4032 1779 ἐχθροῖς

2456 1803 2522 1870 τῇ
2567 1801 2732 1870 πολλῇ
2787 1802 3040 1872 ἀμελείᾳ,
3068 1803 3386 1867 ἐξώσθησαν
3417 1796 3560 1855 οὗτοι
3607 1800 3672 1868 δὴ
3729 1803 3774 1853 οί
3808 1802 4032 1870 Ἴϐηρες

773 1895 1104 1953 καιοτάτων,
1165 1890 1298 1960 φαίη
1349 1889 1414 1942 ἀν
1469 1889 1614 1950 ἀπας
1661 1888 1810 1950 ὅστις
1862 1885 1956 1941 οὖν
2013 1888 2179 1957 ὀρθὰς
2237 1892 2348 1950 τοῖς
2382 1889 2424 1944 Β
2455 1894 2733 1955 παντελῶς
2760 1893 2862 1962 τῆς
2913 1896 3085 1964 ἀρχῆς
3118 1898 3212 1948 καὶ
3245 1897 3568 1959 ἐπιστασίας
3614 1896 3773 1963 τῆσδε
3802 1895 3904 1963 τῆς
3939 1912 4030 1963 μο⁶

771 1986 1095 2054 πράγμασιν
1147 1981 1530 2050 ἐξενηνοχέναι
1578 1979 1677 2041 τὰς
1720 1979 1938 2048 ψήφους
1987 1980 2163 2042 εἰδὼς,
2205 1979 2346 2032 ὥστε

766 2080 890 2139 τοὺς
912 2079 1002 2130 τὸν
1037 2076 1246 2147 μονήρη
1282 2074 1395 2142 βίον
1428 2073 1876 2143 ἐπανῃρημένους
1919 2074 2013 2124 καὶ
2037 2073 2156 2142 Θεῷ
2183 2088 2349 2142 προσ-

768 2174 1055 2239 ανέχοντας
1117 2169 1212 2220 καὶ
1255 2167 1459 2236 κόσμον
1502 2165 1839 2234 ὴρνημένους
1899 2167 1990 2219 καὶ
2038 2167 2347 2233 κοσμότητα

766 2267 823 2315 ἐν
869 2265 1080 2330 γαλήνῃ
1116 2261 1346 2326 διάγειν,
1401 2259 1510 2310 τῶν
1556 2258 1838 2326 λογισμῶν
1886 2259 2068 2310 πάντα
2116 2258 2346 2326 θόρυϐον

765 2356 860 2408 καὶ
897 2354 1107 2425 τύρϐην
1147 2351 1388 2421 ματαίαν
1421 2349 1678 2416 καθάπαξ
1730 2351 2222 2418 ἀπαναινομένους,
2253 2351 2346 2402 καὶ

764 2451 857 2519 τὴν
893 2451 1116 2516 ἀγάπην
1170 2447 1265 2496 καὶ
1306 2435 1565 2510 ὁμόνοιαν
1604 2443 1678 2504 ὡς
1731 2442 1945 2511 ἄμαχον
1986 2442 2150 2494 ὅπλον
2205 2441 2377 2504 κατὰ,

764 2543 860 2598 τοῦ
896 2540 1094 2611 ἐχθροῦ
1127 2539 1578 2607 παραφέροντας,
1609 2535 1917 2588 συνδεῖσθαι
1948 2532 2067 2603 μετ’
2099 2533 2345 2602 ἀλλήλων

758 2637 839 2706 τῷ
877 2635 1167 2702 συνδέσμῳ
1203 2631 1296 2682 τοῦ
1332 2629 1666 2698 πνεύματος,
1694 2629 1788 2680 καὶ
1821 2628 1900 2690 είς
1939 2626 2064 2696 μίαν
2109 2627 2344 2694 συνάγε-

762 2731 886 2782 σθαι
918 2726 1017 2796 τὴν
1049 2726 1280 2793 ἑνότητα
1306 2721 1371 2773 δι’
1404 2719 1592 2784 αὑτοῦ,
1630 2719 1724 2772 καὶ
1759 2719 2016 2786 μάλιστα,
2050 2719 2098 2770 εί
2125 2717 2342 2786 τύχοιεν

757 2816 905 2874 οῦτοι
965 2819 1218 2886 σύστημα
1252 2814 1530 2866 κοινοϐίου
1579 2811 2029 2880 ἀναπληροῦντες
2074 2812 2154 2874 είς
2183 2810 2344 2876 δόξαν

759 2915 855 2964 καὶ
884 2911 1111 2962 ἔπαινον
1160 2905 1255 2958 τοῦ
1291 2905 1468 2958 πάντα
1503 2902 1686 2965 καλῶς
1734 2905 1828 2954 καὶ⁵
1872 2901 2163 2969 πανσόφως
2199 2904 2342 2954 οἰκο-

758 3001 1054 3068 νομοῦντος
1080 2997 1237 3050 Θεοῦ.
1274 2996 1336 3047 Εἰ
1364 2996 1472 3064 γὰρ
1492 2987 1554 3046 οὗ
1584 2994 1690 3044 είσι
1717 2991 1810 3044 δύο
1833 2992 1865 3062 ἦ
1890 2994 2038 3061 τρεῖς
2071 2993 2341 3059 συνηγμέ-

758 3113 840 3149 νοι
882 3095 975 3146 ἐπὶ
1003 3091 1080 3161 τῷ
1108 3092 1334 3160 ὀνόματι
1368 3087 1584 3152 τούτου,
1634 3087 1800 3152 μέσος
1841 3085 2074 3154 πάρεστι
2118 3086 2280 3146 αὐτὸς
2313 3085 2341 3136 ό

754 3190 911 3250 Θεὸς,
954 3180 1015 3238 οὗ
1052 3187 1159 3236 είσι
1216 3183 1355 3235 κατά
1409 3181 1498 3234 τὸν
1528 3181 1717 3249 ὅμοιον
1769 3181 1970 3249 τρόπον
2004 3178 2191 3231 πολλοὶ
2244 3178 2339 3232 καὶ

2454 1988 2574 2052 νῆς,
2609 1985 2705 2038 καὶ
2748 1988 3209 2057 ἀποκατέστησαν
3247 1990 3296 2042 οί
3343 1992 3568 2058 μοναχοὶ
3610 1988 3874 2056 Ῥωμαῖοι
3926 2008 4030 2041 κα-

2450 2079 2674 2148 τάρχειν
2702 2081 2810 2133 τῶν
2842 2083 2897 2133 ἐν
2936 2083 3074 2151 αὐτῇ
3119 2082 3339 2135 πάντων
3369 2083 3809 2154 διακονημάτων.
3854 2086 4028 2136 Ἀντι-

2452 2170 2792 2237 ποιουμένων
2840 2172 2896 2224 δέ
2927 2173 3019 2224 καὶ
3068 2173 3147 2226 ἐτι
3181 2175 3288 2227 τῶν
3341 2174 3571 2244 Ἰϐήρων
3623 2178 3720 2244 τῆς
3766 2179 4027 2245 τοιαύτης

2451 2261 2741 2328 ἀλογίστου
2792 2263 3151 2331 φιλονεικίας,
3205 2266 3650 2336 ἐπιδημήσαντος
3682 2273 3748 2338 τῇ
3797 2271 4026 2338 τοιαύτῃ

2453 2356 2588 2424 μονῇ
2635 2354 2727 2407 τοῦ
2783 2357 3078 2409 όσιωτάτου
3130 2357 3353 2426 Πρώτου
3405 2360 3500 2411 τοῦ
3554 2360 3758 2429 ἀρτίως
3799 2364 3877 2422 εἰς
3927 2364 4027 2433 τὴν

2448 2447 2712 2514 τοιαύτην
2759 2452 3095 2516 προστασίαν
3131 2452 3552 2522 εὑρισκομένου,
3600 2457 3933 2523 τιμιωτάτου
3969 2460 4026 2509 ἐν

2452 2540 2826 2610 ίερομονάχοις
2857 2543 2953 2594 καὶ
2983 2544 3040 2594 ἐν
3070 2544 3215 2613 ἁγίῳ
3262 2545 3541 2613 Πνεύματι
3582 2548 3870 2616 ἀγαπητοῦ
3904 2549 4024 2599 υἱοῦ

2448 2631 2546 2699 τῆς
2581 2632 2741 2701 ἡμῶν
2780 2633 3153 2704 μετριότητος,
3207 2635 3312 2703 κῦρ
3346 2634 3652 2701 Θεοδοσίου,
3703 2638 3782 2690 ἐτι
3818 2655 3875 2690 τε
3916 2639 4025 2690 τῶν

2449 2723 2797 2791 τιμιωτάτων
2829 2725 3204 2794 ίερομονάχων
3235 2727 3330 2778 καὶ
3357 2728 3677 2795 ἡγουμένων
3707 2729 3815 2780 τῶν
3845 2733 4025 2783 ἐκεῖσε

2451 2815 2765 2885 σεϐασμίων
2802 2818 2979 2886 μονῶν
3012 2823 3104 2872 καί
3154 2837 3318 2872 τινων
3361 2821 3774 2876 εὑλαϐεστάτων
3810 2825 3906 2876 καὶ
3941 2842 4026 2876 τι-

2450 2906 2592 2975 μίων
2630 2909 2923 2977 γερόντων,
2957 2911 3358 2979 συμπαρόντων
3387 2914 3568 2976 αὐτοῖς
3602 2918 3698 2966 καὶ
3730 2915 3840 2967 τῶν
3871 2918 4026 2984 ίερω-

2446 3001 2626 3051 τάτων
2664 3003 3097 3070 μητροπολιτῶν,
3146 3004 3484 3071 ὑπερτίμων,
3541 3008 3840 3075 ἀγαπητῶν
3885 3011 4027 3059 κατα

2447 3091 2656 3163 Κύριον
2693 3094 2939 3161 ἀδελφῶν
2972 3097 3072 3162 τῆς
3105 3096 3262 3165 ήμῶν
3291 3099 3650 3167 μετριότητος
3692 3102 3785 3152 καὶ
3815 3102 4025 3154 συλλει-

2445 3181 2716 3249 τουργῶν,
2749 3181 2841 3235 τοῦ
2869 3200 2924 3234 τε
2958 3185 3448 3254 Τραϊανουπὸλεως
3475 3193 3571 3242 καὶ
3599 3189 3692 3242 τοῦ
3731 3193 4022 3262 Ἱερισσοῦ,

755 3278 877 3329 καθ’
899 3245 1139 3345 ⁷ἡλικίαν
1171 3273 1447 3342 διάφοροι,
1489 3245 1588 3323 οὑκ
1632 3245 1816 3332 αὑτὸς-
1839 3262 2019 3332 οὗτος,
2053 3272 2132 3331 είς
2178 3270 2342 3339 μέσον
2369 3245 2412 3304 c
2446 3273 2524 3325 ἔτι
2635 3245 2729 3327 καὶ
2754 3274 2850 3327 τοῦ
2886 3245 3183 3345 ίερωτάτου
3219 3245 3622 3349 μητροπολίτου
3649 3245 4021 3339 Αἵνουιέκεϊσέ

756 3366 1162 3439 παραληφθεὶς.
1218 3366 1396 3416 συν“εἰ
1439 3364 1534 3415 καὶ
1570 3364 1795 3429 συνάγει
1835 3362 1931 3424 τὰς
1965 3363 2208 3424 διανοίας
2245 3362 2341 3414 αὑ-

753 3463 859 3513 τῶν
891 3461 982 3512 καὶ
1023 3461 1100 3512 είς
1138 3457 1230 3525 τὴν
1260 3457 1432 3517 οὕτως
1466 3455 1558 3506 τοῦ
1587 3455 1754 3506 καλού
1791 3455 1921 3522 μίαν
1953 3454 2153 3520 γνῶσιν
2184 3456 2336 3520 ἐνοῖ;

752 3555 913 3606 παντί
946 3569 1048 3604 που
1109 3550 1268 3618 δῆλον
1299 3566 1309 3578 ·
1349 3552 1442 3600 καὶ
1486 3551 1591 3616 γαρ
1639 3547 1828 3615 ῶσπερ
1884 3548 1980 3609 τὰς
2015 3547 2214 3608 πολλὰς
2245 3549 2339 3600 καὶ

748 3645 1042 3712 διαφόρους
1078 3642 1331 3710 γνώμας,
1366 3642 1440 3703 ὡς
1475 3640 1713 3708 ἔφημεν,
1743 3643 1776 3709 ή
1803 3640 1993 3707 ἀγάπη
2027 3642 2120 3691 καὶ
2150 3641 2182 3708 ή
2213 3640 2341 3708 ὀμό-

750 3746 870 3789 νοια
905 3735 1033 3804 μίαν
1084 3735 1175 3784 καὶ
1211 3731 1389 3798 ἁπλῆν
1435 3730 1620 3798 σχεδὸν
1659 3728 2072 3798 ἀπεργάζεται,
2106 3728 2197 3780 τὸν
2238 3729 2338 3781 αὑ-

748 3831 839 3881 τὸν
872 3829 1044 3896 δήπου
1082 3826 1285 3896 τρόπον
1323 3824 1417 3875 καὶ
1455 3826 1488 3894 ή
1520 3823 1709 3884 στάσις
1737 3823 1829 3875 καὶ
1879 3822 1940 3874 τὸ
1977 3823 2073 3890 τῆς
2110 3822 2338 3892 γνώμης

751 3923 1061 3990 φιλόνεικον
1090 3919 1158 3970 τὰ
1181 3918 1316 3979 τέως
1348 3916 1610 3985 ἡνωμένα
1645 3916 1983 3984 κατατέμνει
2019 3915 2111 3967 καὶ
2133 3916 2334 3986 διασπᾷ

752 4017 848 4068 καὶ
901 4014 1085 4075 κακῶς
1115 4013 1353 4079 διαιρείο
1388 4010 1542 4062 ἐνθεν
1589 4027 1673 4062 τοι
1730 4010 1823 4062 καὶ
1869 4009 2056 4077 ἡμεῖς,
2088 4008 2187 4079 τὴν
2238 4007 2337 4078 τῆς

746 4106 1142 4175 οἱκουμενικῆς
1185 4102 1518 4171 Ἐκκλησίας
1547 4101 1889 4171 προστασίαν
1915 4101 2338 4169 ἐγκεχειρισμέ-

746 4221 827 4255 νοι
860 4201 1011 4271 παρά
1052 4197 1209 4262 Θεοῦ,
1243 4197 1333 4250 διὰ
1386 4195 1670 4264 φροντίδος
1723 4192 2029 4262 ποιούμεθα
2061 4193 2121 4244 τὸ
2165 4192 2336 4262 ἐμμέο

746 4314 861 4349 νειν
889 4295 944 4346 ἐν
976 4293 1190 4353 τούτοις
1219 4288 1592 4359 ἀπαραϐάτως
1612 4287 1738 4348 τοὺς
1773 4289 1830 4338 ἐν
1859 4288 1976 4348 ταῖς
2004 4287 2333 4356 σεϐασμίαις

748 4389 943 4456 μιιναίς
976 4385 1086 4438 τῶν
1119 4380 1428 4452 ἑκασταχοῦ
1463 4380 1660 4450 χωρῶν
1692 4397 1749 4431 τε
1776 4382 1869 4432 καὶ
1903 4382 2129 4442 πόλεων,
2168 4381 2247 4432 ἔτι
2279 4381 2335 4433 δὲ

745 4481 888 4548 ὀρῶν
945 4478 1325 4543 ἀσκουμένους
1385 4478 1481 4526 καὶ
1535 4475 1636 4542 τὴν
1690 4473 1996 4543 μοναχικὴν
2056 4475 2336 4528 πολιτείαν

2446 3369 2568 3420 τότε
2597 3368 2917 3437 εὑρεθέντος
2953 3372 3043 3424 διά
3073 3389 3193 3425 τινα
3227 3378 3434 3444 χρείαν,
3470 3380 3563 3429 καλ
3597 3379 3808 3436 πολλῶν
3846 3382 4023 3449 λόγων

2446 3460 2781 3528 κινηθέντων
2819 3464 2953 3534 παρ’
2980 3467 3311 3534 ἀμφοτέρων
3336 3472 3446 3520 τῶν
3482 3471 3665 3541 μερῶν
3702 3475 3796 3526 καὶ
3822 3475 4024 3543 πολλῆς

2443 3553 2788 3622 διασκέψεως
2817 3559 3116 3627 γενομένης
3158 3563 3292 3629 μετά
3319 3564 3416 3631 τῆς
3448 3570 3831 3636 προσηκούσης
3860 3585 4024 3623 πνευ-

2445 3647 2686 3715 ματικῆς
2721 3648 3011 3718 ἀκριϐείας
3045 3655 3135 3704 καὶ
3186 3659 3577 3725 συντηρήσεως
3617 3662 3770 3730 παρά
3804 3663 3910 3714 τῶν
3943 3666 4021 3714 εί-

2447 3739 2699 3807 ρημένων
2749 3740 3080 3804 ἀξιοπίστων
3130 3745 3466 3814 προσώπων,
3507 3750 3732 3820 ἐτάχθη,
3790 3755 3885 3805 καὶ
3930 3773 4020 3806 πε-

2446 3833 2633 3901 ριέστη
2687 3834 3005 3903 ἐγγράφως,
3054 3837 3142 3888 ἵνα
3177 3840 3476 3909 κατέχηται
3527 3845 3618 3896 καὶ
3667 3844 3935 3916 ψάλληται
3990 3851 4021 3915 ἡ

2443 3926 2707 3996 καθολικὴ
2747 3929 3014 3999 ἐκκλησία
3048 3931 3141 4001 τῆς
3178 3933 3477 4002 εἰρημένης
3526 3938 3697 4005 μονῆς
3733 3945 3882 4006 παρά
3912 3939 4022 3994 τῶν

2445 4021 2695 4088 μοναχῶν
2743 4018 3054 4090 Ῥωμαίων,
3092 4027 3150 4076 οὑ
3186 4027 3349 4094 μόνον
3382 4028 3524 4080 κατά
3560 4029 3793 4099 ἀριθμὸν
3821 4033 4022 4098 ὑπερε-

2441 4110 2669 4178 χόντων,
2706 4111 2842 4164 ἀλλά
2870 4113 2962 4164 καὶ
2993 4115 3071 4175 είς
3101 4118 3207 4167 πᾶν
3236 4117 3399 4184 ἔργον
3431 4123 3806 4188 πνευματικὶν
3841 4122 4021 4189 μυρίῳ

2440 4201 2517 4269 τῷ
2553 4203 2704 4272 μέσῳ
2755 4205 3178 4281 ὑπερνικώντων
3221 4212 3346 4269 τοὺς
3398 4211 3626 4280 Ἴϐηρας
3681 4215 3777 4266 καὶ
3817 4217 4017 4279 ἱκανῶς

2441 4297 2675 4362 ἐχόντων
2723 4298 3127 4369 ἀποδιδόναιτῇ
3167 4301 3396 4374 τοιαύτῃ
3433 4305 3700 4376 ἐκκλησία
3735 4307 3833 4376 τὴν
3885 4311 4022 4378 πρέ-

2440 4402 2649 4438 πουσαν
2707 4393 2959 4458 μοναχοίς
2992 4391 3255 4460 ἀνδράσιν
3293 4395 3592 4462 εὐκοσμίαν
3640 4415 3695 4448 τε
3727 4401 3819 4451 καὶ
3854 4403 4023 4454 κατά-

2442 4495 2658 4542 στασιν,
2694 4481 3053 4550 ἀρκουμένων
3091 4484 3198 4535 τῶν
3231 4489 3483 4556 μοναχῶν
3537 4489 3779 4558 Ιϐήρων,
3806 4495 4021 4564 εὐαριθ-

742 4575 1033 4634 ὀδεύοντας
1065 4572 1282 4624 πάντων
1316 4572 1380 4622 ἐκ
1428 4569 1600 4635 μέσου
1633 4572 1938 4634 γεγονότων
1984 4568 2091 4624 τῶν
2127 4570 2328 4636 μεταξὺ
2361 4592 2410 4651 D
2443 4572 2628 4639 μήτων
2659 4571 2828 4625 ὄντων
2882 4573 2971 4626 διά
3011 4575 3108 4644 τὴν
3140 4576 3430 4647 ὀλιγότητα
3479 4582 3659 4633 αὐτῶν
3706 4584 3794 4634 καὶ
3826 4586 4021 4638 ἀνεπι..

745 4666 1063 4720 σκανδάλων
1092 4665 1187 4715 καὶ
1222 4663 1489 4714 στάσεων.
1528 4660 1616 4727 Τῷ
1651 4661 1794 4728 λόγῳ
1825 4661 1959 4728 τῷδε
1998 4663 2221 4723 σκοπὸς,
2255 4662 2330 4725 ώς

743 4760 851 4823 πρό
902 4773 1045 4817 τινος
1076 4756 1177 4825 ἤδη
1213 4753 1410 4821 καιροῦ
1461 4752 1761 4820 φθάνουσιν
1790 4754 1839 4803 οι
1872 4753 1928 4803 ἐν
1976 4756 2041 4822 τῇ
2076 4755 2218 4804 κατά
2271 4754 2332 4804 τὸ

744 4849 936 4914 ’Ἄγιον
975 4847 1139 4915 Ὄρος
1178 4844 1272 4896 τοῦ
1308 4843 1457 4896 ’Λθω
1493 4844 1819 4913 διακειμένη
1877 4843 2156 4914 σεϐασμίᾳ
2193 4847 2328 4914 μονῇ

738 4942 847 4994 τῶν
890 4939 1116 5008 Ἰϐήρων
1145 4937 1476 5004 ἀσκούμενοι
1512 4940 1740 5005 μοναχοὶ
1793 4937 2122 5004 κινήσαντες
2163 4938 2328 4988 διενέ-

738 5035 849 5098 ξεις
893 5033 1014 5103 μετ’
1047 5031 1297 5099 ἀλλήλων
1347 5031 1475 5098 περί
1514 5047 1570 5081 τε
1625 5031 1724 5098 τῆς
1764 5029 2062 5099 καθολικῆς
2101 5033 2325 5100 Ἐκκλη-

740 5129 860 5189 σίας
893 5128 992 5197 τῆς
1033 5124 1295 5194 τοιαύτης
1328 5125 1498 5194 μονῆς
1533 5124 1629 5176 καὶ
1663 5125 1792 5194 περί
1821 5142 1985 5178 τινων
2034 5127 2208 5190 άλλως
2250 5131 2329 5190 είς

737 5221 970 5284 ἀταξίαν
1029 5220 1122 5271 καὶ
1157 5220 1433 5287 ἀκοσμίαν
1485 5217 1818 5288 ἀφορώντων
1864 5220 2057 5288 αὐτῆς,
2105 5220 2182 5283 ὡς
2220 5221 2329 5274 τῶν

747 5315 980 5383 Ἰϐήρων
1006 5312 1068 5363 ἐκ
1095 5329 1150 5363 τε
1180 5310 1279 5378 τῆς
1311 5309 1576 5378 συνήθους
1612 5311 1744 5378 περὶ
1772 5311 1838 5363 1'1
1881 5312 2024 5364 καλα
2059 5313 2327 5380 ἀμελείας

736 5409 831 5479 κα).
866 5409 961 5474 τῆς
1008 5407 1328 5479 ὀλιγότητος
1365 5404 1574 5457 τούτων
1611 5407 1706 5457 καί
1744 5407 2182 5474 ἀνεπιστημὼου
2209 5410 2328 5460 ἐπιο

733 5502 961 5563 στασίας
996 5499 1468 5569 ἀντιποιουμένων
1498 5499 1596 5568 μέν
1626 5500 1723 5566 τῆς
1761 5499 1988 5552 καθόλου
2019 5500 2195 5570 ἀρχῆς
2226 5502 2324 5570 τῆς

738 5597 906 5666 μονῆς
937 5595 1031 5647 καὶ
1063 5593 1159 5647 τοῦ
1191 5593 1532 5664 δηλωθέντος
1578 5591 1725 5645 θείου
1759 5593 1910 5659 ναοῦ,
1955 5594 2108 5647 οὐδὲν
2138 5599 2326 5662 μέντοι

729 5691 971 5761 ἐχόντων
1005 5689 1192 5743 ἱκανὸν
1224 5690 1284 5741 ἐν
1313 5689 1450 5758 αὐτῇ
1476 5686 1908 5757 διαπράξασθαι,
1940 5688 2056 5741 ἀλλ’
2087 5692 2166 5752 είς
2194 5708 2327 5744 παν-

725 5785 853 5854 τελῆ
894 5785 1184 5856 ἐρήμωσιν
1230 5782 1578 5851 βουλομένων
1614 5781 1822 5850 ταύτην
1874 5781 2192 5852 ἀπαγαγεῖν
2237 5785 2325 5837 διὰ

723 5878 782 5930 τὸ
819 5877 1125 5949 κεκλῆσθαι
1158 5876 1258 5947 τὴν
1313 5877 1482 5948 μονὴν
1515 5875 1723 5946 ταύτην
1771 5874 1830 5925 τὸ
1889 5878 2043 5928 κενὸν
2079 5879 2174 5928 καὶ
2215 5879 2321 5946 μάο

2440 4665 2747 4734 στημόνων,
2781 4665 2858 4728 ῶς
2916 4669 3154 4737 εἴρηται,
3188 4672 3266 4732 είς
3311 4671 3410 4740 τὴν
3462 4675 3657 4740 ἐτέραν
3712 4677 3810 4745 τῆς
3850 4681 4019 4746 μονῆς

2438 4757 2759 4825 ἐκκλησίαν.
2796 4759 2936 4828 Πρὸς
2971 4761 3184 4823 τούτοις
3230 4762 3532 4833 διεγνὼσθη
3579 4767 3669 4817 καὶ
3703 4768 4016 4840 ἀπετάχθη,

2438 4847 2580 4903 εἶναι
2623 4852 2713 4903 τόν
2744 4869 2802 4904 τε
2841 4855 3144 4922 ἡγούμενον
3183 4860 3274 4907 καὶ
3320 4858 3412 4908 τὸν
3446 4857 3856 4928 ἑκκλησιάρχην
3906 4868 4016 4914 ἀπὸ

2436 4943 2545 4995 τῶν
2575 4945 2631 4994 ἐν
2664 4945 2800 5013 αὑτῇ
2847 4947 3100 5014 μοναχῶν
3142 4947 3433 5013 Ῥωμαίων
3464 4952 3590 5012 τοὺς
3617 4954 4018 5021 προκριθέντας

2435 5036 2620 5099 ἀξίους
2657 5039 2749 5091 καὶ
2788 5041 3097 5100 πρέποντας
3121 5042 3229 5099 τοῖς
3258 5039 3526 5104 τοιούτοις
3557 5043 4013 5116 λειτουργήμασι,

2434 5126 2534 5187 τὰς
2575 5128 2757 5195 μέντοι
2795 5129 2903 5180 τῶν
2953 5129 3130 5183 ἀλλων
3180 5130 3606 5200 διακονημάτων
3649 5134 3822 5204 ἀρχάς
3875 5131 4015 5190 εἶναι

2434 5219 2623 5283 κοινὰς
2683 5221 2779 5274 καὶ
2834 5221 3050 5292 Ἴϐηρσι
3113 5223 3205 5276 καὶ
3260 5224 3576 5294 Ῥωμαίοις,
3635 5228 4017 5296 φροντίζουσιν

2435 5311 2712 5381 ἐπιμελῶς
2737 5312 2835 5381 τῆς
2870 5314 2962 5367 ἐπ)⁸
2991 5315 3050 5366 τὸ
3075 5317 3324 5385 κρεῖττον
3359 5321 3674 5381 συστάσεως
3705 5321 3802 5374 καὶ
3830 5322 4016 5374 ἐπιδό-

2435 5421 2571 5465 σεως
2616 5405 2714 5473 τῆς
2745 5407 3006 5474 τοιαύτης
3048 5410 3238 5477 μονῆς,
3285 5409 3407 5461 κατ’
3444 5411 3679 5479 ἐκλογὴν
3718 5415 4017 5484 γινομένης

2433 5499 2529 5565 τῆς
2559 5497 2866 5567 ὑπηρεσίας
2901 5499 3011 5551 τῶν
3043 5501 3306 5553 τοιούτων
3337 5503 3775 5574 διακονημάτων,
3815 5513 3906 5559 καὶ
3937 5510 4015 5576 μὴ

2432 5593 2812 5661 ἀδοκιμάστως
2837 5596 2952 5655 καὶ,
2978 5595 3051 5658 ὼς
3073 5593 3282 5664 ἔτυχεν,
3307 5597 3684 5666 ἀπραγμόνως
3708 5598 4016 5654 διακεῖσθαι

2430 5688 2496 5737 τα
2528 5686 2622 5753 τῆς
2657 5686 2848 5755 μονῆς.
2892 5687 3019 5740 Ἐπὶ
3044 5687 3174 5755 γοῦν
3202 5692 3266 5760 τῇ
3295 5690 3522 5761 τοιαύτῃ
3553 5693 3887 5747 καταστάσει
3921 5693 4017 5746 καὶ

2430 5781 2719 5846 διλγνώσει
2773 5782 3070 5851 ἐπορίσατο
3127 5785 3217 5834 καὶ
3275 5784 3473 5836 σεπτὸν
3533 5785 3868 5853 πρόσταγμα
3919 5785 4013 5839 τοῦ

2433 5879 2725 5948 κρατίττου
2779 5879 2870 5929 καὶ
2906 5877 3062 5945 ἁγίου
3104 5895 3204 5946 μου
3247 5879 3675 5950 αὐτοκράτορος,
3716 5880 4018 5948 ἐπικυροῦν
