4430 6454
765 422 909 486 1359

1557 428 1898 487 LALLISTI
1943 428 2038 488 ET
2085 427 2514 488 PHILOTHEI
2551 428 2663 488 (ΖΡ.
2704 422 3168 488 PATRIARCII.

3867 401 4004 485 1380

769 540 866 609 λὴν
899 540 994 592 τοῦ
1024 537 1360 599 κωλύσοντος
1410 538 1667 607 ἐρημίαν,
1703 540 1739 593 ἃ
1777 541 1837 592 οὐ
1869 541 2031 607 θέμις
2067 541 2145 610 μή
2173 541 2334 608 μόνον
2363 545 2407 600 Α
2435 541 2650 609 ἔχοντος
2674 542 2766 595 καὶ
2806 539 3069 593 τῶνκατὰ
3087 537 3188 606 τήν
3206 536 3373 605 μονήν
3393 533 3786 606 τήνδιόρθωσιν
3807 535 4002 591 λαθόν-

769 630 1044 699 μοναχοῖς,
1100 629 1214 680 ἀλλ’
1255 629 1375 681 οὐδέ
1432 630 1644 691 λαῖκοῖς
1683 633 1778 683 καὶ
1808 631 2034 697 φαύλοις
2082 633 2331 700 ἀνδράσι,

764 720 863 787 τῆς
898 720 1054 787 ήμῶν
1099 720 1454 788 μετριότητος
1491 720 1568 790 μή
1609 720 1840 790 ἐχούσης
1873 721 2058 774 ἁδειαν
2103 722 2334 790 ἐρευνᾷν

764 811 864 862 καὶ
893 809 1170 872 ἐξετάζειν
1219 809 1286 861 τά
1318 808 1564 862 τοιαῦτα.
1593 811 1653 862 EI
1702 809 1748 863 δ’
1775 813 1804 863 ό
1843 811 1943 878 τῆς
1991 812 2336 864 Κωνσταντι-

761 899 1069 960 νουπόλειως
1104 897 1504 966 πατριαρχικὺς
1537 896 1750 966 θρόνος,
1797 897 1894 950 ἁτε
1921 897 1986 968 δή
2028 899 2334 967 οίκουμενιο

763 999 856 1051 κὸς
879 991 978 1052 ὢν,
1005 991 1299 1065 προνόμιιον
1321 990 1558 1041 ἐκπαλαι
1583 989 1845 1058 κέκτηται
1869 989 2018 1059 παρά
2039 989 2146 1042 τῶν
2173 989 2341 1051 θείων

764 1079 856 1130 καὶ
892 1077 1053 1145 ιερῶν
1085 1078 1328 1130 κανόνων
1361 1078 1440 1139 είς
1469 1077 1569 1139 τὰς
1605 1076 1910 1146 ἑκασταχοῦ
1936 1078 2037 1146 τῆς
2077 1079 2334 1146 οίκουμέ-

762 1188 859 1232 νης
886 1169 1205 1236 ἐκκλησίας,
1237 1169 1302 1220 τά
1332 1169 1796 1236 παρεμπίπτοντα
1826 1170 1886 1222 ἐν
1910 1170 2106 1231 αὐταῖς
2133 1167 2326 1236 ἐκκλη-

743 1260 1020 1311 -σιαστικά
1067 1261 1340 1326 ἀναγκαῖα
1373 1259 1669 1328 ζητήματα
1701 1243 2002 1330 διερευνᾷᾶ
2026 1260 2120 1312 καὶ
2148 1258 2337 1324 ἐξετά-

760 1353 895 1414 ζειν,
948 1351 1128 1419 πολλῷ
1189 1350 1390 1420 μᾶλλον
1435 1350 1671 1403 ἐνταῦθα
1718 1352 1777 1402 ἐν
1826 1352 1891 1418 τῇ
1925 1350 2105 1419 οίκεία
2161 1349 2333 1419 ταύτῃ

766 1443 1152 1510 μεγαλοπόλει,
1186 1444 1244 1493 ιν
1333 1442 1653 1510 ἐστήρικται
1676 1441 1856 1510 κρίσει
1881 1441 2018 1494 Θεοῦ
2052 1440 2146 1494 καὶ
2166 1440 2335 1511 ψήφῳ

765 1535 1019 1602 βασιλικῇ
1055 1535 1082 1585 6
1116 1532 1358 1595 τοιοῦτος
1411 1531 1812 1601 πατριαρχικδς
1861 1530 2070 1599 θρόνος.
2112 1531 2254 1584 Ἀλλ’
2299 1534 2334 1602 ή

763 1626 1055 1694 μετριότης
1101 1627 1131 1693 ή
1145 1624 1260 1691 μῶν
1296 1625 1388 1676 καὶ
1421 1621 1565 1675 οὔτω
1607 1620 1834 1684 δικαίως
1863 1621 1958 1674 τοῦ
2008 1623 2336 1691 πράγματος

760 1717 999 1786 ἔχοντος,
1041 1715 1128 1768 διὰ
1172 1715 1269 1783 τήν
1301 1713 1399 1778 τῆς
1436 1714 1534 1783 σῆς
1589 1714 1886 1781 ἁγιότητος
1914 1713 2136 1782 ἀγάπην
2174 1731 2335 1767 πνευο

764 1808 1002 1878 ματικὴν
1027 1805 1123 1859 καὶ
1153 1805 1335 1874 φιλίαν
1362 1804 1521 1874 ἔμενε
1547 1803 1811 1857 σιωπῶσα
1844 1805 1935 1856 ἐπὶ
1961 1803 2214 1857 τοσοῦτον
2239 1805 2333 1856 καὶ

763 1862 1036 1970 μηδεμίαν
1075 1862 1305 1968 ἐρεύναν
1337 1862 1682 1965 ποιησαμένη
1720 1895 1814 1947 ἐπὶ
1845 1895 1910 1962 τῇ
1941 1895 2168 1964 τοιαύτῃ
2198 1897 2332 1964 μονῇ
2365 1862 2412 1921 Β

761 1995 842 2054 εἰς
873 1993 1202 2060 συντήρησιν
1226 1989 1322 2042 καὶ
1351 1989 1650 2057 ἀσφάλειαν
1679 1985 1918 2056 ψυχικήν
1944 1986 2052 2038 τῶν
2075 1987 2336 2038 ἐνασκου-

765 2086 944 2154 μένων
975 2083 1111 2152 αὐτῇ
1141 2081 1414 2152 μοναχῶν,
1449 2080 1625 2134 καίτοι
1650 2095 1712 2146 γε
1740 2078 2012 2148 προδήλου
2039 2077 2131 2130 τοῦ
2159 2079 2332 2148 πράγ-

764 2191 932 2244 ματος
963 2175 1135 2236 ὄντος,
1166 2171 1242 2235 ὡς
1298 2171 1360 2222 οὐ
1397 2171 1540 2224 κατά
1592 2172 1654 2223 τὸ
1689 2171 1978 2240 μοναχικδν
2013 2171 2335 2240 ἐπάγγελμα

763 2264 1139 2329 ποὶιτεύονται
1183 2264 1238 2314 οί
1287 2261 1573 2324 δοκοῦντες
1607 2261 1862 2331 προέχειν
1896 2261 2003 2314 τῶν
2032 2261 2232 2326 ἀλλων,
2260 2262 2335 2325 ὡς

761 2356 924 2425 δῆθεν
967 2356 1190 2423 μοναχοὶ
1237 2353 1332 2404 καὶ
1363 2351 1661 2420 ἱερωσύνης
1706 2347 1943 2416 ἀναξίως
1991 2350 2336 2420 ἐπειλημμέ-

763 2466 867 2510 νοι,
923 2449 1018 2499 καὶ
1071 2447 1175 2515 πρό
1205 2463 1266 2512 γε
1331 2445 1604 2498 πάντωνό
1651 2443 1900 2505 Ἀνανίας
1954 2445 1982 2496 6
2031 2441 2125 2496 τοῦ
2157 2442 2336 2512 Τύρου
2375 2488 2382 2496 .

759 2540 976 2610 ἀνεψιὸς
1019 2541 1112 2592 καὶ
1140 2539 1188 2592 οί
1238 2538 1555 2606 συμμύσται
1592 2538 1686 2590 καὶ
1719 2537 2076 2604 μυσταγωγοὶ
2117 2536 2335 2605 τούτου,

759 2632 911 2694 ὅστις
964 2631 1062 2682 καὶ
1095 2628 1188 2681 τοῦ
1238 2629 1418 2698 Τύρου
1459 2627 1694 2679 ἐνταῦθα
1739 2628 2137 2695 ἐπιδημοῦντος
2167 2628 2339 2692 ἀδεῶς

756 2723 825 2796 ἦν
853 2726 1108 2794 πράττων
1152 2722 1220 2775 τὰ
1244 2722 1444 2788 άτοπα,
1468 2723 1561 2775 καὶ
1593 2722 1704 2774 τῶν
1727 2721 1885 2774 θείων
1911 2722 2214 2792 ἁπτόμενος
2243 2721 2339 2780 καὶ

759 2818 1087 2886 ίερουργών,
1120 2809 1165 2868 ὦ
1194 2816 1316 2885 δίκη
1349 2817 1441 2866 καὶ
1468 2814 1626 2882 νόμοι
1653 2813 1789 2866 Θεοῦ
1815 2815 1827 2866 ί
1860 2814 2332 2883 άνερυθριάστως·

755 2911 831 2970 ὡς
870 2909 924 2960 δέ
974 2909 1002 2959 6
1037 2907 1217 2978 Τύρου
1270 2906 1460 2958 αὐτόθι
1516 2906 1861 2976 ἐπιδημήσας
1910 2907 2048 2975 πρὸς
2079 2905 2178 2976 τὴν
2236 2904 2336 2977 σὴν

755 3001 1043 3068 ἁγιότητα,
1076 2999 1262 3052 ἔπεισε
1296 2997 1473 3071 ταύτῃ
1521 2996 1931 3067 ἐγχειρίσασθαι
1963 2996 2063 3067 τὴν
2095 2998 2335 3066 ήγουμε-

752 3093 905 3144 νείαν
943 3090 1039 3159 τῆς
1071 3089 1336 3160 ῥηθείσης
1378 3088 1682 3156 σεδασμίας
1715 3089 1884 3157 μονῆς
1929 3085 2007 3155 τῷ
2040 3085 2336 3157 δηλωθέντι

2437 647 2569 692 των,
2601 630 2664 682 δν
2710 630 3030 699 ἐγράφομεν
3057 627 3260 698 τρόπον
3306 627 3402 678 καὶ
3433 623 3826 695 δηλοποιοῦμεν
3873 627 4004 696 ὑμῖν

2437 722 2533 774 καὶ
2561 716 2742 782 αὖθις,
2772 721 2833 772 τὸ
2855 719 2955 788 τῆς
2980 717 3288 786 ἁγιωσύνης
3309 717 3518 770 δίκαιον
3545 715 3887 786 συνετηρήθη
3909 716 4005 769 καὶ

2437 811 2824 878 περισώζεται,
2851 810 2948 863 καὶ
2973 810 3006 878 ή
3033 809 3168 877 μονή
3196 809 3344 860 ἐστιν
3369 808 3473 861 61:6
3492 808 3594 875 τήν
3615 807 3714 875 σήν
3739 807 4004 877 ἁγιότητα

2433 899 2512 961 ὡς
2539 901 2630 953 καὶ
2669 901 2937 969 πρότερον
2988 900 3446 969 ἁπαραποιήτως.
3490 898 3748 968 ¹Ἐιιρινεν
3795 898 3889 952 οῦν
3924 898 4006 951 δί⁸

2438 991 2661 1061 καιονή
2712 991 3007 1061 μετριότης
3060 990 3220 1059 ήμῶν
3249 987 3641 1060 παραδηλῶσαι
3685 988 3859 1042 ταῦτα
3911 990 4006 1042 καὶ

2437 1083 2574 1150 πρὸς
2597 1081 2694 1150 τὴν
2726 1083 2825 1150 σήν
2856 1082 3140 1150 ἁγιότητα,
3165 1080 3241 1144 ὡς
3277 1080 3346 1134 ἀν
3376 1079 3651 1150 γινώσκῃς
3683 1079 3744 1132 τδ
3772 1081 4006 1148 πρᾶγμα

2436 1173 2512 1236 ὡς
2539 1177 2780 1241 ἐγένετο,
2817 1175 3031 1243 μήποτε
3077 1175 3255 1237 άλλως
3285 1172 3553 1227 ἁκουσθέν
3599 1173 3877 1242 θορυϐήσῃ
3905 1172 4008 1240 τήν

2439 1264 2542 1335 σήν
2561 1264 2827 1334 ἀγιότητα
2852 1281 2869 1298 ο
2891 1265 2985 1318 καὶ
3007 1267 3115 1335 γάρ
3135 1267 3273 1334 ὅπερ
3297 1263 3488 1334 ἐμελλε
3509 1265 3756 1333 ποιήσειν
3776 1264 3809 1332 ή
3841 1263 4009 1331 ἁγιω-

2437 1355 2569 1424 σύνη
2590 1366 2700 1408 ’σου
2727 1358 2908 1426 χάριτι
2937 1356 3073 1409 Θεοῦ
3105 1357 3198 1408 ἐπὶ
3226 1358 3488 1417 τοιούτοις
3519 1354 3778 1422 ἀθέσμοις
3828 1353 4008 1421 πράγ-

2439 1463 2572 1516 μασι
2596 1447 2918 1515 γνωσθεῖσιν
2961 1446 3341 1516 ἀριδηλότατα,
3370 1445 3502 1498 αὐτὸ
3549 1442 3707 1497 τοῦτο
3735 1443 4006 1510 πεποίηκε

2436 1537 2534 1589 καὶ
2579 1538 2612 1605 ή
2650 1537 2941 1606 μετριότης
2991 1537 3170 1608 ήμῶν,
3221 1537 3319 1590 καὶ
3371 1535 3548 1605 χρεών
3605 1537 3723 1588 ἐστι
3768 1533 3872 1601 τήν
3908 1531 4008 1602 σὴν

2438 1627 2703 1698 ἁγιότητα
2763 1627 3271 1699 ὐπεραποδέεασθαι
3308 1626 3467 1679 τοῦτο
3511 1625 3587 1686 ὡς
3628 1625 3876 1693 θεοφιλές
3908 1625 4006 1676 καὶ

2436 1716 2808 1784 πνευματικὸν
2854 1717 3032 1787 ἐργον.
3093 1717 3346 1788 Ἐῥρωσο
3375 1755 3392 1778 ,
3430 1715 3699 1782 άγιὼτατε
3753 1715 4006 1780 δέσποτα,

2438 1805 2496 1856 ἐν
2552 1806 2741 1875 Κυρίῳ
2794 1807 3046 1876 ἀγαπητέ
3096 1808 3290 1876 ἀδελφέ
3331 1809 3428 1862 καὶ
3477 1806 3862 1875 συλλειτουργέ
3904 1807 4007 1876 τῆς

2440 1898 2472 1967 ή
2480 1897 2598 1966 μῶν
2628 1897 3004 1970 μετριότητος.

2439 2031 2679 2088 XXXIII.
2714 2033 2958 2100 Synodu
2987 2035 3243 2100 lramfer!
3274 2033 3666 2100 melropolitam
3702 2033 3928 2087 Βὶιεὶπεε
3955 2033 4009 2085 in

2510 2092 2843 2168 metroroli'm
2897 2106 3053 2159 ιοιὶιιε
3109 2092 3528 2171 ϋηρνουίαεήίω,
3585 2107 3900 2158 εοιιειίικειιε
3951 2110 4010 2155 αι

2511 2173 2748 2227 Ecclesia
2779 2174 3178 2240 Ungroolachic
3205 2175 3440 2244 subjecta
3469 2175 3538 2230 είι
3587 2173 3832 2230 Ecclesia
3871 2171 4011 2229 Con-

2507 2243 3016 2315 εισιιιὶηοροίίισιιω.

2509 2355 2552 2412 1.
2593 2355 2637 2429 1·
2684 2357 2745 2412 Ὀ
2779 2359 3166 2427 εὐγενέστατος
3200 2361 3375 2432 μέγας
3405 2359 3652 2430 βοῖϐόδας
3688 2359 3786 2413 καὶ
3812 2356 4008 2412 αὐθέν-

2438 2466 2539 2520 της
2571 2450 2752 2520 πάσης
2794 2450 3264 2520 Οὐγγροδλαχίας,
3301 2453 3362 2505 ἐν
3392 2451 3534 2522 ἁγίῳ
3573 2449 3852 2519 Πνεύματι
3882 2465 4016 2519 γνη-

2442 2543 2706 2602 σιώτατος
2737 2541 2850 2603 υίὸς
2876 2541 2975 2610 τῆς
3009 2540 3164 2610 ήμῶν
3201 2541 3576 2611 μετριότητος,
3619 2541 3725 2611 κῦρ
3765 2540 4016 2606 Ἀλέξαν-

2438 2631 2587 2700 δρος,
2623 2630 2727 2682 ὑπὸ
2757 2629 3004 2694 φιλοθέου
3041 2629 3265 2700 γνώμης
3299 2631 3659 2699 κεκινημένος
3687 2631 3781 2684 καὶ
3814 2629 4016 2698 πολλὴν

2439 2721 2848 2791 ἐνδεικνύμενος
2881 2722 2979 2792 τήν
3010 2721 3248 2792 στοργήν
3273 2723 3369 2777 καὶ
3396 2723 3678 2793 ὑποταγὴν
3707 2724 3801 2776 καὶ
3830 2722 4016 2775 εὐπεί-

2439 2810 2591 2864 θειαν
2619 2813 2696 2872 είς
2724 2812 2823 2882 τήν
2855 2814 3018 2879 ἁγίαν
3047 2813 3140 2865 τοῦ
3171 2811 3306 2866 Θεοῦ
3332 2813 3629 2885 καθολικὴν
3661 2816 3754 2868 καὶ
3783 2815 4014 2868 ἀποστο-

2437 2901 2594 2974 λικὴν
2645 2904 2992 2973 Ἐκκλησίαν,
3039 2905 3304 2976 ἐζήτησεν
3354 2907 3417 2960 οὐ
3473 2907 3634 2976 μόνον
3678 2907 3846 2970 ἁπαξ,
3879 2906 4017 2958 ἁλλά

2437 2995 2533 3048 καὶ
2567 2995 2827 3058 πολλάκις
2870 2997 2958 3048 διὰ
3001 2998 3346 3067 γραμμάτων
3377 2997 3544 3051 αὐτοῦ
3572 2998 3665 3051 καὶ
3693 2998 3889 3069 ἐδεήθη
3917 3000 4013 3065 τῆς

2438 3087 2596 3157 ήμῶν
2642 3088 2995 3157 μετριότητος
3043 3091 3138 3142 καὶ
3183 3090 3280 3156 τῆς
3328 3089 3459 3158 περὶ
3504 3090 3674 3161 αὐτήν
3719 3090 3869 3152 θείας
3921 3092 4014 3144 καὶ

764 3185 1008 3253 ’Δνανίμ
1047 3185 1141 3236 καὶ
1188 3183 1348 3234 ἔλασε
1379 3181 1586 3250 ταύτην
1616 3181 1711 3234 ἐπὶ
1748 3182 2102 3250 καταστροφῇ
2135 3179 2234 3248 τῆς
2259 3181 2335 3231 οί-
2362 3203 2404 3260 c
2442 3179 2596 3248 ίερᾶς
2638 3179 2877 3244 συνόδου,
2907 3179 2983 3242 ὡς
3011 3179 3078 3234 ἀν
3164 3181 3225 3232 1:6
3248 3180 3359 3235 ἀπὺ
3385 3180 3540 3234 τοῦδε
3571 3183 3666 3236 καὶ
3695 3183 3773 3245 είς
3801 3181 3863 3236 τὸ
3889 3180 4014 3250 ἐξῆς

751 3277 906 3336 κείας
933 3276 1138 3344 ψυχῆς,
1174 3273 1610 3344 ἁφροντιστήσας
1647 3269 1907 3335 καθάπαξ
1948 3271 2042 3322 καὶ
2075 3271 2212 3333 ὅλως
2233 3269 2328 3322 τοῦ

753 3370 926 3423 κακοῦ
961 3369 1202 3437 γεγονὼς
1235 3367 1330 3420 καὶ
1359 3368 1579 3421 ἀτόπων
1630 3366 1726 3420 καὶ
1757 3364 2006 3435 βεδήλων
2049 3364 2332 3417 ἁσωτειῶν

752 3460 1125 3528 ἐφαψάμενος,
1183 3459 1414 3526 ἁναίδην
1468 3458 1642 3528 πόρνῃ
1688 3456 1913 3524 γυναικὶ
1963 3453 2332 3523 συνηυνάζετο

750 3555 908 3615 ἁντὸς
957 3551 1049 3603 τοῦ
1091 3550 1306 3602 κελλίου
1345 3549 1516 3602 αὐτοῦ
1566 3548 1651 3617 ἐφ’
1685 3549 1838 3612 ὅλαις
1887 3548 2090 3617 δηλαδή
2143 3547 2334 3616 σχεδὸν

753 3645 872 3702 ταῖς
904 3639 1041 3705 νυξὶ,
1074 3638 1588 3707 κατασωτευόμενος
1618 3638 1736 3706 μετ’
1761 3638 1951 3706 αὐτῆς,
1978 3638 2334 3707 παράδειγμα

750 3735 951 3796 κακίας
984 3736 1097 3794 τοῖς
1150 3730 1509 3800 συμμύσταις
1547 3730 1736 3783 τούτου
1786 3729 2172 3800 προκείμενος.
2225 3729 2332 3782 Τοῦ

751 3827 883 3894 γοῦν
912 3823 1160 3877 τοιούτου
1188 3823 1547 3892 ἁτοπήματος
1584 3823 1810 3890 ἐκδήλου
1861 3822 2212 3874 παντάπασιν
2242 3839 2334 3891 γε·-

751 3917 976 3986 γονότος
995 3915 1090 3968 καὶ
1121 3915 1342 3967 πάντων
1370 3913 1768 3966 καταϐοώντων
1801 3916 1895 3967 καὶ
1918 3916 2148 3981 ἀνομίαν
2175 3915 2332 3968 τοῦτο

751 4011 815 4078 δή
841 4011 901 4062 τὸ
929 4009 1162 4078 πρᾶγμα
1191 4005 1682 4076 ἁποκαλούντων,ή
1717 4007 2006 4076 μετριότης
2028 4007 2185 4077 ήμῶν
2214 4007 2330 4072 ἐξε-

750 4102 908 4154 τάσει
933 4099 1101 4152 δοῦσα
1136 4098 1196 4149 τδ
1231 4098 1488 4168 πρᾶγμα,
1526 4096 1601 4160 ὣς
1641 4114 1704 4164 γε
1746 4099 1936 4169 ἐχρῆν,
1977 4092 2106 4168 εὗρε
2141 4099 2332 4152 τοῦτον

751 4194 856 4263 μιᾷ
878 4193 986 4244 τῶν
1017 4191 1226 4244 νυκτῶν
1257 4189 1716 4260 συγκοιμώμενον
1743 4192 1838 4244 καὶ
1869 4191 2332 4260 συνευναζόμενον

747 4289 811 4354 τῇ
845 4283 1149 4354 δηλωθείσῃ
1184 4283 1382 4352 πόρνη,
1434 4285 1529 4334 καὶ
1564 4282 1739 4344 οὕτως
1786 4283 1929 4336 ἐάλω
1959 4285 1986 4335 6
2018 4283 2331 4350 τρισάθλιος

749 4377 835 4429 ἐπ’
863 4376 1166 4446 αὐτοφώρῳ
1200 4377 1260 4427 τὸ
1289 4374 1390 4444 τῆς
1428 4375 1678 4443 πορνείας
1707 4369 1895 4443 αῐσχος
1927 4375 2332 4446 διαπραττόμε-

748 4487 835 4532 νος
861 4487 874 4499 ·
907 4469 1172 4538 ἐξήλασεν
1215 4467 1310 4520 οὖν
1359 4467 1552 4520 τοῦτον
1598 4467 1688 4520 διά
1734 4469 1908 4520 ταῦτα
1938 4468 2038 4536 τῆς
2086 4470 2330 4538 ήγουμε-

748 4566 920 4630 νείας,
971 4565 1204 4632 ἐπείπερ
1235 4564 1296 4615 οὐ
1352 4560 1513 4632 μόνον
1549 4563 1724 4624 αίτιος
1761 4560 1940 4631 ἐαυτῷ
1988 4563 2182 4629 γέγονε
2230 4561 2328 4630 τῆς

746 4654 1010 4723 τοιαύτης
1066 4653 1290 4715 κακίας,
1336 4651 1475 4704 ἀλλά
1519 4650 1615 4703 καὶ
1667 4649 1876 4719 ἑτέροις
1924 4649 2194 4719 μετέδωκε
2231 4649 2330 4716 τῆς

745 4748 956 4807 οἰκείας
983 4745 1162 4815 λύμης
1194 4745 1288 4798 καὶ
1314 4743 1554 4812 ψυχικῆς
1597 4741 1896 4805 ἀπωλείας,
1930 4741 2195 4811 σπήλαιον
2235 4741 2331 4811 λη-

751 4838 896 4892 οτῶν
931 4838 1030 4908 τήν
1073 4836 1244 4905 μονήν
1272 4836 1680 4904 ἐργασάμενος,
1715 4833 2134 4900 ἀποκατέστησε
2161 4831 2218 4884 δέ
2243 4831 2331 4885 διὰ

750 4930 1088 4998 συντήρησιν
1125 4925 1225 4994 μὲν
1273 4927 1368 4978 καὶ
1396 4925 1698 4987 ἀσφάλειαν
1743 4923 1854 4975 τῶν
1887 4925 1946 4975 ἐν
1977 4921 2117 4992 αὐτῇ
2163 4941 2330 4990 μονα-

742 5019 879 5088 χῶν,
918 5016 1224 5085 ἀναστολήν
1265 5013 1322 5066 δέ
1351 5013 1447 5066 καὶ⁵
1492 5011 1836 5081 ἁναχαίτισιν
1866 5008 1969 5077 τῆς
2009 5007 2105 5061 τοῦ
2152 5006 2328 5062 κακοῦ

746 5113 1040 5183 συνηθείας
1077 5110 1386 5182 ἡγούμενον
1422 5111 1481 5162 ἐν
1513 5107 1653 5176 αὐτῇ
1690 5105 1862 5176 ἀνδρα
1905 5102 2089 5172 τίμιον
2114 5103 2209 5157 καὶ
2237 5103 2332 5155 εὑο

745 5205 886 5275 λαδῆ
929 5205 1020 5256 καὶ
1072 5203 1330 5270 ἐνάρετον
1373 5196 1590 5267 ὁρισμῷ
1650 5196 1742 5248 καὶ
1792 5193 2014 5263 εὐδοκία
2049 5192 2327 5262 βασιλικῇ,

729 5299 892 5358 ’ὅστις
933 5294 1039 5348 61:6
1085 5292 1184 5360 τῆς
1217 5289 1447 5360 ἐνούσης
1496 5287 1650 5359 αὐτῷ
1697 5287 1899 5357 ἀρετῆς
1942 5285 2040 5338 καὶ
2071 5282 2164 5337 τοῦ
2198 5284 2336 5354 Χρι-

744 5388 874 5442 στοῦ
906 5385 1111 5455 τρόπου
1159 5383 1379 5452 καὶτῆς
1409 5382 1489 5443 είς
1524 5380 1594 5432 τὰ
1637 5378 1988 5448 πνευματικά
2014 5377 2332 5447 ἐπιστήμης

741 5461 994 5544 δύναται,
1051 5476 1280 5547 βοηθείᾳ⁴
1321 5475 1421 5545 μέν
1469 5472 1628 5539 Θεοῦ,
1681 5470 1965 5541 ἀντιλήψει
1999 5469 2056 5522 δέ
2091 5469 2182 5522 καὶ
2232 5470 2331 5539 τῆς

741 5577 1057 5646 ύπεράγνου
1114 5570 1416 5637 Δεσποίνης
1465 5569 1558 5621 καὶ
1607 5566 1974 5635 Θεομήτορος,
2005 5563 2105 5633 τήν
2162 5562 2330 5633 μονήν

741 5669 822 5730 είς
847 5667 906 5718 τὸ
933 5667 1185 5736 κρεῖττον
1209 5661 1306 5714 καὶ
1334 5659 1542 5730 βέλτιον
1567 5657 1849 5727 προάξειν,
1879 5657 2006 5716 τοὺς
2028 5652 2073 5707 δ’
2102 5655 2161 5705 ἐν
2189 5655 2328 5724 αὐτῇ

743 5757 1017 5829 μοναχοῦς
1073 5750 1591 5826 μετασκευάσασθαι
1645 5751 1740 5803 καὶ
1797 5748 2126 5818 μεταπεῖσαι
2191 5745 2328 5815 πρὸς

734 5851 943 5924 ἀρετήν
960 5849 1052 5903 καὶ
1071 5847 1359 5902 εὐλάϐειαν
1384 5861 1397 5875 ⁸
1435 5845 1576 5913 πλὴν
1594 5845 1687 5897 καὶ
1708 5841 1857 5904 οῦῖω
1886 5840 1978 5895 τοῦ
2001 5840 2328 5916 πράγματος

2437 3261 2594 3333 οὗτος
2641 3270 2736 3322 καὶ
2768 3271 2800 3339 ή
2837 3271 2984 3322 πᾶσα
3014 3270 3182 3323 αὐτοῦ
3228 3272 3554 3340 ἐπικράτεια
3586 3273 3682 3324 καὶ
3715 3272 3856 3342 ἀρχή
3907 3273 4013 3326 ὑπὸ

2434 3361 2536 3431 τήν
2568 3361 3032 3430 ἐκκλησιαστικὴν
3060 3363 3353 3431 ἀνάκρισιν
3401 3366 3496 3416 καὶ
3535 3363 3880 3436 διεξαγωγὴν
3911 3367 4012 3436 τῆς

2372 3445 2394 3466 ⁸
2436 3453 2559 3504 καθ’
2587 3455 2731 3520 ἡμᾶς
2755 3453 3066 3522 ἁγιωτάτης
3088 3453 3181 3505 τοῦ
3206 3453 3342 3506 Θεοῦ
3367 3454 3628 3526 Μεγάλης
3662 3455 4013 3528 Ἑκκλησίας,

2435 3545 2532 3598 καὶ
2578 3546 2798 3615 δέξηται
2831 3546 3115 3616 ἀρχιερέα,
3146 3547 3483 3617 χειροτονίαν
3525 3548 3658 3603 δντα
3706 3548 3806 3619 τῆς
3855 3548 4014 3618 ήμῶν

2437 3637 2798 3707 μετριότητος
2841 3637 2936 3689 καὶ
2977 3637 3057 3701 είς
3100 3638 3200 3708 τὴν
3250 3638 3400 3692 θείαν
3448 3639 3543 3693 καὶ
3599 3638 3751 3711 ίεράν
3795 3640 4013 3694 σύνοδον

2435 3734 2723 3798 τελοῦντα,
2743 3736 2838 3788 καὶ
2870 3735 2974 3808 ἔχῃ
3005 3736 3194 3790 τοῦτον
3222 3738 3298 3800 ὡς
3323 3739 3545 3806 γνήσιον
3571 3740 3804 3810 ποιμένα
3832 3743 4016 3812 πάσης

2434 3825 2881 3894 υύγγροδλαχίας
2907 3829 2985 3888 είς
3015 3826 3267 3895 εὐλογίαν
3298 3828 3392 3881 καὶ
3418 3830 3785 3899 πνευματικὸν
3811 3848 4016 3899 καταρ-

2433 3918 2627 3987 τισμὸν
2673 3918 2842 3971 αὐτοῦ
2888 3934 2948 3970 τε
2998 3918 3093 3970 καὶ
3140 3918 3250 3970 τῶν
3299 3919 3504 3973 παίδων
3551 3923 3645 3974 καὶ
3693 3923 3871 3992 πάσης
3915 3923 4015 3992 τῆς

2433 4010 2608 4080 ἀρχῆς
2639 4009 2827 4063 αὐτοῦ’
2871 4010 2951 4063 διὸ
2985 4010 3079 4062 καὶ
3117 4010 3221 4081 πρό
3271 4027 3415 4073 τινος
3446 4011 3550 4083 ήδη
3583 4011 3777 4081 καιροῦ
3811 4029 4014 4083 προσε-

2433 4102 2701 4153 καλέσατο
2745 4101 3116 4170 πλησιάζοντα
3160 4101 3310 4170 αύτῷ
3338 4101 3428 4154 τὸν
3473 4103 3768 4170 ίερώτατον
3815 4121 4015 4174 μητρο-

2433 4191 2662 4260 πολίτην
2685 4192 2956 4262 Βιτζίνης,
2987 4193 3310 4262 ύπέρτιμον,
3337 4193 3623 4263 ἀγαπητὸν
3646 4196 3789 4249 κατά
3815 4195 4016 4266 Κύριον

2434 4283 2662 4350 άδελφδν
2692 4285 2786 4335 καὶ
2834 4267 3249 4351 συλλειτουργὸν
3280 4282 3381 4351 τῆς
3430 4284 3590 4354 ήμῶν
3639 4287 4014 4355 μετριότητος,

2434 4373 2541 4445 κῦρ
2577 4373 2890 4437 Ὑάκινθον,
2923 4375 3014 4426 καὶ
3043 4373 3263 4438 ἐδέξατο
3307 4373 3688 4442 ἁσμενέστατα
3737 4376 3835 4446 τήν
3867 4378 4017 4431 εὐλο-

2434 4465 2561 4532 γίαν
2589 4463 2778 4528 αὐτοῦ,
2809 4463 2905 4517 καὶ
2935 4464 3108 4528 ἐδειξε
3141 4465 3275 4534 πρὸς
3299 4465 3463 4518 αὐτὸν
3491 4466 3592 4534 τὴν
3627 4467 4019 4538 προσήκουσαν

2358 4537 2410 4596 Ῐ)
2438 4556 2720 4625 ὑποταγὴν
2749 4557 2842 4609 καὶ
2889 4556 3199 4618 εὐλάδειαν,
3236 4558 3329 4610 καὶ
3362 4560 3593 4626 ἐζήτησε
3628 4560 3767 4626 μετά
3814 4559 4018 4628 πολλῆς

2433 4649 2859 4717 παρακλήσεως,
2900 4649 2987 4702 ἵνα
3011 4649 3154 4702 κατὰ
3186 4650 3286 4718 μέν
3321 4649 3382 4702 τὸ
3422 4651 3598 4720 παρὸν
3630 4655 3900 4722 μετατεθῇ
3930 4654 4015 4706 ὅδε

2430 4742 2457 4792 6
2493 4739 2789 4809 ίερώτατος
2834 4739 3236 4810 μητροπολίτης
3273 4740 3545 4811 Βιτζίνης,
3581 4742 3880 4807 ἀπόδεκτος
3912 4760 4019 4811 φα-

2432 4833 2543 4895 νεὶς
2579 4831 2722 4884 κατά
2750 4830 2887 4883 πολὺ
2919 4831 2997 4901 τῷ
3026 4832 3255 4901 τοιούτῳ
3291 4834 3515 4903 μεγάλῳ
3546 4833 3785 4905 βοῖῦόδᾳ,
3814 4839 3892 4897 είς
3921 4837 4018 4906 τὴν

2431 4924 2727 4994 ἐκκλησίαν
2760 4924 2945 4993 πάσης
2991 4925 3462 4996 Ούγγροδλαχίας,
3519 4929 3657 4996 μετὰ
3685 4927 3742 4980 δέ
3786 4928 4016 4980 θάνατον

2430 5013 2599 5069 αὐτοῦ
2628 5013 2692 5084 δὴ
2718 5012 2813 5066 τοῦ
2846 5011 3095 5082 Βιτζίνης
3131 5012 3439 5082 ψηφίζηται
3471 5013 3682 5084 ἐτερος,
3717 5015 3810 5067 καὶ
3840 5031 4018 5085 χειρο-

2432 5105 2756 5175 τονούμενος
2782 5105 2934 5175 παρὰ
2957 5105 3058 5171 τῆς
3087 5105 3210 5158 καθ’
3239 5106 3388 5174 ήμᾶς
3422 5106 3731 5175 ἁγιωτάτης
3763 5105 3858 5159 τοῦ
3881 5105 4015 5158 Θεοῦ

2433 5196 2692 5268 Μεγάλης
2737 5196 3065 5266 Ἐκκλησίας
3097 5197 3456 5267 ἐκπέμπηται
3488 5198 3667 5249 ἐκεῖσε
3698 5196 3774 5260 ὡς
3808 5198 4018 5267 ποιμήν

2432 5291 2528 5343 καὶ
2554 5288 2850 5358 ἀρχιερεὺς
2875 5289 3100 5357 γνήσιος
3133 5288 3315 5356 πάσης
3349 5285 3825 5357 Οὐγγροδλαχίας.
3863 5287 4018 5341 Ἐπεὶ

2433 5375 2526 5434 οῦν
2556 5380 2756 5450 ἐκρίθη
2780 5379 2933 5449 παρά
2959 5379 3058 5449 τῆς
3086 5380 3118 5449 ή
3128 5378 3247 5450 μῶν
3273 5381 3628 5450 μετριότητος
3650 5381 3744 5432 καὶ
3770 5378 3866 5450 τῆς
3888 5381 4018 5449 περὶ

2432 5474 2602 5543 αὐτὴν
2631 5473 2782 5534 θείας
2813 5471 3143 5542 όμηγύρεως
3170 5472 3278 5526 τῶν
3310 5473 3626 5543 ίερωτάτων
3653 5472 3954 5543 ἀρχιερέων
3982 5475 4016 5542 ή

2432 5567 2658 5636 τοιαύτη
2693 5566 2922 5637 ζήτησις
2957 5566 3052 5620 καὶ
3082 5566 3311 5631 ἀξίωσις
3355 5564 3450 5618 τοῦ
3492 5565 3885 5633 εὐγενεστάτου
3922 5581 4017 5632 με-

2431 5659 2602 5728 γάλου
2629 5658 2850 5730 βοῖὸόδα
2876 5661 2957 5724 είς
2987 5659 3200 5713 πολλῶν
3227 5658 3417 5729 ψυχῶν
3445 5659 3714 5728 ὠφέλειαν
3741 5659 3836 5712 καὶ
3856 5657 4019 5711 κατά-

2435 5768 2646 5815 στασιν,
2684 5754 2789 5816 πᾶς
2814 5753 2870 5806 δέ
2893 5754 2922 5804 6
2949 5753 3177 5824 κόσμος,
3207 5751 3392 5815 καθὼς
3415 5753 3476 5805 ἐν
3501 5755 3614 5814 τοῖς
3648 5751 3812 5821 ίεροῖς
3841 5750 4019 5817 Εὐαγ-

2433 5843 2631 5912 γελίοις
2695 5847 2722 5899 6
2782 5846 2990 5916 Κύριος
3053 5845 3395 5927 ἀπεφήνατο,
3470 5845 3602 5914 μιᾶς
3664 5842 3845 5913 ψυχῆς
3906 5842 4009 5895 οὐκ
