4334 6480
344 443 474 509 1361

1401 445 1792 506 SYNODICA‘.I
1821 443 2383 506 CONSl‘lTUTlON
2395 445 2502 503 ES.

3415 433 3550 494 I362

340 561 584 625 ἀντάξιος
617 560 720 620 ,καὶ
748 559 837 612 διά
879 558 970 612 τοῦ
1004 559 1280 627 προφήτου
1312 561 1340 614 6
1384 559 1593 626 ἐξάγων
1642 562 1790 626 ἀξιον
1836 560 1895 625 ἐξ
1931 566 1974 623 Α
2001 564 2222 630 ποιήτου
2252 564 2352 614 κάν
2381 561 2458 627 τῷ
2485 558 2610 626 ἐξῆς
2634 557 2719 610 ἀεὶ
2745 558 2919 624 χρόνῳ
2945 553 3043 620 τῆς
3072 551 3338 617 ἐνωμότου
3373 555 3550 616 ἀσφα-

341 649 584 714 ἀναξίου,
617 651 694 712 ὡς
731 649 902 714 στόμα
934 665 1035 718 μου
1068 649 1207 713 ἐστι,
1241 650 1423 718 μέλλει
1446 651 1502 702 δέ
1531 651 1638 702 ἀπὸ
1658 651 1755 718 τῆς
1783 667 1894 702 τοι·

342 736 511 805 αύτης
549 736 943 806 ἀρχιερατικῆς
990 736 1313 798 ἐπιστασίας
1361 735 1455 788 καὶ
1509 735 1834 802 ποιμανσίας
1867 738 1894 787 ό

340 830 398 880 ἐν
444 831 510 897 τῇ
562 828 824 897 είρημένῃ
872 829 1013 894 ἀρχῇ
1048 826 1142 878 καὶ
1192 826 1516 896 ἐπικρατείᾳ
1569 828 1746 894 πάσης
1796 825 1894 894 τῆς

343 916 636 986 είρημένης
673 917 1116 986 Οὑγγροὸλαχίας
1159 916 1543 985 εὑρισκόμενος
1581 915 1896 983 Χριστώνυ-

344 1023 446 1074 μος
473 1005 566 1058 τοῦ
599 1007 802 1074 Κυρίου
830 1006 956 1068 λαὸς
976 1006 1288 1074 όδηγεῖσθαι
1317 1008 1398 1068 είς
1421 1007 1766 1076 ἐκπλήρωσιν
1790 1009 1897 1059 τῶν

343 1099 626 1166 σωτηρίων
669 1096 764 1149 τοῦ
795 1098 1032 1163 Χριστοῦ
1069 1099 1299 1151 ἐντολῶν
1343 1099 1528 1167 μέλλει
1575 1100 1898 1166 εἰσηγουμέ-

342 1203 432 1238 νου
478 1186 574 1240 τοῦ
621 1187 925 1256 ἀρχιερέως
959 1190 1055 1240 καὶ
1106 1188 1513 1250 ἐκδιδάσκοντος
1563 1190 1760 1251 αὐτοὺς
1801 1189 1900 1257 τὴν

341 1276 435 1329 τοῦ
465 1277 795 1344 Εὐαγγελίου
828 1279 946 1330 όδδν
978 1279 1071 1331 καὶ
1102 1280 1435 1345 ἀφιστῶντος
1473 1283 1564 1332 καὶ
1601 1280 1900 1340 κωλύοντος

343 1366 451 1419 ἀπὸ
493 1367 603 1418 τῶν
648 1368 1110 1436 ἀπηγορευμένων
1149 1369 1327 1438 ἔργων
1359 1370 1456 1437 τῆς
1492 1369 1761 1438 ἁμαρτίας
1811 1368 1903 1433 κρῖ

346 1460 546 1520 παντὸς
573 1458 810 1526 ἐκφύλου
836 1460 929 1512 καὶ
953 1459 1233 1529 ἀλλοτρίου
1251 1460 1520 1527 δόγματος
1546 1461 1641 1527 τῆς
1679 1460 1904 1527 Ἐκκλη-

349 1550 473 1610 σίας
505 1548 769 1616 Χριστοῦ,
797 1549 874 1601 ἐτι
901 1548 956 1600 δέ
991 1550 1088 1602 καὶ
1117 1549 1214 1616 τῆς
1243 1550 1400 1618 ἡμῶν
1436 1550 1784 1618 μετριότητος
1818 1539 1904 1602 διὰ

345 1637 585 1705 σπουδῆς
630 1637 790 1689 τοῦτο
829 1638 1132 1706 μελλούσης
1175 1639 1261 1691 ἀεὶ
1309 1641 1484 1691 ποιεῖν
1532 1641 1626 1691 καὶ
1671 1639 1904 1707 γράφειν

345 1728 438 1779 καὶ
489 1726 761 1780 νουθετεῖν
814 1727 1009 1789 αὐτοὺς
1059 1730 1138 1790 είς
1193 1728 1424 1796 τήρησιν
1481 1729 1578 1796 τῆς
1632 1727 1904 1795 ἀσφαλοῦς

1996 656 2143 716 λείας
2184 654 2278 706 καὶ
2322 641 2663 718 ὑποσχέσεως
2694 645 2972 713 ἐγγράφου
3010 645 3089 705 εἰς
3135 644 3234 708 τὴν
3267 642 3427 708 ἀγίαν
3459 641 3553 692 τοῦ

1995 743 2235 813 Χριστοῦ
2261 740 2554 805 καθολικὴν
2584 738 2679 790 καὶ
2707 734 3068 800 ἀποστολικὴν
3103 732 3430 797 Ἐκκλησίαν
3463 732 3551 782 τοῦ

1997 833 2244 887 τοιούτου
2271 831 2658 897 εὐγενεστάτου
2692 827 2931 894 μεγάλου
2972 824 3184 892 βοῖόόδα
3217 826 3292 881 είς
3324 822 3381 874 τὺ
3416 818 3555 873 εἶναι

1997 926 2084 978 ἀεὶ
2113 923 2212 990 τὴν
2238 919 2533 986 ἐκκλησίαν
2556 918 2652 985 τῆς
2680 913 3126 983 Ούγγροόλαχίας
3159 911 3249 964 ὑπ’
3272 911 3439 977 αὐτὴν
3463 914 3556 960 καὶ

1997 1014 2247 1084 δέχεσθαι
2291 1012 2384 1063 ἀπ’
2435 1008 2604 1076 αὐτῆς
2657 1005 2921 1075 ἀρχιερέα
2972 1004 3212 1072 γνήσιονο
3254 1001 3392 1052 ὥστε
3447 1001 3557 1067 γάρ

2001 1104 2387 1174 συντηρεῖσθαι
2418 1103 2496 1162 είς
2525 1104 2588 1153 τὸ
2619 1101 2743 1168 ἑξῆς
2778 1098 2936 1149 τοῦτο
2979 1093 3428 1160 ἀκαινοτόμητον,
3468 1092 3559 1142 καὶ

2002 1197 2300 1266 βαρύτατον
2329 1193 2420 1244 καὶ
2448 1190 2722 1244 συνοδικὸν
2754 1185 3101 1256 (ἀφορισμὸν)
3131 1185 3392 1252 ῆπείλητο
3419 1182 3560 1232 κατά

2006 1287 2202 1347 παντὸς
2236 1284 2331 1337 τοῦ
2372 1281 2840 1351 βουληθητομένου
2874 1275 3159 1344 ἀκυρῶσαι
3190 1275 3344 1325 αὐτό·
3375 1271 3561 1335 ἐπειδὴ

2004 1376 2194 1428 τούτου
2225 1375 2412 1427 ἕνεκεν
2443 1374 2537 1426 καὶ
2577 1373 2611 1442 ὴ
2655 1370 2910 1438 παροῦσα
2947 1368 3201 1435 συνοδικὴ
3232 1363 3428 1433 πρᾶξις
3471 1379 3559 1428 γε-

2005 1470 2195 1536 γονυῖα
2238 1468 2314 1536 τῷ
2357 1466 2637 1534 εἰρημένῳ
2683 1462 3052 1532 μητροπολίτῃ
3107 1460 3288 1526 πάσης
3325 1458 3564 1522 Οὐγγρο-

2006 1560 2230 1629 σλαχίας
2280 1561 2372 1611 καὶ
2428 1557 2712 1625 ὑπερτίμῳ
2765 1557 2844 1615 είς
2898 1551 3197 1619 ἀσφάλειαν
3245 1548 3562 1603 ἐπιδέδοται,

2007 1651 2342 1704 ἀπολυθεῖσα
2392 1649 2535 1701 κατά
2574 1648 2716 1716 μῆνα
2767 1645 2934 1698 Μάῖον
2975 1645 3071 1710 τῆς
3107 1640 3462 1706 ἐνισταμένης
3501 1637 3568 1704 ιβ’

2012 1739 2107 1792 ίνδι
2144 1737 2236 1791 τοῦ
2261 1735 2442 1802 ,ςωξζ’
2472 1735 2646 1797 ἔτους,
2672 1736 2792 1802 ἥτις
2816 1733 2909 1785 καὶ
2937 1730 3298 1799 ὑπεσημάνθη
3325 1730 3390 1796 τῇ
3419 1727 3574 1780 αὐτο-

346 1817 504 1887 ήμῶν
556 1818 814 1878 πίστεως,
864 1818 998 1886 ὅπερ
1049 1818 1228 1887 ἀφορᾷ
1281 1819 1360 1880 είς
1418 1819 1620 1887 πολλὴν
1671 1819 1907 1888 ψυχικὴν
1942 1893 1971 1898 _
2010 1830 2177 1898 χείρφ
2207 1830 2392 1898 γραφῇ
2433 1827 2530 1893 τῆς
2559 1827 2714 1895 ἡμῶν
2749 1824 3118 1895 μετριότητος.

345 1908 612 1977 ὠφέλειαν
669 1908 868 1971 αὐτῶν,
922 1909 1066 1978 ὑπὲρ
1112 1902 1174 1961 οὗ
1231 1910 1375 1961 θείου
1434 1911 1757 1980 πράγματος
1809 1911 1907 1978 οὐχ
1942 1893 1982 1951 Β

350 2000 530 2063 ίκανδς
576 2000 749 2061 ὃλοςό
790 2000 1015 2068 κόσμος,
1065 2000 1142 2062 ὡς
1189 2001 1588 2054 ἀποδέδεικταιο
1642 2002 1732 2055 διά
1782 2002 1921 2069 γοῦν⁴

347 2094 518 2146 ταῦτα
552 2093 585 2162 ή
621 2092 913 2162 μετριότης
946 2093 1124 2171 ἡμῶν,
1150 2093 1660 2163 συνδιασκεψαμένη
1686 2094 1753 2146 τὰ
1786 2093 1915 2163 περὶ

348 2184 538 2238 τούτου
570 2186 636 2254 τῇ
669 2183 794 2251 περὶ
824 2184 992 2252 αὐτὴν
1024 2185 1142 2255 θεία
1167 2185 1440 2256 όμηγύρει
1472 2187 1578 2239 τῶν
1608 2187 1915 2257 ίερωτάτων

350 2276 674 2347 ἀρχιερέων,
699 2276 778 2346 τῷ
811 2274 1153 2344 Ἡρακλείας.
1234 2317 1248 2333 .
1330 2316 1343 2331 .
1420 2318 1437 2335 .
1516 2320 1530 2335 .
1610 2318 1625 2335 .
1706 2316 1723 2332 .
1801 2319 1818 2336 .
1897 2318 1912 2335 .

351 2458 471 2510 ἐπεὶ
494 2460 843 2526 ἀμεταθέτως
871 2461 1119 2531 ἐξέχεται
1147 2463 1226 2523 είς
1261 2463 1324 2516 τὸ
1374 2463 1740 2534 μετατεθῆναι
1767 2463 1917 2518 τόνδε

351 2551 440 2601 τὸν
467 2552 872 2620 μητροπολίτην
901 2553 1151 2625 Βιτζίνης
1188 2557 1216 2607 ό
1242 2553 1481 2620 τοιοῦτος
1523 2557 1695 2626 μέγας
1740 2555 1919 2625 βοῖϐό-

352 2641 448 2703 δας
488 2645 565 2706 είς
599 2644 690 2698 τὸν
722 2643 910 2714 θρόνον
953 2647 1132 2716 πάσης
1182 2648 1633 2719 Οὐγγροσλαχίας
1667 2649 1758 2702 καὶ⁵
1800 2649 1918 2702 ἐπι-

356 2732 619 2798 κρατείας
662 2735 753 2786 καὶ
785 2735 960 2803 ἀρχῆς
989 2735 1176 2798 αὑτοῦ,
1206 2739 1300 2790 καὶ
1347 2738 1489 2790 κατά
1525 2739 1586 2790 τὸ
1621 2738 1794 2807 παρὸν
1821 2740 1925 2813 οὐκ.

358 2823 437 2885 είς
479 2823 664 2893 ἐτερόν
714 2841 859 2885 τινα.
905 2826 1020 2879 ἀλλ’
1055 2829 1133 2889 είς
1177 2828 1339 2881 αὐτὸν
1383 2829 1484 2898 τὴν
1531 2829 1920 2900 ἀρχιερατικὴν

358 2915 559 2984 ταύτην
583 2918 920 2986 προστασίαν
947 2920 1084 2987 μετά
1105 2919 1303 2988 πολλῆς
1331 2921 1484 2990 ζητεῖ
1505 2922 1918 2992 παρακλήσεως,

358 3004 786 3075 ὑπισχνούμενος
810 3007 992 3061 δοῦναι
1023 3009 1292 3078 ἐνώμοτον
1320 3011 1413 3063 καὶ
1444 3011 1718 3081 ἔγγραφον
1749 3012 1926 3081 ἀσφά-

358 3096 530 3154 λειαν.
555 3097 649 3150 ίνα
678 3098 804 3167 τελῇ
834 3100 894 3152 τὸ
925 3099 1032 3152 ἀπὸ
1056 3099 1209 3153 τοῦδε
1242 3102 1334 3155 καὶ
1361 3104 1440 3164 είς
1464 3103 1523 3155 τὸ
1552 3104 1698 3173 ἑξῆς,
1731 3104 1922 3174 μέχρις

360 3188 425 3240 ἂν
462 3191 777 3242 συνίσταται
811 3196 840 3258 ἡ
872 3192 1129 3246 αὐθεντία
1164 3195 1258 3246 καὶ
1304 3196 1445 3266 ἀρχὴ
1475 3196 1662 3262 αὑτοῦ,
1696 3198 1728 3265 ή
1772 3198 1923 3265 είρη-

363 3282 499 3350 μένη
530 3283 679 3334 πᾶσα
711 3247 1148 3352 Οὑγγροὸλαχία,
1176 3285 1279 3356 ὑπὸ
1312 3247 1408 3356 τὲίᾷ
1755 3247 1924 3356 ἀγίιό-
1950 3247 1994 3304 c

359 3375 529 3444 τάτην
579 3375 674 3428 τοῦ
735 3375 868 3429 Θεοῦ
914 3378 1177 3447 Μεγάλην
1246 3381 1574 3449 Ἐκκλησίαν
1639 3385 1778 3434 κατά
1833 3382 1923 3435 τὸν

362 3469 857 3538 ἀναγεγραμμένον
904 3471 1127 3539 τρόπον·
1167 3471 1434 3543 μετέθηκε
1485 3473 1670 3526 τοῦτον
1722 3475 1785 3543 δὴ
1835 3476 1926 3527 τὸν

363 3559 615 3628 Βιτζίνης
643 3560 675 3628 ή
721 3560 1011 3629 μετριότης
1041 3560 1200 3629 ήμῶν
1232 3561 1424 3630 γνώμῃ
1458 3564 1552 3616 καὶ
1589 3561 1807 3632 εὐδοκία
1833 3559 1925 3614 τοῦ

365 3649 631 3717 κραταιοῦ
679 3651 774 3702 καὶ
810 3651 968 3718 ἀγίου
1017 3668 1118 3720 μου
1161 3653 1582 3723 αὐτοκράτορος,
1628 3652 1722 3706 τοῦ
1771 3655 1927 3708 πάντῗ

363 3742 590 3809 ἀρίστου
637 3742 730 3793 καὶ
784 3743 1168 3810 ἀπαραμίλλου
1220 3745 1285 3812 τῇ
1340 3741 1433 3794 τοῦ
1485 3743 1648 3813 ῆθους
1698 3746 1788 3796 καὶ
1822 3744 1928 3796 τῶν

362 3832 581 3900 τρόπων
607 3831 939 3901 χρηστότητί
961 3850 1020 3886 τε
1051 3833 1145 3886 καὶ
1176 3833 1499 3903 γαληνότητι
1525 3835 1615 3885 καὶ
1644 3835 1703 3887 τὸ
1725 3833 1931 3887 δίκαιον

346 3927 424 3976 ’ἐν
461 3922 633 3976 ἀπασι
663 3920 990 3993 βουλομένου
1031 3926 1255 3994 κρατεῖν
1303 3925 1396 3977 καὶ
1434 3924 1929 3995 παρρησιάζεσθαι,

366 4017 446 4078 είς
467 4017 557 4068 τὸν
587 4015 773 4086 θρόνον
811 4017 993 4086 πάσης
1034 4018 1499 4089 Οὐγγροδλαχίας.
1528 4018 1718 4072 Ἔσται
1758 4018 1934 4072 τοίνυν

365 4111 427 4161 τὸ
457 4109 563 4162 ἀπὸ
591 4107 746 4161 τοῦδε
793 4111 886 4161 καὶ
917 4111 995 4172 είς
1021 4110 1113 4162 τὸν
1143 4110 1269 4179 ἐξῆς
1304 4111 1520 4164 ἅπαντα
1549 4111 1742 4179 χρόνον
1771 4113 1798 4164 ό
1842 4110 1934 4180 δη-

366 4202 562 4264 λωθεὶς
598 4201 892 4271 ίερὼτατος
942 4202 1342 4272 μητροπολίτης
1375 4203 1553 4271 πάσης
1588 4201 1935 4272 Οὐγγροὸλα-

368 4293 515 4363 χίας,
570 4293 892 4364 ὑπέρτιμος,
941 4293 1226 4361 ἀγαπητὸς
1272 4297 1415 4347 κατά
1463 4294 1667 4364 Κύριον
1713 4292 1937 4363 ἀδελφὸς

369 4387 527 4457 ήμῶν
556 4388 652 4440 καὶ
682 4388 1118 4458 συλλειτουργὸς,
1148 4388 1339 4458 ὥσπερ
1371 4388 1465 4441 τοῦ
1500 4388 1691 4458 θρόνου
1736 4387 1939 4457 ταύτης

371 4481 466 4534 καὶ
496 4479 590 4533 τοῦ
617 4482 900 4549 ὀνόματος,
933 4480 1076 4534 οὕτω
1109 4481 1353 4551 μετέχων
1391 4481 1484 4534 καὶ
1517 4479 1805 4546 ἀπολαύων
1845 4480 1938 4531 καὶ

2084 2009 2151 2063 ll.
2193 2009 2232 2078 τ
2269 2006 2639 2074 Εὑγενέστατε
2665 2044 2681 2066 ,
2763 2003 3094 2057 συνετώτατε
3120 2039 3136 2062 ,
3207 1998 3575 2067 ἀνδρικώτατε

2018 2099 2159 2167 μέγα
2193 2096 2405 2167 βοῖϐόδα
2442 2096 2536 2148 καὶ
2589 2092 2825 2147 αὐθέντα
2872 2093 3053 2159 πάσης
3107 2087 3575 2158 Οὐγγροδλαχίας,

2015 2183 2073 2236 ἐν
2104 2184 2245 2252 ἁγίῳ
2281 2184 2560 2252 Πνεύματι
2585 2180 2950 2249 γνησιώτατε.
2986 2180 3332 2231 ποθεινότατε
3365 2178 3448 2229 υἱὲ
3483 2178 3579 2245 τῆς

2017 2277 2171 2348 ήμῶν
2231 2275 2604 2346 μετριότητος,
2665 2275 2768 2342 κῦρ
2830 2272 3167 2342 Ἀλέξανδρε,
3222 2271 3429 2337 ὑγίειαν
3488 2269 3579 2319 καὶ

2018 2368 2283 2436 εὐθυμίαν
2322 2368 2520 2438 ψυχῆς,
2553 2366 2803 2434 σώματός
2832 2382 2888 2416 τε
2927 2364 3091 2435 ρὦιν
3129 2365 3218 2415 καὶ
3244 2361 3455 2425 εὐεξίαν
3487 2358 3582 2411 καὶ

2019 2461 2127 2512 πᾶν
2169 2461 2196 2512 ὃ
2227 2478 2274 2513 τι
2327 2459 2531 2526 ἀγαθὸν
2563 2459 2659 2511 καὶ
2691 2459 2974 2525 σωτήριον,
3014 2455 3298 2523 ἐπεύχεται
3333 2456 3398 2520 τῇ
3437 2454 3583 2502 ἀντι-

2019 2550 2176 2619 λήψει
2213 2568 2307 2604 σου
2342 2551 2372 2619 ἡ
2412 2551 2701 2618 μετριότης
2739 2544 2907 2617 ’ἡμῶν
2937 2547 3046 2600 ἀπὸ
3087 2547 3221 2598 Θεοῦ
3271 2543 3583 2610 παντοκρά-

2019 2660 2195 2712 τορος.
2242 2642 2375 2695 Ἀπὸ
2402 2641 2509 2694 τῶν
2542 2641 2885 2710 γραμμάτιον
2919 2639 3017 2707 τῆς
3051 2639 3147 2705 σῆς
3179 2635 3455 2704 εὐγενείας
3487 2636 3582 2688 καὶ

2020 2737 2128 2791 τῶν
2157 2736 2442 2806 προτέρων
2475 2733 2568 2785 καὶ
2596 2733 2702 2786 τῶν
2739 2732 2981 2799 ὑστέρων
3013 2731 3307 2798 ἐγνώρισεν
3340 2727 3584 2795 ἀκριόῶς

2023 2831 2056 2900 ὴ
2089 2830 2374 2899 μετριότης
2407 2828 2581 2897 ἡμῶν,
2621 2827 2719 2879 ὅσα
2764 2826 2952 2896 ἐδήλου
3000 2827 3032 2894 ή
3073 2824 3316 2890 εὐγένειά
3354 2839 3469 2882 σου,
3498 2823 3590 2873 καὶ⁹

2023 2920 2317 2984 ἀπεδέξατο
2357 2921 2496 2974 κατά
2533 2920 2667 2973 πολὺ
2715 2922 2810 2974 καὶ
2853 2920 3081 2990 ἐπῄνεσε
3132 2919 3228 2987 τὴν
3276 2917 3592 2970 εὐπείθειαν

2030 3013 2125 3065 καὶ
2154 3011 2431 3082 ὑποταγὴν
2464 3014 2559 3064 καὶ
2586 3012 2819 3083 στοργήν
2849 3014 2942 3063 καί⁵
2971 3013 3212 3078 ἀγάπην,
3246 3010 3312 3077 ἢν
3341 3009 3479 3076 ἔχεις
3511 3010 3591 3067 εἷς

2024 3103 2123 3172 τὴν
2159 3103 2320 3170 ἁγίαν
2344 3102 2439 3156 τοῦ
2475 3103 2712 3174 Χριστοῦ
2758 3102 3051 3172 καθολικὴν
3094 3107 3184 3154 καὶ
3225 3098 3591 3164 ἀποστολικὴν

2039 3196 2386 3267 Ἐκκλησίαν,
2416 3198 2537 3266 ῆτις
2562 3199 2709 3250 ἐστὶν
2739 3198 2772 3266 ἡ
2801 3196 2951 3264 πηγὴ
2975 3196 3066 3248 καὶ
3092 3196 3125 3263 ἠ
3162 3195 3286 3264 ῥίζα
3316 3193 3411 3261 τῆς
3438 3192 3595 3243 εὐσε-

2028 3288 2179 3352 ϐείας
2201 3290 2292 3341 καὶ
2321 3289 2381 3341 τὸ
2410 3291 2687 3358 στήριγμα
2719 3290 2813 3342 καὶ
2842 3291 2871 3343 ό
2920 3287 3168 3357 θεμέλιος
3204 3285 3299 3339 τοῦ
3342 3285 3598 3354 Χριστια-

2028 3377 2245 3447 νισμοῦ,
2279 3380 2371 3432 καὶ
2402 3377 2655 3447 μάλιστα,
2681 3379 2762 3431 ὅτι
2792 3377 2974 3447 ζητεῖς
3003 3363 3109 3431 ἀπὸ
3135 3375 3312 3445 ψυχῆς
3334 3375 3598 3445 ἀρχιερέα

2028 3473 2122 3525 καὶ
2155 3473 2390 3537 ποιμένα
2419 3473 2510 3523 καὶ
2542 3470 2863 3524 διδάσκαλον
2893 3469 2986 3523 τοῦ
3020 3470 3186 3522 τόπου
3217 3468 3309 3520 καὶ
3347 3471 3443 3535 τῆς
3481 3469 3598 3517 ἐπι-

2029 3562 2288 3629 κρατείας
2319 3565 2418 3631 τῆς
2447 3561 2724 3630 εὐγενείας
2769 3579 2882 3623 σου,
2912 3560 3251 3631 χειροτονίαν
3292 3560 3389 3628 τῆς
3437 3558 3598 3625 ἁγίας

2029 3650 2124 3703 τοῦ
2174 3650 2308 3704 Θεοῦ
2365 3651 2662 3720 καθολικῆς
2713 3655 2806 3703 καὶ
2837 3652 3202 3719 ἀποστολικῆς
3243 3650 3595 3718 Ἐκκλησίας,

2030 3743 2104 3805 ὡς
2139 3743 2254 3805 υἱὸς
2305 3743 2478 3805 αὐτῆς
2514 3745 2735 3811 γνήσιος
2772 3745 2867 3796 καὶ
2908 3743 3187 3813 εὐπειθὴς,
3231 3742 3413 3804 καθώς
3451 3744 3598 3793 ἐστιν

2031 3832 2380 3902 ὀφειλόμενον
2409 3834 2570 3886 παντὶ
2600 3834 2910 3904 βουλομένῳ
2941 3834 3157 3902 θερμῶς
3184 3835 3278 3886 καὶ
3308 3834 3444 3902 μετά
3472 3833 3599 3884 εἱλι-

2034 3925 2254 3994 κρινοῦς
2304 3927 2540 3990 πίστεως
2587 3925 2839 3996 δέχεσθαι
2878 3925 2977 3994 τὴν
3012 3926 3293 3978 εὐσέϐειαν
3329 3927 3422 3979 καὶ
3470 3926 3605 3977 duro.-

2035 4017 2330 4087 τρέπεσθαι
2354 4019 2452 4081 τάς
2480 4034 2536 4070 τε
2562 4019 3041 4088 παρασυναγωγάς
3065 4018 3159 4070 καὶ
3184 4018 3250 4068 τά
3276 4016 3479 4083 ἔκφυλα
3513 4017 3604 4066 καὶ

2036 4109 2292 4179 ἀλλότρια
2341 4110 2605 4178 δόγματα.
2661 4110 2813 4162 Ἐπεὶ
2864 4106 2978 4171 οὖν,
3037 4110 3112 4172 ὡς
3168 4111 3406 4178 εἴρηται,
3466 4110 3605 4174 μετά

2038 4201 2239 4270 πολλῆς
2267 4202 2534 4271 ἀποδοχῆς
2568 4203 2660 4254 καὶ
2693 4201 2926 4268 ὀρέξεως
2957 4204 3111 4274 ζητεῖ
3139 4205 3170 4272 ή
3202 4204 3451 4271 εὐγένειά
3489 4221 3606 4267 σου,

2041 4293 2128 4347 ἴνα
2159 4293 2256 4365 ἔχῃ
2282 4295 2470 4347 αὐτόθι
2500 4295 2760 4365 ἀρχιερέα
2788 4294 2886 4360 τῆς
2916 4295 3046 4364 περὶ
3072 4293 3169 4365 τὴν
3200 4295 3356 4365 ήμῶν
3391 4299 3611 4366 μετριό-

2039 4402 2177 4456 τητα
2212 4386 2363 4448 θείας
2393 4386 2486 4438 καὶ
2519 4387 2672 4456 ίερᾶς
2702 4386 2922 4438 συνόδου
2951 4387 3048 4456 τῆς
3080 4387 3342 4455 Μεγάλης
3385 4388 3615 4458 Ἐκκλη-

2044 4479 2186 4541 σὶας,
2223 4479 2316 4531 καὶ
2345 4476 2438 4529 νῦν
2473 4476 2570 4546 μὲν
2594 4477 2690 4530 ’τὸν
2724 4476 3014 4546 ίερώτατον
3069 4479 3488 4548 μητροπολίτην,
3527 4479 3616 4530 Βι-

369 4574 468 4632 τῆς
518 4569 614 4622 τοῦ
667 4568 815 4640 ίεροῦ
866 4569 1162 4639 συνθρόνου
1221 4569 1677 4639 ἐγκαθιδρύσεως,
1728 4569 1823 4622 άτε
1875 4567 1938 4639 δὴ
1973 4567 2251 4651 οτζίνης,
2289 4567 2921 4638 ὐπέρτιμον,ἀγαπητὸν
2953 4567 3095 4620 κατά
3140 4569 3343 4640 Κύριον
3387 4569 3618 4636 ἀδελφὴν

371 4664 594 4732 γνήσιος
623 4662 916 4732 ἀρχιερεὺς
942 4662 1029 4719 διά
1059 4662 1158 4732 τῆς
1190 4663 1409 4732 χάριτος
1442 4661 1534 4715 τοῦ
1566 4661 1700 4714 Θεοῦ
1732 4663 1942 4715 ἀποκα-

372 4755 577 4816 ταστάς
629 4753 728 4822 τῆς
784 4753 1122 4824 δηλωθείσης
1182 4754 1499 4822 ἁγιωτάτης
1557 4754 1944 4823 μητροπόλεως

373 4844 824 4914 Οὐγγροϐλαχίας
869 4845 1009 4897 κατά
1051 4844 1149 4914 τὴν
1181 4844 1646 4914 ἐκκλησιαστικὴν
1684 4843 1840 4908 τάξιν
1888 4860 1946 4896 τε

376 4938 469 4989 καὶ
494 4936 866 5002 ὑποτύπωσιν,
889 4938 1244 5004 ἀναγνώστας
1264 4953 1322 4989 τε
1345 4934 1659 5006 σφραγίζων
1683 4936 1745 4988 ἐκ
1767 4935 1946 5002 πάσης

373 5029 474 5099 τῆς
520 5030 786 5099 ἐπαρχίας
819 5030 912 5083 καὶ
947 5029 1163 5098 ἐνορίας
1209 5028 1375 5083 αὑτοῦ
1421 5030 1515 5081 καὶ
1563 5028 1949 5090 ὑποδιακόνους

376 5124 469 5175 καὶ
507 5123 788 5184 διακόνους
821 5121 1174 5191 προδιδάζων
1205 5123 1297 5176 καὶ
1330 5121 1738 5192 πρεσϐυτέρους
1773 5137 1950 5189 χειρο-

378 5215 569 5278 τονῶν,
607 5214 1003 5282 ἐπιλαϐόμενός
1029 5231 1087 5266 τε
1118 5214 1210 5267 καὶ
1239 5217 1457 5267 πάντων
1488 5213 1597 5265 τῶν
1625 5212 1948 5284 ὀθενδήποτε

376 5308 746 5376 διαφερόντων
777 5306 951 5378 ταύτῃ
975 5307 1220 5359 δικαίων·
1250 5306 1373 5359 ὅθεν
1401 5307 1703 5372 ὀφείλουσιν
1729 5306 1780 5356 οἵ
1805 5320 1864 5354 τε
1892 5304 1951 5353 ἐν

379 5402 517 5471 αὐτῇ
554 5400 809 5468 κληρικοὶ⁵
841 5400 932 5452 καὶ
963 5400 1011 5451 οί
1056 5398 1204 5452 ἄλλοι
1243 5399 1554 5468 ίερωμένοι,
1597 5398 1818 5468 μοναχοὶ
1857 5396 1954 5449 καὶ

378 5494 581 5557 λαῖκοὶ,
616 5492 866 5545 ὑπείκειν
911 5491 1006 5542 καὶ
1054 5491 1451 5543 ὑποτάττεσθαι
1482 5490 1677 5560 τούτῳ,
1725 5490 1824 5541 ὅσα
1859 5489 1954 5542 καὶ

381 5587 589 5653 γνησίῳ
638 5585 818 5636 αὐτῶν
871 5583 1092 5651 ποιμένι
1139 5582 1232 5635 καὶ
1281 5584 1447 5648 πατρὶ
1483 5585 1578 5634 καὶ
1624 5582 1950 5651 διδασκάλῳ.

381 5675 478 5728 καὶ
507 5674 756 5746 δέχεσθαι
785 5674 1080 5744 προθύμως
1109 5675 1204 5727 καὶ
1229 5673 1606 5743 ἀποπληροῦν,
1637 5675 1736 5726 ὅσα
1770 5673 1954 5742 μέλλει

382 5770 560 5831 λέγειν
595 5771 690 5822 καὶ
716 5773 1004 5838 παραινεῖν
1033 5772 1127 5822 καὶ
1171 5769 1512 5822 ἐκδιδάσκειν
1556 5769 1776 5832 αὐτοὺς,
1823 5769 1955 5835 ἀφι-

385 5865 567 5932 ρῶντα
599 5865 676 5925 εἰς
704 5861 940 5931 ψυχικὴν
974 5860 1333 5930 λυσιτέλειαν,
1364 5861 1705 5933 τηρουμένης
1738 5861 1953 5930 ἀπαρα-

2046 4660 2144 4728 τῆς
2201 4659 2362 4728 ήμῶν
2423 4659 2779 4729 μετριότητος
2849 4662 2944 4713 καὶ
3011 4660 3441 4730 συλλειτουργδν,
3513 4663 3619 4731 κῦρ

2056 4752 2366 4818 Ὑάκινθον,
2407 4753 2545 4822 μετά
2590 4752 2647 4805 δέ
2669 4746 3025 4824 ,παρέλευσιν
3054 4752 3242 4816 αὐτοῦ,
3279 4753 3337 4805 δν
3366 4754 3431 4806 ἂν
3463 4754 3620 4807 ἐκλέ-

2049 4844 2204 4915 ξηται
2234 4845 2328 4898 καὶ
2367 4845 2729 4918 χειροτονήσῖὶ
2757 4844 2924 4916 ψήφῳ
2961 4845 3215 4916 συνοδικῇ
3252 4847 3285 4916 ἦ
3322 4846 3444 4899 καθ’
3473 4849 3623 4916 ἡμΞῖ

2050 4939 2330 5006 ἀγιωτάτη
2356 4937 2448 4992 τοῦ
2475 4939 2610 4992 Θεοῦ
2636 4940 2865 5007 Μεγάλη
2896 4939 3214 5007 Ἐκκλησία,
3246 4942 3338 4992 καὶ
3365 4940 3624 5012 ἐκπέμψῃ

2051 5032 2188 5101 πρὸς
2218 5031 2317 5101 τὴν
2345 5029 2625 5098 εὐγένειάν
2664 5047 2758 5083 σου
2796 5031 2892 5084 καὶ
2919 5030 3056 5100 πρὸς
3083 5031 3182 5101 τὴν
3223 5031 3408 5084 αὐτόθι
3441 5034 3624 5084 πᾶσαν

2049 5124 2223 5192 ἀρχὴν
2254 5125 2347 5175 καὶ
2375 5124 2729 5192 ἐπικράτειαν
2763 5122 2924 5176 αὑτοῦ
2966 5126 3230 5194 ἀρχιερέα
3253 5127 3496 5194 γνήσιον,
3531 5127 3626 5176 καὶ

2052 5215 2134 5267 ὅτι
2164 5214 2578 5268 διαδεῦαιοῦται
2607 5216 2643 5285 ή
2670 5215 2921 5282 εὐγένειά
2954 5232 3048 5268 σου
3083 5216 3321 5284 ἐνόρκως
3362 5218 3456 5268 καὶ
3486 5220 3626 5286 μετά

2054 5306 2256 5374 πολλῆς
2291 5307 2616 5375 ἀσφαλείας,
2641 5308 2725 5361 ὅτι
2748 5310 2842 5361 καὶ
2875 5310 3011 5375 μετὰ
3037 5309 3270 5362 θάνατον
3301 5309 3467 5361 αὑτοῦ
3502 5310 3630 5377 μὲλ-

2055 5397 2134 5450 λει
2163 5394 2302 5451 εἶναι
2352 5399 2511 5451 τοῦτο
2544 5401 2961 5470 ἀπαραποίητον
3013 5403 3109 5453 καὶ
3162 5401 3501 5471 ἀμετάθετον
3551 5403 3631 5462 εἰς

2055 5491 2178 5553 τοὺς
2210 5490 2582 5562 κληρονόμους
2623 5493 2714 5546 καὶ
2745 5493 3022 5562 διαδόχους
3052 5492 3226 5562 αὐτῆς
3254 5494 3334 5555 είς
3373 5495 3434 5545 τὸ
3465 5480 3630 5562 μηδέ-

2057 5599 2187 5636 ποτε
2234 5584 2459 5653 θελῆσαι
2490 5584 2752 5650 δέξασθαι
2801 5586 2997 5648 αὐτοὺς
3029 5586 3292 5656 ἀρχιερέα
3337 5585 3628 5654 ἐτέρωθεν,

2059 5678 2163 5730 κᾶν
2191 5674 2303 5741 οἷος
2330 5678 2439 5749 ἀρα
2469 5680 2563 5732 καὶ
2591 5679 2761 5745 ἔστιν,
2797 5682 2843 5731 εἰ
2887 5679 2962 5749 μὴ
3008 5680 3345 5750 χειροτονίαν
3376 5680 3468 5731 καὶ
3497 5678 3633 5731 ἀπο-

2062 5771 2256 5839 στολὴν
2286 5773 2383 5840 τῆς
2410 5772 2531 5825 καθ’
2560 5774 2704 5841 ἡμᾶς
2739 5773 3051 5842 ἁγιωτάτης
3085 5771 3178 5824 τοῦ
3205 5771 3340 5824 Θεοῦ
3372 5771 3631 5840 Μεγάλης

2074 5864 2422 5932 Ἐκκλησίας.
2449 5865 2547 5918 Διά
2575 5864 2706 5932 γοῦν
2738 5866 2906 5918 ταῦτα
2941 5867 3118 5920 πάντα
3150 5867 3241 5918 καὶ
3286 5864 3517 5934 μάλιστα
3545 5865 3635 5918 διὰ
