  <div class='ocr_page' id='page_1' title='image "/cluster/home/n/w/nwhite01/storage/ocr_20150623/152/nnc1.0046980377/691.png"; bbox 0 0 4430 6454; ppageno 0'>
   <div class='ocr_carea' id='block_1_1' title="bbox 807 374 945 439">
    <p class='ocr_par' dir='ltr' id='par_1_1' title="bbox 807 374 945 439">
     <span class='ocr_line' id='line_1_1' title="bbox 807 374 945 439; baseline 0.022 -3"><span class='ocrx_word' id='word_1_1' title='bbox 807 374 945 439; x_wconf 82' lang='lat'>1363</span> 
     </span>
    </p>
   </div>
   <div class='ocr_carea' id='block_1_2' title="bbox 1580 386 3190 463">
    <p class='ocr_par' dir='ltr' id='par_1_2' title="bbox 1580 386 3190 463">
     <span class='ocr_line' id='line_1_2' title="bbox 1580 386 3190 463; baseline 0.013 -21"><span class='ocrx_word' id='word_1_2' title='bbox 1580 386 1924 448; x_wconf 78' lang='lat' dir='ltr'>CALLISTI</span> <span class='ocrx_word' id='word_1_3' title='bbox 1966 390 2064 451; x_wconf 87' lang='lat' dir='ltr'>ET</span> <span class='ocrx_word' id='word_1_4' title='bbox 2108 392 2533 455; x_wconf 78' lang='lat' dir='ltr'>PHILOTHEI</span> <span class='ocrx_word' id='word_1_5' title='bbox 2574 398 2686 460; x_wconf 76' lang='grc' dir='ltr'>ΟΡ.</span> <span class='ocrx_word' id='word_1_6' title='bbox 2727 400 3190 463; x_wconf 76' lang='lat' dir='ltr'>PATRIARCII.</span> 
     </span>
    </p>
   </div>
   <div class='ocr_carea' id='block_1_3' title="bbox 3894 391 4028 477">
    <p class='ocr_par' dir='ltr' id='par_1_3' title="bbox 3894 391 4028 477">
     <span class='ocr_line' id='line_1_3' title="bbox 3894 391 4028 477; baseline 0.045 -6"><span class='ocrx_word' id='word_1_7' title='bbox 3894 391 4028 477; x_wconf 64' lang='lat'>1364</span> 
     </span>
    </p>
   </div>
   <div class='ocr_carea' id='block_1_4' title="bbox 800 497 4030 597">
    <p class='ocr_par' dir='ltr' id='par_1_4' title="bbox 800 497 4030 597">
     <span class='ocr_line' id='line_1_4' title="bbox 800 497 4030 597; baseline 0.01 -48"><span class='ocrx_word' id='word_1_8' title='bbox 800 499 861 597; x_wconf 75' lang='grc' dir='ltr'>τὸ</span> <span class='ocrx_word' id='word_1_9' title='bbox 891 497 1054 597; x_wconf 37' lang='grc' dir='ltr'>,ἔχειν</span> <span class='ocrx_word' id='word_1_10' title='bbox 1106 500 1212 597; x_wconf 40' lang='grc' dir='ltr'>τήν.</span> <span class='ocrx_word' id='word_1_11' title='bbox 1255 501 1538 597; x_wconf 72' lang='grc' dir='ltr'>εὐγένειάν</span> <span class='ocrx_word' id='word_1_12' title='bbox 1585 522 1680 597; x_wconf 76' lang='grc' dir='ltr'>σου</span> <span class='ocrx_word' id='word_1_13' title='bbox 1730 509 1978 578; x_wconf 76' lang='grc' dir='ltr'>καθαράν</span> <span class='ocrx_word' id='word_1_14' title='bbox 2024 512 2239 567; x_wconf 78' lang='grc' dir='ltr'>εὐνοιαν</span> <span class='ocrx_word' id='word_1_15' title='bbox 2268 518 2361 567; x_wconf 69' lang='grc' dir='ltr'>καὶ</span> <span class='ocrx_word' id='word_1_16' title='bbox 2398 526 2436 581; x_wconf 75' lang='grc' dir='ltr'><strong>Α</strong></span> <span class='ocrx_word' id='word_1_17' title='bbox 2475 532 2597 582; x_wconf 92' lang='grc' dir='ltr'>μον,</span> <span class='ocrx_word' id='word_1_18' title='bbox 2632 518 2763 583; x_wconf 79' lang='grc' dir='ltr'>ὑγιᾶ</span> <span class='ocrx_word' id='word_1_19' title='bbox 2808 521 2903 572; x_wconf 72' lang='grc' dir='ltr'>καὶ</span> <span class='ocrx_word' id='word_1_20' title='bbox 2935 521 3215 587; x_wconf 74' lang='grc' dir='ltr'>ἀνωτέραν</span> <span class='ocrx_word' id='word_1_21' title='bbox 3262 523 3461 586; x_wconf 67' lang='grc' dir='ltr'>παντός</span> <span class='ocrx_word' id='word_1_22' title='bbox 3507 525 3733 597; x_wconf 75' lang='grc' dir='ltr'>ἀνιαροῦ</span> <span class='ocrx_word' id='word_1_23' title='bbox 3765 531 4030 596; x_wconf 82' lang='grc' dir='ltr'>συναντή-</span> 
     </span>
    </p>
   </div>
   <div class='ocr_carea' id='block_1_5' title="bbox 800 589 2357 672">
    <p class='ocr_par' dir='ltr' id='par_1_5' title="bbox 800 589 2357 672">
     <span class='ocr_line' id='line_1_5' title="bbox 800 589 2357 672; baseline 0.012 -33"><span class='ocrx_word' id='word_1_24' title='bbox 800 589 1022 659; x_wconf 81' lang='grc' dir='ltr'>ἀγάπην</span> <span class='ocrx_word' id='word_1_25' title='bbox 1044 592 1138 642; x_wconf 81' lang='grc' dir='ltr'>καὶ</span> <span class='ocrx_word' id='word_1_26' title='bbox 1164 592 1243 653; x_wconf 90' lang='grc' dir='ltr'>είς</span> <span class='ocrx_word' id='word_1_27' title='bbox 1272 590 1364 643; x_wconf 81' lang='grc' dir='ltr'>τὸν</span> <span class='ocrx_word' id='word_1_28' title='bbox 1386 593 1449 645; x_wconf 85' lang='grc' dir='ltr'>ἐκ</span> <span class='ocrx_word' id='word_1_29' title='bbox 1475 592 1611 647; x_wconf 79' lang='grc' dir='ltr'>Θεοῦ</span> <span class='ocrx_word' id='word_1_30' title='bbox 1643 598 1931 664; x_wconf 81' lang='grc' dir='ltr'>κράτιστον</span> <span class='ocrx_word' id='word_1_31' title='bbox 1956 601 2048 653; x_wconf 76' lang='grc' dir='ltr'>καὶ</span> <span class='ocrx_word' id='word_1_32' title='bbox 2074 603 2229 669; x_wconf 85' lang='grc' dir='ltr'>ἀγιόν</span> <span class='ocrx_word' id='word_1_33' title='bbox 2255 623 2357 672; x_wconf 86' lang='grc' dir='ltr'>μου</span> 
     </span>
    </p>
   </div>
   <div class='ocr_carea' id='block_1_6' title="bbox 799 682 2357 764">
    <p class='ocr_par' dir='ltr' id='par_1_6' title="bbox 799 682 2357 764">
     <span class='ocr_line' id='line_1_6' title="bbox 799 682 2357 764; baseline 0.011 -32"><span class='ocrx_word' id='word_1_34' title='bbox 799 682 1189 752; x_wconf 87' lang='grc' dir='ltr'>αὐτοκράτορα,</span> <span class='ocrx_word' id='word_1_35' title='bbox 1207 686 1299 736; x_wconf 87' lang='grc' dir='ltr'>τὸν</span> <span class='ocrx_word' id='word_1_36' title='bbox 1316 684 1649 755; x_wconf 74' lang='grc' dir='ltr'>ὑψηλότατον</span> <span class='ocrx_word' id='word_1_37' title='bbox 1668 690 1890 757; x_wconf 79' lang='grc' dir='ltr'>βασιλέα</span> <span class='ocrx_word' id='word_1_38' title='bbox 1912 693 2022 745; x_wconf 91' lang='grc' dir='ltr'>τῶν</span> <span class='ocrx_word' id='word_1_39' title='bbox 2049 692 2357 764; x_wconf 85' lang='grc' dir='ltr'>Ῥωμαίων,</span> 
     </span>
    </p>
   </div>
   <div class='ocr_carea' id='block_1_7' title="bbox 794 772 2357 855">
    <p class='ocr_par' dir='ltr' id='par_1_7' title="bbox 794 772 2357 855">
     <span class='ocr_line' id='line_1_7' title="bbox 794 772 2357 855; baseline 0.013 -34"><span class='ocrx_word' id='word_1_40' title='bbox 794 772 857 823; x_wconf 84' lang='grc' dir='ltr'>τὺ</span> <span class='ocrx_word' id='word_1_41' title='bbox 889 774 1229 843; x_wconf 81' lang='grc' dir='ltr'>συμφόρημα</span> <span class='ocrx_word' id='word_1_42' title='bbox 1261 777 1476 830; x_wconf 89' lang='grc' dir='ltr'>πάντων</span> <span class='ocrx_word' id='word_1_43' title='bbox 1504 779 1614 830; x_wconf 91' lang='grc' dir='ltr'>τῶν</span> <span class='ocrx_word' id='word_1_44' title='bbox 1650 782 1891 849; x_wconf 80' lang='grc' dir='ltr'>ἀγαθῶν,</span> <span class='ocrx_word' id='word_1_45' title='bbox 1931 786 2023 837; x_wconf 75' lang='grc' dir='ltr'>τὸν</span> <span class='ocrx_word' id='word_1_46' title='bbox 2065 786 2357 855; x_wconf 74' lang='grc' dir='ltr'>γαληνότα-</span> 
     </span>
    </p>
   </div>
   <div class='ocr_carea' id='block_1_8' title="bbox 792 864 2359 946">
    <p class='ocr_par' dir='ltr' id='par_1_8' title="bbox 792 864 2359 946">
     <span class='ocr_line' id='line_1_8' title="bbox 792 864 2359 946; baseline 0.013 -33"><span class='ocrx_word' id='word_1_47' title='bbox 792 875 885 913; x_wconf 79' lang='grc' dir='ltr'>τον</span> <span class='ocrx_word' id='word_1_48' title='bbox 926 864 1021 915; x_wconf 77' lang='grc' dir='ltr'>καὶ</span> <span class='ocrx_word' id='word_1_49' title='bbox 1056 865 1592 935; x_wconf 77' lang='grc' dir='ltr'>φιλανθρωπότατον,</span> <span class='ocrx_word' id='word_1_50' title='bbox 1627 872 1999 943; x_wconf 85' lang='grc' dir='ltr'>ἐπηυδόκησεν</span> <span class='ocrx_word' id='word_1_51' title='bbox 2050 878 2150 946; x_wconf 66' lang='grc' dir='ltr'>μιν</span> <span class='ocrx_word' id='word_1_52' title='bbox 2193 880 2359 942; x_wconf 68' lang='grc' dir='ltr'>αὐτὸς</span> 
     </span>
    </p>
   </div>
   <div class='ocr_carea' id='block_1_9' title="bbox 792 952 2358 1039">
    <p class='ocr_par' dir='ltr' id='par_1_9' title="bbox 792 952 2358 1039">
     <span class='ocr_line' id='line_1_9' title="bbox 792 952 2358 1039; baseline 0.013 -36"><span class='ocrx_word' id='word_1_53' title='bbox 792 952 854 1022; x_wconf 80' lang='grc' dir='ltr'>δὴ</span> <span class='ocrx_word' id='word_1_54' title='bbox 884 956 912 1007; x_wconf 84' lang='grc' dir='ltr'>ὁ</span> <span class='ocrx_word' id='word_1_55' title='bbox 944 957 1237 1023; x_wconf 83' lang='grc' dir='ltr'>κράτιστος</span> <span class='ocrx_word' id='word_1_56' title='bbox 1285 959 1380 1012; x_wconf 80' lang='grc' dir='ltr'>καὶ</span> <span class='ocrx_word' id='word_1_57' title='bbox 1411 962 1566 1029; x_wconf 84' lang='grc' dir='ltr'>ἆγιός</span> <span class='ocrx_word' id='word_1_58' title='bbox 1604 982 1706 1033; x_wconf 90' lang='grc' dir='ltr'>μου</span> <span class='ocrx_word' id='word_1_59' title='bbox 1752 969 2131 1036; x_wconf 81' lang='grc' dir='ltr'>αὐτοκράτωρ,</span> <span class='ocrx_word' id='word_1_60' title='bbox 2164 972 2358 1039; x_wconf 77' lang='grc' dir='ltr'>ἐψηφί-</span> 
     </span>
    </p>
   </div>
   <div class='ocr_carea' id='block_1_10' title="bbox 795 1048 2356 1131">
    <p class='ocr_par' dir='ltr' id='par_1_10' title="bbox 795 1048 2356 1131">
     <span class='ocr_line' id='line_1_10' title="bbox 795 1048 2356 1131; baseline 0.012 -35"><span class='ocrx_word' id='word_1_61' title='bbox 795 1061 925 1098; x_wconf 79' lang='grc' dir='ltr'>σατο</span> <span class='ocrx_word' id='word_1_62' title='bbox 957 1048 1050 1099; x_wconf 85' lang='grc' dir='ltr'>καὶ</span> <span class='ocrx_word' id='word_1_63' title='bbox 1094 1049 1126 1114; x_wconf 84' lang='grc' dir='ltr'>ὴ</span> <span class='ocrx_word' id='word_1_64' title='bbox 1176 1051 1469 1122; x_wconf 79' lang='grc' dir='ltr'>μετριότης</span> <span class='ocrx_word' id='word_1_65' title='bbox 1498 1054 1654 1123; x_wconf 83' lang='grc' dir='ltr'>ήμῶν</span> <span class='ocrx_word' id='word_1_66' title='bbox 1699 1057 1837 1125; x_wconf 88' lang='grc' dir='ltr'>μετά</span> <span class='ocrx_word' id='word_1_67' title='bbox 1869 1058 1979 1111; x_wconf 88' lang='grc' dir='ltr'>τῶν</span> <span class='ocrx_word' id='word_1_68' title='bbox 2007 1060 2135 1127; x_wconf 84' lang='grc' dir='ltr'>περὶ</span> <span class='ocrx_word' id='word_1_69' title='bbox 2185 1062 2356 1131; x_wconf 81' lang='grc' dir='ltr'>αὐτὴν</span> 
     </span>
    </p>
   </div>
   <div class='ocr_carea' id='block_1_11' title="bbox 794 1139 2357 1222">
    <p class='ocr_par' dir='ltr' id='par_1_11' title="bbox 794 1139 2357 1222">
     <span class='ocr_line' id='line_1_11' title="bbox 794 1139 2357 1222; baseline 0.01 -34"><span class='ocrx_word' id='word_1_70' title='bbox 794 1139 1102 1205; x_wconf 88' lang='grc' dir='ltr'>ίερωτάτων</span> <span class='ocrx_word' id='word_1_71' title='bbox 1148 1142 1471 1212; x_wconf 86' lang='grc' dir='ltr'>ἀρχιερέων,</span> <span class='ocrx_word' id='word_1_72' title='bbox 1505 1148 1597 1198; x_wconf 84' lang='grc' dir='ltr'>καὶ</span> <span class='ocrx_word' id='word_1_73' title='bbox 1630 1147 1726 1217; x_wconf 75' lang='grc' dir='ltr'>ήδη</span> <span class='ocrx_word' id='word_1_74' title='bbox 1770 1150 1910 1201; x_wconf 84' lang='grc' dir='ltr'>κατὰ</span> <span class='ocrx_word' id='word_1_75' title='bbox 1940 1150 2041 1218; x_wconf 77' lang='grc' dir='ltr'>τὴν</span> <span class='ocrx_word' id='word_1_76' title='bbox 2087 1151 2357 1222; x_wconf 75' lang='grc' dir='ltr'>ἀποδοχήν</span> 
     </span>
    </p>
   </div>
   <div class='ocr_carea' id='block_1_12' title="bbox 764 1228 2355 1307">
    <p class='ocr_par' dir='ltr' id='par_1_12' title="bbox 764 1228 2355 1307">
     <span class='ocr_line' id='line_1_12' title="bbox 764 1228 2355 1307; baseline 0.011 -31"><span class='ocrx_word' id='word_1_77' title='bbox 764 1228 883 1278; x_wconf 75' lang='grc' dir='ltr'>καὶ</span> <span class='ocrx_word' id='word_1_78' title='bbox 914 1228 1011 1298; x_wconf 82' lang='grc' dir='ltr'>τὴν</span> <span class='ocrx_word' id='word_1_79' title='bbox 1056 1228 1284 1298; x_wconf 80' lang='grc' dir='ltr'>ζήτησίν</span> <span class='ocrx_word' id='word_1_80' title='bbox 1317 1248 1411 1286; x_wconf 87' lang='grc' dir='ltr'>σου</span> <span class='ocrx_word' id='word_1_81' title='bbox 1448 1235 1540 1287; x_wconf 82' lang='grc' dir='ltr'>καὶ</span> <span class='ocrx_word' id='word_1_82' title='bbox 1581 1236 1641 1288; x_wconf 81' lang='grc' dir='ltr'>τὸ</span> <span class='ocrx_word' id='word_1_83' title='bbox 1691 1242 1971 1307; x_wconf 83' lang='grc' dir='ltr'>συμφέρον</span> <span class='ocrx_word' id='word_1_84' title='bbox 2017 1240 2112 1293; x_wconf 90' lang='grc' dir='ltr'>τοῦ</span> <span class='ocrx_word' id='word_1_85' title='bbox 2167 1242 2355 1294; x_wconf 81' lang='grc' dir='ltr'>αὐτόθι</span> 
     </span>
    </p>
   </div>
   <div class='ocr_carea' id='block_1_13' title="bbox 791 1318 2352 1401">
    <p class='ocr_par' dir='ltr' id='par_1_13' title="bbox 791 1318 2352 1401">
     <span class='ocr_line' id='line_1_13' title="bbox 791 1318 2352 1401; baseline 0.011 -33"><span class='ocrx_word' id='word_1_86' title='bbox 791 1318 1187 1390; x_wconf 80' lang='grc' dir='ltr'>Χριστωνύμου</span> <span class='ocrx_word' id='word_1_87' title='bbox 1223 1322 1353 1377; x_wconf 88' lang='grc' dir='ltr'>λαοῦ</span> <span class='ocrx_word' id='word_1_88' title='bbox 1389 1325 1648 1394; x_wconf 74' lang='grc' dir='ltr'>μετετέθη</span> <span class='ocrx_word' id='word_1_89' title='bbox 1682 1330 1710 1380; x_wconf 90' lang='grc' dir='ltr'>ό</span> <span class='ocrx_word' id='word_1_90' title='bbox 1751 1328 2041 1397; x_wconf 88' lang='grc' dir='ltr'>ίερώτατος</span> <span class='ocrx_word' id='word_1_91' title='bbox 2077 1347 2352 1401; x_wconf 84' lang='grc' dir='ltr'>μητροπο-</span> 
     </span>
    </p>
   </div>
   <div class='ocr_carea' id='block_1_14' title="bbox 789 1408 2354 1493">
    <p class='ocr_par' dir='ltr' id='par_1_14' title="bbox 789 1408 2354 1493">
     <span class='ocr_line' id='line_1_14' title="bbox 789 1408 2354 1493; baseline 0.013 -35"><span class='ocrx_word' id='word_1_92' title='bbox 789 1408 942 1479; x_wconf 79' lang='grc' dir='ltr'>λίτης</span> <span class='ocrx_word' id='word_1_93' title='bbox 971 1410 1239 1482; x_wconf 80' lang='grc' dir='ltr'>Βιτζίνης,</span> <span class='ocrx_word' id='word_1_94' title='bbox 1291 1408 1446 1477; x_wconf 71' lang='grc' dir='ltr'>οὗτος</span> <span class='ocrx_word' id='word_1_95' title='bbox 1474 1416 1536 1485; x_wconf 78' lang='grc' dir='ltr'>δὴ</span> <span class='ocrx_word' id='word_1_96' title='bbox 1570 1418 1598 1468; x_wconf 87' lang='grc' dir='ltr'>ό</span> <span class='ocrx_word' id='word_1_97' title='bbox 1645 1416 1751 1484; x_wconf 89' lang='grc' dir='ltr'>κῦρ</span> <span class='ocrx_word' id='word_1_98' title='bbox 1795 1419 2099 1485; x_wconf 82' lang='grc' dir='ltr'>Ὑάκινθος,</span> <span class='ocrx_word' id='word_1_99' title='bbox 2131 1423 2218 1476; x_wconf 72' lang='grc' dir='ltr'>διὰ</span> <span class='ocrx_word' id='word_1_100' title='bbox 2255 1423 2354 1493; x_wconf 82' lang='grc' dir='ltr'>τῆς</span> 
     </span>
    </p>
   </div>
   <div class='ocr_carea' id='block_1_15' title="bbox 788 1503 2352 1582">
    <p class='ocr_par' dir='ltr' id='par_1_15' title="bbox 788 1503 2352 1582">
     <span class='ocr_line' id='line_1_15' title="bbox 788 1503 2352 1582; baseline 0.012 -33"><span class='ocrx_word' id='word_1_101' title='bbox 788 1503 1181 1571; x_wconf 83' lang='grc' dir='ltr'>νενομισμένης</span> <span class='ocrx_word' id='word_1_102' title='bbox 1246 1504 1527 1575; x_wconf 73' lang='grc' dir='ltr'>ἐγγράφου</span> <span class='ocrx_word' id='word_1_103' title='bbox 1597 1525 1694 1562; x_wconf 60' lang='grc' dir='ltr'>σον</span> <span class='ocrx_word' id='word_1_104' title='bbox 1715 1510 1882 1579; x_wconf 70' lang='grc' dir='ltr'>ιδικῆς</span> <span class='ocrx_word' id='word_1_105' title='bbox 1949 1514 2202 1582; x_wconf 85' lang='grc' dir='ltr'>πράξεως</span> <span class='ocrx_word' id='word_1_106' title='bbox 2273 1518 2352 1576; x_wconf 89' lang='grc' dir='ltr'>είς</span> 
     </span>
    </p>
   </div>
   <div class='ocr_carea' id='block_1_16' title="bbox 785 1590 2350 1659">
    <p class='ocr_par' dir='ltr' id='par_1_16' title="bbox 785 1590 2350 1659">
     <span class='ocr_line' id='line_1_16' title="bbox 785 1590 2350 1659; baseline 0.013 -21"><span class='ocrx_word' id='word_1_107' title='bbox 785 1590 965 1642; x_wconf 74' lang='grc' dir='ltr'>πᾶσαν</span> <span class='ocrx_word' id='word_1_108' title='bbox 1043 1630 1057 1645; x_wconf 97' lang='grc'>.</span> <span class='ocrx_word' id='word_1_109' title='bbox 1136 1634 1150 1647; x_wconf 93' lang='grc'>.</span> <span class='ocrx_word' id='word_1_110' title='bbox 1231 1631 1245 1647; x_wconf 95' lang='grc'>.</span> <span class='ocrx_word' id='word_1_111' title='bbox 1327 1634 1340 1648; x_wconf 94' lang='grc'>.</span> <span class='ocrx_word' id='word_1_112' title='bbox 1418 1635 1432 1649; x_wconf 94' lang='grc'>.</span> <span class='ocrx_word' id='word_1_113' title='bbox 1511 1635 1527 1651; x_wconf 95' lang='grc'>.</span> <span class='ocrx_word' id='word_1_114' title='bbox 1603 1640 1617 1653; x_wconf 95' lang='grc'>.</span> <span class='ocrx_word' id='word_1_115' title='bbox 1695 1604 1787 1654; x_wconf 85' lang='grc' dir='ltr'>καὶ</span> <span class='ocrx_word' id='word_1_116' title='bbox 1817 1603 1932 1654; x_wconf 75' lang='grc' dir='ltr'>ἐστι</span> <span class='ocrx_word' id='word_1_117' title='bbox 1964 1604 2024 1655; x_wconf 76' lang='grc' dir='ltr'>τὸ</span> <span class='ocrx_word' id='word_1_118' title='bbox 2064 1605 2171 1658; x_wconf 79' lang='grc' dir='ltr'>ἀπὸ</span> <span class='ocrx_word' id='word_1_119' title='bbox 2199 1606 2350 1659; x_wconf 88' lang='grc' dir='ltr'>τοῦδε</span> 
     </span>
    </p>
   </div>
   <div class='ocr_carea' id='block_1_17' title="bbox 784 1681 2348 1767">
    <p class='ocr_par' dir='ltr' id='par_1_17' title="bbox 784 1681 2348 1767">
     <span class='ocr_line' id='line_1_17' title="bbox 784 1681 2348 1767; baseline 0.013 -36"><span class='ocrx_word' id='word_1_120' title='bbox 784 1681 877 1731; x_wconf 77' lang='grc' dir='ltr'>καὶ</span> <span class='ocrx_word' id='word_1_121' title='bbox 911 1683 987 1742; x_wconf 88' lang='grc' dir='ltr'>είς</span> <span class='ocrx_word' id='word_1_122' title='bbox 1019 1684 1081 1734; x_wconf 85' lang='grc' dir='ltr'>τὸ</span> <span class='ocrx_word' id='word_1_123' title='bbox 1109 1685 1237 1754; x_wconf 72' lang='grc' dir='ltr'>ἑξῆς</span> <span class='ocrx_word' id='word_1_124' title='bbox 1281 1690 1506 1757; x_wconf 82' lang='grc' dir='ltr'>γνήσιος</span> <span class='ocrx_word' id='word_1_125' title='bbox 1537 1692 1827 1763; x_wconf 83' lang='grc' dir='ltr'>ἀρχιερεὺς</span> <span class='ocrx_word' id='word_1_126' title='bbox 1873 1695 2051 1765; x_wconf 83' lang='grc' dir='ltr'>πάσης</span> <span class='ocrx_word' id='word_1_127' title='bbox 2099 1696 2348 1767; x_wconf 86' lang='grc' dir='ltr'>Οὐγγρο-</span> 
     </span>
    </p>
   </div>
   <div class='ocr_carea' id='block_1_18' title="bbox 783 1769 2348 1856">
    <p class='ocr_par' dir='ltr' id='par_1_18' title="bbox 783 1769 2348 1856">
     <span class='ocr_line' id='line_1_18' title="bbox 783 1769 2348 1856; baseline 0.014 -38"><span class='ocrx_word' id='word_1_128' title='bbox 783 1769 1030 1839; x_wconf 77' lang='grc' dir='ltr'>ϐλαχίας,</span> <span class='ocrx_word' id='word_1_129' title='bbox 1062 1772 1200 1842; x_wconf 79' lang='grc' dir='ltr'>ἔχων</span> <span class='ocrx_word' id='word_1_130' title='bbox 1230 1776 1433 1843; x_wconf 85' lang='grc' dir='ltr'>ἄδειαν,</span> <span class='ocrx_word' id='word_1_131' title='bbox 1464 1780 1647 1842; x_wconf 86' lang='grc' dir='ltr'>καθὼς</span> <span class='ocrx_word' id='word_1_132' title='bbox 1680 1784 1712 1850; x_wconf 83' lang='grc' dir='ltr'>ἡ</span> <span class='ocrx_word' id='word_1_133' title='bbox 1761 1788 2016 1849; x_wconf 86' lang='grc' dir='ltr'>γεγονυῖα</span> <span class='ocrx_word' id='word_1_134' title='bbox 2051 1785 2142 1837; x_wconf 73' lang='grc' dir='ltr'>ἐπὶ</span> <span class='ocrx_word' id='word_1_135' title='bbox 2175 1788 2348 1856; x_wconf 88' lang='grc' dir='ltr'>τούτῳ</span> 
     </span>
    </p>
   </div>
   <div class='ocr_carea' id='block_1_19' title="bbox 2465 622 2651 674">
    <p class='ocr_par' dir='ltr' id='par_1_19' title="bbox 2465 622 2651 674">
     <span class='ocr_line' id='line_1_19' title="bbox 2465 622 2651 674; baseline 0.027 -18"><span class='ocrx_word' id='word_1_136' title='bbox 2465 622 2651 674; x_wconf 85' lang='grc' dir='ltr'>ματος.</span> 
     </span>
    </p>
   </div>
   <div class='ocr_carea' id='block_1_20' title="bbox 2462 760 4026 890">
    <p class='ocr_par' dir='ltr' id='par_1_20' title="bbox 2462 760 4026 890">
     <span class='ocr_line' id='line_1_20' title="bbox 2462 760 4026 890; baseline 0.006 -76"><span class='ocrx_word' id='word_1_137' title='bbox 2462 760 2503 814; x_wconf 79' lang='grc' dir='ltr'><strong>Χ</strong></span> <span class='ocrx_word' id='word_1_138' title='bbox 2515 760 2704 817; x_wconf 77' lang='lat' dir='ltr'>XXIV.</span> <span class='ocrx_word' id='word_1_139' title='bbox 2735 762 3064 849; x_wconf 48' lang='lat' dir='ltr'>Patriam-he</span> <span class='ocrx_word' id='word_1_140' title='bbox 3079 769 3374 890; x_wconf 61' lang='grc' dir='ltr'>εαΙίονιαιὲο</span> <span class='ocrx_word' id='word_1_141' title='bbox 3390 769 3454 822; x_wconf 77' lang='lat' dir='ltr'>de</span> <span class='ocrx_word' id='word_1_142' title='bbox 3475 768 3831 823; x_wconf 74' lang='lat' dir='ltr'>matrimoniis</span> <span class='ocrx_word' id='word_1_143' title='bbox 3851 770 4026 839; x_wconf 76' lang='lat' dir='ltr'>impu-</span> 
     </span>
     <span class='ocr_line' id='line_1_21' title="bbox 3184 853 3352 890; baseline 0.012 -2"><span class='ocrx_word' id='word_1_144' title='bbox 3184 853 3352 890; x_wconf 80' lang='lat' dir='ltr'><strong><em>erum.</em></strong></span> 
     </span>
    </p>
   </div>
   <div class='ocr_carea' id='block_1_21' title="bbox 3184 853 3352 891">
    <p class='ocr_par' dir='ltr' id='par_1_21' title="bbox 3184 853 3352 891">
     <span class='ocr_line' id='line_1_22' title="bbox 3184 853 3352 891; baseline 0.012 -2"><span class='ocrx_word' id='word_1_145' title='bbox 3184 853 3352 891; x_wconf 82' lang='lat' dir='ltr'><strong><em>erum.</em></strong></span> 
     </span>
    </p>
   </div>
   <div class='ocr_carea' id='block_1_22' title="bbox 2527 964 4019 1038">
    <p class='ocr_par' dir='ltr' id='par_1_22' title="bbox 2527 964 4019 1038">
     <span class='ocr_line' id='line_1_23' title="bbox 2527 964 4019 1038; baseline 0.003 -20"><span class='ocrx_word' id='word_1_146' title='bbox 2527 964 2569 1034; x_wconf 71' lang='grc' dir='ltr'>-Ι-</span> <span class='ocrx_word' id='word_1_147' title='bbox 2612 965 2676 1018; x_wconf 86' lang='lat' dir='ltr'>&#39;H</span> <span class='ocrx_word' id='word_1_148' title='bbox 2700 964 2797 1020; x_wconf 87' lang='grc' dir='ltr'>τοῦ</span> <span class='ocrx_word' id='word_1_149' title='bbox 2850 965 3060 1035; x_wconf 80' lang='grc' dir='ltr'>ἀγαθοῦ</span> <span class='ocrx_word' id='word_1_150' title='bbox 3106 968 3388 1037; x_wconf 82' lang='grc' dir='ltr'>στέρησις,</span> <span class='ocrx_word' id='word_1_151' title='bbox 3446 968 3722 1038; x_wconf 78' lang='grc' dir='ltr'>ἀγαπητοὶ</span> <span class='ocrx_word' id='word_1_152' title='bbox 3773 969 4019 1037; x_wconf 70' lang='grc' dir='ltr'>ἀδελφοὶ,</span> 
     </span>
    </p>
   </div>
   <div class='ocr_carea' id='block_1_23' title="bbox 2458 1057 4021 1131">
    <p class='ocr_par' dir='ltr' id='par_1_23' title="bbox 2458 1057 4021 1131">
     <span class='ocr_line' id='line_1_24' title="bbox 2458 1057 4021 1131; baseline 0.004 -23"><span class='ocrx_word' id='word_1_153' title='bbox 2458 1057 2606 1125; x_wconf 75' lang='grc' dir='ltr'>καὶὴ</span> <span class='ocrx_word' id='word_1_154' title='bbox 2636 1058 2912 1121; x_wconf 78' lang='grc' dir='ltr'>ἐκπτωσις</span> <span class='ocrx_word' id='word_1_155' title='bbox 2936 1058 3030 1111; x_wconf 91' lang='grc' dir='ltr'>τοῦ</span> <span class='ocrx_word' id='word_1_156' title='bbox 3086 1058 3253 1113; x_wconf 90' lang='grc' dir='ltr'>καλοῦ</span> <span class='ocrx_word' id='word_1_157' title='bbox 3289 1060 3459 1113; x_wconf 78' lang='grc' dir='ltr'>πολὺν</span> <span class='ocrx_word' id='word_1_158' title='bbox 3515 1063 3752 1131; x_wconf 75' lang='grc' dir='ltr'>παρέχει</span> <span class='ocrx_word' id='word_1_159' title='bbox 3794 1061 3889 1114; x_wconf 77' lang='grc' dir='ltr'>τὸν</span> <span class='ocrx_word' id='word_1_160' title='bbox 3925 1061 4021 1114; x_wconf 89' lang='grc' dir='ltr'>τοῦ</span> 
     </span>
    </p>
   </div>
   <div class='ocr_carea' id='block_1_24' title="bbox 2455 1148 4021 1223">
    <p class='ocr_par' dir='ltr' id='par_1_24' title="bbox 2455 1148 4021 1223">
     <span class='ocr_line' id='line_1_25' title="bbox 2455 1148 4021 1223; baseline 0.004 -23"><span class='ocrx_word' id='word_1_161' title='bbox 2455 1148 2591 1201; x_wconf 88' lang='grc' dir='ltr'>Θεοῦ</span> <span class='ocrx_word' id='word_1_162' title='bbox 2623 1151 3004 1219; x_wconf 74' lang='grc' dir='ltr'>μακαρισμόνο</span> <span class='ocrx_word' id='word_1_163' title='bbox 3036 1151 3114 1212; x_wconf 85' lang='grc' dir='ltr'>ῶς</span> <span class='ocrx_word' id='word_1_164' title='bbox 3142 1152 3250 1219; x_wconf 90' lang='grc' dir='ltr'>γάρ</span> <span class='ocrx_word' id='word_1_165' title='bbox 3286 1151 3433 1221; x_wconf 81' lang='grc' dir='ltr'>ήτοῦ</span> <span class='ocrx_word' id='word_1_166' title='bbox 3462 1152 3633 1205; x_wconf 85' lang='grc' dir='ltr'>κακοῦ</span> <span class='ocrx_word' id='word_1_167' title='bbox 3663 1153 3843 1223; x_wconf 81' lang='grc' dir='ltr'>ἀποχὴ</span> <span class='ocrx_word' id='word_1_168' title='bbox 3868 1154 4021 1206; x_wconf 88' lang='grc' dir='ltr'>αίτία</span> 
     </span>
    </p>
   </div>
   <div class='ocr_carea' id='block_1_25' title="bbox 2457 1240 4023 1311">
    <p class='ocr_par' dir='ltr' id='par_1_25' title="bbox 2457 1240 4023 1311">
     <span class='ocr_line' id='line_1_26' title="bbox 2457 1240 4023 1311; baseline 0.003 -20"><span class='ocrx_word' id='word_1_169' title='bbox 2457 1242 2663 1308; x_wconf 90' lang='grc' dir='ltr'>γίνεται</span> <span class='ocrx_word' id='word_1_170' title='bbox 2690 1241 2789 1310; x_wconf 83' lang='grc' dir='ltr'>τῆς</span> <span class='ocrx_word' id='word_1_171' title='bbox 2823 1241 3119 1303; x_wconf 73' lang='grc' dir='ltr'>ἐπιδόσεως</span> <span class='ocrx_word' id='word_1_172' title='bbox 3176 1241 3285 1294; x_wconf 88' lang='grc' dir='ltr'>τῶν</span> <span class='ocrx_word' id='word_1_173' title='bbox 3345 1240 3569 1307; x_wconf 80' lang='grc' dir='ltr'>ἀγαθῶν</span> <span class='ocrx_word' id='word_1_174' title='bbox 3619 1241 3820 1311; x_wconf 76' lang='grc' dir='ltr'>ἔργων,</span> <span class='ocrx_word' id='word_1_175' title='bbox 3876 1242 4023 1295; x_wconf 88' lang='grc' dir='ltr'>οῦτω</span> 
     </span>
    </p>
   </div>
   <div class='ocr_carea' id='block_1_26' title="bbox 2456 1332 4023 1402">
    <p class='ocr_par' dir='ltr' id='par_1_26' title="bbox 2456 1332 4023 1402">
     <span class='ocr_line' id='line_1_27' title="bbox 2456 1332 4023 1402; baseline 0.003 -19"><span class='ocrx_word' id='word_1_176' title='bbox 2456 1332 2550 1385; x_wconf 74' lang='grc' dir='ltr'>καὶ</span> <span class='ocrx_word' id='word_1_177' title='bbox 2576 1333 2609 1400; x_wconf 76' lang='grc' dir='ltr'><strong>ἡ</strong></span> <span class='ocrx_word' id='word_1_178' title='bbox 2638 1334 2805 1399; x_wconf 83' lang='grc' dir='ltr'>ἀργία</span> <span class='ocrx_word' id='word_1_179' title='bbox 2863 1332 2972 1386; x_wconf 90' lang='grc' dir='ltr'>τῶν</span> <span class='ocrx_word' id='word_1_180' title='bbox 3027 1333 3123 1385; x_wconf 90' lang='grc' dir='ltr'>τοῦ</span> <span class='ocrx_word' id='word_1_181' title='bbox 3177 1332 3316 1385; x_wconf 94' lang='grc' dir='ltr'>Θεοῦ</span> <span class='ocrx_word' id='word_1_182' title='bbox 3364 1333 3594 1386; x_wconf 87' lang='grc' dir='ltr'>ἐντολῶν</span> <span class='ocrx_word' id='word_1_183' title='bbox 3655 1334 3757 1387; x_wconf 89' lang='grc' dir='ltr'>οὐκ</span> <span class='ocrx_word' id='word_1_184' title='bbox 3817 1334 4023 1402; x_wconf 80' lang='grc' dir='ltr'>ἀγαθὸς</span> 
     </span>
    </p>
   </div>
   <div class='ocr_carea' id='block_1_27' title="bbox 2457 1424 4020 1496">
    <p class='ocr_par' dir='ltr' id='par_1_27' title="bbox 2457 1424 4020 1496">
     <span class='ocr_line' id='line_1_28' title="bbox 2457 1424 4020 1496; baseline 0.003 -21"><span class='ocrx_word' id='word_1_185' title='bbox 2457 1424 2717 1492; x_wconf 76' lang='grc' dir='ltr'>πρόξενος</span> <span class='ocrx_word' id='word_1_186' title='bbox 2770 1426 2989 1492; x_wconf 89' lang='grc' dir='ltr'>πέφυκε</span> <span class='ocrx_word' id='word_1_187' title='bbox 3046 1424 3182 1493; x_wconf 75' lang='grc' dir='ltr'>πρὸς</span> <span class='ocrx_word' id='word_1_188' title='bbox 3234 1424 3334 1495; x_wconf 79' lang='grc' dir='ltr'>τὴν</span> <span class='ocrx_word' id='word_1_189' title='bbox 3379 1426 3474 1479; x_wconf 89' lang='grc' dir='ltr'>τοῦ</span> <span class='ocrx_word' id='word_1_190' title='bbox 3520 1426 3638 1495; x_wconf 86' lang='grc' dir='ltr'>βίου</span> <span class='ocrx_word' id='word_1_191' title='bbox 3689 1430 4020 1496; x_wconf 86' lang='grc' dir='ltr'>σεμνότητα,</span> 
     </span>
    </p>
   </div>
   <div class='ocr_carea' id='block_1_28' title="bbox 2457 1513 4019 1585">
    <p class='ocr_par' dir='ltr' id='par_1_28' title="bbox 2457 1513 4019 1585">
     <span class='ocr_line' id='line_1_29' title="bbox 2457 1513 4019 1585; baseline 0.003 -22"><span class='ocrx_word' id='word_1_192' title='bbox 2457 1513 2657 1579; x_wconf 77' lang='grc' dir='ltr'>μᾶλλον</span> <span class='ocrx_word' id='word_1_193' title='bbox 2698 1513 2798 1582; x_wconf 73' lang='grc' dir='ltr'>μὲν</span> <span class='ocrx_word' id='word_1_194' title='bbox 2824 1513 2919 1566; x_wconf 80' lang='grc' dir='ltr'>οὖν</span> <span class='ocrx_word' id='word_1_195' title='bbox 2950 1514 3159 1566; x_wconf 75' lang='grc' dir='ltr'>καὶτὸν</span> <span class='ocrx_word' id='word_1_196' title='bbox 3213 1513 3347 1565; x_wconf 72' lang='grc' dir='ltr'>Θεὸν</span> <span class='ocrx_word' id='word_1_197' title='bbox 3380 1514 3461 1576; x_wconf 85' lang='grc' dir='ltr'>είς</span> <span class='ocrx_word' id='word_1_198' title='bbox 3491 1515 3867 1585; x_wconf 87' lang='grc' dir='ltr'>ἀγανάκτησιν</span> <span class='ocrx_word' id='word_1_199' title='bbox 3896 1515 4019 1567; x_wconf 82' lang='grc' dir='ltr'>καθ’</span> 
     </span>
    </p>
   </div>
   <div class='ocr_carea' id='block_1_29' title="bbox 2452 1604 4022 1674">
    <p class='ocr_par' dir='ltr' id='par_1_29' title="bbox 2452 1604 4022 1674">
     <span class='ocr_line' id='line_1_30' title="bbox 2452 1604 4022 1674; baseline 0.001 -18"><span class='ocrx_word' id='word_1_200' title='bbox 2452 1605 2599 1673; x_wconf 75' lang='grc' dir='ltr'>ἡμᾶς</span> <span class='ocrx_word' id='word_1_201' title='bbox 2624 1604 2911 1673; x_wconf 84' lang='grc' dir='ltr'>διαγείρει.</span> <span class='ocrx_word' id='word_1_202' title='bbox 2949 1605 3017 1657; x_wconf 81' lang='grc' dir='ltr'>Ἠ</span> <span class='ocrx_word' id='word_1_203' title='bbox 3051 1606 3162 1673; x_wconf 69' lang='grc' dir='ltr'>γάρ</span> <span class='ocrx_word' id='word_1_204' title='bbox 3192 1606 3299 1657; x_wconf 89' lang='grc' dir='ltr'>τῶν</span> <span class='ocrx_word' id='word_1_205' title='bbox 3320 1605 3479 1658; x_wconf 84' lang='grc' dir='ltr'>θείων</span> <span class='ocrx_word' id='word_1_206' title='bbox 3507 1606 3771 1674; x_wconf 86' lang='grc' dir='ltr'>Πατέρων</span> <span class='ocrx_word' id='word_1_207' title='bbox 3797 1606 4022 1674; x_wconf 86' lang='grc' dir='ltr'>νομοθε-</span> 
     </span>
    </p>
   </div>
   <div class='ocr_carea' id='block_1_30' title="bbox 2454 1695 4016 1766">
    <p class='ocr_par' dir='ltr' id='par_1_30' title="bbox 2454 1695 4016 1766">
     <span class='ocr_line' id='line_1_31' title="bbox 2454 1695 4016 1766; baseline 0.001 -20"><span class='ocrx_word' id='word_1_208' title='bbox 2454 1696 2543 1749; x_wconf 87' lang='grc' dir='ltr'>σία</span> <span class='ocrx_word' id='word_1_209' title='bbox 2564 1695 2657 1749; x_wconf 90' lang='grc' dir='ltr'>τοῦ</span> <span class='ocrx_word' id='word_1_210' title='bbox 2680 1696 2815 1749; x_wconf 89' lang='grc' dir='ltr'>Θεοῦ</span> <span class='ocrx_word' id='word_1_211' title='bbox 2843 1696 3060 1759; x_wconf 87' lang='grc' dir='ltr'>πάντως</span> <span class='ocrx_word' id='word_1_212' title='bbox 3086 1696 3197 1749; x_wconf 79' lang='grc' dir='ltr'>είσὶ</span> <span class='ocrx_word' id='word_1_213' title='bbox 3226 1697 3408 1765; x_wconf 76' lang='grc' dir='ltr'>λόγιαο</span> <span class='ocrx_word' id='word_1_214' title='bbox 3463 1697 3553 1751; x_wconf 83' lang='grc' dir='ltr'>διά</span> <span class='ocrx_word' id='word_1_215' title='bbox 3584 1697 3692 1766; x_wconf 76' lang='grc' dir='ltr'>γὰρ</span> <span class='ocrx_word' id='word_1_216' title='bbox 3726 1695 3822 1749; x_wconf 91' lang='grc' dir='ltr'>τοῦ</span> <span class='ocrx_word' id='word_1_217' title='bbox 3852 1698 4016 1763; x_wconf 79' lang='grc' dir='ltr'>ἀγίου</span> 
     </span>
    </p>
   </div>
   <div class='ocr_carea' id='block_1_31' title="bbox 2452 1785 4021 1857">
    <p class='ocr_par' dir='ltr' id='par_1_31' title="bbox 2452 1785 4021 1857">
     <span class='ocr_line' id='line_1_32' title="bbox 2452 1785 4021 1857; baseline -0.001 -18"><span class='ocrx_word' id='word_1_218' title='bbox 2452 1789 2549 1839; x_wconf 72' lang='grc' dir='ltr'>καὶ</span> <span class='ocrx_word' id='word_1_219' title='bbox 2610 1786 2946 1840; x_wconf 88' lang='grc' dir='ltr'>τελειοποιοῦ</span> <span class='ocrx_word' id='word_1_220' title='bbox 3002 1785 3321 1857; x_wconf 87' lang='grc' dir='ltr'>ΙΙνεύματος</span> <span class='ocrx_word' id='word_1_221' title='bbox 3382 1786 3557 1839; x_wconf 89' lang='grc' dir='ltr'>ταῦτα</span> <span class='ocrx_word' id='word_1_222' title='bbox 3614 1787 4021 1855; x_wconf 66' lang='grc' dir='ltr'>ἐνομοθέτησαν</span> 
     </span>
    </p>
   </div>
   <div class='ocr_carea' id='block_1_32' title="bbox 782 1860 4020 1946">
    <p class='ocr_par' dir='ltr' id='par_1_32' title="bbox 782 1860 4020 1946">
     <span class='ocr_line' id='line_1_33' title="bbox 782 1860 4020 1946; baseline 0.002 -19"><span class='ocrx_word' id='word_1_223' title='bbox 782 1860 1055 1929; x_wconf 58' lang='grc' dir='ltr'>ἔγγραιςος</span> <span class='ocrx_word' id='word_1_224' title='bbox 1114 1866 1367 1939; x_wconf 73' lang='grc' dir='ltr'>συνοδικὴ</span> <span class='ocrx_word' id='word_1_225' title='bbox 1430 1871 1627 1939; x_wconf 72' lang='grc' dir='ltr'>πρᾶξις</span> <span class='ocrx_word' id='word_1_226' title='bbox 1684 1876 1825 1927; x_wconf 79' lang='grc' dir='ltr'>κατὰ</span> <span class='ocrx_word' id='word_1_227' title='bbox 1878 1877 2041 1944; x_wconf 81' lang='grc' dir='ltr'>μέρος</span> <span class='ocrx_word' id='word_1_228' title='bbox 2099 1878 2340 1945; x_wconf 74' lang='grc' dir='ltr'>διέξεισι,</span> <span class='ocrx_word' id='word_1_229' title='bbox 2379 1863 2420 1919; x_wconf 70' lang='grc' dir='ltr'><strong>Β</strong></span> <span class='ocrx_word' id='word_1_230' title='bbox 2449 1879 2542 1930; x_wconf 81' lang='grc' dir='ltr'>καὶ</span> <span class='ocrx_word' id='word_1_231' title='bbox 2566 1878 2830 1943; x_wconf 87' lang='grc' dir='ltr'>ἐδίδαξαν,</span> <span class='ocrx_word' id='word_1_232' title='bbox 2865 1865 2960 1931; x_wconf 76' lang='grc' dir='ltr'>καὶ</span> <span class='ocrx_word' id='word_1_233' title='bbox 2984 1878 3072 1931; x_wconf 69' lang='grc' dir='ltr'>διὰ</span> <span class='ocrx_word' id='word_1_234' title='bbox 3113 1879 3278 1931; x_wconf 89' lang='grc' dir='ltr'>τοῦτο</span> <span class='ocrx_word' id='word_1_235' title='bbox 3310 1878 3579 1946; x_wconf 80' lang='grc' dir='ltr'>ἐπάγουσι</span> <span class='ocrx_word' id='word_1_236' title='bbox 3607 1880 3704 1931; x_wconf 75' lang='grc' dir='ltr'>καὶ</span> <span class='ocrx_word' id='word_1_237' title='bbox 3733 1878 3832 1946; x_wconf 80' lang='grc' dir='ltr'>τὴν</span> <span class='ocrx_word' id='word_1_238' title='bbox 3861 1879 4020 1933; x_wconf 83' lang='grc' dir='ltr'>ἀπει-</span> 
     </span>
    </p>
   </div>
   <div class='ocr_carea' id='block_1_33' title="bbox 783 1956 2342 2041">
    <p class='ocr_par' dir='ltr' id='par_1_33' title="bbox 783 1956 2342 2041">
     <span class='ocr_line' id='line_1_34' title="bbox 783 1956 2342 2041; baseline 0.013 -38"><span class='ocrx_word' id='word_1_239' title='bbox 783 1956 958 2007; x_wconf 79' lang='grc' dir='ltr'>ποιεῖν</span> <span class='ocrx_word' id='word_1_240' title='bbox 987 1958 1047 2009; x_wconf 81' lang='grc' dir='ltr'>ἑν</span> <span class='ocrx_word' id='word_1_241' title='bbox 1071 1959 1220 2030; x_wconf 79' lang='grc' dir='ltr'>πάσῃ</span> <span class='ocrx_word' id='word_1_242' title='bbox 1250 1962 1315 2030; x_wconf 73' lang='grc' dir='ltr'>τῇ</span> <span class='ocrx_word' id='word_1_243' title='bbox 1346 1962 1529 2034; x_wconf 80' lang='grc' dir='ltr'>ἐνορίᾳ</span> <span class='ocrx_word' id='word_1_244' title='bbox 1557 1966 1649 2016; x_wconf 81' lang='grc' dir='ltr'>καὶ</span> <span class='ocrx_word' id='word_1_245' title='bbox 1680 1967 1917 2041; x_wconf 76' lang='grc' dir='ltr'>ἐπαρχία</span> <span class='ocrx_word' id='word_1_246' title='bbox 1947 1969 2114 2037; x_wconf 84' lang='grc' dir='ltr'>αὐτῆς</span> <span class='ocrx_word' id='word_1_247' title='bbox 2144 1971 2342 2035; x_wconf 80' lang='grc' dir='ltr'>πάντα,</span> 
     </span>
    </p>
   </div>
   <div class='ocr_carea' id='block_1_34' title="bbox 778 2046 2341 2132">
    <p class='ocr_par' dir='ltr' id='par_1_34' title="bbox 778 2046 2341 2132">
     <span class='ocr_line' id='line_1_35' title="bbox 778 2046 2341 2132; baseline 0.012 -35"><span class='ocrx_word' id='word_1_248' title='bbox 778 2046 874 2097; x_wconf 81' lang='grc' dir='ltr'>ὅσα</span> <span class='ocrx_word' id='word_1_249' title='bbox 905 2048 1099 2116; x_wconf 86' lang='grc' dir='ltr'>ἀνήκει</span> <span class='ocrx_word' id='word_1_250' title='bbox 1126 2054 1334 2123; x_wconf 81' lang='grc' dir='ltr'>γνησίῳ</span> <span class='ocrx_word' id='word_1_251' title='bbox 1353 2056 1621 2126; x_wconf 75' lang='grc' dir='ltr'>ἀρχιερεῖ.</span> <span class='ocrx_word' id='word_1_252' title='bbox 1648 2058 1753 2111; x_wconf 81' lang='grc' dir='ltr'>Καὶ</span> <span class='ocrx_word' id='word_1_253' title='bbox 1780 2059 1953 2114; x_wconf 88' lang='grc' dir='ltr'>ταῦτα</span> <span class='ocrx_word' id='word_1_254' title='bbox 1979 2062 2079 2129; x_wconf 82' lang='grc' dir='ltr'>μὲν</span> <span class='ocrx_word' id='word_1_255' title='bbox 2099 2062 2341 2132; x_wconf 85' lang='grc' dir='ltr'>ἐκύρωσε</span> 
     </span>
    </p>
   </div>
   <div class='ocr_carea' id='block_1_35' title="bbox 778 2140 2340 2227">
    <p class='ocr_par' dir='ltr' id='par_1_35' title="bbox 778 2140 2340 2227">
     <span class='ocr_line' id='line_1_36' title="bbox 778 2140 2340 2227; baseline 0.012 -37"><span class='ocrx_word' id='word_1_256' title='bbox 778 2141 872 2193; x_wconf 72' lang='grc' dir='ltr'>καὶ</span> <span class='ocrx_word' id='word_1_257' title='bbox 901 2140 1230 2196; x_wconf 83' lang='grc' dir='ltr'>ἐϐεϐαίωσεν</span> <span class='ocrx_word' id='word_1_258' title='bbox 1262 2146 1432 2211; x_wconf 70' lang='grc' dir='ltr'>οὕτως</span> <span class='ocrx_word' id='word_1_259' title='bbox 1468 2150 1500 2219; x_wconf 81' lang='grc' dir='ltr'>ἡ</span> <span class='ocrx_word' id='word_1_260' title='bbox 1530 2152 1657 2218; x_wconf 90' lang='grc' dir='ltr'>ἀγία</span> <span class='ocrx_word' id='word_1_261' title='bbox 1683 2152 1777 2204; x_wconf 88' lang='grc' dir='ltr'>τοῦ</span> <span class='ocrx_word' id='word_1_262' title='bbox 1810 2154 2046 2222; x_wconf 84' lang='grc' dir='ltr'>Χριστοῦ</span> <span class='ocrx_word' id='word_1_263' title='bbox 2082 2156 2340 2227; x_wconf 77' lang='grc' dir='ltr'>καθολική</span> 
     </span>
    </p>
   </div>
   <div class='ocr_carea' id='block_1_36' title="bbox 779 2231 2341 2316">
    <p class='ocr_par' dir='ltr' id='par_1_36' title="bbox 779 2231 2341 2316">
     <span class='ocr_line' id='line_1_37' title="bbox 779 2231 2341 2316; baseline 0.012 -35"><span class='ocrx_word' id='word_1_264' title='bbox 779 2231 870 2282; x_wconf 77' lang='grc' dir='ltr'>καὶ</span> <span class='ocrx_word' id='word_1_265' title='bbox 915 2232 1250 2307; x_wconf 77' lang='grc' dir='ltr'>ἀποστολικὴ</span> <span class='ocrx_word' id='word_1_266' title='bbox 1293 2240 1586 2309; x_wconf 71' lang='grc' dir='ltr'>Ίῗκκλησία</span> <span class='ocrx_word' id='word_1_267' title='bbox 1641 2245 1858 2316; x_wconf 76' lang='grc' dir='ltr'>εὐδοκία</span> <span class='ocrx_word' id='word_1_268' title='bbox 1908 2248 2001 2298; x_wconf 80' lang='grc' dir='ltr'>καὶ</span> <span class='ocrx_word' id='word_1_269' title='bbox 2056 2246 2148 2299; x_wconf 90' lang='grc' dir='ltr'>τοῦ</span> <span class='ocrx_word' id='word_1_270' title='bbox 2208 2264 2341 2316; x_wconf 91' lang='grc' dir='ltr'>κρα-</span> 
     </span>
    </p>
   </div>
   <div class='ocr_carea' id='block_1_37' title="bbox 775 2324 2341 2412">
    <p class='ocr_par' dir='ltr' id='par_1_37' title="bbox 775 2324 2341 2412">
     <span class='ocr_line' id='line_1_38' title="bbox 775 2324 2341 2412; baseline 0.017 -36"><span class='ocrx_word' id='word_1_271' title='bbox 775 2324 955 2380; x_wconf 85' lang='grc' dir='ltr'>τίστου</span> <span class='ocrx_word' id='word_1_272' title='bbox 987 2331 1079 2382; x_wconf 76' lang='grc' dir='ltr'>καὶ</span> <span class='ocrx_word' id='word_1_273' title='bbox 1120 2332 1276 2398; x_wconf 83' lang='grc' dir='ltr'>ἀγίου</span> <span class='ocrx_word' id='word_1_274' title='bbox 1315 2352 1417 2402; x_wconf 91' lang='grc' dir='ltr'>μου</span> <span class='ocrx_word' id='word_1_275' title='bbox 1465 2339 1863 2408; x_wconf 70' lang='grc' dir='ltr'>αὐτοκράτορος</span> <span class='ocrx_word' id='word_1_276' title='bbox 1896 2340 1988 2394; x_wconf 82' lang='grc' dir='ltr'>καὶ</span> <span class='ocrx_word' id='word_1_277' title='bbox 2018 2341 2212 2412; x_wconf 82' lang='grc' dir='ltr'>γνώμῃ</span> <span class='ocrx_word' id='word_1_278' title='bbox 2243 2342 2341 2411; x_wconf 83' lang='grc' dir='ltr'>τῆς</span> 
     </span>
    </p>
   </div>
   <div class='ocr_carea' id='block_1_38' title="bbox 776 2416 2339 2501">
    <p class='ocr_par' dir='ltr' id='par_1_38' title="bbox 776 2416 2339 2501">
     <span class='ocr_line' id='line_1_39' title="bbox 776 2416 2339 2501; baseline 0.009 -31"><span class='ocrx_word' id='word_1_279' title='bbox 776 2416 931 2483; x_wconf 80' lang='grc' dir='ltr'>ἡμῶν</span> <span class='ocrx_word' id='word_1_280' title='bbox 967 2421 1317 2491; x_wconf 81' lang='grc' dir='ltr'>μετριότητος</span> <span class='ocrx_word' id='word_1_281' title='bbox 1349 2428 1442 2477; x_wconf 77' lang='grc' dir='ltr'>καὶ</span> <span class='ocrx_word' id='word_1_282' title='bbox 1483 2430 1581 2497; x_wconf 85' lang='grc' dir='ltr'>τῆς</span> <span class='ocrx_word' id='word_1_283' title='bbox 1616 2430 1763 2496; x_wconf 82' lang='grc' dir='ltr'>ἱερᾶς</span> <span class='ocrx_word' id='word_1_284' title='bbox 1809 2432 2027 2485; x_wconf 83' lang='grc' dir='ltr'>συνόδου</span> <span class='ocrx_word' id='word_1_285' title='bbox 2058 2432 2199 2485; x_wconf 84' lang='grc' dir='ltr'>κατὰ</span> <span class='ocrx_word' id='word_1_286' title='bbox 2242 2432 2339 2501; x_wconf 84' lang='grc' dir='ltr'>τὴν</span> 
     </span>
    </p>
   </div>
   <div class='ocr_carea' id='block_1_39' title="bbox 776 2510 2339 2589">
    <p class='ocr_par' dir='ltr' id='par_1_39' title="bbox 776 2510 2339 2589">
     <span class='ocr_line' id='line_1_40' title="bbox 776 2510 2339 2589; baseline 0.011 -29"><span class='ocrx_word' id='word_1_287' title='bbox 776 2510 874 2579; x_wconf 75' lang='grc' dir='ltr'>σὴν</span> <span class='ocrx_word' id='word_1_288' title='bbox 906 2514 1131 2585; x_wconf 70' lang='grc' dir='ltr'>ζήτησιν</span> <span class='ocrx_word' id='word_1_289' title='bbox 1159 2520 1249 2569; x_wconf 80' lang='grc' dir='ltr'>καὶ</span> <span class='ocrx_word' id='word_1_290' title='bbox 1281 2519 1570 2589; x_wconf 85' lang='grc' dir='ltr'>ἀποδοχήν·</span> <span class='ocrx_word' id='word_1_291' title='bbox 1604 2522 1694 2573; x_wconf 81' lang='grc' dir='ltr'>σὺν</span> <span class='ocrx_word' id='word_1_292' title='bbox 1719 2524 1774 2575; x_wconf 83' lang='grc' dir='ltr'>δέ</span> <span class='ocrx_word' id='word_1_293' title='bbox 1798 2525 1945 2576; x_wconf 86' lang='grc' dir='ltr'>ἐστιν</span> <span class='ocrx_word' id='word_1_294' title='bbox 1977 2524 2086 2576; x_wconf 82' lang='grc' dir='ltr'>ἀπὸ</span> <span class='ocrx_word' id='word_1_295' title='bbox 2119 2525 2212 2576; x_wconf 86' lang='grc' dir='ltr'>τοῦ</span> <span class='ocrx_word' id='word_1_296' title='bbox 2248 2524 2339 2577; x_wconf 90' lang='grc' dir='ltr'>νῦν</span> 
     </span>
    </p>
   </div>
   <div class='ocr_carea' id='block_1_40' title="bbox 773 2606 2335 2685">
    <p class='ocr_par' dir='ltr' id='par_1_40' title="bbox 773 2606 2335 2685">
     <span class='ocr_line' id='line_1_41' title="bbox 773 2606 2335 2685; baseline 0.011 -32"><span class='ocrx_word' id='word_1_297' title='bbox 773 2606 1056 2668; x_wconf 76' lang='grc' dir='ltr'>φροντίσαι</span> <span class='ocrx_word' id='word_1_298' title='bbox 1116 2609 1209 2659; x_wconf 57' lang='grc' dir='ltr'>καὶ⁷</span> <span class='ocrx_word' id='word_1_299' title='bbox 1262 2611 1656 2682; x_wconf 82' lang='grc' dir='ltr'>ἀποπληρῶσαι</span> <span class='ocrx_word' id='word_1_300' title='bbox 1714 2616 1811 2684; x_wconf 82' lang='grc' dir='ltr'>τὴν</span> <span class='ocrx_word' id='word_1_301' title='bbox 1864 2616 2158 2685; x_wconf 84' lang='grc' dir='ltr'>ὑπόσχεσίν</span> <span class='ocrx_word' id='word_1_302' title='bbox 2218 2634 2335 2680; x_wconf 85' lang='grc' dir='ltr'>σου,</span> 
     </span>
    </p>
   </div>
   <div class='ocr_carea' id='block_1_41' title="bbox 770 2696 2338 2773">
    <p class='ocr_par' dir='ltr' id='par_1_41' title="bbox 770 2696 2338 2773">
     <span class='ocr_line' id='line_1_42' title="bbox 770 2696 2338 2773; baseline 0.011 -28"><span class='ocrx_word' id='word_1_303' title='bbox 770 2696 937 2762; x_wconf 66' lang='grc' dir='ltr'>ἦγ’,υν</span> <span class='ocrx_word' id='word_1_304' title='bbox 969 2697 1054 2750; x_wconf 80' lang='grc' dir='ltr'>ἵνα</span> <span class='ocrx_word' id='word_1_305' title='bbox 1088 2700 1292 2773; x_wconf 80' lang='grc' dir='ltr'>ποιήσῃ</span> <span class='ocrx_word' id='word_1_306' title='bbox 1338 2704 1368 2771; x_wconf 81' lang='grc' dir='ltr'>ἡ</span> <span class='ocrx_word' id='word_1_307' title='bbox 1401 2704 1648 2771; x_wconf 86' lang='grc' dir='ltr'>εὐγένειά</span> <span class='ocrx_word' id='word_1_308' title='bbox 1684 2723 1777 2759; x_wconf 90' lang='grc' dir='ltr'>σου</span> <span class='ocrx_word' id='word_1_309' title='bbox 1814 2708 1906 2761; x_wconf 79' lang='grc' dir='ltr'>καὶ</span> <span class='ocrx_word' id='word_1_310' title='bbox 1948 2711 1996 2761; x_wconf 87' lang='grc' dir='ltr'>οί</span> <span class='ocrx_word' id='word_1_311' title='bbox 2028 2710 2211 2772; x_wconf 82' lang='grc' dir='ltr'>παῖδες</span> <span class='ocrx_word' id='word_1_312' title='bbox 2247 2710 2338 2763; x_wconf 71' lang='grc' dir='ltr'>καὶ</span> 
     </span>
    </p>
   </div>
   <div class='ocr_carea' id='block_1_42' title="bbox 770 2788 2330 2871">
    <p class='ocr_par' dir='ltr' id='par_1_42' title="bbox 770 2788 2330 2871">
     <span class='ocr_line' id='line_1_43' title="bbox 770 2788 2330 2871; baseline 0.009 -32"><span class='ocrx_word' id='word_1_313' title='bbox 770 2788 1098 2858; x_wconf 75' lang='grc' dir='ltr'>κληρονόμοι</span> <span class='ocrx_word' id='word_1_314' title='bbox 1156 2794 1246 2844; x_wconf 88' lang='grc' dir='ltr'>καὶ</span> <span class='ocrx_word' id='word_1_315' title='bbox 1294 2795 1523 2865; x_wconf 80' lang='grc' dir='ltr'>διάδοχοι</span> <span class='ocrx_word' id='word_1_316' title='bbox 1573 2798 1745 2867; x_wconf 81' lang='grc' dir='ltr'>αὐτῆς</span> <span class='ocrx_word' id='word_1_317' title='bbox 1784 2801 2030 2869; x_wconf 40' lang='grc' dir='ltr'>,γράμμα</span> <span class='ocrx_word' id='word_1_318' title='bbox 2086 2803 2330 2871; x_wconf 74' lang='grc' dir='ltr'>ἔνορκον,</span> 
     </span>
    </p>
   </div>
   <div class='ocr_carea' id='block_1_43' title="bbox 770 2885 2331 2965">
    <p class='ocr_par' dir='ltr' id='par_1_43' title="bbox 770 2885 2331 2965">
     <span class='ocr_line' id='line_1_44' title="bbox 770 2885 2331 2965; baseline 0.01 -32"><span class='ocrx_word' id='word_1_319' title='bbox 770 2885 1280 2954; x_wconf 82' lang='grc' dir='ltr'>κατησφαλισμένον</span> <span class='ocrx_word' id='word_1_320' title='bbox 1302 2889 1586 2955; x_wconf 74' lang='grc' dir='ltr'>πάντοθεν,</span> <span class='ocrx_word' id='word_1_321' title='bbox 1604 2891 1970 2961; x_wconf 80' lang='grc' dir='ltr'>διαλαμϐάνον</span> <span class='ocrx_word' id='word_1_322' title='bbox 1988 2897 2125 2947; x_wconf 82' lang='grc' dir='ltr'>κατά</span> <span class='ocrx_word' id='word_1_323' title='bbox 2144 2896 2331 2965; x_wconf 80' lang='grc' dir='ltr'>μέρος,</span> 
     </span>
    </p>
   </div>
   <div class='ocr_carea' id='block_1_44' title="bbox 773 2974 2333 3055">
    <p class='ocr_par' dir='ltr' id='par_1_44' title="bbox 773 2974 2333 3055">
     <span class='ocr_line' id='line_1_45' title="bbox 773 2974 2333 3055; baseline 0.009 -29"><span class='ocrx_word' id='word_1_324' title='bbox 773 2974 857 3026; x_wconf 75' lang='grc' dir='ltr'>ἵνα</span> <span class='ocrx_word' id='word_1_325' title='bbox 887 2976 1126 3046; x_wconf 72' lang='grc' dir='ltr'>δηλονότι</span> <span class='ocrx_word' id='word_1_326' title='bbox 1171 2981 1309 3047; x_wconf 89' lang='grc' dir='ltr'>μετά</span> <span class='ocrx_word' id='word_1_327' title='bbox 1355 2981 1583 3033; x_wconf 82' lang='grc' dir='ltr'>θάνατον</span> <span class='ocrx_word' id='word_1_328' title='bbox 1612 2984 1706 3035; x_wconf 87' lang='grc' dir='ltr'>τοῦ</span> <span class='ocrx_word' id='word_1_329' title='bbox 1755 2984 1997 3037; x_wconf 86' lang='grc' dir='ltr'>τοιούτου</span> <span class='ocrx_word' id='word_1_330' title='bbox 2029 2987 2333 3055; x_wconf 72' lang='grc' dir='ltr'>ἀρχιερέως</span> 
     </span>
    </p>
   </div>
   <div class='ocr_carea' id='block_1_45' title="bbox 768 3068 2332 3149">
    <p class='ocr_par' dir='ltr' id='par_1_45' title="bbox 768 3068 2332 3149">
     <span class='ocr_line' id='line_1_46' title="bbox 768 3068 2332 3149; baseline 0.009 -30"><span class='ocrx_word' id='word_1_331' title='bbox 768 3068 920 3134; x_wconf 73' lang='grc' dir='ltr'>ὑμῶν</span> <span class='ocrx_word' id='word_1_332' title='bbox 961 3069 1280 3138; x_wconf 71' lang='grc' dir='ltr'>εὑρίσκηται</span> <span class='ocrx_word' id='word_1_333' title='bbox 1318 3075 1348 3142; x_wconf 86' lang='grc' dir='ltr'>ή</span> <span class='ocrx_word' id='word_1_334' title='bbox 1381 3073 1529 3125; x_wconf 82' lang='grc' dir='ltr'>πᾶσα</span> <span class='ocrx_word' id='word_1_335' title='bbox 1574 3074 1715 3143; x_wconf 82' lang='grc' dir='ltr'>ἀρχὴ</span> <span class='ocrx_word' id='word_1_336' title='bbox 1761 3077 1854 3128; x_wconf 75' lang='grc' dir='ltr'>καὶ</span> <span class='ocrx_word' id='word_1_337' title='bbox 1884 3079 2206 3146; x_wconf 77' lang='grc' dir='ltr'>ἐπικράτεια</span> <span class='ocrx_word' id='word_1_338' title='bbox 2233 3081 2332 3149; x_wconf 82' lang='grc' dir='ltr'>τῆς</span> 
     </span>
    </p>
   </div>
   <div class='ocr_carea' id='block_1_46' title="bbox 763 3162 2327 3240">
    <p class='ocr_par' dir='ltr' id='par_1_46' title="bbox 763 3162 2327 3240">
     <span class='ocr_line' id='line_1_47' title="bbox 763 3162 2327 3240; baseline 0.008 -29"><span class='ocrx_word' id='word_1_339' title='bbox 763 3162 1218 3233; x_wconf 64' lang='grc' dir='ltr'>(ὶύγγροϐλαχίας</span> <span class='ocrx_word' id='word_1_340' title='bbox 1266 3165 1371 3217; x_wconf 71' lang='grc' dir='ltr'>ὑπὸ</span> <span class='ocrx_word' id='word_1_341' title='bbox 1405 3165 1499 3234; x_wconf 79' lang='grc' dir='ltr'>τὴν</span> <span class='ocrx_word' id='word_1_342' title='bbox 1530 3166 1651 3220; x_wconf 86' lang='grc' dir='ltr'>καθ’</span> <span class='ocrx_word' id='word_1_343' title='bbox 1685 3169 1831 3235; x_wconf 74' lang='grc' dir='ltr'>ἡμᾶς</span> <span class='ocrx_word' id='word_1_344' title='bbox 1874 3169 2187 3240; x_wconf 73' lang='grc' dir='ltr'>ἀγιωτάτην</span> <span class='ocrx_word' id='word_1_345' title='bbox 2234 3172 2327 3224; x_wconf 86' lang='grc' dir='ltr'>τοῦ</span> 
     </span>
    </p>
   </div>
   <div class='ocr_carea' id='block_1_47' title="bbox 762 3254 2325 3332">
    <p class='ocr_par' dir='ltr' id='par_1_47' title="bbox 762 3254 2325 3332">
     <span class='ocr_line' id='line_1_48' title="bbox 762 3254 2325 3332; baseline 0.008 -29"><span class='ocrx_word' id='word_1_346' title='bbox 762 3254 895 3305; x_wconf 68' lang='grc' dir='ltr'>θεοῦ</span> <span class='ocrx_word' id='word_1_347' title='bbox 927 3255 1186 3324; x_wconf 76' lang='grc' dir='ltr'>Μεγάλην</span> <span class='ocrx_word' id='word_1_348' title='bbox 1224 3257 1566 3326; x_wconf 77' lang='grc' dir='ltr'>Ἐκκλησίαν,</span> <span class='ocrx_word' id='word_1_349' title='bbox 1605 3258 1700 3311; x_wconf 75' lang='grc' dir='ltr'>καὶ</span> <span class='ocrx_word' id='word_1_350' title='bbox 1749 3261 2121 3330; x_wconf 87' lang='grc' dir='ltr'>χειροτονῆται</span> <span class='ocrx_word' id='word_1_351' title='bbox 2163 3262 2325 3332; x_wconf 66' lang='grc' dir='ltr'>ψήφῳ</span> 
     </span>
    </p>
   </div>
   <div class='ocr_carea' id='block_1_48' title="bbox 763 3348 2327 3423">
    <p class='ocr_par' dir='ltr' id='par_1_48' title="bbox 763 3348 2327 3423">
     <span class='ocr_line' id='line_1_49' title="bbox 763 3348 2327 3423; baseline 0.006 -27"><span class='ocrx_word' id='word_1_352' title='bbox 763 3348 1011 3417; x_wconf 76' lang='grc' dir='ltr'>συνοδικῇ</span> <span class='ocrx_word' id='word_1_353' title='bbox 1059 3348 1190 3416; x_wconf 79' lang='grc' dir='ltr'>παρ’</span> <span class='ocrx_word' id='word_1_354' title='bbox 1232 3349 1423 3418; x_wconf 78' lang='grc' dir='ltr'>αὐτῆς,</span> <span class='ocrx_word' id='word_1_355' title='bbox 1471 3349 1547 3412; x_wconf 80' lang='grc' dir='ltr'>ὡς</span> <span class='ocrx_word' id='word_1_356' title='bbox 1577 3353 1806 3405; x_wconf 76' lang='grc' dir='ltr'>εἴθισται</span> <span class='ocrx_word' id='word_1_357' title='bbox 1852 3354 1947 3406; x_wconf 71' lang='grc' dir='ltr'>καὶ</span> <span class='ocrx_word' id='word_1_358' title='bbox 1996 3356 2327 3423; x_wconf 88' lang='grc' dir='ltr'>νενόμισται,</span> 
     </span>
    </p>
   </div>
   <div class='ocr_carea' id='block_1_49' title="bbox 760 3440 2328 3514">
    <p class='ocr_par' dir='ltr' id='par_1_49' title="bbox 760 3440 2328 3514">
     <span class='ocr_line' id='line_1_50' title="bbox 760 3440 2328 3514; baseline 0.007 -26"><span class='ocrx_word' id='word_1_359' title='bbox 760 3441 1073 3508; x_wconf 76' lang='grc' dir='ltr'>ἀρχιερεὺς,</span> <span class='ocrx_word' id='word_1_360' title='bbox 1109 3440 1204 3493; x_wconf 80' lang='grc' dir='ltr'>καὶ</span> <span class='ocrx_word' id='word_1_361' title='bbox 1246 3441 1646 3512; x_wconf 87' lang='grc' dir='ltr'>ἀποστέλληται</span> <span class='ocrx_word' id='word_1_362' title='bbox 1676 3445 1859 3497; x_wconf 82' lang='grc' dir='ltr'>αὐτόθι</span> <span class='ocrx_word' id='word_1_363' title='bbox 1890 3447 1968 3507; x_wconf 86' lang='grc' dir='ltr'>είς</span> <span class='ocrx_word' id='word_1_364' title='bbox 1999 3449 2328 3514; x_wconf 87' lang='grc' dir='ltr'>ποιμανσίαν</span> 
     </span>
    </p>
   </div>
   <div class='ocr_carea' id='block_1_50' title="bbox 762 3531 2329 3606">
    <p class='ocr_par' dir='ltr' id='par_1_50' title="bbox 762 3531 2329 3606">
     <span class='ocr_line' id='line_1_51' title="bbox 762 3531 2329 3606; baseline 0.006 -25"><span class='ocrx_word' id='word_1_365' title='bbox 762 3531 855 3581; x_wconf 71' lang='grc' dir='ltr'>καὶ</span> <span class='ocrx_word' id='word_1_366' title='bbox 913 3531 1148 3601; x_wconf 74' lang='grc' dir='ltr'>ψυχικὴν</span> <span class='ocrx_word' id='word_1_367' title='bbox 1204 3532 1470 3600; x_wconf 80' lang='grc' dir='ltr'>ὠφέλειαν</span> <span class='ocrx_word' id='word_1_368' title='bbox 1532 3533 1624 3585; x_wconf 90' lang='grc' dir='ltr'>τοῦ</span> <span class='ocrx_word' id='word_1_369' title='bbox 1686 3534 1874 3587; x_wconf 86' lang='grc' dir='ltr'>αὐτόθι</span> <span class='ocrx_word' id='word_1_370' title='bbox 1934 3537 2329 3606; x_wconf 86' lang='grc' dir='ltr'>Χριστωνύμου</span> 
     </span>
    </p>
   </div>
   <div class='ocr_carea' id='block_1_51' title="bbox 762 3620 2328 3709">
    <p class='ocr_par' dir='ltr' id='par_1_51' title="bbox 762 3620 2328 3709">
     <span class='ocr_line' id='line_1_52' title="bbox 762 3620 2328 3709; baseline 0.007 -38"><span class='ocrx_word' id='word_1_371' title='bbox 762 3620 916 3687; x_wconf 66' lang='grc' dir='ltr'>λαοῦ,</span> <span class='ocrx_word' id='word_1_372' title='bbox 946 3622 1039 3675; x_wconf 75' lang='grc' dir='ltr'>καὶ</span> <span class='ocrx_word' id='word_1_373' title='bbox 1076 3624 1367 3695; x_wconf 68' lang='grc' dir='ltr'>ἐκπέμψῃς</span> <span class='ocrx_word' id='word_1_374' title='bbox 1385 3625 1473 3709; x_wconf 46' lang='grc' dir='ltr'>“τδ</span> <span class='ocrx_word' id='word_1_375' title='bbox 1507 3627 1715 3678; x_wconf 88' lang='grc' dir='ltr'>τοιοῦτο</span> <span class='ocrx_word' id='word_1_376' title='bbox 1748 3628 1982 3696; x_wconf 84' lang='grc' dir='ltr'>γράμμα</span> <span class='ocrx_word' id='word_1_377' title='bbox 2035 3630 2174 3697; x_wconf 80' lang='grc' dir='ltr'>μετά</span> <span class='ocrx_word' id='word_1_378' title='bbox 2220 3630 2328 3682; x_wconf 90' lang='grc' dir='ltr'>τῶν</span> 
     </span>
    </p>
   </div>
   <div class='ocr_carea' id='block_1_52' title="bbox 761 3715 2327 3793">
    <p class='ocr_par' dir='ltr' id='par_1_52' title="bbox 761 3715 2327 3793">
     <span class='ocr_line' id='line_1_53' title="bbox 761 3715 2327 3793; baseline 0.005 -27"><span class='ocrx_word' id='word_1_379' title='bbox 761 3715 1192 3785; x_wconf 81' lang='grc' dir='ltr'>ἀπεσταλμένων</span> <span class='ocrx_word' id='word_1_380' title='bbox 1223 3718 1426 3771; x_wconf 85' lang='grc' dir='ltr'>τούτων</span> <span class='ocrx_word' id='word_1_381' title='bbox 1458 3720 1609 3789; x_wconf 87' lang='grc' dir='ltr'>παρά</span> <span class='ocrx_word' id='word_1_382' title='bbox 1657 3720 1753 3790; x_wconf 85' lang='grc' dir='ltr'>τῆς</span> <span class='ocrx_word' id='word_1_383' title='bbox 1787 3722 1943 3791; x_wconf 81' lang='grc' dir='ltr'>ήμῶν</span> <span class='ocrx_word' id='word_1_384' title='bbox 1975 3723 2327 3793; x_wconf 79' lang='grc' dir='ltr'>μετριότητος</span> 
     </span>
    </p>
   </div>
   <div class='ocr_carea' id='block_1_53' title="bbox 759 3809 2329 3883">
    <p class='ocr_par' dir='ltr' id='par_1_53' title="bbox 759 3809 2329 3883">
     <span class='ocr_line' id='line_1_54' title="bbox 759 3809 2329 3883; baseline 0.004 -23"><span class='ocrx_word' id='word_1_385' title='bbox 759 3809 991 3861; x_wconf 71' lang='grc' dir='ltr'>ἐνταῦθα</span> <span class='ocrx_word' id='word_1_386' title='bbox 1039 3810 1120 3872; x_wconf 88' lang='grc' dir='ltr'>εἰς</span> <span class='ocrx_word' id='word_1_387' title='bbox 1163 3809 1261 3879; x_wconf 84' lang='grc' dir='ltr'>τὴν</span> <span class='ocrx_word' id='word_1_388' title='bbox 1307 3812 1472 3877; x_wconf 67' lang='grc' dir='ltr'>ἁγίαν</span> <span class='ocrx_word' id='word_1_389' title='bbox 1511 3811 1605 3864; x_wconf 85' lang='grc' dir='ltr'>τοῦ</span> <span class='ocrx_word' id='word_1_390' title='bbox 1636 3813 1874 3881; x_wconf 81' lang='grc' dir='ltr'>Χριστοῦ</span> <span class='ocrx_word' id='word_1_391' title='bbox 1908 3812 2202 3883; x_wconf 77' lang='grc' dir='ltr'>καθολικὴν</span> <span class='ocrx_word' id='word_1_392' title='bbox 2236 3818 2329 3869; x_wconf 73' lang='grc' dir='ltr'>καὶ</span> 
     </span>
    </p>
   </div>
   <div class='ocr_carea' id='block_1_54' title="bbox 758 3888 2327 3977">
    <p class='ocr_par' dir='ltr' id='par_1_54' title="bbox 758 3888 2327 3977">
     <span class='ocr_line' id='line_1_55' title="bbox 758 3888 2327 3977; baseline 0.003 -22"><span class='ocrx_word' id='word_1_393' title='bbox 758 3905 1127 3973; x_wconf 69' lang='grc' dir='ltr'>ἁποστολικὴν</span> <span class='ocrx_word' id='word_1_394' title='bbox 1167 3905 1494 3973; x_wconf 79' lang='grc' dir='ltr'>Ἐκκλησίαν</span> <span class='ocrx_word' id='word_1_395' title='bbox 1524 3888 1617 3959; x_wconf 67' lang='grc' dir='ltr'>ἐαί</span> <span class='ocrx_word' id='word_1_396' title='bbox 1650 3908 1727 3967; x_wconf 86' lang='grc' dir='ltr'>είς</span> <span class='ocrx_word' id='word_1_397' title='bbox 1756 3905 1853 3973; x_wconf 80' lang='grc' dir='ltr'>τὴν</span> <span class='ocrx_word' id='word_1_398' title='bbox 1882 3905 2033 3958; x_wconf 87' lang='grc' dir='ltr'>θείαν</span> <span class='ocrx_word' id='word_1_399' title='bbox 2059 3908 2150 3959; x_wconf 74' lang='grc' dir='ltr'>καὶ</span> <span class='ocrx_word' id='word_1_400' title='bbox 2175 3908 2327 3977; x_wconf 88' lang='grc' dir='ltr'>ίεράν</span> 
     </span>
    </p>
   </div>
   <div class='ocr_carea' id='block_1_55' title="bbox 767 3995 2329 4065">
    <p class='ocr_par' dir='ltr' id='par_1_55' title="bbox 767 3995 2329 4065">
     <span class='ocr_line' id='line_1_56' title="bbox 767 3995 2329 4065; baseline 0.003 -20"><span class='ocrx_word' id='word_1_401' title='bbox 767 3995 1000 4060; x_wconf 77' lang='grc' dir='ltr'>σύνοδον,</span> <span class='ocrx_word' id='word_1_402' title='bbox 1049 3996 1138 4048; x_wconf 73' lang='grc' dir='ltr'>καὶ</span> <span class='ocrx_word' id='word_1_403' title='bbox 1187 3996 1266 4047; x_wconf 79' lang='grc' dir='ltr'>ἔνι</span> <span class='ocrx_word' id='word_1_404' title='bbox 1314 3997 1394 4059; x_wconf 81' lang='grc' dir='ltr'>είς</span> <span class='ocrx_word' id='word_1_405' title='bbox 1430 3997 1719 4065; x_wconf 81' lang='grc' dir='ltr'>βεϐαίωσιν</span> <span class='ocrx_word' id='word_1_406' title='bbox 1752 3996 1845 4049; x_wconf 69' lang='lat' dir='ltr'>xal</span> <span class='ocrx_word' id='word_1_407' title='bbox 1880 3997 2181 4064; x_wconf 79' lang='grc' dir='ltr'>ἀσφάλειαν</span> <span class='ocrx_word' id='word_1_408' title='bbox 2228 3996 2329 4064; x_wconf 83' lang='grc' dir='ltr'>τῆς</span> 
     </span>
    </p>
   </div>
   <div class='ocr_carea' id='block_1_56' title="bbox 758 4089 2329 4159">
    <p class='ocr_par' dir='ltr' id='par_1_56' title="bbox 758 4089 2329 4159">
     <span class='ocr_line' id='line_1_57' title="bbox 758 4089 2329 4159; baseline 0.004 -20"><span class='ocrx_word' id='word_1_409' title='bbox 758 4089 1109 4157; x_wconf 81' lang='grc' dir='ltr'>ὑποσχέσεως</span> <span class='ocrx_word' id='word_1_410' title='bbox 1138 4090 1230 4142; x_wconf 75' lang='grc' dir='ltr'>καὶ</span> <span class='ocrx_word' id='word_1_411' title='bbox 1261 4093 1582 4157; x_wconf 82' lang='grc' dir='ltr'>συμφωνίας</span> <span class='ocrx_word' id='word_1_412' title='bbox 1616 4091 1713 4159; x_wconf 82' lang='grc' dir='ltr'>τῆς</span> <span class='ocrx_word' id='word_1_413' title='bbox 1746 4091 2020 4159; x_wconf 84' lang='grc' dir='ltr'>εὐγενείας</span> <span class='ocrx_word' id='word_1_414' title='bbox 2050 4108 2164 4145; x_wconf 71' lang='grc' dir='ltr'>σουο</span> <span class='ocrx_word' id='word_1_415' title='bbox 2207 4094 2329 4146; x_wconf 80' lang='grc' dir='ltr'>ἐπεὶ</span> 
     </span>
    </p>
   </div>
   <div class='ocr_carea' id='block_1_57' title="bbox 761 4179 2328 4258">
    <p class='ocr_par' dir='ltr' id='par_1_57' title="bbox 761 4179 2328 4258">
     <span class='ocr_line' id='line_1_58' title="bbox 761 4179 2328 4258; baseline 0.005 -27"><span class='ocrx_word' id='word_1_416' title='bbox 761 4181 905 4234; x_wconf 76' lang='grc' dir='ltr'>ὥστε</span> <span class='ocrx_word' id='word_1_417' title='bbox 930 4179 1068 4235; x_wconf 79' lang='grc' dir='ltr'>εἶναι</span> <span class='ocrx_word' id='word_1_418' title='bbox 1100 4185 1517 4256; x_wconf 55' lang='grc' dir='ltr'>άπαραποίητομ</span> <span class='ocrx_word' id='word_1_419' title='bbox 1553 4185 1646 4236; x_wconf 81' lang='grc' dir='ltr'>καὶ</span> <span class='ocrx_word' id='word_1_420' title='bbox 1680 4184 2014 4251; x_wconf 81' lang='grc' dir='ltr'>ἀμετάθετον</span> <span class='ocrx_word' id='word_1_421' title='bbox 2046 4186 2143 4255; x_wconf 80' lang='grc' dir='ltr'>τὴν</span> <span class='ocrx_word' id='word_1_422' title='bbox 2178 4189 2328 4258; x_wconf 78' lang='grc' dir='ltr'>εἰρη-</span> 
     </span>
    </p>
   </div>
   <div class='ocr_carea' id='block_1_58' title="bbox 765 4276 2326 4351">
    <p class='ocr_par' dir='ltr' id='par_1_58' title="bbox 765 4276 2326 4351">
     <span class='ocr_line' id='line_1_59' title="bbox 765 4276 2326 4351; baseline 0.004 -23"><span class='ocrx_word' id='word_1_423' title='bbox 765 4276 935 4344; x_wconf 80' lang='grc' dir='ltr'>μένην</span> <span class='ocrx_word' id='word_1_424' title='bbox 981 4276 1339 4342; x_wconf 87' lang='grc' dir='ltr'>κατάστασιν,</span> <span class='ocrx_word' id='word_1_425' title='bbox 1393 4279 1484 4330; x_wconf 78' lang='grc' dir='ltr'>καὶ</span> <span class='ocrx_word' id='word_1_426' title='bbox 1535 4278 1807 4340; x_wconf 84' lang='grc' dir='ltr'>συνοδικὸς</span> <span class='ocrx_word' id='word_1_427' title='bbox 1859 4281 2138 4351; x_wconf 85' lang='grc' dir='ltr'>φρικώδης</span> <span class='ocrx_word' id='word_1_428' title='bbox 2188 4282 2326 4349; x_wconf 82' lang='grc' dir='ltr'>ἀφο-</span> 
     </span>
    </p>
   </div>
   <div class='ocr_carea' id='block_1_59' title="bbox 764 4365 2324 4441">
    <p class='ocr_par' dir='ltr' id='par_1_59' title="bbox 764 4365 2324 4441">
     <span class='ocr_line' id='line_1_60' title="bbox 764 4365 2324 4441; baseline 0.004 -23"><span class='ocrx_word' id='word_1_429' title='bbox 764 4365 959 4434; x_wconf 76' lang='grc' dir='ltr'>ρισμὸς</span> <span class='ocrx_word' id='word_1_430' title='bbox 984 4366 1272 4435; x_wconf 79' lang='grc' dir='ltr'>ήπείληται</span> <span class='ocrx_word' id='word_1_431' title='bbox 1317 4369 1457 4419; x_wconf 84' lang='grc' dir='ltr'>κατά</span> <span class='ocrx_word' id='word_1_432' title='bbox 1487 4366 1579 4420; x_wconf 88' lang='grc' dir='ltr'>τοῦ</span> <span class='ocrx_word' id='word_1_433' title='bbox 1613 4369 1946 4431; x_wconf 74' lang='grc' dir='ltr'>κωλύσοντος</span> <span class='ocrx_word' id='word_1_434' title='bbox 1990 4373 2084 4425; x_wconf 85' lang='grc' dir='ltr'>καὶ</span> <span class='ocrx_word' id='word_1_435' title='bbox 2126 4372 2324 4441; x_wconf 84' lang='grc' dir='ltr'>ἀθετή-</span> 
     </span>
    </p>
   </div>
   <div class='ocr_carea' id='block_1_60' title="bbox 764 4458 2323 4536">
    <p class='ocr_par' dir='ltr' id='par_1_60' title="bbox 764 4458 2323 4536">
     <span class='ocr_line' id='line_1_61' title="bbox 764 4458 2323 4536; baseline 0.005 -26"><span class='ocrx_word' id='word_1_436' title='bbox 764 4475 947 4519; x_wconf 82' lang='grc' dir='ltr'>σοντος</span> <span class='ocrx_word' id='word_1_437' title='bbox 977 4458 1205 4529; x_wconf 82' lang='grc' dir='ltr'>ταύτην.</span> <span class='ocrx_word' id='word_1_438' title='bbox 1223 4460 1452 4528; x_wconf 87' lang='grc' dir='ltr'>Ὀφείλει</span> <span class='ocrx_word' id='word_1_439' title='bbox 1480 4460 1532 4513; x_wconf 75' lang='grc' dir='ltr'>δὲ</span> <span class='ocrx_word' id='word_1_440' title='bbox 1563 4464 1656 4515; x_wconf 71' lang='grc' dir='ltr'>καὶ</span> <span class='ocrx_word' id='word_1_441' title='bbox 1681 4463 1712 4532; x_wconf 83' lang='grc' dir='ltr'>ή</span> <span class='ocrx_word' id='word_1_442' title='bbox 1739 4464 1986 4530; x_wconf 82' lang='grc' dir='ltr'>εὐγένειά</span> <span class='ocrx_word' id='word_1_443' title='bbox 2013 4482 2128 4528; x_wconf 90' lang='grc' dir='ltr'>σου,</span> <span class='ocrx_word' id='word_1_444' title='bbox 2156 4467 2323 4536; x_wconf 79' lang='grc' dir='ltr'>ζητή-</span> 
     </span>
    </p>
   </div>
   <div class='ocr_carea' id='block_1_61' title="bbox 2443 1969 4011 2041">
    <p class='ocr_par' dir='ltr' id='par_1_61' title="bbox 2443 1969 4011 2041">
     <span class='ocr_line' id='line_1_62' title="bbox 2443 1969 4011 2041; baseline 0.001 -21"><span class='ocrx_word' id='word_1_445' title='bbox 2443 1969 2539 2040; x_wconf 79' lang='grc' dir='ltr'>λὴν</span> <span class='ocrx_word' id='word_1_446' title='bbox 2569 1971 2805 2039; x_wconf 64' lang='grc' dir='ltr'>φοϐερὰν</span> <span class='ocrx_word' id='word_1_447' title='bbox 2856 1971 2988 2041; x_wconf 72' lang='grc' dir='ltr'>πρὸς</span> <span class='ocrx_word' id='word_1_448' title='bbox 3026 1972 3151 2035; x_wconf 87' lang='grc' dir='ltr'>τούς</span> <span class='ocrx_word' id='word_1_449' title='bbox 3201 1970 3446 2033; x_wconf 75' lang='grc' dir='ltr'>ἀπειθεῖς</span> <span class='ocrx_word' id='word_1_450' title='bbox 3493 1971 3587 2024; x_wconf 80' lang='grc' dir='ltr'>καὶ</span> <span class='ocrx_word' id='word_1_451' title='bbox 3642 1969 4011 2038; x_wconf 81' lang='grc' dir='ltr'>ἀγνώμονας,</span> 
     </span>
    </p>
   </div>
   <div class='ocr_carea' id='block_1_62' title="bbox 2442 2061 4013 2131">
    <p class='ocr_par' dir='ltr' id='par_1_62' title="bbox 2442 2061 4013 2131">
     <span class='ocr_line' id='line_1_63' title="bbox 2442 2061 4013 2131; baseline -0.001 -17"><span class='ocrx_word' id='word_1_452' title='bbox 2442 2061 2534 2114; x_wconf 79' lang='grc' dir='ltr'>τὸν</span> <span class='ocrx_word' id='word_1_453' title='bbox 2572 2062 2680 2114; x_wconf 70' lang='grc' dir='ltr'>ἀπο</span> <span class='ocrx_word' id='word_1_454' title='bbox 2706 2063 2800 2115; x_wconf 89' lang='grc' dir='ltr'>τοῦ</span> <span class='ocrx_word' id='word_1_455' title='bbox 2828 2062 2961 2115; x_wconf 86' lang='grc' dir='ltr'>Θεοῦ</span> <span class='ocrx_word' id='word_1_456' title='bbox 2990 2062 3277 2131; x_wconf 85' lang='grc' dir='ltr'>χωρισμὸν</span> <span class='ocrx_word' id='word_1_457' title='bbox 3307 2061 3740 2130; x_wconf 79' lang='grc' dir='ltr'>ἀποφαινόμενοι</span> <span class='ocrx_word' id='word_1_458' title='bbox 3767 2063 3885 2113; x_wconf 85' lang='grc' dir='ltr'>κατ’</span> <span class='ocrx_word' id='word_1_459' title='bbox 3915 2061 4013 2112; x_wconf 87' lang='grc' dir='ltr'>αὐ-</span> 
     </span>
    </p>
   </div>
   <div class='ocr_carea' id='block_1_63' title="bbox 2442 2153 4013 2226">
    <p class='ocr_par' dir='ltr' id='par_1_63' title="bbox 2442 2153 4013 2226">
     <span class='ocr_line' id='line_1_64' title="bbox 2442 2153 4013 2226; baseline -0.002 -19"><span class='ocrx_word' id='word_1_460' title='bbox 2442 2158 2552 2207; x_wconf 85' lang='grc' dir='ltr'>τῶν</span> <span class='ocrx_word' id='word_1_461' title='bbox 2574 2155 2866 2226; x_wconf 86' lang='grc' dir='ltr'>ἀριδήλως.</span> <span class='ocrx_word' id='word_1_462' title='bbox 2929 2155 3141 2208; x_wconf 77' lang='grc' dir='ltr'>Οὐκοῦν</span> <span class='ocrx_word' id='word_1_463' title='bbox 3192 2155 3246 2207; x_wconf 86' lang='grc' dir='ltr'>τί</span> <span class='ocrx_word' id='word_1_464' title='bbox 3275 2153 3639 2207; x_wconf 81' lang='grc' dir='ltr'>ἀναϐάλλεσθε</span> <span class='ocrx_word' id='word_1_465' title='bbox 3688 2153 3905 2223; x_wconf 88' lang='grc' dir='ltr'>ήμέραν</span> <span class='ocrx_word' id='word_1_466' title='bbox 3951 2153 4013 2215; x_wconf 81' lang='grc' dir='ltr'>ἐξ</span> 
     </span>
    </p>
   </div>
   <div class='ocr_carea' id='block_1_64' title="bbox 2442 2246 4017 2319">
    <p class='ocr_par' dir='ltr' id='par_1_64' title="bbox 2442 2246 4017 2319">
     <span class='ocr_line' id='line_1_65' title="bbox 2442 2246 4017 2319; baseline -0.001 -19"><span class='ocrx_word' id='word_1_467' title='bbox 2442 2248 2654 2319; x_wconf 75' lang='grc' dir='ltr'>ἡμέρας</span> <span class='ocrx_word' id='word_1_468' title='bbox 2699 2248 3115 2318; x_wconf 84' lang='grc' dir='ltr'>ἀντιποιηθῆναι</span> <span class='ocrx_word' id='word_1_469' title='bbox 3149 2249 3258 2302; x_wconf 89' lang='grc' dir='ltr'>τῶν</span> <span class='ocrx_word' id='word_1_470' title='bbox 3305 2248 3526 2314; x_wconf 80' lang='grc' dir='ltr'>ἀγαθῶν</span> <span class='ocrx_word' id='word_1_471' title='bbox 3561 2248 3771 2317; x_wconf 77' lang='grc' dir='ltr'>ἐργωνς</span> <span class='ocrx_word' id='word_1_472' title='bbox 3832 2246 3896 2299; x_wconf 90' lang='grc' dir='ltr'>Τί</span> <span class='ocrx_word' id='word_1_473' title='bbox 3938 2246 4017 2309; x_wconf 82' lang='grc' dir='ltr'>ὡς</span> 
     </span>
    </p>
   </div>
   <div class='ocr_carea' id='block_1_65' title="bbox 2444 2339 4009 2412">
    <p class='ocr_par' dir='ltr' id='par_1_65' title="bbox 2444 2339 4009 2412">
     <span class='ocr_line' id='line_1_66' title="bbox 2444 2339 4009 2412; baseline -0.001 -19"><span class='ocrx_word' id='word_1_474' title='bbox 2444 2343 2678 2410; x_wconf 84' lang='grc' dir='ltr'>σχοινίον</span> <span class='ocrx_word' id='word_1_475' title='bbox 2701 2342 2939 2410; x_wconf 76' lang='grc' dir='ltr'>μακρὸν,</span> <span class='ocrx_word' id='word_1_476' title='bbox 2969 2342 3326 2412; x_wconf 84' lang='grc' dir='ltr'>προφητικῶς</span> <span class='ocrx_word' id='word_1_477' title='bbox 3347 2343 3543 2406; x_wconf 76' lang='grc' dir='ltr'>εἰπεῖν,</span> <span class='ocrx_word' id='word_1_478' title='bbox 3576 2339 3882 2393; x_wconf 76' lang='grc' dir='ltr'>ἐπισπᾶσθε</span> <span class='ocrx_word' id='word_1_479' title='bbox 3910 2340 4009 2400; x_wconf 74' lang='grc' dir='ltr'>τὰς</span> 
     </span>
    </p>
   </div>
   <div class='ocr_carea' id='block_1_66' title="bbox 2445 2431 4009 2502">
    <p class='ocr_par' dir='ltr' id='par_1_66' title="bbox 2445 2431 4009 2502">
     <span class='ocr_line' id='line_1_67' title="bbox 2445 2431 4009 2502; baseline -0.002 -17"><span class='ocrx_word' id='word_1_480' title='bbox 2445 2433 2717 2502; x_wconf 83' lang='grc' dir='ltr'>ἁμαρτίας</span> <span class='ocrx_word' id='word_1_481' title='bbox 2743 2433 2918 2501; x_wconf 85' lang='grc' dir='ltr'>ὑμῶν,</span> <span class='ocrx_word' id='word_1_482' title='bbox 2945 2433 3041 2485; x_wconf 74' lang='grc' dir='ltr'>καὶ</span> <span class='ocrx_word' id='word_1_483' title='bbox 3069 2432 3144 2495; x_wconf 85' lang='grc' dir='ltr'>ὡς</span> <span class='ocrx_word' id='word_1_484' title='bbox 3174 2433 3314 2502; x_wconf 82' lang='grc' dir='ltr'>βαρὺ</span> <span class='ocrx_word' id='word_1_485' title='bbox 3376 2433 3617 2502; x_wconf 69' lang='grc' dir='ltr'>φορτίον⁸</span> <span class='ocrx_word' id='word_1_486' title='bbox 3654 2448 3714 2483; x_wconf 90' lang='grc' dir='ltr'>τε</span> <span class='ocrx_word' id='word_1_487' title='bbox 3759 2432 3853 2483; x_wconf 81' lang='grc' dir='ltr'>καὶ</span> <span class='ocrx_word' id='word_1_488' title='bbox 3882 2431 4009 2482; x_wconf 86' lang='grc' dir='ltr'>δυσ-</span> 
     </span>
    </p>
   </div>
   <div class='ocr_carea' id='block_1_67' title="bbox 2442 2518 4005 2597">
    <p class='ocr_par' dir='ltr' id='par_1_67' title="bbox 2442 2518 4005 2597">
     <span class='ocr_line' id='line_1_68' title="bbox 2442 2518 4005 2597; baseline -0.003 -18"><span class='ocrx_word' id='word_1_489' title='bbox 2442 2528 2746 2582; x_wconf 82' lang='grc' dir='ltr'>ϐάστακτον</span> <span class='ocrx_word' id='word_1_490' title='bbox 2772 2529 2831 2581; x_wconf 91' lang='grc' dir='ltr'>οὐ</span> <span class='ocrx_word' id='word_1_491' title='bbox 2864 2518 3110 2581; x_wconf 78' lang='grc' dir='ltr'>παιδεύει</span> <span class='ocrx_word' id='word_1_492' title='bbox 3140 2527 3337 2595; x_wconf 77' lang='grc' dir='ltr'>ὑμᾶςὴ</span> <span class='ocrx_word' id='word_1_493' title='bbox 3366 2527 3541 2597; x_wconf 66' lang='grc' dir='ltr'>πικρὰ</span> <span class='ocrx_word' id='word_1_494' title='bbox 3570 2525 3706 2596; x_wconf 84' lang='grc' dir='ltr'>αῦτη</span> <span class='ocrx_word' id='word_1_495' title='bbox 3734 2525 3827 2578; x_wconf 83' lang='grc' dir='ltr'>καὶ</span> <span class='ocrx_word' id='word_1_496' title='bbox 3855 2522 4005 2592; x_wconf 74' lang='grc' dir='ltr'>δεινὴ</span> 
     </span>
    </p>
   </div>
   <div class='ocr_carea' id='block_1_68' title="bbox 2438 2614 4008 2689">
    <p class='ocr_par' dir='ltr' id='par_1_68' title="bbox 2438 2614 4008 2689">
     <span class='ocr_line' id='line_1_69' title="bbox 2438 2614 4008 2689; baseline -0.005 -17"><span class='ocrx_word' id='word_1_497' title='bbox 2438 2619 2789 2688; x_wconf 79' lang='grc' dir='ltr'>αίχμαλωσία</span> <span class='ocrx_word' id='word_1_498' title='bbox 2826 2621 2859 2687; x_wconf 84' lang='grc' dir='ltr'>ή</span> <span class='ocrx_word' id='word_1_499' title='bbox 2916 2619 3038 2671; x_wconf 81' lang='grc' dir='ltr'>καθ’</span> <span class='ocrx_word' id='word_1_500' title='bbox 3070 2620 3286 2689; x_wconf 76' lang='grc' dir='ltr'>ἡμέραν</span> <span class='ocrx_word' id='word_1_501' title='bbox 3319 2619 3623 2687; x_wconf 84' lang='grc' dir='ltr'>συνέχουσα</span> <span class='ocrx_word' id='word_1_502' title='bbox 3671 2617 3766 2668; x_wconf 78' lang='grc' dir='ltr'>καὶ</span> <span class='ocrx_word' id='word_1_503' title='bbox 3798 2614 4008 2683; x_wconf 87' lang='grc' dir='ltr'>συντρί-</span> 
     </span>
    </p>
   </div>
   <div class='ocr_carea' id='block_1_69' title="bbox 2419 2708 4001 2780">
    <p class='ocr_par' dir='ltr' id='par_1_69' title="bbox 2419 2708 4001 2780">
     <span class='ocr_line' id='line_1_70' title="bbox 2419 2708 4001 2780; baseline 0 -21"><span class='ocrx_word' id='word_1_504' title='bbox 2419 2711 2646 2775; x_wconf 84' lang='grc' dir='ltr'>.ϐουσα;</span> <span class='ocrx_word' id='word_1_505' title='bbox 2684 2712 2760 2763; x_wconf 87' lang='grc' dir='ltr'>Οὐ</span> <span class='ocrx_word' id='word_1_506' title='bbox 2804 2713 3168 2779; x_wconf 87' lang='grc' dir='ltr'>συνταράσσει</span> <span class='ocrx_word' id='word_1_507' title='bbox 3222 2710 3319 2780; x_wconf 81' lang='grc' dir='ltr'>τὴν</span> <span class='ocrx_word' id='word_1_508' title='bbox 3371 2711 3650 2779; x_wconf 77' lang='grc' dir='ltr'>ἡμετέραν</span> <span class='ocrx_word' id='word_1_509' title='bbox 3706 2708 4001 2761; x_wconf 86' lang='grc' dir='ltr'>διάνοιανό</span> 
     </span>
    </p>
   </div>
   <div class='ocr_carea' id='block_1_70' title="bbox 2439 2802 3998 2875">
    <p class='ocr_par' dir='ltr' id='par_1_70' title="bbox 2439 2802 3998 2875">
     <span class='ocr_line' id='line_1_71' title="bbox 2439 2802 3998 2875; baseline -0.003 -18"><span class='ocrx_word' id='word_1_510' title='bbox 2439 2804 2561 2858; x_wconf 84' lang='grc' dir='ltr'>καθ’</span> <span class='ocrx_word' id='word_1_511' title='bbox 2593 2807 2739 2874; x_wconf 78' lang='grc' dir='ltr'>ἡμᾶς</span> <span class='ocrx_word' id='word_1_512' title='bbox 2786 2808 2872 2859; x_wconf 84' lang='grc' dir='ltr'>ἀεὶ</span> <span class='ocrx_word' id='word_1_513' title='bbox 2896 2805 3274 2875; x_wconf 70' lang='grc' dir='ltr'>ἐπηρτημένος</span> <span class='ocrx_word' id='word_1_514' title='bbox 3306 2804 3547 2866; x_wconf 83' lang='grc' dir='ltr'>κίνδυνός</span> <span class='ocrx_word' id='word_1_515' title='bbox 3574 2818 3632 2856; x_wconf 84' lang='grc' dir='ltr'>τε</span> <span class='ocrx_word' id='word_1_516' title='bbox 3664 2803 3756 2856; x_wconf 75' lang='grc' dir='ltr'>καὶ</span> <span class='ocrx_word' id='word_1_517' title='bbox 3793 2802 3957 2870; x_wconf 83' lang='grc' dir='ltr'>φόϐος</span> <span class='ocrx_word' id='word_1_518' title='bbox 3983 2816 3998 2863; x_wconf 91' lang='lat'>;</span> 
     </span>
    </p>
   </div>
   <div class='ocr_carea' id='block_1_71' title="bbox 2437 2893 4005 2965">
    <p class='ocr_par' dir='ltr' id='par_1_71' title="bbox 2437 2893 4005 2965">
     <span class='ocr_line' id='line_1_72' title="bbox 2437 2893 4005 2965; baseline -0.004 -14"><span class='ocrx_word' id='word_1_519' title='bbox 2437 2894 2515 2951; x_wconf 85' lang='grc' dir='ltr'>Οὐ</span> <span class='ocrx_word' id='word_1_520' title='bbox 2541 2896 2834 2951; x_wconf 89' lang='grc' dir='ltr'>κυκλοῦσιν</span> <span class='ocrx_word' id='word_1_521' title='bbox 2865 2898 3014 2965; x_wconf 76' lang='grc' dir='ltr'>ἡμᾶς</span> <span class='ocrx_word' id='word_1_522' title='bbox 3038 2894 3097 2948; x_wconf 83' lang='grc' dir='ltr'>ὀί</span> <span class='ocrx_word' id='word_1_523' title='bbox 3126 2895 3382 2965; x_wconf 79' lang='grc' dir='ltr'>πολέμιοι</span> <span class='ocrx_word' id='word_1_524' title='bbox 3428 2898 3503 2957; x_wconf 87' lang='grc' dir='ltr'>ὡς</span> <span class='ocrx_word' id='word_1_525' title='bbox 3522 2897 3705 2964; x_wconf 84' lang='grc' dir='ltr'>ἄγριοι</span> <span class='ocrx_word' id='word_1_526' title='bbox 3760 2894 3853 2946; x_wconf 74' lang='grc' dir='ltr'>καὶ</span> <span class='ocrx_word' id='word_1_527' title='bbox 3888 2893 4005 2945; x_wconf 89' lang='grc' dir='ltr'>ἀτί-</span> 
     </span>
    </p>
   </div>
   <div class='ocr_carea' id='block_1_72' title="bbox 2439 2981 4002 3056">
    <p class='ocr_par' dir='ltr' id='par_1_72' title="bbox 2439 2981 4002 3056">
     <span class='ocr_line' id='line_1_73' title="bbox 2439 2981 4002 3056; baseline -0.004 -16"><span class='ocrx_word' id='word_1_528' title='bbox 2439 2986 2592 3040; x_wconf 86' lang='grc' dir='ltr'>θασοι</span> <span class='ocrx_word' id='word_1_529' title='bbox 2624 2988 2808 3056; x_wconf 85' lang='grc' dir='ltr'>θῆρες,</span> <span class='ocrx_word' id='word_1_530' title='bbox 2838 2988 3063 3056; x_wconf 78' lang='grc' dir='ltr'>μανικὸν</span> <span class='ocrx_word' id='word_1_531' title='bbox 3096 2981 3213 3039; x_wconf 72' lang='grc' dir='ltr'>οἷον</span> <span class='ocrx_word' id='word_1_532' title='bbox 3245 2988 3502 3048; x_wconf 82' lang='grc' dir='ltr'>πνέοντες</span> <span class='ocrx_word' id='word_1_533' title='bbox 3530 2987 3624 3037; x_wconf 78' lang='grc' dir='ltr'>καὶ</span> <span class='ocrx_word' id='word_1_534' title='bbox 3656 2985 4002 3052; x_wconf 77' lang='grc' dir='ltr'>κατάσρωμα</span> 
     </span>
    </p>
   </div>
   <div class='ocr_carea' id='block_1_73' title="bbox 2434 3074 3999 3148">
    <p class='ocr_par' dir='ltr' id='par_1_73' title="bbox 2434 3074 3999 3148">
     <span class='ocr_line' id='line_1_74' title="bbox 2434 3074 3999 3148; baseline -0.005 -17"><span class='ocrx_word' id='word_1_535' title='bbox 2434 3079 2852 3148; x_wconf 83' lang='grc' dir='ltr'>προσδοκῶντες</span> <span class='ocrx_word' id='word_1_536' title='bbox 2891 3081 3139 3147; x_wconf 83' lang='grc' dir='ltr'>ποιήσειν</span> <span class='ocrx_word' id='word_1_537' title='bbox 3195 3080 3341 3148; x_wconf 74' lang='grc' dir='ltr'>ἡμᾶς</span> <span class='ocrx_word' id='word_1_538' title='bbox 3372 3080 3483 3137; x_wconf 87' lang='grc' dir='ltr'>τοῖς</span> <span class='ocrx_word' id='word_1_539' title='bbox 3532 3074 3745 3129; x_wconf 85' lang='grc' dir='ltr'>όδοῦσιν</span> <span class='ocrx_word' id='word_1_540' title='bbox 3799 3074 3999 3135; x_wconf 78' lang='grc' dir='ltr'>αὐτῶν,</span> 
     </span>
    </p>
   </div>
   <div class='ocr_carea' id='block_1_74' title="bbox 2435 3166 4000 3240">
    <p class='ocr_par' dir='ltr' id='par_1_74' title="bbox 2435 3166 4000 3240">
     <span class='ocr_line' id='line_1_75' title="bbox 2435 3166 4000 3240; baseline -0.003 -19"><span class='ocrx_word' id='word_1_541' title='bbox 2435 3169 2690 3239; x_wconf 86' lang='grc' dir='ltr'>καθάπερ</span> <span class='ocrx_word' id='word_1_542' title='bbox 2720 3170 2994 3240; x_wconf 87' lang='grc' dir='ltr'>πρόϐατα,</span> <span class='ocrx_word' id='word_1_543' title='bbox 3042 3171 3281 3239; x_wconf 83' lang='grc' dir='ltr'>ποιμένα</span> <span class='ocrx_word' id='word_1_544' title='bbox 3314 3170 3386 3237; x_wconf 80' lang='grc' dir='ltr'>μὴ</span> <span class='ocrx_word' id='word_1_545' title='bbox 3419 3170 3614 3237; x_wconf 78' lang='grc' dir='ltr'>ἔχοντα</span> <span class='ocrx_word' id='word_1_546' title='bbox 3647 3183 3661 3231; x_wconf 88' lang='grc'><strong>;</strong></span> <span class='ocrx_word' id='word_1_547' title='bbox 3715 3167 3853 3219; x_wconf 90' lang='grc' dir='ltr'>Πότε</span> <span class='ocrx_word' id='word_1_548' title='bbox 3886 3166 4000 3218; x_wconf 68' lang='grc' dir='ltr'>τοία</span> 
     </span>
    </p>
   </div>
   <div class='ocr_carea' id='block_1_75' title="bbox 2432 3243 4003 3331">
    <p class='ocr_par' dir='ltr' id='par_1_75' title="bbox 2432 3243 4003 3331">
     <span class='ocr_line' id='line_1_76' title="bbox 2432 3243 4003 3331; baseline -0.003 -17"><span class='ocrx_word' id='word_1_549' title='bbox 2432 3278 2527 3314; x_wconf 89' lang='grc' dir='ltr'>νυν</span> <span class='ocrx_word' id='word_1_550' title='bbox 2551 3262 2952 3331; x_wconf 70' lang='grc' dir='ltr'>ἐπιστρέψομεν</span> <span class='ocrx_word' id='word_1_551' title='bbox 2996 3263 3060 3313; x_wconf 92' lang='grc' dir='ltr'>ἐκ</span> <span class='ocrx_word' id='word_1_552' title='bbox 3091 3261 3191 3330; x_wconf 85' lang='grc' dir='ltr'>τῆς</span> <span class='ocrx_word' id='word_1_553' title='bbox 3248 3261 3460 3329; x_wconf 84' lang='grc' dir='ltr'>πλάνης</span> <span class='ocrx_word' id='word_1_554' title='bbox 3506 3243 3718 3328; x_wconf 58' lang='grc' dir='ltr'>’ταύτης</span> <span class='ocrx_word' id='word_1_555' title='bbox 3759 3252 3873 3311; x_wconf 51' lang='grc' dir='ltr'>καῖ</span> <span class='ocrx_word' id='word_1_556' title='bbox 3905 3258 4003 3325; x_wconf 84' lang='grc' dir='ltr'>τῆς</span> 
     </span>
    </p>
   </div>
   <div class='ocr_carea' id='block_1_76' title="bbox 2431 3350 4003 3419">
    <p class='ocr_par' dir='ltr' id='par_1_76' title="bbox 2431 3350 4003 3419">
     <span class='ocr_line' id='line_1_77' title="bbox 2431 3350 4003 3419; baseline -0.003 -15"><span class='ocrx_word' id='word_1_557' title='bbox 2431 3352 2666 3417; x_wconf 74' lang='grc' dir='ltr'>κακίαςς</span> <span class='ocrx_word' id='word_1_558' title='bbox 2716 3352 2853 3404; x_wconf 83' lang='grc' dir='ltr'>Πότε</span> <span class='ocrx_word' id='word_1_559' title='bbox 2878 3353 3219 3419; x_wconf 85' lang='grc' dir='ltr'>συνοίσομεν,</span> <span class='ocrx_word' id='word_1_560' title='bbox 3260 3352 3336 3411; x_wconf 83' lang='grc' dir='ltr'>ὡς</span> <span class='ocrx_word' id='word_1_561' title='bbox 3368 3351 3535 3414; x_wconf 77' lang='grc' dir='ltr'>είκὸς,</span> <span class='ocrx_word' id='word_1_562' title='bbox 3563 3351 3629 3403; x_wconf 80' lang='grc' dir='ltr'>τὰ</span> <span class='ocrx_word' id='word_1_563' title='bbox 3658 3350 3845 3403; x_wconf 75' lang='grc' dir='ltr'>δέοντα</span> <span class='ocrx_word' id='word_1_564' title='bbox 3875 3364 4003 3401; x_wconf 87' lang='grc' dir='ltr'>συν-</span> 
     </span>
    </p>
   </div>
   <div class='ocr_carea' id='block_1_77' title="bbox 2430 3441 4001 3513">
    <p class='ocr_par' dir='ltr' id='par_1_77' title="bbox 2430 3441 4001 3513">
     <span class='ocr_line' id='line_1_78' title="bbox 2430 3441 4001 3513; baseline -0.001 -20"><span class='ocrx_word' id='word_1_565' title='bbox 2430 3442 2667 3511; x_wconf 86' lang='grc' dir='ltr'>ορῶντες</span> <span class='ocrx_word' id='word_1_566' title='bbox 2691 3442 2784 3493; x_wconf 81' lang='grc' dir='ltr'>καὶ</span> <span class='ocrx_word' id='word_1_567' title='bbox 2808 3442 3371 3513; x_wconf 72' lang='grc' dir='ltr'>συνδιασκεψάμενοις</span> <span class='ocrx_word' id='word_1_568' title='bbox 3410 3444 3547 3494; x_wconf 72' lang='grc' dir='ltr'>Πότε</span> <span class='ocrx_word' id='word_1_569' title='bbox 3596 3444 3693 3504; x_wconf 68' lang='grc' dir='ltr'>τὰς</span> <span class='ocrx_word' id='word_1_570' title='bbox 3725 3441 4001 3510; x_wconf 79' lang='grc' dir='ltr'>ἁμαρτίας</span> 
     </span>
    </p>
   </div>
   <div class='ocr_carea' id='block_1_78' title="bbox 2429 3533 4000 3603">
    <p class='ocr_par' dir='ltr' id='par_1_78' title="bbox 2429 3533 4000 3603">
     <span class='ocr_line' id='line_1_79' title="bbox 2429 3533 4000 3603; baseline 0 -19"><span class='ocrx_word' id='word_1_571' title='bbox 2429 3533 2589 3603; x_wconf 86' lang='grc' dir='ltr'>ήμῶν</span> <span class='ocrx_word' id='word_1_572' title='bbox 2620 3534 3025 3602; x_wconf 81' lang='grc' dir='ltr'>ὲξιλεωσόμεθα</span> <span class='ocrx_word' id='word_1_573' title='bbox 3055 3534 3143 3588; x_wconf 82' lang='grc' dir='ltr'>διά</span> <span class='ocrx_word' id='word_1_574' title='bbox 3183 3534 3283 3603; x_wconf 82' lang='grc' dir='ltr'>τῆς</span> <span class='ocrx_word' id='word_1_575' title='bbox 3319 3536 3616 3601; x_wconf 59' lang='grc' dir='ltr'>καλλίμτης</span> <span class='ocrx_word' id='word_1_576' title='bbox 3662 3533 4000 3602; x_wconf 83' lang='grc' dir='ltr'>ἐπιστροφῆς</span> 
     </span>
    </p>
   </div>
   <div class='ocr_carea' id='block_1_79' title="bbox 2432 3626 3995 3695">
    <p class='ocr_par' dir='ltr' id='par_1_79' title="bbox 2432 3626 3995 3695">
     <span class='ocr_line' id='line_1_80' title="bbox 2432 3626 3995 3695; baseline -0.001 -18"><span class='ocrx_word' id='word_1_577' title='bbox 2432 3628 2525 3678; x_wconf 77' lang='grc' dir='ltr'>καὶ</span> <span class='ocrx_word' id='word_1_578' title='bbox 2556 3626 2789 3695; x_wconf 84' lang='grc' dir='ltr'>γνησίας</span> <span class='ocrx_word' id='word_1_579' title='bbox 2819 3626 2915 3679; x_wconf 78' lang='grc' dir='ltr'>καὶ</span> <span class='ocrx_word' id='word_1_580' title='bbox 2935 3626 3265 3694; x_wconf 85' lang='grc' dir='ltr'>είλικρινοῦς</span> <span class='ocrx_word' id='word_1_581' title='bbox 3310 3627 3447 3695; x_wconf 68' lang='grc' dir='ltr'>πρὸς</span> <span class='ocrx_word' id='word_1_582' title='bbox 3498 3627 3589 3678; x_wconf 85' lang='grc' dir='ltr'>τὸν</span> <span class='ocrx_word' id='word_1_583' title='bbox 3643 3627 3777 3679; x_wconf 77' lang='grc' dir='ltr'>Θεὸν</span> <span class='ocrx_word' id='word_1_584' title='bbox 3829 3641 3995 3694; x_wconf 83' lang='grc' dir='ltr'>μετα-</span> 
     </span>
    </p>
   </div>
   <div class='ocr_carea' id='block_1_80' title="bbox 2431 3718 3994 3788">
    <p class='ocr_par' dir='ltr' id='par_1_80' title="bbox 2431 3718 3994 3788">
     <span class='ocr_line' id='line_1_81' title="bbox 2431 3718 3994 3788; baseline -0.002 -17"><span class='ocrx_word' id='word_1_585' title='bbox 2431 3720 2613 3783; x_wconf 81' lang='grc' dir='ltr'>νοίας;</span> <span class='ocrx_word' id='word_1_586' title='bbox 2655 3721 2730 3773; x_wconf 83' lang='grc' dir='ltr'>Οὐ</span> <span class='ocrx_word' id='word_1_587' title='bbox 2761 3718 2871 3788; x_wconf 86' lang='grc' dir='ltr'>γάρ</span> <span class='ocrx_word' id='word_1_588' title='bbox 2894 3722 3064 3784; x_wconf 82' lang='grc' dir='ltr'>ἐστιν,</span> <span class='ocrx_word' id='word_1_589' title='bbox 3094 3721 3193 3772; x_wconf 86' lang='grc' dir='ltr'>οὐκ</span> <span class='ocrx_word' id='word_1_590' title='bbox 3242 3720 3412 3779; x_wconf 75' lang='grc' dir='ltr'>ἐστιν,</span> <span class='ocrx_word' id='word_1_591' title='bbox 3465 3720 3539 3781; x_wconf 86' lang='grc' dir='ltr'>ῶς</span> <span class='ocrx_word' id='word_1_592' title='bbox 3567 3718 3783 3787; x_wconf 82' lang='grc' dir='ltr'>ἀληθῶς</span> <span class='ocrx_word' id='word_1_593' title='bbox 3808 3720 3994 3787; x_wconf 85' lang='grc' dir='ltr'>χεῖρον</span> 
     </span>
    </p>
   </div>
   <div class='ocr_carea' id='block_1_81' title="bbox 2429 3810 3994 3880">
    <p class='ocr_par' dir='ltr' id='par_1_81' title="bbox 2429 3810 3994 3880">
     <span class='ocr_line' id='line_1_82' title="bbox 2429 3810 3994 3880; baseline -0.002 -17"><span class='ocrx_word' id='word_1_594' title='bbox 2429 3810 2780 3880; x_wconf 84' lang='grc' dir='ltr'>ἀναισθησίας</span> <span class='ocrx_word' id='word_1_595' title='bbox 2813 3811 2906 3864; x_wconf 74' lang='grc' dir='ltr'>καὶ</span> <span class='ocrx_word' id='word_1_596' title='bbox 2926 3810 3311 3876; x_wconf 58' lang='grc' dir='ltr'>ἀπογνώσεως</span> <span class='ocrx_word' id='word_1_597' title='bbox 3337 3811 3489 3864; x_wconf 79' lang='grc' dir='ltr'>ἄνοια</span> <span class='ocrx_word' id='word_1_598' title='bbox 3512 3811 3618 3878; x_wconf 70' lang='grc' dir='ltr'>γὰρ</span> <span class='ocrx_word' id='word_1_599' title='bbox 3643 3810 3732 3861; x_wconf 72' lang='grc' dir='ltr'>καὶ</span> <span class='ocrx_word' id='word_1_600' title='bbox 3748 3810 3994 3873; x_wconf 82' lang='grc' dir='ltr'>ἀπόνοια,</span> 
     </span>
    </p>
   </div>
   <div class='ocr_carea' id='block_1_82' title="bbox 2431 3899 3991 3971">
    <p class='ocr_par' dir='ltr' id='par_1_82' title="bbox 2431 3899 3991 3971">
     <span class='ocr_line' id='line_1_83' title="bbox 2431 3899 3991 3971; baseline -0.002 -19"><span class='ocrx_word' id='word_1_601' title='bbox 2431 3904 2569 3954; x_wconf 80' lang='grc' dir='ltr'>κατᾶ</span> <span class='ocrx_word' id='word_1_602' title='bbox 2611 3902 2704 3954; x_wconf 80' lang='grc' dir='ltr'>τδν</span> <span class='ocrx_word' id='word_1_603' title='bbox 2754 3902 2915 3969; x_wconf 76' lang='grc' dir='ltr'>σοφὸν</span> <span class='ocrx_word' id='word_1_604' title='bbox 2943 3902 3145 3971; x_wconf 71' lang='grc' dir='ltr'>Σιρᾶχ,</span> <span class='ocrx_word' id='word_1_605' title='bbox 3190 3900 3419 3969; x_wconf 73' lang='grc' dir='ltr'>πονηροὶ</span> <span class='ocrx_word' id='word_1_606' title='bbox 3482 3903 3745 3967; x_wconf 79' lang='grc' dir='ltr'>γείτονες.</span> <span class='ocrx_word' id='word_1_607' title='bbox 3814 3899 3991 3951; x_wconf 71' lang='grc' dir='ltr'>Βαϐαὶ</span> 
     </span>
    </p>
   </div>
   <div class='ocr_carea' id='block_1_83' title="bbox 2429 3993 3995 4065">
    <p class='ocr_par' dir='ltr' id='par_1_83' title="bbox 2429 3993 3995 4065">
     <span class='ocr_line' id='line_1_84' title="bbox 2429 3993 3995 4065; baseline -0.004 -16"><span class='ocrx_word' id='word_1_608' title='bbox 2429 3996 2525 4065; x_wconf 83' lang='grc' dir='ltr'>τῆς</span> <span class='ocrx_word' id='word_1_609' title='bbox 2558 3996 2823 4065; x_wconf 83' lang='grc' dir='ltr'>κακίστης</span> <span class='ocrx_word' id='word_1_610' title='bbox 2862 3994 3157 4062; x_wconf 83' lang='grc' dir='ltr'>ἐπιθυμίας</span> <span class='ocrx_word' id='word_1_611' title='bbox 3184 3996 3278 4047; x_wconf 76' lang='grc' dir='ltr'>καὶ</span> <span class='ocrx_word' id='word_1_612' title='bbox 3304 3993 3586 4062; x_wconf 73' lang='grc' dir='ltr'>φιληδόνου</span> <span class='ocrx_word' id='word_1_613' title='bbox 3630 3993 3724 4045; x_wconf 80' lang='grc' dir='ltr'>καὶ</span> <span class='ocrx_word' id='word_1_614' title='bbox 3762 3993 3995 4059; x_wconf 81' lang='grc' dir='ltr'>ματαίας</span> 
     </span>
    </p>
   </div>
   <div class='ocr_carea' id='block_1_84' title="bbox 2429 4084 3993 4154">
    <p class='ocr_par' dir='ltr' id='par_1_84' title="bbox 2429 4084 3993 4154">
     <span class='ocr_line' id='line_1_85' title="bbox 2429 4084 3993 4154; baseline -0.004 -17"><span class='ocrx_word' id='word_1_615' title='bbox 2429 4088 2690 4154; x_wconf 80' lang='grc' dir='ltr'>όρέξεωςί</span> <span class='ocrx_word' id='word_1_616' title='bbox 2728 4086 3169 4139; x_wconf 82' lang='grc' dir='ltr'>δυσαπάλλακτον</span> <span class='ocrx_word' id='word_1_617' title='bbox 3223 4086 3333 4153; x_wconf 72' lang='grc' dir='ltr'>γάρ</span> <span class='ocrx_word' id='word_1_618' title='bbox 3371 4087 3446 4147; x_wconf 86' lang='grc' dir='ltr'>ὼς</span> <span class='ocrx_word' id='word_1_619' title='bbox 3488 4084 3708 4153; x_wconf 82' lang='grc' dir='ltr'>ἀληθῶς</span> <span class='ocrx_word' id='word_1_620' title='bbox 3740 4084 3929 4151; x_wconf 75' lang='grc' dir='ltr'>χρῆμα</span> <span class='ocrx_word' id='word_1_621' title='bbox 3960 4084 3993 4151; x_wconf 83' lang='grc' dir='ltr'>ή</span> 
     </span>
    </p>
   </div>
   <div class='ocr_carea' id='block_1_85' title="bbox 2430 4176 3998 4251">
    <p class='ocr_par' dir='ltr' id='par_1_85' title="bbox 2430 4176 3998 4251">
     <span class='ocr_line' id='line_1_86' title="bbox 2430 4176 3998 4251; baseline -0.004 -19"><span class='ocrx_word' id='word_1_622' title='bbox 2430 4180 2597 4232; x_wconf 90' lang='grc' dir='ltr'>κακία</span> <span class='ocrx_word' id='word_1_623' title='bbox 2648 4179 2745 4232; x_wconf 78' lang='grc' dir='ltr'>καὶ</span> <span class='ocrx_word' id='word_1_624' title='bbox 2802 4180 2945 4231; x_wconf 90' lang='grc' dir='ltr'>πάνυ</span> <span class='ocrx_word' id='word_1_625' title='bbox 2974 4177 3512 4251; x_wconf 73' lang='grc' dir='ltr'>δυσκαταγώνιστον.</span> <span class='ocrx_word' id='word_1_626' title='bbox 3564 4177 3753 4230; x_wconf 86' lang='grc' dir='ltr'>Βούλει</span> <span class='ocrx_word' id='word_1_627' title='bbox 3798 4176 3853 4228; x_wconf 68' lang='grc' dir='ltr'>δὲ</span> <span class='ocrx_word' id='word_1_628' title='bbox 3894 4192 3998 4241; x_wconf 79' lang='grc' dir='ltr'>μα·</span> 
     </span>
    </p>
   </div>
   <div class='ocr_carea' id='block_1_86' title="bbox 2430 4268 3994 4339">
    <p class='ocr_par' dir='ltr' id='par_1_86' title="bbox 2430 4268 3994 4339">
     <span class='ocr_line' id='line_1_87' title="bbox 2430 4268 3994 4339; baseline -0.003 -18"><span class='ocrx_word' id='word_1_629' title='bbox 2430 4270 2542 4321; x_wconf 88' lang='grc' dir='ltr'>θεῖν</span> <span class='ocrx_word' id='word_1_630' title='bbox 2599 4268 2843 4338; x_wconf 86' lang='grc' dir='ltr'>ἀκριϐῶς</span> <span class='ocrx_word' id='word_1_631' title='bbox 2896 4270 3100 4339; x_wconf 79' lang='grc' dir='ltr'>ταύτης</span> <span class='ocrx_word' id='word_1_632' title='bbox 3150 4268 3248 4338; x_wconf 80' lang='grc' dir='ltr'>τὴν</span> <span class='ocrx_word' id='word_1_633' title='bbox 3306 4268 3611 4337; x_wconf 84' lang='grc' dir='ltr'>θεραπείαν</span> <span class='ocrx_word' id='word_1_634' title='bbox 3646 4268 3741 4320; x_wconf 75' lang='grc' dir='ltr'>καὶ</span> <span class='ocrx_word' id='word_1_635' title='bbox 3803 4270 3994 4331; x_wconf 76' lang='grc' dir='ltr'>ίασινς</span> 
     </span>
    </p>
   </div>
   <div class='ocr_carea' id='block_1_87' title="bbox 2441 4358 3998 4444">
    <p class='ocr_par' dir='ltr' id='par_1_87' title="bbox 2441 4358 3998 4444">
     <span class='ocr_line' id='line_1_88' title="bbox 2441 4358 3998 4444; baseline -0.003 -31"><span class='ocrx_word' id='word_1_636' title='bbox 2441 4358 2731 4413; x_wconf 76' lang='grc' dir='ltr'>’Δναλαϐοῦ</span> <span class='ocrx_word' id='word_1_637' title='bbox 2762 4360 2852 4412; x_wconf 88' lang='grc' dir='ltr'>τὸν</span> <span class='ocrx_word' id='word_1_638' title='bbox 2889 4361 2983 4413; x_wconf 89' lang='grc' dir='ltr'>τοῦ</span> <span class='ocrx_word' id='word_1_639' title='bbox 3018 4360 3152 4413; x_wconf 87' lang='grc' dir='ltr'>Θεοῦ</span> <span class='ocrx_word' id='word_1_640' title='bbox 3207 4360 3375 4427; x_wconf 88' lang='grc' dir='ltr'>φόϐον</span> <span class='ocrx_word' id='word_1_641' title='bbox 3393 4364 3456 4444; x_wconf 66' lang='grc' dir='ltr'>τῇ</span> <span class='ocrx_word' id='word_1_642' title='bbox 3495 4364 3562 4428; x_wconf 80' lang='grc' dir='ltr'>σῇ</span> <span class='ocrx_word' id='word_1_643' title='bbox 3615 4360 3844 4429; x_wconf 76' lang='grc' dir='ltr'>διανοίᾳ,</span> <span class='ocrx_word' id='word_1_644' title='bbox 3876 4362 3998 4411; x_wconf 80' lang='grc' dir='ltr'>ἐπεὶ</span> 
     </span>
    </p>
   </div>
   <div class='ocr_carea' id='block_1_88' title="bbox 2431 4456 4000 4526">
    <p class='ocr_par' dir='ltr' id='par_1_88' title="bbox 2431 4456 4000 4526">
     <span class='ocr_line' id='line_1_89' title="bbox 2431 4456 4000 4526; baseline -0.001 -19"><span class='ocrx_word' id='word_1_645' title='bbox 2431 4456 2661 4525; x_wconf 68' lang='grc' dir='ltr'>φοϐερὸν</span> <span class='ocrx_word' id='word_1_646' title='bbox 2686 4456 2781 4508; x_wconf 65' lang='grc' dir='ltr'>καί¹</span> <span class='ocrx_word' id='word_1_647' title='bbox 2806 4457 2945 4509; x_wconf 87' lang='grc' dir='ltr'>πάνυ</span> <span class='ocrx_word' id='word_1_648' title='bbox 2968 4473 3052 4509; x_wconf 91' lang='grc' dir='ltr'>τοι</span> <span class='ocrx_word' id='word_1_649' title='bbox 3089 4456 3323 4526; x_wconf 76' lang='grc' dir='ltr'>φοϐερὸν</span> <span class='ocrx_word' id='word_1_650' title='bbox 3367 4457 3427 4507; x_wconf 85' lang='grc' dir='ltr'>τὸ</span> <span class='ocrx_word' id='word_1_651' title='bbox 3459 4458 3725 4525; x_wconf 82' lang='grc' dir='ltr'>ἐμπεσεῖν</span> <span class='ocrx_word' id='word_1_652' title='bbox 3784 4458 3861 4515; x_wconf 86' lang='grc' dir='ltr'>εἰς</span> <span class='ocrx_word' id='word_1_653' title='bbox 3887 4458 4000 4522; x_wconf 77' lang='grc' dir='ltr'>χεῖ-</span> 
     </span>
    </p>
   </div>
   <div class='ocr_carea' id='block_1_89' title="bbox 768 4546 3997 4624">
    <p class='ocr_par' dir='ltr' id='par_1_89' title="bbox 768 4546 3997 4624">
     <span class='ocr_line' id='line_1_90' title="bbox 768 4546 3997 4624; baseline -0.001 -24"><span class='ocrx_word' id='word_1_654' title='bbox 768 4567 909 4602; x_wconf 82' lang='grc' dir='ltr'>σασα</span> <span class='ocrx_word' id='word_1_655' title='bbox 957 4550 1307 4620; x_wconf 79' lang='grc' dir='ltr'>εὑρίσκεσθαι</span> <span class='ocrx_word' id='word_1_656' title='bbox 1359 4553 1432 4613; x_wconf 84' lang='grc' dir='ltr'>ὠς</span> <span class='ocrx_word' id='word_1_657' title='bbox 1482 4552 1595 4615; x_wconf 83' lang='grc' dir='ltr'>υίὸς</span> <span class='ocrx_word' id='word_1_658' title='bbox 1641 4558 1861 4623; x_wconf 74' lang='grc' dir='ltr'>γνήσιος</span> <span class='ocrx_word' id='word_1_659' title='bbox 1909 4556 2007 4624; x_wconf 75' lang='grc' dir='ltr'>τῆς</span> <span class='ocrx_word' id='word_1_660' title='bbox 2036 4558 2193 4622; x_wconf 66' lang='grc' dir='ltr'>ἁγίας</span> <span class='ocrx_word' id='word_1_661' title='bbox 2217 4550 2321 4610; x_wconf 66' lang='grc' dir='ltr'>’τεοῦ</span> <span class='ocrx_word' id='word_1_662' title='bbox 2357 4557 2399 4613; x_wconf 84' lang='lat' dir='ltr'><strong>D</strong></span> <span class='ocrx_word' id='word_1_663' title='bbox 2428 4564 2527 4615; x_wconf 91' lang='grc' dir='ltr'>ρας</span> <span class='ocrx_word' id='word_1_664' title='bbox 2562 4546 2700 4600; x_wconf 89' lang='grc' dir='ltr'>Θεοῦ</span> <span class='ocrx_word' id='word_1_665' title='bbox 2740 4546 2966 4610; x_wconf 75' lang='grc' dir='ltr'>ζῶντοςο</span> <span class='ocrx_word' id='word_1_666' title='bbox 3000 4548 3343 4615; x_wconf 88' lang='grc' dir='ltr'>ἀναλόγισαι,</span> <span class='ocrx_word' id='word_1_667' title='bbox 3375 4548 3492 4609; x_wconf 88' lang='grc' dir='ltr'>πῶς</span> <span class='ocrx_word' id='word_1_668' title='bbox 3548 4547 3671 4600; x_wconf 86' lang='grc' dir='ltr'>καθ’</span> <span class='ocrx_word' id='word_1_669' title='bbox 3699 4547 3846 4613; x_wconf 83' lang='grc' dir='ltr'>ὥραν</span> <span class='ocrx_word' id='word_1_670' title='bbox 3876 4548 3997 4599; x_wconf 83' lang='grc' dir='ltr'>κλο-</span> 
     </span>
    </p>
   </div>
   <div class='ocr_carea' id='block_1_90' title="bbox 764 4642 2319 4721">
    <p class='ocr_par' dir='ltr' id='par_1_90' title="bbox 764 4642 2319 4721">
     <span class='ocr_line' id='line_1_91' title="bbox 764 4642 2319 4721; baseline 0.006 -26"><span class='ocrx_word' id='word_1_671' title='bbox 764 4644 1004 4713; x_wconf 77' lang='grc' dir='ltr'>Χριοτοῦ</span> <span class='ocrx_word' id='word_1_672' title='bbox 1051 4643 1343 4712; x_wconf 81' lang='grc' dir='ltr'>καθολικῆς</span> <span class='ocrx_word' id='word_1_673' title='bbox 1394 4648 1486 4697; x_wconf 79' lang='grc' dir='ltr'>καὶ</span> <span class='ocrx_word' id='word_1_674' title='bbox 1543 4642 1910 4711; x_wconf 79' lang='grc' dir='ltr'>ἀποστόλικῆς</span> <span class='ocrx_word' id='word_1_675' title='bbox 1969 4648 2319 4721; x_wconf 83' lang='grc' dir='ltr'>Ἐκκλησίας,</span> 
     </span>
    </p>
   </div>
   <div class='ocr_carea' id='block_1_91' title="bbox 762 4735 2324 4812">
    <p class='ocr_par' dir='ltr' id='par_1_91' title="bbox 762 4735 2324 4812">
     <span class='ocr_line' id='line_1_92' title="bbox 762 4735 2324 4812; baseline 0.006 -27"><span class='ocrx_word' id='word_1_676' title='bbox 762 4740 1011 4807; x_wconf 83' lang='grc' dir='ltr'>στέργειν</span> <span class='ocrx_word' id='word_1_677' title='bbox 1040 4735 1388 4804; x_wconf 88' lang='grc' dir='ltr'>ἀμεταθέτως</span> <span class='ocrx_word' id='word_1_678' title='bbox 1432 4737 1498 4788; x_wconf 84' lang='grc' dir='ltr'>τά</span> <span class='ocrx_word' id='word_1_679' title='bbox 1535 4737 1934 4807; x_wconf 74' lang='grc' dir='ltr'>ὡμολογημένα</span> <span class='ocrx_word' id='word_1_680' title='bbox 1981 4742 2073 4793; x_wconf 79' lang='grc' dir='ltr'>καὶ</span> <span class='ocrx_word' id='word_1_681' title='bbox 2116 4758 2324 4812; x_wconf 84' lang='grc' dir='ltr'>πατρο-</span> 
     </span>
    </p>
   </div>
   <div class='ocr_carea' id='block_1_92' title="bbox 768 4828 2322 4904">
    <p class='ocr_par' dir='ltr' id='par_1_92' title="bbox 768 4828 2322 4904">
     <span class='ocr_line' id='line_1_93' title="bbox 768 4828 2322 4904; baseline 0.003 -23"><span class='ocrx_word' id='word_1_682' title='bbox 768 4831 1039 4900; x_wconf 74' lang='grc' dir='ltr'>παράδοτα</span> <span class='ocrx_word' id='word_1_683' title='bbox 1072 4830 1166 4881; x_wconf 71' lang='grc' dir='ltr'>καὶ</span> <span class='ocrx_word' id='word_1_684' title='bbox 1196 4829 1321 4898; x_wconf 85' lang='grc' dir='ltr'>ὑγιῆ</span> <span class='ocrx_word' id='word_1_685' title='bbox 1349 4828 1613 4898; x_wconf 84' lang='grc' dir='ltr'>δόγματα,</span> <span class='ocrx_word' id='word_1_686' title='bbox 1640 4833 1765 4894; x_wconf 83' lang='grc' dir='ltr'>τούς</span> <span class='ocrx_word' id='word_1_687' title='bbox 1804 4833 1982 4895; x_wconf 83' lang='grc' dir='ltr'>θείους</span> <span class='ocrx_word' id='word_1_688' title='bbox 2018 4835 2112 4886; x_wconf 87' lang='grc' dir='ltr'>καὶ</span> <span class='ocrx_word' id='word_1_689' title='bbox 2144 4835 2322 4904; x_wconf 82' lang='grc' dir='ltr'>ίερούς</span> 
     </span>
    </p>
   </div>
   <div class='ocr_carea' id='block_1_93' title="bbox 759 4920 2323 4994">
    <p class='ocr_par' dir='ltr' id='par_1_93' title="bbox 759 4920 2323 4994">
     <span class='ocr_line' id='line_1_94' title="bbox 759 4920 2323 4994; baseline 0.002 -21"><span class='ocrx_word' id='word_1_690' title='bbox 759 4922 987 4982; x_wconf 79' lang='grc' dir='ltr'>κανόνας</span> <span class='ocrx_word' id='word_1_691' title='bbox 1018 4920 1112 4973; x_wconf 78' lang='grc' dir='ltr'>καὶ</span> <span class='ocrx_word' id='word_1_692' title='bbox 1153 4921 1280 4984; x_wconf 81' lang='grc' dir='ltr'>τοὺς</span> <span class='ocrx_word' id='word_1_693' title='bbox 1307 4922 1647 4990; x_wconf 73' lang='grc' dir='ltr'>φιλευσεϐεῖς</span> <span class='ocrx_word' id='word_1_694' title='bbox 1678 4922 1894 4991; x_wconf 73' lang='grc' dir='ltr'>νόμους,</span> <span class='ocrx_word' id='word_1_695' title='bbox 1922 4924 1988 4976; x_wconf 84' lang='grc' dir='ltr'>δι’</span> <span class='ocrx_word' id='word_1_696' title='bbox 2028 4920 2103 4976; x_wconf 86' lang='grc' dir='ltr'>ῶν</span> <span class='ocrx_word' id='word_1_697' title='bbox 2135 4924 2323 4994; x_wconf 75' lang='grc' dir='ltr'>στηρίο</span> 
     </span>
    </p>
   </div>
   <div class='ocr_carea' id='block_1_94' title="bbox 758 5005 2323 5077">
    <p class='ocr_par' dir='ltr' id='par_1_94' title="bbox 758 5005 2323 5077">
     <span class='ocr_line' id='line_1_95' title="bbox 758 5005 2323 5077; baseline 0 -20"><span class='ocrx_word' id='word_1_698' title='bbox 758 5008 908 5069; x_wconf 73' lang='grc' dir='ltr'>ςεται</span> <span class='ocrx_word' id='word_1_699' title='bbox 963 5005 1023 5059; x_wconf 75' lang='grc' dir='ltr'>τὸ</span> <span class='ocrx_word' id='word_1_700' title='bbox 1060 5006 1161 5074; x_wconf 78' lang='grc' dir='ltr'>τῆς</span> <span class='ocrx_word' id='word_1_701' title='bbox 1201 5005 1525 5077; x_wconf 82' lang='grc' dir='ltr'>Ἑκκλησίας</span> <span class='ocrx_word' id='word_1_702' title='bbox 1577 5008 1873 5076; x_wconf 86' lang='grc' dir='ltr'>στήριγμα,</span> <span class='ocrx_word' id='word_1_703' title='bbox 1927 5014 2018 5059; x_wconf 74' lang='grc' dir='ltr'>καὶ</span> <span class='ocrx_word' id='word_1_704' title='bbox 2056 5008 2198 5075; x_wconf 85' lang='grc' dir='ltr'>ἐχειν</span> <span class='ocrx_word' id='word_1_705' title='bbox 2229 5008 2323 5060; x_wconf 77' lang='grc' dir='ltr'>καὶ</span> 
     </span>
    </p>
   </div>
   <div class='ocr_carea' id='block_1_95' title="bbox 757 5092 2321 5166">
    <p class='ocr_par' dir='ltr' id='par_1_95' title="bbox 757 5092 2321 5166">
     <span class='ocr_line' id='line_1_96' title="bbox 757 5092 2321 5166; baseline -0.002 -18"><span class='ocrx_word' id='word_1_706' title='bbox 757 5097 893 5166; x_wconf 72' lang='grc' dir='ltr'>πρὸς</span> <span class='ocrx_word' id='word_1_707' title='bbox 916 5097 1008 5148; x_wconf 87' lang='grc' dir='ltr'>τὸν</span> <span class='ocrx_word' id='word_1_708' title='bbox 1031 5097 1321 5165; x_wconf 76' lang='grc' dir='ltr'>εἰρημένον</span> <span class='ocrx_word' id='word_1_709' title='bbox 1346 5095 1605 5165; x_wconf 81' lang='grc' dir='ltr'>ἀρχιερέα</span> <span class='ocrx_word' id='word_1_710' title='bbox 1635 5094 1924 5146; x_wconf 84' lang='grc' dir='ltr'>εὐλάϐειαν</span> <span class='ocrx_word' id='word_1_711' title='bbox 1958 5092 2053 5145; x_wconf 78' lang='grc' dir='ltr'>καὶ</span> <span class='ocrx_word' id='word_1_712' title='bbox 2087 5095 2321 5163; x_wconf 63' lang='grc' dir='ltr'>στοργήν</span> 
     </span>
    </p>
   </div>
   <div class='ocr_carea' id='block_1_96' title="bbox 753 5184 2321 5257">
    <p class='ocr_par' dir='ltr' id='par_1_96' title="bbox 753 5184 2321 5257">
     <span class='ocr_line' id='line_1_97' title="bbox 753 5184 2321 5257; baseline -0.003 -17"><span class='ocrx_word' id='word_1_713' title='bbox 753 5189 853 5257; x_wconf 73' lang='grc' dir='ltr'>τὴν</span> <span class='ocrx_word' id='word_1_714' title='bbox 874 5189 1252 5257; x_wconf 63' lang='grc' dir='ltr'>ὀφειλομένην</span> <span class='ocrx_word' id='word_1_715' title='bbox 1288 5186 1443 5239; x_wconf 86' lang='grc' dir='ltr'>τοῦτο</span> <span class='ocrx_word' id='word_1_716' title='bbox 1472 5188 1579 5257; x_wconf 72' lang='grc' dir='ltr'>γὰρ</span> <span class='ocrx_word' id='word_1_717' title='bbox 1615 5184 1842 5239; x_wconf 86' lang='grc' dir='ltr'>ποιοῦσα</span> <span class='ocrx_word' id='word_1_718' title='bbox 1876 5187 1907 5255; x_wconf 76' lang='grc' dir='ltr'>ἡ</span> <span class='ocrx_word' id='word_1_719' title='bbox 1941 5184 2195 5251; x_wconf 85' lang='grc' dir='ltr'>εὐγένειά</span> <span class='ocrx_word' id='word_1_720' title='bbox 2227 5201 2321 5236; x_wconf 86' lang='grc' dir='ltr'>σου</span> 
     </span>
    </p>
   </div>
   <div class='ocr_carea' id='block_1_97' title="bbox 754 5276 2320 5353">
    <p class='ocr_par' dir='ltr' id='par_1_97' title="bbox 754 5276 2320 5353">
     <span class='ocr_line' id='line_1_98' title="bbox 754 5276 2320 5353; baseline -0.003 -22"><span class='ocrx_word' id='word_1_721' title='bbox 754 5283 847 5331; x_wconf 75' lang='grc' dir='ltr'>καὶ</span> <span class='ocrx_word' id='word_1_722' title='bbox 877 5282 1049 5341; x_wconf 89' lang='grc' dir='ltr'>οὐτως</span> <span class='ocrx_word' id='word_1_723' title='bbox 1097 5281 1399 5332; x_wconf 86' lang='grc' dir='ltr'>ὑπείκουσα</span> <span class='ocrx_word' id='word_1_724' title='bbox 1450 5281 1514 5348; x_wconf 79' lang='grc' dir='ltr'>τῇ</span> <span class='ocrx_word' id='word_1_725' title='bbox 1580 5278 1879 5348; x_wconf 74' lang='grc' dir='ltr'>Ἐκκλησία</span> <span class='ocrx_word' id='word_1_726' title='bbox 1926 5276 2091 5353; x_wconf 76' lang='grc' dir='ltr'>⁸Θεοῦ,</span> <span class='ocrx_word' id='word_1_727' title='bbox 2139 5277 2320 5344; x_wconf 74' lang='grc' dir='ltr'>τύχοις</span> 
     </span>
    </p>
   </div>
   <div class='ocr_carea' id='block_1_98' title="bbox 757 5368 2321 5442">
    <p class='ocr_par' dir='ltr' id='par_1_98' title="bbox 757 5368 2321 5442">
     <span class='ocr_line' id='line_1_99' title="bbox 757 5368 2321 5442; baseline -0.003 -18"><span class='ocrx_word' id='word_1_728' title='bbox 757 5376 856 5441; x_wconf 81' lang='grc' dir='ltr'>μὲν</span> <span class='ocrx_word' id='word_1_729' title='bbox 882 5375 939 5424; x_wconf 83' lang='grc' dir='ltr'>ἐν</span> <span class='ocrx_word' id='word_1_730' title='bbox 979 5372 1056 5441; x_wconf 82' lang='grc' dir='ltr'>τῷ</span> <span class='ocrx_word' id='word_1_731' title='bbox 1093 5372 1319 5442; x_wconf 80' lang='grc' dir='ltr'>παρόντι</span> <span class='ocrx_word' id='word_1_732' title='bbox 1364 5371 1464 5440; x_wconf 84' lang='grc' dir='ltr'>βίῳ</span> <span class='ocrx_word' id='word_1_733' title='bbox 1513 5371 1711 5431; x_wconf 78' lang='grc' dir='ltr'>παντὸς</span> <span class='ocrx_word' id='word_1_734' title='bbox 1740 5369 1947 5436; x_wconf 78' lang='grc' dir='ltr'>ἀγαθοῦ</span> <span class='ocrx_word' id='word_1_735' title='bbox 1995 5371 2090 5420; x_wconf 79' lang='grc' dir='ltr'>καὶ</span> <span class='ocrx_word' id='word_1_736' title='bbox 2141 5368 2321 5436; x_wconf 86' lang='grc' dir='ltr'>πάσης</span> 
     </span>
    </p>
   </div>
   <div class='ocr_carea' id='block_1_99' title="bbox 748 5462 2321 5535">
    <p class='ocr_par' dir='ltr' id='par_1_99' title="bbox 748 5462 2321 5535">
     <span class='ocr_line' id='line_1_100' title="bbox 748 5462 2321 5535; baseline -0.003 -16"><span class='ocrx_word' id='word_1_737' title='bbox 748 5466 1015 5534; x_wconf 76' lang='grc' dir='ltr'>εὐθυμίας</span> <span class='ocrx_word' id='word_1_738' title='bbox 1046 5466 1139 5518; x_wconf 73' lang='grc' dir='ltr'>καὶ</span> <span class='ocrx_word' id='word_1_739' title='bbox 1187 5468 1381 5535; x_wconf 85' lang='grc' dir='ltr'>χαρᾶς,</span> <span class='ocrx_word' id='word_1_740' title='bbox 1430 5464 1891 5532; x_wconf 78' lang='grc' dir='ltr'>κατευοδούμενος</span> <span class='ocrx_word' id='word_1_741' title='bbox 1935 5466 2013 5524; x_wconf 84' lang='grc' dir='ltr'>εἰς</span> <span class='ocrx_word' id='word_1_742' title='bbox 2044 5463 2219 5515; x_wconf 86' lang='grc' dir='ltr'>πάντα</span> <span class='ocrx_word' id='word_1_743' title='bbox 2254 5462 2321 5514; x_wconf 86' lang='grc' dir='ltr'>τά</span> 
     </span>
    </p>
   </div>
   <div class='ocr_carea' id='block_1_100' title="bbox 750 5554 2320 5630">
    <p class='ocr_par' dir='ltr' id='par_1_100' title="bbox 750 5554 2320 5630">
     <span class='ocr_line' id='line_1_101' title="bbox 750 5554 2320 5630; baseline -0.003 -19"><span class='ocrx_word' id='word_1_744' title='bbox 750 5562 853 5612; x_wconf 83' lang='grc' dir='ltr'>ἁνά</span> <span class='ocrx_word' id='word_1_745' title='bbox 886 5562 1074 5629; x_wconf 82' lang='grc' dir='ltr'>χεῖρας</span> <span class='ocrx_word' id='word_1_746' title='bbox 1110 5560 1247 5630; x_wconf 77' lang='grc' dir='ltr'>ἔργα</span> <span class='ocrx_word' id='word_1_747' title='bbox 1280 5561 1372 5611; x_wconf 78' lang='grc' dir='ltr'>καὶ</span> <span class='ocrx_word' id='word_1_748' title='bbox 1417 5564 1743 5627; x_wconf 83' lang='grc' dir='ltr'>πράγματα,</span> <span class='ocrx_word' id='word_1_749' title='bbox 1778 5559 1834 5610; x_wconf 84' lang='grc' dir='ltr'>ἐν</span> <span class='ocrx_word' id='word_1_750' title='bbox 1862 5557 1916 5609; x_wconf 88' lang='grc' dir='ltr'>δέ</span> <span class='ocrx_word' id='word_1_751' title='bbox 1962 5572 2024 5622; x_wconf 90' lang='grc' dir='ltr'>γε</span> <span class='ocrx_word' id='word_1_752' title='bbox 2074 5554 2153 5625; x_wconf 78' lang='grc' dir='ltr'>τῷ</span> <span class='ocrx_word' id='word_1_753' title='bbox 2190 5556 2320 5623; x_wconf 71' lang='grc' dir='ltr'>μέλα</span> 
     </span>
    </p>
   </div>
   <div class='ocr_carea' id='block_1_101' title="bbox 747 5649 2320 5719">
    <p class='ocr_par' dir='ltr' id='par_1_101' title="bbox 747 5649 2320 5719">
     <span class='ocr_line' id='line_1_102' title="bbox 747 5649 2320 5719; baseline -0.001 -18"><span class='ocrx_word' id='word_1_754' title='bbox 747 5654 892 5703; x_wconf 76' lang='grc' dir='ltr'>λοντι</span> <span class='ocrx_word' id='word_1_755' title='bbox 927 5653 1027 5717; x_wconf 85' lang='grc' dir='ltr'>τῆς</span> <span class='ocrx_word' id='word_1_756' title='bbox 1058 5653 1279 5707; x_wconf 86' lang='grc' dir='ltr'>αίωνίου</span> <span class='ocrx_word' id='word_1_757' title='bbox 1312 5652 1528 5719; x_wconf 80' lang='grc' dir='ltr'>ἐκείνης</span> <span class='ocrx_word' id='word_1_758' title='bbox 1563 5656 1656 5703; x_wconf 78' lang='grc' dir='ltr'>καὶ</span> <span class='ocrx_word' id='word_1_759' title='bbox 1698 5651 2040 5703; x_wconf 73' lang='grc' dir='ltr'>ἀκαταλύτου</span> <span class='ocrx_word' id='word_1_760' title='bbox 2068 5651 2124 5701; x_wconf 82' lang='grc' dir='ltr'>ἐν</span> <span class='ocrx_word' id='word_1_761' title='bbox 2153 5649 2320 5715; x_wconf 87' lang='grc' dir='ltr'>οὐρα-</span> 
     </span>
    </p>
   </div>
   <div class='ocr_carea' id='block_1_102' title="bbox 748 5740 2320 5813">
    <p class='ocr_par' dir='ltr' id='par_1_102' title="bbox 748 5740 2320 5813">
     <span class='ocr_line' id='line_1_103' title="bbox 748 5740 2320 5813; baseline -0.002 -19"><span class='ocrx_word' id='word_1_762' title='bbox 748 5747 855 5805; x_wconf 79' lang='grc' dir='ltr'>νοῖς</span> <span class='ocrx_word' id='word_1_763' title='bbox 907 5744 1179 5813; x_wconf 78' lang='grc' dir='ltr'>βασιλείας</span> <span class='ocrx_word' id='word_1_764' title='bbox 1218 5746 1405 5813; x_wconf 64' lang='grc' dir='ltr'>εὐχαῖς</span> <span class='ocrx_word' id='word_1_765' title='bbox 1437 5745 1661 5796; x_wconf 82' lang='grc' dir='ltr'>πάντων</span> <span class='ocrx_word' id='word_1_766' title='bbox 1690 5741 1798 5794; x_wconf 84' lang='grc' dir='ltr'>τῶν</span> <span class='ocrx_word' id='word_1_767' title='bbox 1827 5742 2019 5808; x_wconf 79' lang='grc' dir='ltr'>ἁγίων.</span> <span class='ocrx_word' id='word_1_768' title='bbox 2053 5740 2258 5809; x_wconf 81' lang='grc' dir='ltr'>Κύριος</span> <span class='ocrx_word' id='word_1_769' title='bbox 2293 5744 2320 5792; x_wconf 90' lang='grc' dir='ltr'>ό</span> 
     </span>
    </p>
   </div>
   <div class='ocr_carea' id='block_1_103' title="bbox 746 5831 2317 5909">
    <p class='ocr_par' dir='ltr' id='par_1_103' title="bbox 746 5831 2317 5909">
     <span class='ocr_line' id='line_1_104' title="bbox 746 5831 2317 5909; baseline -0.004 -20"><span class='ocrx_word' id='word_1_770' title='bbox 746 5838 877 5900; x_wconf 63' lang='grc' dir='ltr'>θεός</span> <span class='ocrx_word' id='word_1_771' title='bbox 919 5843 1002 5909; x_wconf 73' lang='grc' dir='ltr'>εἴη</span> <span class='ocrx_word' id='word_1_772' title='bbox 1034 5838 1307 5908; x_wconf 76' lang='grc' dir='ltr'>διατηρῶν</span> <span class='ocrx_word' id='word_1_773' title='bbox 1348 5838 1445 5907; x_wconf 76' lang='grc' dir='ltr'>τὴν</span> <span class='ocrx_word' id='word_1_774' title='bbox 1476 5838 1753 5904; x_wconf 68' lang='grc' dir='ltr'>εὐγένειάν</span> <span class='ocrx_word' id='word_1_775' title='bbox 1790 5852 1883 5887; x_wconf 77' lang='grc' dir='ltr'>σου</span> <span class='ocrx_word' id='word_1_776' title='bbox 1916 5836 2126 5898; x_wconf 75' lang='grc' dir='ltr'>ἄνοσον,</span> <span class='ocrx_word' id='word_1_777' title='bbox 2160 5831 2317 5885; x_wconf 87' lang='grc' dir='ltr'>εῦου-</span> 
     </span>
    </p>
   </div>
   <div class='ocr_carea' id='block_1_104' title="bbox 2428 4637 3996 4709">
    <p class='ocr_par' dir='ltr' id='par_1_104' title="bbox 2428 4637 3996 4709">
     <span class='ocr_line' id='line_1_105' title="bbox 2428 4637 3996 4709; baseline 0.001 -19"><span class='ocrx_word' id='word_1_778' title='bbox 2428 4640 2511 4690; x_wconf 87' lang='grc' dir='ltr'>νεῖ</span> <span class='ocrx_word' id='word_1_779' title='bbox 2539 4637 2637 4705; x_wconf 79' lang='grc' dir='ltr'>τὴν</span> <span class='ocrx_word' id='word_1_780' title='bbox 2667 4639 2792 4706; x_wconf 85' lang='grc' dir='ltr'>γῆν,</span> <span class='ocrx_word' id='word_1_781' title='bbox 2821 4642 2899 4701; x_wconf 86' lang='grc' dir='ltr'>είς</span> <span class='ocrx_word' id='word_1_782' title='bbox 2933 4640 3289 4708; x_wconf 86' lang='grc' dir='ltr'>συναίσθησιν</span> <span class='ocrx_word' id='word_1_783' title='bbox 3318 4642 3531 4705; x_wconf 84' lang='grc' dir='ltr'>ἐνάγων</span> <span class='ocrx_word' id='word_1_784' title='bbox 3590 4641 3733 4709; x_wconf 78' lang='grc' dir='ltr'>ἡμᾶς</span> <span class='ocrx_word' id='word_1_785' title='bbox 3766 4639 3860 4691; x_wconf 85' lang='grc' dir='ltr'>τοῦ</span> <span class='ocrx_word' id='word_1_786' title='bbox 3894 4657 3996 4691; x_wconf 66' lang='grc' dir='ltr'>και</span> 
     </span>
    </p>
   </div>
   <div class='ocr_carea' id='block_1_105' title="bbox 2425 4728 3995 4800">
    <p class='ocr_par' dir='ltr' id='par_1_105' title="bbox 2425 4728 3995 4800">
     <span class='ocr_line' id='line_1_106' title="bbox 2425 4728 3995 4800; baseline 0.002 -21"><span class='ocrx_word' id='word_1_787' title='bbox 2425 4728 2541 4793; x_wconf 87' lang='grc' dir='ltr'>λοῦ,</span> <span class='ocrx_word' id='word_1_788' title='bbox 2575 4728 2691 4792; x_wconf 91' lang='grc' dir='ltr'>πῶς</span> <span class='ocrx_word' id='word_1_789' title='bbox 2723 4730 3003 4782; x_wconf 88' lang='grc' dir='ltr'>κατασείει</span> <span class='ocrx_word' id='word_1_790' title='bbox 3046 4730 3113 4782; x_wconf 77' lang='grc' dir='ltr'>τά</span> <span class='ocrx_word' id='word_1_791' title='bbox 3140 4732 3339 4794; x_wconf 74' lang='grc' dir='ltr'>πάντα,</span> <span class='ocrx_word' id='word_1_792' title='bbox 3397 4731 3514 4793; x_wconf 90' lang='grc' dir='ltr'>πῶς</span> <span class='ocrx_word' id='word_1_793' title='bbox 3540 4732 3599 4783; x_wconf 83' lang='grc' dir='ltr'>τὸ</span> <span class='ocrx_word' id='word_1_794' title='bbox 3663 4731 3803 4800; x_wconf 74' lang='grc' dir='ltr'>βαρὺ</span> <span class='ocrx_word' id='word_1_795' title='bbox 3839 4732 3995 4783; x_wconf 78' lang='grc' dir='ltr'>τοῦτο</span> 
     </span>
    </p>
   </div>
   <div class='ocr_carea' id='block_1_106' title="bbox 2425 4822 3994 4892">
    <p class='ocr_par' dir='ltr' id='par_1_106' title="bbox 2425 4822 3994 4892">
     <span class='ocr_line' id='line_1_107' title="bbox 2425 4822 3994 4892; baseline -0.001 -18"><span class='ocrx_word' id='word_1_796' title='bbox 2425 4823 2645 4892; x_wconf 88' lang='grc' dir='ltr'>φορτίον</span> <span class='ocrx_word' id='word_1_797' title='bbox 2667 4822 2765 4891; x_wconf 82' lang='grc' dir='ltr'>τῆς</span> <span class='ocrx_word' id='word_1_798' title='bbox 2792 4823 2895 4890; x_wconf 86' lang='grc' dir='ltr'>γῆς</span> <span class='ocrx_word' id='word_1_799' title='bbox 2914 4823 3011 4875; x_wconf 74' lang='grc' dir='ltr'>καὶ</span> <span class='ocrx_word' id='word_1_800' title='bbox 3064 4822 3474 4875; x_wconf 86' lang='grc' dir='ltr'>δυσϐάστακτον</span> <span class='ocrx_word' id='word_1_801' title='bbox 3529 4823 3753 4891; x_wconf 82' lang='grc' dir='ltr'>τρέμειν</span> <span class='ocrx_word' id='word_1_802' title='bbox 3811 4840 3994 4889; x_wconf 77' lang='grc' dir='ltr'>παρα-</span> 
     </span>
    </p>
   </div>
   <div class='ocr_carea' id='block_1_107' title="bbox 2427 4913 3994 4983">
    <p class='ocr_par' dir='ltr' id='par_1_107' title="bbox 2427 4913 3994 4983">
     <span class='ocr_line' id='line_1_108' title="bbox 2427 4913 3994 4983; baseline 0.001 -19"><span class='ocrx_word' id='word_1_803' title='bbox 2427 4915 2703 4977; x_wconf 77' lang='grc' dir='ltr'>σκευάζει,</span> <span class='ocrx_word' id='word_1_804' title='bbox 2742 4915 2857 4975; x_wconf 76' lang='grc' dir='ltr'>πῶς</span> <span class='ocrx_word' id='word_1_805' title='bbox 2887 4914 2949 4964; x_wconf 86' lang='grc' dir='ltr'>οὐ</span> <span class='ocrx_word' id='word_1_806' title='bbox 2988 4914 3172 4974; x_wconf 88' lang='grc' dir='ltr'>στέγει</span> <span class='ocrx_word' id='word_1_807' title='bbox 3212 4914 3350 4983; x_wconf 84' lang='grc' dir='ltr'>αῦτη</span> <span class='ocrx_word' id='word_1_808' title='bbox 3377 4913 3477 4983; x_wconf 75' lang='grc' dir='ltr'>τὴν</span> <span class='ocrx_word' id='word_1_809' title='bbox 3508 4914 3603 4966; x_wconf 91' lang='grc' dir='ltr'>τοῦ</span> <span class='ocrx_word' id='word_1_810' title='bbox 3643 4916 3873 4966; x_wconf 78' lang='grc' dir='ltr'>Κτίστον</span> <span class='ocrx_word' id='word_1_811' title='bbox 3900 4932 3994 4981; x_wconf 82' lang='grc' dir='ltr'>φο-</span> 
     </span>
    </p>
   </div>
   <div class='ocr_carea' id='block_1_108' title="bbox 2425 5004 3993 5075">
    <p class='ocr_par' dir='ltr' id='par_1_108' title="bbox 2425 5004 3993 5075">
     <span class='ocr_line' id='line_1_109' title="bbox 2425 5004 3993 5075; baseline 0.001 -19"><span class='ocrx_word' id='word_1_812' title='bbox 2425 5004 2594 5073; x_wconf 89' lang='grc' dir='ltr'>ϐεράν</span> <span class='ocrx_word' id='word_1_813' title='bbox 2624 5004 2875 5071; x_wconf 83' lang='grc' dir='ltr'>ἀπειλὴν,</span> <span class='ocrx_word' id='word_1_814' title='bbox 2918 5004 3036 5066; x_wconf 91' lang='grc' dir='ltr'>πῶς</span> <span class='ocrx_word' id='word_1_815' title='bbox 3087 5009 3454 5074; x_wconf 80' lang='grc' dir='ltr'>καταστρέφει</span> <span class='ocrx_word' id='word_1_816' title='bbox 3508 5006 3607 5068; x_wconf 71' lang='grc' dir='ltr'>τὰς</span> <span class='ocrx_word' id='word_1_817' title='bbox 3657 5006 3861 5069; x_wconf 83' lang='grc' dir='ltr'>πόλεις,</span> <span class='ocrx_word' id='word_1_818' title='bbox 3914 5006 3993 5075; x_wconf 79' lang='grc' dir='ltr'>μὴ</span> 
     </span>
    </p>
   </div>
   <div class='ocr_carea' id='block_1_109' title="bbox 2423 5096 3987 5167">
    <p class='ocr_par' dir='ltr' id='par_1_109' title="bbox 2423 5096 3987 5167">
     <span class='ocr_line' id='line_1_110' title="bbox 2423 5096 3987 5167; baseline 0.001 -19"><span class='ocrx_word' id='word_1_819' title='bbox 2423 5096 2691 5166; x_wconf 66' lang='grc' dir='ltr'>δυναμένη</span> <span class='ocrx_word' id='word_1_820' title='bbox 2723 5098 2907 5165; x_wconf 71' lang='grc' dir='ltr'>φέρειν</span> <span class='ocrx_word' id='word_1_821' title='bbox 2934 5096 3072 5159; x_wconf 86' lang='grc' dir='ltr'>ὅλως</span> <span class='ocrx_word' id='word_1_822' title='bbox 3091 5097 3184 5149; x_wconf 88' lang='grc' dir='ltr'>τοῦ</span> <span class='ocrx_word' id='word_1_823' title='bbox 3204 5098 3413 5149; x_wconf 84' lang='grc' dir='ltr'>δικαίου</span> <span class='ocrx_word' id='word_1_824' title='bbox 3436 5098 3625 5166; x_wconf 83' lang='grc' dir='ltr'>κριτοῦ</span> <span class='ocrx_word' id='word_1_825' title='bbox 3650 5099 3749 5167; x_wconf 78' lang='grc' dir='ltr'>τὴν</span> <span class='ocrx_word' id='word_1_826' title='bbox 3774 5099 3946 5167; x_wconf 76' lang='grc' dir='ltr'>ὀργήν</span> <span class='ocrx_word' id='word_1_827' title='bbox 3973 5115 3987 5128; x_wconf 91' lang='grc'><strong>·</strong></span> 
     </span>
    </p>
   </div>
   <div class='ocr_carea' id='block_1_110' title="bbox 2424 5187 3987 5259">
    <p class='ocr_par' dir='ltr' id='par_1_110' title="bbox 2424 5187 3987 5259">
     <span class='ocr_line' id='line_1_111' title="bbox 2424 5187 3987 5259; baseline -0.001 -19"><span class='ocrx_word' id='word_1_828' title='bbox 2424 5187 2627 5257; x_wconf 87' lang='grc' dir='ltr'>ταύτην</span> <span class='ocrx_word' id='word_1_829' title='bbox 2658 5187 2766 5256; x_wconf 86' lang='grc' dir='ltr'>γὰρ</span> <span class='ocrx_word' id='word_1_830' title='bbox 2792 5188 3009 5249; x_wconf 90' lang='grc' dir='ltr'>πάντως</span> <span class='ocrx_word' id='word_1_831' title='bbox 3038 5187 3285 5255; x_wconf 75' lang='grc' dir='ltr'>μαστίξει</span> <span class='ocrx_word' id='word_1_832' title='bbox 3308 5188 3395 5241; x_wconf 86' lang='grc' dir='ltr'>διά</span> <span class='ocrx_word' id='word_1_833' title='bbox 3422 5190 3520 5251; x_wconf 78' lang='grc' dir='ltr'>τὰς</span> <span class='ocrx_word' id='word_1_834' title='bbox 3554 5190 3783 5259; x_wconf 87' lang='grc' dir='ltr'>ἀνομίας</span> <span class='ocrx_word' id='word_1_835' title='bbox 3809 5192 3987 5259; x_wconf 73' lang='grc' dir='ltr'>ἡμῶν,</span> 
     </span>
    </p>
   </div>
   <div class='ocr_carea' id='block_1_111' title="bbox 2426 5280 3992 5352">
    <p class='ocr_par' dir='ltr' id='par_1_111' title="bbox 2426 5280 3992 5352">
     <span class='ocr_line' id='line_1_112' title="bbox 2426 5280 3992 5352; baseline 0.002 -21"><span class='ocrx_word' id='word_1_836' title='bbox 2426 5280 2513 5332; x_wconf 79' lang='grc' dir='ltr'>ἵνα</span> <span class='ocrx_word' id='word_1_837' title='bbox 2550 5283 2713 5350; x_wconf 79' lang='grc' dir='ltr'>ἡμεῖς</span> <span class='ocrx_word' id='word_1_838' title='bbox 2758 5281 2850 5333; x_wconf 83' lang='grc' dir='ltr'>τὸν</span> <span class='ocrx_word' id='word_1_839' title='bbox 2901 5280 2998 5336; x_wconf 84' lang='grc' dir='ltr'>τοῦ</span> <span class='ocrx_word' id='word_1_840' title='bbox 3039 5280 3175 5333; x_wconf 83' lang='grc' dir='ltr'>Θεοῦ</span> <span class='ocrx_word' id='word_1_841' title='bbox 3223 5281 3387 5349; x_wconf 84' lang='grc' dir='ltr'>φόϐον</span> <span class='ocrx_word' id='word_1_842' title='bbox 3430 5283 3827 5352; x_wconf 69' lang='grc' dir='ltr'>ἀναλαϐόμενοι</span> <span class='ocrx_word' id='word_1_843' title='bbox 3872 5287 3992 5335; x_wconf 76' lang='grc' dir='ltr'>ἐπι-</span> 
     </span>
    </p>
   </div>
   <div class='ocr_carea' id='block_1_112' title="bbox 2426 5372 3989 5444">
    <p class='ocr_par' dir='ltr' id='par_1_112' title="bbox 2426 5372 3989 5444">
     <span class='ocr_line' id='line_1_113' title="bbox 2426 5372 3989 5444; baseline 0.002 -22"><span class='ocrx_word' id='word_1_844' title='bbox 2426 5372 2757 5439; x_wconf 86' lang='grc' dir='ltr'>στραφῶμεν</span> <span class='ocrx_word' id='word_1_845' title='bbox 2818 5372 2910 5425; x_wconf 71' lang='grc' dir='ltr'>καὶ</span> <span class='ocrx_word' id='word_1_846' title='bbox 2950 5374 3189 5441; x_wconf 88' lang='grc' dir='ltr'>γνησίως</span> <span class='ocrx_word' id='word_1_847' title='bbox 3239 5374 3687 5442; x_wconf 87' lang='grc' dir='ltr'>μετανοήσωμεν.</span> <span class='ocrx_word' id='word_1_848' title='bbox 3740 5375 3850 5427; x_wconf 74' lang='grc' dir='ltr'>Καὶ</span> <span class='ocrx_word' id='word_1_849' title='bbox 3878 5376 3989 5444; x_wconf 65' lang='grc' dir='ltr'>γάρ</span> 
     </span>
    </p>
   </div>
   <div class='ocr_carea' id='block_1_113' title="bbox 2423 5462 3986 5535">
    <p class='ocr_par' dir='ltr' id='par_1_113' title="bbox 2423 5462 3986 5535">
     <span class='ocr_line' id='line_1_114' title="bbox 2423 5462 3986 5535; baseline 0.002 -21"><span class='ocrx_word' id='word_1_850' title='bbox 2423 5462 2563 5533; x_wconf 84' lang='grc' dir='ltr'>αῦτη</span> <span class='ocrx_word' id='word_1_851' title='bbox 2589 5464 2779 5532; x_wconf 79' lang='grc' dir='ltr'>ἄλογος</span> <span class='ocrx_word' id='word_1_852' title='bbox 2806 5462 2942 5520; x_wconf 82' lang='grc' dir='ltr'>οὐσα</span> <span class='ocrx_word' id='word_1_853' title='bbox 2961 5467 3055 5520; x_wconf 77' lang='grc' dir='ltr'>καὶ</span> <span class='ocrx_word' id='word_1_854' title='bbox 3082 5466 3437 5520; x_wconf 89' lang='grc' dir='ltr'>παντάπασιν</span> <span class='ocrx_word' id='word_1_855' title='bbox 3494 5468 3852 5535; x_wconf 80' lang='grc' dir='ltr'>ἀνενέργητος</span> <span class='ocrx_word' id='word_1_856' title='bbox 3903 5470 3986 5530; x_wconf 88' lang='grc' dir='ltr'>είς</span> 
     </span>
    </p>
   </div>
   <div class='ocr_carea' id='block_1_114' title="bbox 2423 5557 3987 5627">
    <p class='ocr_par' dir='ltr' id='par_1_114' title="bbox 2423 5557 3987 5627">
     <span class='ocr_line' id='line_1_115' title="bbox 2423 5557 3987 5627; baseline 0.003 -21"><span class='ocrx_word' id='word_1_857' title='bbox 2423 5558 2605 5610; x_wconf 80' lang='grc' dir='ltr'>πᾶσαν</span> <span class='ocrx_word' id='word_1_858' title='bbox 2627 5557 2847 5622; x_wconf 89' lang='grc' dir='ltr'>κακίαν,</span> <span class='ocrx_word' id='word_1_859' title='bbox 2884 5558 3158 5627; x_wconf 80' lang='grc' dir='ltr'>ἁμαρτίαν</span> <span class='ocrx_word' id='word_1_860' title='bbox 3220 5559 3445 5627; x_wconf 83' lang='grc' dir='ltr'>ποιῆσαι</span> <span class='ocrx_word' id='word_1_861' title='bbox 3498 5559 3560 5611; x_wconf 77' lang='grc' dir='ltr'>οῦ</span> <span class='ocrx_word' id='word_1_862' title='bbox 3592 5558 3840 5613; x_wconf 90' lang='grc' dir='ltr'>δύναται.</span> <span class='ocrx_word' id='word_1_863' title='bbox 3876 5560 3987 5612; x_wconf 75' lang='grc' dir='ltr'>Καὶ</span> 
     </span>
    </p>
   </div>
   <div class='ocr_carea' id='block_1_115' title="bbox 2420 5648 3984 5721">
    <p class='ocr_par' dir='ltr' id='par_1_115' title="bbox 2420 5648 3984 5721">
     <span class='ocr_line' id='line_1_116' title="bbox 2420 5648 3984 5721; baseline 0.006 -22"><span class='ocrx_word' id='word_1_864' title='bbox 2420 5649 2599 5700; x_wconf 88' lang='grc' dir='ltr'>τοίνυν</span> <span class='ocrx_word' id='word_1_865' title='bbox 2623 5648 2927 5714; x_wconf 88' lang='grc' dir='ltr'>παύσασθε,</span> <span class='ocrx_word' id='word_1_866' title='bbox 2961 5650 3283 5720; x_wconf 89' lang='grc' dir='ltr'>παρακαλῶ,</span> <span class='ocrx_word' id='word_1_867' title='bbox 3318 5653 3417 5717; x_wconf 83' lang='grc' dir='ltr'>τῆς</span> <span class='ocrx_word' id='word_1_868' title='bbox 3442 5652 3660 5714; x_wconf 86' lang='grc' dir='ltr'>κακίας,</span> <span class='ocrx_word' id='word_1_869' title='bbox 3683 5652 3777 5703; x_wconf 82' lang='grc' dir='ltr'>καὶ</span> <span class='ocrx_word' id='word_1_870' title='bbox 3810 5653 3984 5721; x_wconf 77' lang='grc' dir='ltr'>τηρή-</span> 
     </span>
    </p>
   </div>
   <div class='ocr_carea' id='block_1_116' title="bbox 2424 5740 3987 5811">
    <p class='ocr_par' dir='ltr' id='par_1_116' title="bbox 2424 5740 3987 5811">
     <span class='ocr_line' id='line_1_117' title="bbox 2424 5740 3987 5811; baseline 0.005 -22"><span class='ocrx_word' id='word_1_871' title='bbox 2424 5755 2575 5803; x_wconf 90' lang='grc' dir='ltr'>σατε,</span> <span class='ocrx_word' id='word_1_872' title='bbox 2617 5740 2692 5802; x_wconf 84' lang='grc' dir='ltr'>ὡς</span> <span class='ocrx_word' id='word_1_873' title='bbox 2725 5742 2894 5803; x_wconf 76' lang='grc' dir='ltr'>εἰκὸς,</span> <span class='ocrx_word' id='word_1_874' title='bbox 2930 5742 2987 5793; x_wconf 88' lang='grc' dir='ltr'>ἐν</span> <span class='ocrx_word' id='word_1_875' title='bbox 3034 5741 3308 5811; x_wconf 79' lang='grc' dir='ltr'>ἀσφαλείᾳ</span> <span class='ocrx_word' id='word_1_876' title='bbox 3354 5742 3416 5793; x_wconf 90' lang='grc' dir='ltr'>οὐ</span> <span class='ocrx_word' id='word_1_877' title='bbox 3467 5744 3629 5810; x_wconf 87' lang='grc' dir='ltr'>μόνον</span> <span class='ocrx_word' id='word_1_878' title='bbox 3682 5745 3849 5808; x_wconf 78' lang='grc' dir='ltr'>αὐτάς</span> <span class='ocrx_word' id='word_1_879' title='bbox 3888 5747 3987 5809; x_wconf 75' lang='grc' dir='ltr'>τὲις</span> 
     </span>
    </p>
   </div>
   <div class='ocr_carea' id='block_1_117' title="bbox 2421 5830 3982 5913">
    <p class='ocr_par' dir='ltr' id='par_1_117' title="bbox 2421 5830 3982 5913">
     <span class='ocr_line' id='line_1_118' title="bbox 2421 5830 3982 5913; baseline 0.004 -30"><span class='ocrx_word' id='word_1_880' title='bbox 2421 5830 2514 5883; x_wconf 86' lang='grc' dir='ltr'>τοῦ</span> <span class='ocrx_word' id='word_1_881' title='bbox 2550 5830 2684 5884; x_wconf 84' lang='grc' dir='ltr'>Θεοῦ</span> <span class='ocrx_word' id='word_1_882' title='bbox 2713 5832 2954 5900; x_wconf 71' lang='grc' dir='ltr'>ἐντολάς,</span> <span class='ocrx_word' id='word_1_883' title='bbox 2984 5830 3118 5887; x_wconf 86' lang='grc' dir='ltr'>ἁλλά</span> <span class='ocrx_word' id='word_1_884' title='bbox 3148 5834 3238 5889; x_wconf 73' lang='grc' dir='ltr'>καὶ</span> <span class='ocrx_word' id='word_1_885' title='bbox 3270 5835 3365 5897; x_wconf 65' lang='grc' dir='ltr'>τὰς</span> <span class='ocrx_word' id='word_1_886' title='bbox 3403 5836 3788 5913; x_wconf 21' lang='grc' dir='ltr'>διατάξειςθκαὶ</span> <span class='ocrx_word' id='word_1_887' title='bbox 3818 5854 3982 5908; x_wconf 77' lang='grc' dir='ltr'>νομο-</span> 
     </span>
    </p>
   </div>
  </div>
