4430 6454
783 404 918 468 136τ

1571 415 1912 476 CALLISTI
1954 419 2050 477 ET
2097 417 2527 480 PHILOTHEI
2568 421 2678 480 ορ.
2720 403 3196 492 mmmam;

3898 404 4035 485 1368

778 521 1128 592 ἡτοίμασται·
1188 523 1350 592 νόμος
1409 526 1517 594 γὰρ
1547 526 1704 589 οῦτος
1757 528 1990 592 παλαιὸς
2045 530 2138 582 καὶ
2174 511 2358 592 καλῶς
2384 537 2432 595 Α
2461 531 2853 595 ἀπκαταστὰς
2874 533 2974 596 τῆς
3014 533 3277 603 ῥηθείσης
3299 532 3613 603 ἁγιωτάτης
3645 535 4036 603 μητροπόλεως

774 617 915 683 ἔχων
947 619 1012 685 τῇ
1064 615 1159 668 τοῦ
1217 617 1354 667 Θεοῦ
1406 616 1706 686 Ἐκκλησία
1741 619 2121 688 ἐπεκράτησεν
2148 621 2227 679 είς
2254 620 2354 689 τὴν

777 709 980 774 ταύτης
1009 705 1299 773 οίκοδομὴν
1322 706 1464 758 ὥστε
1494 709 1590 758 καὶ
1624 708 1721 767 τὰς
1775 707 1885 760 τῶν
1939 709 2248 776 ἐκκλησιῶν
2292 725 2353 760 τε

772 800 866 851 καὶ
893 798 1103 850 πόλεων
1127 800 1447 867 περιφανεῖς
1479 799 1575 850 καὶ
1595 799 1872 866 ποιμένων
1903 800 2180 868 εὐμοιρεῖν
2209 798 2355 860 ἀξιο-

772 890 948 955 λόγων
980 890 1075 941 καὶ
1103 889 1326 949 τούτους
1373 889 1570 950 αὑτοὺς
1606 889 1768 940 πάλιν
1795 889 1958 942 οίονεί
2014 906 2159 950 τινος
2213 891 2352 956 ἐφα-

776 979 965 1049 μίλλου
1008 979 1233 1048 γνώμης
1283 982 1348 1049 τῇ
1405 982 1645 1050 σφετέρᾳ
1702 981 1864 1048 φύσει
1928 980 2353 1049 μεμετρημένης

770 1069 1022 1124 ἐντεῦθεν
1049 1070 1186 1138 πρὸς
1217 1071 1392 1136 λόγων
1420 1071 1565 1139 ἔχειν
1597 1070 1940 1137 ἐφάπτεσθαι
1994 1072 2091 1123 καὶ
2136 1072 2236 1138 τὴν
2267 1071 2351 1122 ol-

773 1161 928 1213 κείαν
957 1163 1014 1212 ἐν
1032 1163 1142 1222 τοῖς
1171 1159 1480 1222 καλλίστοις
1513 1161 1929 1214 ἐπιδείκνυσθαι
1954 1161 2206 1230 δύναμιν·
2242 1161 2353 1228 ἁμ-

772 1249 1086 1317 φοτέρωθεν
1114 1249 1223 1318 γὰρ
1255 1249 1322 1302 ἂν
1357 1244 1514 1312 οὗτος
1564 1251 1593 1303 ό
1649 1251 1742 1303 τοῦ
1768 1251 1976 1303 δικαίου
2030 1230 2351 1312 διασώζοιτο

774 1337 956 1403 λόγος,
987 1337 1084 1389 καὶ
1128 1338 1189 1389 τὸ
1216 1338 1316 1404 τῆς
1352 1337 1678 1407 Ἐκκλησίας
1727 1340 2003 1410 πλήρωμα
2061 1340 2166 1392 ὑπὸ
2233 1339 2352 1409 Θεῷ

773 1428 1052 1495 συμμάχῳ
1082 1427 1224 1480 κατὰ
1257 1429 1318 1481 τὸ
1360 1431 1748 1499 προσαρμόζον
1797 1431 1984 1499 σχῆμα
2019 1429 2347 1496 διατηροῖτο.

771 1516 1074 1588 Ταῦτ⁹άρα
1125 1521 1283 1590 καὶὴ
1328 1522 1622 1589 μετριότης
1677 1522 1835 1590 ἡμῶν
1884 1522 1985 1591 τὴν
2038 1520 2351 1587 ἁγιωτάτην

781 1608 1118 1676 μητρόπολιν
1143 1611 1480 1664 Ναυπάκτου
1542 1613 1624 1674 είς
1679 1612 1931 1663 πλεῖστον
1984 1611 2111 1664 ὅσον
2161 1611 2352 1680 χρόνον

773 1697 946 1749 εἰδιῖι
976 1701 1349 1768 στερουμένην
1383 1703 1690 1771 ἀρχιερέως
1735 1702 1959 1778 γνησίου
1993 1703 2089 1755 καὶ
2135 1701 2227 1755 τὸν
2258 1699 2351 1754 ὑπ’

772 1787 942 1856 αὐτὴν
968 1788 1363 1860 Χριστώνυμον
1389 1790 1482 1843 τοῦ
1515 1793 1722 1862 Κυρίου
1750 1792 1879 1844 λαὸν
1899 1795 1966 1863 τῇ
1996 1791 2189 1844 τούτου
2216 1791 2343 1860 ἐρη·

2464 618 2825 685 Ναυπάκτου,
2879 623 2974 674 καὶ
3017 622 3162 673 κατὰ
3211 622 3309 690 τὴν
3364 624 3832 694 ἐκκλησιαστικὴν
3885 625 4040 689 τάξιν

2466 709 2560 762 καὶ
2590 711 2945 766 ὑποτύπωσιν
2976 713 3074 781 τῆς
3103 715 3420 784 ἀνηκούσης
3455 718 3622 786 τιμῆς
3675 716 3732 770 εν
3783 733 3844 770 τε
3878 718 4038 770 καθέ-

2458 802 2634 873 δραις,
2665 805 2890 858 στάσεσί
2922 823 2982 858 τε
3032 808 3130 859 καὶ
3176 809 3572 871 συνελεύσεσιν,
3602 811 3954 877 ἀναγνώστας
3979 828 4040 863 τε

2460 893 2779 962 σφραγίζων
2800 898 2863 949 ἐκ
2886 897 2994 950 τῶν
3019 899 3079 950 ἐν
3108 901 3248 967 αὐτῇ
3275 900 3367 952 καὶ
3400 900 3793 962 ὑποδιακόνους
3810 903 3901 953 καὶ
3931 903 4041 955 δια-

2459 985 2653 1048 κόνους
2688 987 3044 1056 προόιόάζων
3102 990 3196 1042 καὶ
3253 991 3661 1059 πρεσϐυτέρους
3712 993 4034 1063 χειροτονῶν

2457 1077 2552 1128 καὶ
2588 1077 2923 1136 ἐπισκόπους
2953 1079 3034 1137 είς
3058 1079 3156 1137 τὰς
3213 1079 3308 1131 ὑπ’
3338 1080 3501 1132 αὐτὸν
3529 1080 3827 1147 ἐκκλησίας
3856 1083 4030 1147 ἐγκα·

2459 1164 2688 1228 θιστῶν,
2721 1168 3026 1235 ἐφειμένων
3056 1168 3150 1220 καὶ
3167 1170 3343 1239 τούτῳ
3395 1170 3844 1238 διαπράττεσθαι,
3907 1174 4032 1223 ἐπι-

2457 1256 2758 1323 λαϐόμενός
2797 1275 2855 1311 τε
2883 1260 2974 1311 καὶ
3019 1261 3246 1313 πάντων
3298 1262 3409 1314 τῶν
3462 1261 3794 1330 όθενδήποτε
3850 1261 4038 1327 διαφε-

2461 1349 2668 1416 ρόντων
2701 1351 2874 1421 ταύτῃ
2917 1351 3167 1404 δικαίων·
3230 1351 3354 1405 ὅθεν
3407 1354 3719 1421 ὀφείλουσιν
3771 1354 3826 1406 οῖ
3872 1369 3932 1404 τε
3979 1355 4040 1403 ἐν

2458 1439 2596 1508 αὐτῇ
2636 1441 2895 1507 κληρικολ⁸
2926 1444 3023 1495 καὶ
3060 1444 3353 1512 ίερωμένοι
3415 1447 3644 1514 μοναχοὶ
3701 1445 3799 1497 καὶ
3855 1444 4040 1497 λαῖκοὶ

2456 1530 2776 1583 ὑποκεῖσθαι
2813 1532 2905 1584 καὶ
2933 1533 3252 1603 πειθαρχεῖν
3287 1535 3484 1605 τούτῳ,
3539 1537 3640 1588 ὅσα
3700 1534 3798 1587 καὶ
3851 1533 4041 1601 οίκείῳ

2463 1622 2560 1673 καὶ
2590 1622 2801 1691 γνησίῳ
2823 1622 3005 1674 αὐτῶν
3033 1625 3255 1693 ποιμένι
3286 1629 3382 1679 καὶ
3412 1627 3581 1695 πατρὶ
3604 1627 3700 1679 καὶ
3730 1625 4042 1692 διδασκάλῳ

2454 1713 2548 1764 καὶ
2579 1713 2773 1783 μεσίτῃ
2797 1716 2890 1768 καὶ
2917 1713 3205 1787 διαλλακτῇ
3231 1718 3299 1770 τὰ
3321 1717 3460 1788 πρὸς
3489 1719 3580 1769 τὸν
3603 1717 3739 1770 Θεὸν
3772 1717 3866 1770 καὶ
3890 1717 4042 1784 δέχε-

2453 1801 2578 1856 σθαι
2625 1803 2922 1872 προθύμως
2955 1809 3051 1858 καὶ
3101 1808 3476 1878 ἀποπληροῦν,
3507 1808 3607 1861 ὅσα
3642 1808 3822 1877 μέλλει
3855 1807 4039 1875 λέγειν

776 1879 876 1948 μῐᾳ
908 1880 1417 1950 περιπλανώμενοι,
1447 1883 1520 1943 ὡς
1563 1885 1664 1936 οὐκ
1694 1883 1825 1947 ἔδει,
1854 1886 1948 1936 καὶ
1974 1882 2098 1935 ὅσον
2154 1881 2215 1934 τὸ
2253 1884 2346 1933 ἐνο
2378 1879 2422 1935 Β
2451 1893 2543 1944 καὶ
2571 1894 2904 1966 εῑσηγεῖεςθαι
2946 1899 3130 1960 αὐτοῖς
3151 1898 3445 1968 ψυχωφελῆ
3482 1900 3574 1952 καὶ
3608 1900 3873 1966 σωτήρια,
3892 1897 4042 1966 Αὐτὴ

767 1972 962 2026 τεῦθεν
988 1975 1156 2027 κακὸν
1189 1977 1514 2045 ἐννοήσασα,
1548 1977 1607 2028 οὑ
1641 1975 1741 2045 μέν
1776 2014 1792 2029 .
1821 2015 1835 2029 .
1871 2015 1886 2029 .
1926 1976 2140 2030 δίκαιον
2189 1974 2344 2045 ᾠήθη

769 2063 998 2135 ἀμελείᾳ
1035 2067 1125 2119 καὶ
1157 2068 1238 2129 είς
1264 2067 1323 2119 τὸ
1353 2067 1479 2135 ἐξῆς
1497 2068 1746 2122 ὁπωσοῦν
1771 2069 2108 2138 χρήσασθαι,
2134 2071 2214 2131 είς
2245 2067 2345 2138 τὴν

2453 1981 2518 2052 δὴ
2548 1984 2736 2037 τούτου
2775 1985 2962 2038 ἕνεκεν
3015 1988 3168 2056 καὶὴ
3206 1987 3457 2057 παροῦσα
3493 1989 3741 2057 ἡμετέρα
3787 1987 4042 2058 συνοδικὴ

2452 2076 2654 2144 πρᾶξις
2679 2079 2936 2146 γεγονυῖα
2979 2079 3058 2149 τῷ
3097 2077 3446 2149 διαληφθέντι
3493 2082 3772 2150 ίερωτάτῳ
3835 2096 4042 2150 μητρο-

765 2156 968 2225 ταύτης
993 2159 1284 2227 ἐπίσκεψιν
1320 2161 1415 2214 καὶ
1451 2163 1816 2230 προμήθειαν,
1853 2161 2218 2232 χηρεύουσαν.
2271 2159 2346 2223 ὥς
2450 2168 2641 2240 πολίτῃ
2661 2170 2991 2225 Ναυπάκτου
3031 2171 3125 2225 καὶ
3146 2172 3434 2242 ὑπερτίμῳ
3477 2176 3558 2235 είς
3594 2173 3894 2240 ἀσφάλειαν
3913 2174 4041 2225 ἐπι-

765 2249 1095 2321 διείληπται,
1125 2254 1519 2324 ἀρχιερατικῆς
1565 2255 1892 2318 ἐπιστασίας
1923 2256 2016 2308 ἐπὶ
2065 2253 2343 2317 τοσοῦτον,

766 2343 1056 2396 καὶταῦτα
1088 2344 1352 2416 πλείστης
1385 2346 1653 2416 δεομένην
1686 2347 2005 2417 συνάρσεως
2038 2347 2133 2399 καί
2183 2345 2346 2413 κηδεο

767 2435 978 2503 μονίας,
1011 2434 1126 2504 ἅμα
1155 2435 1256 2506 μὲν
1281 2435 1370 2490 διὰ
1414 2438 1474 2490 τὸ
1529 2436 1977 2506 συναριθμεῖσθαι
2009 2438 2128 2498 ταῖς
2156 2434 2348 2504 ἐκκρί-
2375 2495 2382 2502 _

764 2543 876 2588 τοις
905 2528 1014 2578 τών
1049 2529 1445 2598 μητροπόλεων
1495 2530 1589 2583 καὶ
1647 2530 1708 2581 τδ
1753 2531 2179 2600 συγκεχωρηκὸς
2199 2528 2345 2595 ἔχειν

762 2618 871 2671 άτιό
889 2636 947 2671 τε
971 2619 1160 2690 θρόνου
1177 2623 1270 2674 καὶ
1291 2621 1485 2690 χρόνου
1502 2623 1592 2675 καὶ
1617 2621 1676 2673 τὸ
1701 2620 2029 2689 πρεσϐεύειν
2067 2620 2343 2685 ἐντεῦθεν,

767 2709 878 2777 ἆμσ
910 2709 966 2761 δέ
1000 2712 1095 2763 καὶ⁵
1128 2710 1218 2764 διὰ
1244 2712 1303 2762 τὸ
1333 2713 1728 2781 παραχωρήσει
1758 2711 1896 2762 Θεοῦ
1927 2712 2124 2781 πλήθει
2163 2712 2345 2781 ἁμαρ-

763 2800 894 2853 τιῶν
926 2802 1034 2870 πρό
1065 2819 1227 2854 τινων
1254 2803 1353 2872 ῆδη
1385 2804 1592 2871 χρόνων
1614 2803 1866 2856 ἐπελθεῖν
1894 2805 2072 2855 ἐκεῖσε
2113 2801 2212 2872 τὴν
2233 2802 2344 2855 τών

766 2893 1112 2961 πραγμάτων
1142 2894 1463 2963 ἀνωμαλίαν
1515 2895 1612 2946 καὶ
1673 2895 1942 2964 σύγχυσιν
2000 2897 2094 2948 καὶ
2139 2895 2345 2963 ταύτης

766 2985 929 3052 ἔργον
960 2984 1219 3051 γενέσθαι
1279 2985 1374 3037 καὶ
1426 2986 1597 3055 αὐτὴν
1653 2986 2080 3055 δυστυχέστατα.
2143 2987 2256 3039 Καὶ
2281 2987 2346 3055 δὴ

764 3075 1090 3144 σπούδασμα
1122 3077 1265 3130 κατὰ
1317 3078 1378 3129 τὸ
1406 3079 1553 3141 είκὸς
1605 3081 1698 3132 καὶ
1730 3079 1989 3148 φροντίδα
2020 3079 2081 3130 ού
2141 3077 2346 3146 μικρὰν

2449 2258 2676 2327 δέδοται,
2727 2263 3058 2318 ἀπολυθεῖσα
3109 2265 3252 2318 κατὰ
3301 2265 3446 2334 μῆνα
3503 2264 3876 2334 Σεπτέμσριον
3939 2264 4042 2332 τῆς

2448 2352 2806 2423 ἐνισταμένης
2869 2353 3092 2424 πρώτης
3158 2355 3256 2410 ίνδ.
3307 2354 3402 2409 τοῦ
3456 2362 3634 2428 ,ς-ωοω
3687 2355 3861 2418 ἔτους,
3917 2355 4040 2424 ῆτις

2451 2448 2544 2501 καὶ
2587 2448 2946 2518 ὑπεσημάνθη
2971 2451 3037 2520 τῇ
3075 2448 3378 2520 αὑτοχείρῳ
3425 2448 3718 2522 ὑπογραφῇ
3757 2448 3856 2518 τῆς
3885 2446 4043 2518 ήμῶν

2453 2541 2832 2609 μετριότητος.

2524 2654 2797 2711 XXXVII.
2833 2656 3081 2730 Synodu:
3105 2677 3276 2784 νηοὺνεῖ
3298 2676 3502 2783 ‘pravos
3528 2660 3584 2713 in
3615 2655 3970 2712 matrimoniis

3143 2749 3174 2784 a
3211 2747 3240 2783 ο
3267 2747 3294 2782 ε
3327 2769 3341 2783 .

3143 2741 3341 2784 abolet.

2525 2820 2566 2889 ’ί
2589 2820 2764 2890 Ὀσην
2794 2820 2895 2890 μέν
2923 2820 3184 2873 σύστασιν
3215 2825 3310 2874 καὶ
3334 2821 3636 2888 ἀσφάλειαν
3665 2819 3726 2871 τὺ
3752 2817 3855 2886 τῆς
3887 2817 4042 2886 εἰρή-

2452 2930 2548 2981 νης
2577 2912 2668 2965 καὶ
2693 2914 2946 2981 ὁμονοίας
2974 2912 3162 2981 χρῆμα
3192 2913 3445 2983 προξενεί
3468 2915 3534 2983 τῇ
3571 2912 3869 2981 Ἐκκλησία
3899 2908 4038 2963 Θεοῦ

2454 3004 2549 3056 καὶ
2582 3004 2730 3067 ὃπως
2764 3005 3051 3073 ἐπικρατεῖ
3082 3006 3171 3057 διὰ
3203 3006 3396 3057 τούτου
3430 3003 3654 3067 εὐταξία
3687 3004 3782 3056 καὶ
3814 3002 4036 3070 κοσμιό-

2454 3109 2554 3161 της
2580 3095 2637 3145 ἐν
2661 3093 2838 3147 ἁπασι
2865 3095 2978 3158 τοῖς
3008 3095 3484 3164 ἐκκλησιαστικοῖς
3510 3095 3856 3162 πράγμασιν,
3886 3092 4036 3144 ῖσασι

770 3172 1123 3273 ποιηεξαμένη
1161 3171 1457 3234 συνοδικῶς
1511 3172 1642 3241 ’περὶ
1666 3171 1893 3236 ταύτης.
1949 3172 2072 3223 ἐπεὶ
2104 3165 2345 3273 ειῦρεήτδν
2375 3214 2420 3273 C
2454 3185 2654 3246 πάντες
2681 3187 2730 3236 οί
2757 3185 2930 3253 ταύτῃ
2953 3185 3089 3246 ὅλως
3118 3186 3510 3254 προσκείμενοι
3549 3184 3643 3236 καὶ
3669 3183 3742 3246 ὡς
3774 3184 3910 3253 μέλη
3935 3184 4037 3250 τῆς

763 3264 1180 3324 θεοφιλέστατον
1234 3266 1535 3318 ἐπίσκοπον
1586 3265 2011 3336 Κεφαλληνίας,
2050 3263 2198 3333 ζήλῳ
2230 3263 2348 3316 θεο-

762 3361 911 3425 φιλεῖ
953 3362 1046 3414 καὶ
1082 3361 1275 3429 πρώην
1308 3360 1511 3430 ταύτης
1541 3360 1842 3430 κηδόμενον
1903 3361 1998 3414 καὶ
2031 3360 2102 3412 τὰ
2150 3359 2348 3426 ἐκκλη-

762 3453 1020 3506 σιαστικὰ
1054 3454 1237 3506 δίκαια
1276 3454 1376 3524 τῆς
1398 3453 1700 3523 είρημένης
1757 3454 2068 3522 ἁγιωτάτης
2137 3467 2346 3521 μητρο-

763 3545 972 3608 πόλεως
1004 3545 1343 3599 Ναυπάκτου
1369 3545 1798 3614 ἀναδεδεγμένον
1857 3544 2010 3613 παρὰ
2039 3544 2135 3613 τῆς
2187 3543 2348 3611 ἡμῶν

765 3638 1120 3709 μετριότητος
1178 3639 1269 3691 καὶ
1331 3637 1535 3705 πολλὴν
1591 3637 1829 3705 σπουδὴν
1889 3635 2348 3702 εἰσενεγκάμενον

761 3726 906 3802 ὑπὲρ
929 3731 1203 3800 ὠφελείας
1233 3731 1329 3784 τοῦ
1374 3731 1554 3782 ἐκεῖσε
1616 3728 2017 3800 Χριστωνύμου
2055 3728 2186 3782 λαοῦ
2252 3727 2349 3780 καὶ

762 3828 944 3881 πάντα
973 3827 1239 3896 πράττειν
1270 3822 1364 3876 καὶ
1393 3824 1571 3877 ποιεῖν
1615 3821 2096 3892 προθυμούμενον,
2157 3820 2258 3873 ὅσα
2287 3836 2348 3872 τε

759 3926 839 3988 είς
865 3923 1128 3977 σύστασιν
1162 3922 1430 3975 συντείνει
1460 3921 1568 3972 τῶν
1596 3916 1838 3971 εὐσεϐῶν
1864 3914 2148 3985 κτητόρων
2177 3914 2350 3982 αὐτῆς

760 4022 855 4075 καὶ⁵
892 4021 972 4083 εἰς
999 4019 1364 4090 εὐαρέστησιν
1396 4014 1492 4069 τοῦ
1545 4011 1705 4067 Θεοῦ·
1746 4011 1780 4080 ἠ
1850 4007 2143 4080 μετριότης
2191 4004 2351 4077 ἡμῶν

759 4117 916 4184 κοινῆ
960 4114 1129 4185 ψήφῳ
1156 4112 1251 4166 καὶ
1285 4109 1571 4177 διασκέψει
1620 4108 1720 4173 τῆς
1766 4105 1897 4174 περὶ
1958 4102 2132 4173 αὑτὴν
2195 4099 2349 4164 θείας

759 4206 1089 4277 όμηγύρεως
1120 4204 1230 4258 τῶν
1263 4202 1575 4273 ίερωτάτων
1617 4197 1950 4268 ἀρχιερέων,
2002 4195 2099 4248 τοῦ
2134 4195 2346 4248 Καισα-

763 4303 940 4369 ρείας,
967 4299 1062 4352 τοῦ
1105 4297 1371 4361 Κυζίκου,
1401 4295 1496 4348 τοῦ
1525 4293 1789 4354 Νικαίας,
1833 4289 1929 4343 τοῦ
1978 4287 2347 4357 Χαλκηδόνος,

2469 3275 2798 3345 Ἐκκλησίας
2833 3275 2950 3344 μεθ’
2976 3277 3243 3345 ἁρμονίας
3276 3279 3658 3344 πνευματικῆς
3689 3276 3768 3337 είς
3800 3274 3858 3328 ἓν
3887 3291 4036 3327 συνο-

2453 3369 2704 3438 δούμενοι
2751 3370 2909 3440 σῶμα
2956 3372 3049 3423 καὶ
3098 3369 3341 3439 κεφαλὴν
3393 3371 3516 3438 μέν,
3568 3371 3710 3424 κατὰ
3755 3369 3848 3422 τὸν
3895 3369 4038 3421 θεῖον

2468 3463 2810 3526 Ἀπόστολον,
2843 3463 3060 3532 ἔχοντες
3085 3465 3175 3516 τὸν
3202 3465 3244 3517 Χ
3255 3465 3459 3534 ριστὸν,
3491 3464 3584 3531 ὑφ’
3605 3464 3686 3516 ἐνὶ
3715 3465 3771 3516 δέ
3800 3463 4040 3531 καθηγε-

2460 3553 2615 3623 μόνι,
2663 3555 2742 3622 τῷ
2794 3556 3076 3628 προστάτῃ
3124 3557 3225 3624 τῆς
3262 3557 3621 3623 Ἑκκλησίας,
3672 3557 4036 3624 ταττόμενοι·

2456 3648 2589 3717 ὅσην
2633 3648 2697 3716 δὴ
2746 3648 2910 3702 πάλιν
2952 3648 3203 3718 ταραχὴν
3246 3648 3370 3702 κατ’
3400 3647 3575 3716 αὐτῆς
3617 3648 3898 3717 ἐπεγείρει
3945 3647 4041 3699 καὶ

2457 3739 2628 3810 ζάλην
2655 3742 2688 3811 ὴ
2716 3743 2954 3810 κακίστη
2984 3741 3269 3802 διάστασις
3297 3739 3391 3793 καὶ
3422 3738 3724 3808 φιλονεικία
3757 3738 3853 3791 καὶ
3880 3738 3946 3791 τὰ
3975 3739 4041 3789 ἐκ

2457 3833 2661 3901 ταύτης
2702 3835 3047 3903 ἐπιφυόμενα
3087 3834 3393 3900 σκάνδαλα,
3432 3835 3524 3888 καὶ
3563 3834 3695 3904 ὅσην
3728 3832 4042 3901 ἀπεργάζε-

2457 3944 2548 3980 ται
2581 3926 2858 3993 ἀκοσμίαν
2886 3927 2981 3979 καὶ
3009 3925 3294 3996 σύγχυσιν,
3325 3926 3606 3996 γνώριμον
3634 3926 3728 3979 καὶ
3754 3923 3911 3978 τοῦτο
3943 3941 4044 3978 κα-

2460 4018 2711 4072 θίσταται
2744 4021 2857 4081 τοῖς
2888 4019 3146 4089 ἐχέφροσι
3179 4020 3274 4072 καὶ
3303 4018 3398 4072 τοῦ
3429 4018 3640 4072 δικαίου
3675 4018 4042 4088 ἐξεχομένοις,

2463 4113 2807 4183 μαρτυρήσει
2847 4111 2891 4164 δ’
2915 4113 3016 4181 ούχ
3057 4107 3220 4183 ¹ἦττον
3263 4113 3358 4166 καὶ
3396 4113 3465 4166 τὰ
3507 4111 3602 4165 νῦν
3640 4111 4041 4182 λεχθησόμενα.

2458 4205 2726 4258 Φθάνουσι
2769 4203 2876 4273 πρὸ
2914 4203 3100 4275 ὀλίγου
3145 4204 3465 4273 ἐγκύψαντα
3508 4204 3783 4258 σκάνδαλα
3823 4207 3904 4267 είς
3941 4203 4047 4274 τὴν

2473 4296 2801 4362 Ἐκκλησίαν
2830 4295 2990 4363 Θεοῦ,
3024 4296 3153 4368 παρ’
3175 4290 3251 4351 ὧν
3278 4298 3386 4366 ἄρα
3417 4299 3510 4349 καὶ
3539 4299 4042 4369 ἐνέκυιιιιανημεγά⁹

762 4394 856 4448 τοῦ
932 4389 1447 4462 Ποντοηρακλείας,
1515 4385 1609 4439 τοῦ
1675 4386 1718 4437 Τ
1728 4382 2190 4452 ραῑανουπόλεως,
2255 4378 2350 4432 τοῦ
2447 4387 2561 4466 ἰλην
2604 4389 2850 4458 ταραχὴν
2891 4390 3260 4460 ἐπεγείραντα
3303 4392 3372 4460 τῇ
3420 4394 3768 4458 πνευματικῇ
3817 4391 4044 4460 ὁμονοίᾳ

768 4487 1048 4557 Βρύσεωςς
1092 4483 1186 4536 τἰὖ
1216 4480 1606 4550 ἈΨ-ἀστριδος,
1646 4475 1738 4529 τοῦ
1793 4473 2100 4544 Σηλυϐριας
2134 4472 2229 4526 καὶ
2259 4472 2352 4525 τδν
2460 4481 2556 4534 τοῦ
2592 4482 2797 4551 ταύτης
2837 4482 3124 4550 σώματος,
3158 4482 3234 4547 ὡς
3277 4483 3352 4554 μὴ
3393 4481 3602 4552 ὤφελεν
3628 4498 3643 4514 ο
3682 4483 3776 4536 τοῦ
3814 4481 3946 4546 γοῦν
3981 4483 4046 4533 ἐκ

763 4581 931 4633 τόπον
986 4577 1281 4646 ἐπέχοντος
1340 4572 1652 4636 Κοτολείουν
1712 4569 1807 4621 τοῦ
1869 4567 2192 4634 Σουγδαεας.
2252 4565 2350 4618 τοῦ
2386 4577 2430 4632 D
2457 4575 2597 4627 Θεοῦ
2631 4574 2925 4642 κρατίστου
2959 4575 3056 4628 καὶ
3089 4577 3246 4644 ἁγίου
3280 4576 3437 4645 ἡμῶν
3467 4575 3730 4628 αὑθέντου
3762 4575 3858 4627 καὶ
3890 4574 4047 4644 βασι-

761 4671 1310 4747 Χριστιανουπόλεως
1363 4667 1458 4719 καὶ
1542 4663 1637 4718 τοῦ
1694 4662 1945 4730 Ῥωσίου,
2006 4659 2211 4712 εἰδήσει
2257 4662 2353 4712 καὶ
2456 4669 2592 4730 λέως
2628 4668 2735 4721 ὑπὸ
2766 4668 2866 4738 τῆς
2899 4669 3130 4738 ἐνούσης
3163 4667 3311 4738 αὐτῷ
3349 4668 3728 4739 μεγαλοφυῖας
3763 4671 3856 4721 καὶ
3887 4669 4048 4736 ἀγχι..

2457 4759 2604 4821 νοίας
2640 4759 2735 4811 καὶ
2772 4762 2903 4830 περὶ
2934 4760 3004 4812 τὰ
3045 4761 3187 4814 καλὰ
3225 4761 3463 4830 σπουδῆς
3496 4777 3558 4813 τε
3599 4761 3696 4812 καὶ
3733 4760 4047 4830 συνδρομῆς

2459 4853 2523 4906 τά
2547 4852 2780 4907 τοιαῦτα
2805 4852 3080 4907 σκάνδαλα
3104 4853 3485 4914 διαλελυκότος
3513 4853 3605 4906 καὶ
3633 4851 3882 4904 ἐκποδὼν
3907 4853 4045 4905 ἁπε-

2459 4946 2758 5016 ληλακότος
2786 4947 2882 4999 καὶ
2907 4947 3007 5015 τὴν
3033 4948 3261 5018 είρήνην
3287 4947 3386 5017 τῆς
3413 4945 3509 5000 τοῦ
3538 4946 3676 5000 Θεοῦ
3711 4945 4047 5015 Ἐκκλησίας

2457 5041 2722 5110 φιλοθὲως
2762 5041 2897 5110 ἡμῖν
2932 5041 3346 5110 χορηγήσαντος
3381 5041 3475 5094 καὶ
3507 5042 3632 5101 τοὺς
3667 5038 4046 5108 διισταμένους

2455 5134 2566 5187 τῶν
2605 5134 2918 5205 ίερωτάτων
2951 5133 3258 5204 ἀρχιερέων
3295 5135 3632 5202 συνάψαντος
3665 5132 3744 5202 τῷ
3777 5149 3836 5185 τε
3875 5148 4049 5184 πανα-

2457 5228 2710 5295 γιωτάτῳ
2736 5227 2892 5296 ἡμῶν
2915 5226 3178 5298 δεσπότῃ,
3204 5226 3284 5296 τῷ
3306 5225 3674 5295 οίκουμενικῷ
3704 5225 4045 5295 πατριάρχη,

2460 5321 2554 5374 καὶ
2587 5321 2654 5390 τῇ
2706 5319 2838 5389 περὶ
2870 5319 3035 5372 αὑτὸν
3071 5320 3193 5388 θείᾳ
3227 5321 3322 5372 καὶ
3359 5319 3484 5389 ίερᾷ
3520 5319 3760 5387 συνόδῳ,
3795 5315 4045 5385 ἀπελύθη

2457 5411 2761 5480 τηνικαῦτα
2815 5413 2909 5463 καὶ
2963 5409 3108 5463 θεῖον
3160 5414 3253 5464 καὶ
3311 5410 3512 5464 σεπτὸν
3563 5409 3894 5481 πρόσταγμα
3943 5406 4048 5474 τῆς

2460 5508 2621 5574 ἁγίας
2675 5504 2957 5575 βασιλείας
3010 5503 3213 5568 αὐτοῦ,
3265 5504 3640 5573 διοριζόμενον
3689 5499 4048 5568 ἐξετασθῆναι

2461 5598 2764 5658 κανονικῶς
2797 5596 2867 5649 τὰ
2907 5595 3308 5666 προτεινόμενα
3352 5595 3486 5665 παρ’
3513 5595 3696 5649 αὐτῶν
3734 5594 4007 5664 κεφάλαια
4031 5633 4046 5657 ,

2460 5694 2622 5762 εἴπερ
2665 5692 2774 5760 ἀρα
2808 5689 2985 5743 ταῦτα
3032 5690 3347 5761 προέϐησαν
3387 5690 3638 5759 μηδόλως
3674 5690 3836 5742 τινῶν
3869 5688 4048 5742 καθα-

2459 5788 2684 5858 ψάμενα
2703 5822 2718 5847 ,
2744 5784 2880 5836 ἁλλὰ
2908 5783 3045 5852 μετὰ
3073 5785 3300 5852 εἰρήνης
3325 5784 3418 5836 καὶ
3447 5785 3765 5852 συμφωνίας
3796 5799 4047 5850 πνευμα-

2460 5878 2619 5950 τικῆς
2640 5918 2653 5945 ,
2685 5874 3037 5948 τηρουμένης
3069 5876 3166 5947 τῆς
3199 5877 3279 5940 είς
3313 5875 3405 5929 τὸν
3440 5874 3856 5944 παναγιώτατον
3887 5874 4046 5945 ἡμῶν

764 4771 985 4840 εὐδοκία
1011 4767 1107 4820 τοῦ
1135 4764 1436 4836 κρατίστου
1457 4761 1551 4812 καὶ
1584 4757 1747 4822 ἁγίου
1781 4771 1884 4824 μου
1912 4752 2348 4820 αὐτοκράτορος,

764 4866 858 4918 τοῦ
887 4860 1226 4932 κοσμοῦντος
1264 4858 1359 4911 καὶ
1390 4851 1712 4923 ἐδράζοντος
1763 4849 1824 4901 τὸ
1853 4849 1954 4916 τῆς
2023 4846 2354 4916 Ἐκκλησίας

767 4959 1064 5026 στερέωμα
1118 4952 1227 5007 ἀπὸ
1263 4950 1366 5020 τῆς
1404 4945 1790 5016 δεδωρημένης
1824 4943 1904 5012 τῷ
1948 4940 2118 5009 ἐνθέῳ
2155 4939 2350 5010 κράτει

765 5053 932 5106 αὑτοῦ
970 5047 1287 5118 ὑπερφυοῦς
1317 5041 1676 5113 μεγαλονοίας
1708 5039 1806 5092 καὶ
1844 5037 1944 5105 τῆς
1971 5034 2350 5105 πανταρίστης

765 5151 857 5201 καὶ
891 5139 1261 5212 κηδεμονικῆς
1301 5135 1467 5190 αὑτοῦ
1544 5131 1775 5203 γνώμης
1817 5133 1912 5184 καὶ
1936 5131 2155 5197 φύσεως
2189 5128 2351 5196 μετέ-

766 5244 899 5310 θηκε
947 5236 1139 5291 τοῦτον
1196 5235 1275 5297 εἰς
1339 5231 1440 5301 τὴν
1490 5229 1592 5299 τῆς
1643 5227 1979 5280 Ναυπάκτου
2031 5228 2353 5295 ἁγιωτάτην

765 5333 974 5401 ταύτην
1011 5325 1367 5401 μητρόπολιν,
1402 5323 1463 5386 ὃς
1494 5323 1558 5392 δὴ
1585 5320 1883 5390 ίερώτατος
1946 5319 2352 5389 μητροπολίτης

768 5426 1132 5487 Ναυπάκτου,
1161 5421 1465 5492 ὑπέρτιμος
1497 5418 1552 5468 ἐν
1583 5416 1726 5485 ἁγίῳ
1756 5413 2040 5482 Πνεύματι
2063 5412 2353 5481 ἀγαπητὸς

766 5519 999 5586 ἁδελφὸς
1035 5514 1194 5586 ἡμῶν
1223 5514 1316 5567 καὶ
1341 5507 1785 5579 συ).λειτουρ·,·ὺ;,
1850 5507 2041 5575 ὥσπερ
2069 5508 2167 5572 τῆς
2199 5506 2350 5558 ὲπω-

763 5617 966 5684 νυμίας
993 5612 1087 5667 τοῦ
1117 5611 1311 5680 θρόνου
1351 5605 1560 5673 ταύτης
1595 5605 1689 5656 καὶ
1715 5602 1811 5655 τοῦ
1841 5601 2132 5670 ὀνόματος,
2173 5599 2351 5664 οὕτως

764 5711 916 5763 ἔσται
944 5709 1047 5761 κάν
1075 5704 1154 5774 τῷ
1179 5703 1310 5772 ἑξῆς
1339 5700 1426 5755 ἀεὶ
1456 5698 1636 5768 χρόνῳ
1670 5696 1916 5766 μετέχων
1946 5697 2042 5750 καὶ
2062 5694 2354 5748 ἀπολαύων

765 5801 996 5869 καὶτῆς
1031 5797 1126 5852 τοῦ
1180 5797 1330 5865 ίεροῦ
1393 5792 1692 5861 συνθρόνου
1747 5786 2212 5858 ἐγκαθιδρύσεως,
2257 5787 2352 5841 ἁτε

762 5899 984 5969 γνήσιος
1022 5894 1123 5967 ῆδη
1167 5888 1462 5964 ἀρχιερεὺς
1514 5887 1604 5941 διὰ
1638 5885 1737 5955 τῆς
1788 5882 1883 5938 τοῦ
1936 5883 2073 5935 Θεοῦ
2112 5881 2351 5955 ’χάριτος
