4430 6454
403 391 539 455 1369

1449 402 1850 465 ΞΥΝΟΒῙΕΕ
1889 407 2571 474 CONSTITUTIONES.

3499 418 3658 482 1370

396 506 701 602 δεσπότην,
727 507 822 602 τὸν
855 508 1234 602 οἱκουμενικδν
1266 514 1644 584 πατριάρχην,
1680 518 1968 588 δφειλομέ-
2000 529 2045 582 Α
2074 525 2230 591 θῆναι
2258 525 2509 578 ἐντεῦθεν
2534 527 2628 578 καὶ
2650 526 2717 579 τά
2745 527 3087 596 ἐπιφυόμενα
3116 530 3412 595 σκάνδαλα,
3437 531 3659 602 ἀπῃτήσ

398 614 494 664 νης
523 598 824 666 ὑποταγῆς,
851 599 1326 671 ἐξετασθησόμενα
1355 607 1451 658 καὶ
1476 607 1760 676 ληψόμενα
1788 610 1970 664 ἐντεῦ-

2077 615 2250 684 θησαν
2277 617 2373 668 καὶ
2398 617 2613 686 γνῶμαι
2628 606 2839 680 ’κοινῶς
2867 621 2959 671 ἐπὶ
2986 624 3051 687 τῇ
3082 622 3308 690 τοιαύτῃ
3340 623 3653 674 συνελεύσει

401 686 492 782 θεν
519 687 800 782 ἀναλόγως
828 691 927 757 τὴν
956 690 1275 757 θεραπείαν.
1315 695 1467 748 Ἐπεὶ
1497 697 1629 762 γοῦν
1659 699 1763 767 πρὸ
1790 701 1975 767 ὀλίγου
2074 707 2185 758 τῶν
2217 708 2493 776 ῥηθέντων
2527 710 2838 776 ἱερωτάτων
2868 686 3174 780 ἀρχιερέων
3203 686 3418 782 διίτὴν
3451 714 3652 782 ἐφεξῆς

402 779 430 830 6
460 795 519 832 τε
555 778 847 848 ἱερώτατος
885 782 1288 852 μητροπολίτης
1323 785 1674 856 Χαλκηδόνος
1709 793 1804 842 καλ⁵
1836 793 1864 844 6
1897 809 1978 844 τι-

406 867 673 937 μιώτατος
701 870 1008 939 ύποψήφιος
1035 872 1454 945 Θεσσαλονίκης,
1484 880 1841 950 ἱερομόναχος
1868 882 1975 954 κῦρ

403 961 594 1024 Νεῖλος
635 963 663 1014 6
705 962 1054 1026 Καδάσιλας,
1091 965 1498 1034 ἐγχειρίσαντες
1539 970 1868 1041 κατάστιχον
1901 974 1980 1045 τῷ

405 1053 1002 1138 παναγιωτάτῳγήμῶν
1034 1056 1270 1128 δεσπότῃ
1294 1097 1310 1122 ,
1344 1059 1422 1128 τῷ
1461 1061 1830 1132 οἱκουμενικῴ
1874 1081 1980 1118 πα-

403 1143 665 1215 τριάρχῃ,
693 1145 1082 1213 κεφαλαιωδῶς
1113 1147 1526 1218 περιλαμϐάνον
1556 1154 1654 1212 τὰς
1683 1153 1978 1221 διαφόρως,

405 1234 499 1287 νῦν
527 1252 588 1287 τε
623 1237 715 1288 καὶ
750 1238 1017 1307 πρότερον
1049 1241 1345 1310 γενομένας
1380 1244 1529 1313 παρὰ
1561 1245 1743 1297 πᾶσαν
1777 1248 1982 1316 εἴδησιν

409 1327 502 1393 τῆς
538 1326 870 1396 Ἐκκλησίας
911 1328 1047 1381 Θεοῦ
1091 1333 1423 1400 τριγαμίας,
1468 1337 1846 1403 τετραγαμίας
1888 1337 1984 1393 καὶ

409 1413 876 1483 άθεμιτογαμίας,
908 1417 989 1471 ιτι
1019 1435 1079 1470 τε
1108 1423 1204 1471 καὶ
1235 1420 1371 1473 ἀλλα
1400 1421 1556 1486 τινὰ,
1587 1422 1662 1484 ὡς
1693 1423 1853 1490 δῆθεν
1883 1424 1981 1493 ζη-

407 1505 622 1573 τήματα
663 1511 924 1560 κανονικα
947 1549 962 1572 ,
997 1510 1094 1564 καὶ
1131 1511 1338 1564 ἐδέοντο
1380 1513 1478 1583 τῆς
1516 1514 1724 1568 τούτων
1762 1498 1985 1585 διορθω-

412 1609 567 1656 σεως.
612 1593 670 1647 '0
708 1592 802 1648 οὖν
844 1599 1264 1666 παναγιὼτατος
1305 1601 1462 1670 ήμῶν
1501 1603 1800 1672 δεσπότης,
1841 1605 1869 1656 6
1910 1605 1987 1656 οἰ-

414 1687 736 1754 κουμενικδς
780 1690 1162 1760 πατριάρχης,
1206 1692 1304 1744 καὶ
1348 1693 1517 1747 πάλαι
1560 1693 1848 1763 διόρθωσιν
1889 1696 1986 1765 τήν

412 1777 644 1847 δυνατὴν
671 1781 1038 1850 ποιησάμενος
1067 1783 1124 1834 ἐν
1151 1785 1262 1845 τοῖς
1290 1785 1552 1844 τοιούτοις
1582 1789 1675 1839 καὶ
1706 1787 1987 1856 ἐκδίκησιν

2077 797 2378 865 ἀσφάλειαν
2403 814 2416 827 ο
2450 799 2544 850 καὶ
2574 798 2637 866 δὴ
2676 799 2886 866 πρῶτος
2919 801 2947 852 6
2985 801 3315 868 Ἡρακλείας
3346 800 3501 855 εἶπεν
3523 843 3538 866 ,
3571 804 3654 856 ὅτι

2078 887 2152 937 Ού
2196 886 2276 939 δεῖ
2317 887 2444 954 περὶ
2485 887 2594 940 τῶν
2643 888 2951 956 τριγαμιῶν
2992 891 3087 941 καὶ
3129 892 3519 959 τετραγαμιῶν
3562 892 3657 942 καὶ

2079 974 2532 1044 ἀθεμιτογαμιῶν
2571 978 2840 1031 κινεῖσθαι
2882 980 3168 1049 παρρησίᾳ
3192 1021 3206 1044 ,
3243 983 3366 1033 ἐπεὶ
3406 982 3659 1049 οὐδαμῶς

2083 1065 2222 1132 μετά
2254 1066 2351 1133 τῆς
2383 1066 2654 1135 τυχούσης
2696 1068 2925 1138 γνώμης
2963 1069 3056 1121 καὶ
3095 1070 3354 1132 ἐνδόσεως
3387 1073 3485 1137 τῆς
3528 1072 3662 1122 Ἑκ-

2081 1153 2314 1223 κλησίας
2344 1157 2665 1223 γεγόνασιν,
2698 1158 2814 1211 ἀλλ’
2844 1159 2930 1211 ἵνα
2963 1161 3368 1214 ἐπεκδικῶνται
3401 1161 3662 1230 ἀλλαχόθι

2086 1245 2184 1313 μὲν
2231 1245 2382 1313 παρά
2422 1247 2519 1299 τοῦ
2564 1247 2707 1300 κατά
2755 1248 2940 1318 χώραν
2983 1250 3286 1302 ἐπισκόπου
3337 1251 3659 1311 κανονικῶς,

2081 1332 2316 1386 ἐνταῦθα
2353 1334 2409 1386 δέ
2451 1335 2556 1405 ἱδία
2601 1337 2750 1404 παρά
2785 1336 2878 1388 τοῦ
2922 1339 3342 1404 παναγιωτάτου
3382 1339 3541 1406 ἡμῶν
3577 1339 3662 1390 δε-

2086 1426 2307 1490 σπότου,
2327 1424 2424 1477 τοῦ
2445 1427 2826 1495 οἰκουμενικοῦ
2850 1430 3211 1500 πατριάρχου,
3237 1429 3366 1498 παρ’
3382 1421 3442 1481 οὗ
3463 1431 3556 1482 καὶ
3574 1431 3665 1482 ἐκ-

2083 1515 2325 1582 δικήσεις
2359 1516 2452 1568 ἐπὶ
2483 1517 2695 1580 τούτοις
2729 1521 3075 1586 ἐγεγόνεισαν
3107 1522 3379 1589 διαφόρως
3403 1538 3416 1552 ⁸
3451 1524 3664 1592 στέργω

2083 1603 2139 1656 δὲ
2183 1605 2279 1656 καὶ
2313 1603 2412 1674 τὴν
2449 1605 2733 1675 προδᾶσαν
2771 1608 3122 1677 συγχώρησιν
3163 1611 3299 1677 ὺπέρ
3334 1609 3428 1662 τοῦ
3472 1610 3664 1680 ἱερέως

2085 1690 2180 1744 τοῦ
2209 1695 2547 1762 Μαχητρίου.
2576 1696 2636 1749 Ὀ
2670 1697 2909 1761 Κυζίκου
2940 1695 3118 1759 εἶπεν,
3155 1699 3239 1751 ὅτι
3274 1701 3366 1751 Δεῖ
3395 1700 3562 1752 ταῦτα
3590 1701 3664 1764 ὡς

2086 1783 2263 1837 ἄτοπα
2317 1786 2637 1856 διαλυθῆναι
2696 1790 2825 1851 καὶ,
2876 1788 2950 1851 ὠς
3005 1789 3264 1853 δυνατὸν,
3318 1791 3659 1865 κωλύεσθαι,

410 1871 510 1942 τὴν
541 1874 960 1944 προσήκουσαν,
996 1876 1234 1944 Χριστοῦ
1267 1878 1486 1947 χάριτι,
1518 1879 1614 1931 καὶ
1645 1880 1984 1948 διατηρήσας
2018 1861 2058 1916 Β
2086 1872 2276 1942 ὥσπερ
2317 1875 2380 1947 δὴ
2423 1879 2514 1930 καὶ
2557 1878 2997 1947 ἀναχαιτίζονται
3041 1882 3132 1930 καὶ
3175 1882 3478 1932 κωλύονται
3521 1861 3665 1933 κατᾶ

412 1963 503 2016 τὸν
527 1964 727 2034 τρόπον
753 1968 852 2035 τῆς
903 1967 1107 2020 τούτων
1133 1970 1227 2022 καὶ
1261 1967 1338 2021 ἔτι
1371 1972 1810 2038 μετακινήσεως,
1838 1972 1987 2039 ὅμως

413 2057 500 2112 διά
530 2057 590 2109 τὸ
622 2057 722 2126 τῆς
752 2059 977 2129 εἱρήνης
999 2097 1014 2122 ,
1044 2059 1117 2128 ᾡς
1151 2060 1367 2130 είρηται
1388 2104 1404 2127 ,
1436 2063 1724 2115 κάλλιστον
1753 2064 1988 2133 πρᾶγμα

417 2151 510 2202 καὶ
546 2152 634 2204 διὰ
667 2153 766 2221 τὴν
801 2151 1079 2224 ἔγγραφον
1111 2154 1428 2224 προσταγήν
1463 2155 1555 2208 τοῦ
1593 2155 1856 2224 κραταιοῦ
1895 2156 1990 2208 καὶ

416 2244 570 2310 ἁγίου
612 2243 774 2313 ήμῶν
805 2245 1067 2298 αύθέντου
1109 2249 1203 2299 καὶ
1244 2246 1506 2316 βασιλέως
1545 2249 1992 2317 προσκαλεσάμε-

416 2354 502 2398 νος
535 2337 625 2390 τόν
657 2353 717 2391 τε
756 2338 1060 2404 ἁγιώτατον
1092 2339 1360 2409 δεσπότην
1393 2340 1485 2392 καὶ
1525 2341 1870 2412 πατριάρχην
1905 2339 1992 2394 Ἰε-

387 2429 737 2500 ροσολύμων
779 2433 874 2484 καὶ
901 2432 1128 2496 ,πάντας
1167 2433 1294 2496 τοὺς
1342 2433 1670 2502 ἱερωτάτους
1713 2435 1992 2505 ἀρχιερεῖς

415 2521 538 2584 τοὺς
578 2521 986 2593 ἐπιδημοῦντας
1022 2527 1080 2578 ἐν
1110 2527 1178 2596 τῇ
1219 2524 1582 2599 βασιλευούσῃ
1613 2525 1722 2578 τῶν
1756 2527 1991 2590 πόλεων,

419 2617 967 2685 παρεκελεύσατο,εἱς
997 2619 1236 2686 ἐπήκοον
1266 2618 1485 2672 πάντων
1516 2621 1722 2673 τούτων
1751 2619 1994 2686 ἀναγνω-

420 2708 617 2778 σθῆναι
651 2710 710 2762 τδ
746 2712 1037 2780 εἰρημένον
1075 2712 1436 2781 κατάστιχον,
1472 2713 1609 2782 ὅπερ
1644 2713 1739 2766 καὶ
1772 2712 1995 2782 διελάμ-

418 2801 580 2855 6ανεν
602 2843 618 2868 ,
649 2803 753 2855 ὅσα
783 2803 919 2871 δῆτα
951 2803 1046 2855 καὶ
1076 2802 1460 2872 διελάμσανεν.
1499 2804 1873 2873 Ἀναγνωσθέν
1902 2802 1996 2860 οὖν

422 2894 574 2960 παρὰ
597 2894 690 2947 τοῦ
714 2878 1047 2963 τιμιωτάτου
1079 2897 1316 2964 μεγάλου
1346 2896 1704 2966 σικελλαρίου
1735 2898 1827 2951 καὶ
1854 2897 1998 2951 διδα-

420 2987 619 3041 σκάλου
648 2987 755 3046 τῶν
781 2989 1116 3042 διδασκάλων
1143 2989 1202 3042 ού
1234 2990 1393 3059 μόνον
1422 2989 1591 3053 ἃπαξ,
1622 2989 1760 3043 ἀλλὰ
1790 2991 1885 3044 καὶ
1915 2989 1997 3052 δὶς

419 3081 514 3134 καὶ
557 3082 710 3152 τρὶς,
757 3081 1218 3152 συνεδριαζόντων
1261 3082 1340 3151 τῷ
1386 3085 1788 3153 παναγιωτάτῳ
1833 3085 1996 3153 ήμῶν

417 3172 684 3240 δεσπετῃ,
716 3170 792 3240 τῷ
827 3171 1196 3240 οἱκουμενικῷ
1226 3174 1576 3242 πατριάρχῃ,
1608 3174 1702 3226 τοῦ
1733 3191 1794 3227 τε
1826 3175 1998 3242 άγιω-
2025 3199 2067 3255 c

419 3262 580 3315 τάτου
626 3262 888 3316 δεσπότου
936 3264 1031 3316 καὶ
1075 3265 1418 3333 πατριάρχου
1463 3264 1859 3335 Ἱεροσολύμων
1905 3267 1999 3317 καὶ

419 3354 528 3407 τῶν
565 3356 873 3423 ἱερωτάτων
907 3356 1212 3426 ἀρχιερέων
1251 3355 1503 3418 πάντων,
1541 3356 1681 3425 πλὴν
1715 3357 1808 3409 τοῦ
1854 3359 1999 3410 Χαλ-

421 3447 676 3516 κηδόνος,
711 3447 902 3515 ἐκρίθη
941 3447 1203 3516 περισσὸν
1237 3448 1331 3500 καὶ
1369 3447 1634 3518 σύγχυσιν
1669 3450 1829 3517 μόνον
1864 3451 2001 3503 ἐπά-

420 3558 515 3607 γον
547 3541 611 3592 τὸ
646 3542 1015 3613 προκομισθὲν
1048 3539 1208 3593 τοῦτο
1248 3541 1600 3609 κατάστιχον,
1637 3542 1759 3593 ἐπεὶ
1793 3543 1862 3594 τὰ
1904 3542 2003 3612 μὲν

419 3637 525 3690 τῶν
560 3637 954 3707 ἐμφερομένων
988 3635 1139 3706 αὐτῷ
1175 3636 1492 3705 κεφαλαίων
1527 3636 1772 3705 ἔφθασαν
1807 3637 2004 3689 διεκδι-

422 3732 657 3801 κηθῆναι
704 3729 905 3792 ἱκανῶς
949 3731 1046 3783 καὶ¹
1091 3728 1230 3795 μετά
1271 3728 1364 3782 τδν
1407 3727 1760 3798 ἐγχωροῦντα
1804 3729 2005 3797 τρόπον

421 3828 489 3896 τῇ
529 3840 589 3877 τε
624 3823 918 3893 Ἐκκλησία
963 3822 1102 3876 Θεοῦ
1147 3823 1242 3877 καὶ
1283 3820 1361 3891 τῷ
1406 3821 1805 3889 παναγιωτάτῳ
1847 3821 2005 3889 ήμῶν

422 3916 678 3987 δεσπότῃ,
708 3914 786 3985 τῷ
813 3915 1184 3984 οἱκουμενικῷ
1216 3914 1550 3984 πατριάρχῃ,
1584 3912 1881 3982 ἐγγράφως
1913 3911 2006 3963 καὶ

422 4010 687 4081 ἀγράφως
720 4008 1235 4078 προμηθευσαμένῳ
1269 4007 1366 4060 καὶ
1399 4007 1768 4060 σπουδάσαντι
1800 4005 1880 4068 εἱς
1910 4007 2008 4074 τὴν

421 4102 633 4156 τούτων
667 4101 955 4171 διόρθωσιν
975 4144 990 4165 ,
1023 4101 1070 4152 εἱ
1107 4101 1200 4155 καί
1230 4117 1376 4161 τινες
1409 4101 1459 4152 οἱ
1489 4098 1861 4168 τολμήσαντες
1894 4098 2010 4150 δια-

425 4195 736 4266 πράξασθαι
770 4195 871 4258 τὰς
903 4194 1160 4257 τοιαύτας
1197 4193 1577 4264 παρανομίας,
1613 4191 2011 4263 ἀμεταμέλητα

424 4289 508 4341 ἐτι
540 4287 855 4353 νοσοῦντες,
885 4287 1164 4356 ἐξέχονται
1197 4285 1404 4339 τούτων
1437 4287 1533 4340 καὶ
1569 4288 1710 4356 μετά
1740 4287 1840 4357 τὴν
1872 4286 2011 4339 ἐνδι-

425 4399 521 4437 κον
552 4380 899 4450 ἐπιτίμησιν.
930 4379 1012 4433 Τά
1041 4379 1097 4432 δὲ
1131 4379 1291 4449 ἔσχον
1323 4379 1518 4449 ἑτέραν
1550 4379 1837 4450 συνοδικὴν
1868 4378 2014 4446 διόρ-

426 4477 592 4529 θωσιν
620 4477 715 4528 καὶ
744 4475 1201 4528 ἀποκατάστασιν
1222 4511 1237 4535 ,
1267 4471 1440 4542 ήγουν
1468 4472 1537 4525 τά
1570 4473 1700 4541 περὶ
1730 4471 1826 4525 τοῦ
1865 4471 2016 4524 Ἀλα-

2089 1968 2149 2021 16
2174 1969 2452 2039 ἐγχωροῦν
2476 1971 2552 2040 τῷ
2583 1973 2983 2043 παναγιιυτάτῳ
3009 1973 3166 2043 ἡμῶν
3193 1974 3428 2044 δεσπότῃ
3447 2017 3460 2034 ,
3487 1975 3563 2043 τῷ
3589 1978 3667 2026 οἱ-

2091 2061 2398 2128 κουμενικῷ
2427 2062 2765 2133 πατριάρχῃ.
2796 2064 2870 2132 μὴ
2902 2064 3087 2130 μέντοι
3117 2065 3469 2133 προστρίόειν
3496 2065 3668 2118 ταῦτα

2090 2153 2157 2220 τῇ
2193 2153 2511 2224 Ἐκκλησία,
2543 2153 2656 2206 ἀλλ’
2679 2155 2993 2209 ἀνατιθέναι
3024 2157 3121 2226 τὴν
3152 2159 3356 2210 τούτων
3387 2159 3668 2227 ἐκδίκησιν

2091 2242 2171 2312 τῷ
2199 2247 2478 2317 προστάτῃ
2509 2247 2607 2314 τῆς
2643 2246 2996 2316 Ἐκκλησίας,
3029 2250 3171 2318 πλὴν
3207 2250 3344 2318 μετά
3377 2249 3666 2318 βασιλικῆς

2096 2335 2280 2406 ἱσχύος
2304 2353 2318 2368 ο
2367 2338 2578 2409 στέργω
2617 2339 2672 2391 δὲ
2716 2340 2812 2393 καὶ
2852 2340 2952 2411 τὴν
2997 2342 3281 2410 προὸἄσαν
3321 2343 3670 2410 συγχώρησιν

2095 2427 2381 2497 συνοδικὴν
2411 2429 2551 2498 ύπέρ
2580 2430 2672 2483 τοῦ
2709 2432 2900 2502 ἱερέως
2933 2432 3025 2485 τοῦ
3059 2433 3403 2503 Μαχητρίου.
3446 2433 3504 2487 Ὀ
3539 2437 3670 2487 Πον-

2092 2522 2452 2589 τοηρακλεὶας
2482 2518 2662 2588 εἶπεν,
2692 2525 2772 2576 ὅτι
2797 2509 3008 2594 ’Στοιχῶ
3037 2526 3178 2578 κατὰ
3211 2529 3386 2580 πάντα
3415 2527 3508 2578 ἐπὶ
3538 2527 3672 2582 πᾶσι

2095 2613 2304 2674 τούτοις
2332 2615 2398 2682 τῇ
2432 2614 2629 2685 γνώμῃ
2659 2613 2753 2666 τοῦ
2783 2615 3047 2668 δεσπότου
3080 2615 3174 2668 τοῦ
3214 2616 3559 2687 Ἡρακλείας.
3592 2618 3674 2668 ὅτι

2095 2709 2155 2761 οὐ
2189 2709 2271 2761 δεῖ
2304 2708 2476 2762 ταῦτα
2509 2711 2988 2781 παρρησιάζεσθαι
3025 2712 3057 2781 ἦ
3093 2713 3524 2780 προστρίϐεσθαι
3563 2713 3678 2779 μῶ-

2100 2817 2201 2868 μον
2227 2802 2294 2870 τῇ
2329 2801 2535 2871 συνόδῳ
2562 2802 2650 2855 διὰ
2678 2801 2852 2855 ταῦτα
2876 2819 2890 2833 ο
2921 2803 3137 2874 στέργω
3164 2806 3258 2858 καὶ
3285 2805 3386 2872 τὴν
3413 2805 3554 2873 ὑπὲρ
3580 2804 3672 2856 τοῦ

2100 2895 2291 2963 ἱερέως
2324 2894 2420 2947 τοῦ
2455 2896 2780 2964 Μαχητρίου
2818 2896 3104 2962 συνοδικὴν
3140 2895 3454 2962 διάγνωσιν.
3495 2896 3552 2948 Ὀ
3590 2897 3682 2946 Βι-

2099 2987 2232 3056 ζύης
2269 2980 2460 3050 εἶπεν,
2492 2987 2575 3039 ὅτι
2602 2987 2746 3039 Ὅσα
2783 2987 3024 3053 γίνονται
3067 2989 3218 3056 παρὰ
3249 2987 3341 3038 τὸν
3375 2986 3538 3054 τόμον
3574 2985 3675 3050 τῆς

2099 3078 2345 3142 ἐνώσεως
2381 3078 2470 3131 ἐπὶ
2502 3080 2614 3140 τοῖς
2646 3077 2911 3140 τοιούτοις
2947 3077 3226 3146 ἀθεμίτοις
3263 3078 3463 3144 γάμοις
3485 3115 3499 3139 ,
3534 3076 3683 3142 ὀφεί-

2099 3174 2209 3238 λει,
2238 3173 2324 3225 ίνα
2352 3172 2749 3225 ἐπεκδικῶνται
2778 3170 2927 3240 παρά
2953 3171 3046 3222 τοῦ
3078 3168 3494 3233 παναγιωτάτου
3524 3167 3680 3237 ήμῶν

2101 3266 2385 3330 δεσπότου,
2432 3266 2524 3318 τοῦ
2574 3263 2955 3333 οἱκουμενικοῦ
3011 3265 3378 3334 πατριάρχου,
3429 3262 3566 3314 κατὰ
3616 3262 3678 3312 τ’)

2101 3358 2324 3412 δυνατὸν
2355 3358 2501 3428 αὐτῷ
2522 3397 2537 3421 ,
2568 3356 2758 3426 ὥσπερ
2787 3356 2924 3425 δῆτα
2954 3357 3050 3408 καὶ
3082 3355 3294 3423 γίνεται
3324 3354 3456 3424 παρ’
3483 3351 3646 3405 αὐτοῦ
3671 3393 3686 3418 ,

2103 3454 2197 3504 καὶ
2229 3453 2290 3504 οὐ
2324 3452 2430 3521 χρὴ
2466 3448 2942 3520 παρρησιάζεσθαι
2974 3447 3148 3500 ταῦτα
3179 3448 3275 3500 καὶ
3309 3446 3582 3498 κινεῖσθαι
3619 3445 3688 3497 δι’

2103 3543 2225 3594 ὅλου
2258 3544 2314 3595 ἐν
2340 3545 2404 3611 τῇ
2437 3541 2557 3611 θείᾳ
2584 3543 2678 3594 καὶ
2709 3541 2830 3608 ἱερᾷ
2862 3540 3064 3609 συνόδῳ
3089 3556 3103 3570 ο
3139 3539 3188 3590 εἱ
3219 3538 3264 3590 δ’
3290 3538 3420 3599 ἴσως
3452 3536 3581 3607 ἔλθῃ
3611 3538 3692 3597 είς

2104 3632 2410 3701 ἀδυναμίαν
2449 3632 2544 3684 τοῦ
2589 3630 2764 3684 ταῦτα
2811 3629 3072 3683 δύνασθαι
3116 3628 3349 3682 κωλύειν
3391 3631 3470 3691 εἰς
3513 3629 3689 3692 τέλος,

2110 3728 2198 3780 ἵνα
2239 3725 2468 3795 γένηται
2502 3726 2562 3778 τὸ
2603 3725 2850 3777 ἐλλεῖπον
2887 3723 2986 3791 τῆς
3028 3723 3365 3789 ἐκδικήσεως
3411 3721 3561 3787 παρα
3597 3719 3696 3788 τῆς

2111 3818 2398 3889 βασιλικῆς
2430 3818 2718 3884 δυνάμεως
2743 3831 2756 3845 ·
2792 3814 3010 3883 στέργω
3040 3815 3095 3867 δὲ
3128 3818 3224 3866 καὶ
3252 3813 3352 3879 τὴν
3387 3811 3574 3874 ἀπλῶς
3605 3827 3700 3877 γε·

2112 3911 2345 3980 νομένην
2381 3909 2668 3976 συνοδικὴν
2701 3907 3051 3978 συγχώρησιν
3083 3905 3224 3974 ὑπὲρ
3255 3905 3348 3958 τοῦ
3381 3904 3570 3975 ἱερέως
3604 3902 3700 3955 τοῦ

2112 4001 2459 4070 Μαχητρίου.
2497 3999 2558 4052 '0
2589 3997 2844 4068 Βρύσεως
2874 3994 3050 4061 εἶπεν,
3082 3996 3166 4049 ὅτι
3197 3995 3356 4049 Κατά
3385 3994 3495 4047 τῶν
3524 3992 3704 4046 τοιού-

2111 4108 2220 4145 των
2247 4089 2693 4158 ἀθεμιτογαμιῶν
2725 4088 2819 4141 καὶ
2847 4086 3201 4154 πολυγαμιῶν
3219 4085 3476 4155 ἐποίησεν
3503 4087 3532 4138 6
3563 4099 3706 4138 παν·

2114 4181 2418 4251 αγιὼτατος
2467 4180 2625 4249 ἡμῶν
2673 4178 2964 4247 δεσπότης,
2986 4179 3014 4230 6
3036 4178 3415 4247 οἱκουμενικδς
3437 4175 3708 4245 πατριάρ-

2116 4291 2218 4345 χης
2240 4315 2254 4335 ,
2289 4275 2414 4327 ὅσον
2450 4272 2558 4325 ἔδει
2592 4271 2896 4334 κανονικῶς
2921 4309 2935 4332 ,
2978 4270 3116 4340 μετὰ
3153 4269 3246 4322 καὶ
3279 4267 3380 4336 τῆς
3417 4266 3568 4329 θείας
3611 4267 3708 4316 καὶ

2119 4368 2269 4438 ἱερᾶς
2313 4365 2537 4419 συνόδου
2561 4406 2576 4430 ,
2613 4363 2708 4418 καὶ
2747 4362 3016 4430 ἐπεξῆλθε
3053 4359 3226 4414 ταῦτα
3270 4359 3567 4427 ἐγγράφως
3613 4356 3710 4408 καὶ

2119 4460 2386 4527 ἀγράφως
2412 4473 2426 4488 ο
2462 4448 2728 4526 περισσὸν
2760 4451 2852 4509 οὖν
2887 4455 3035 4507 δοκεί
3068 4454 3163 4506 καὶ
3196 4452 3296 4504 οὐκ
3329 4451 3549 4514 εῦλογολ
3571 4489 3586 4512 ,
3623 4450 3711 4501 ἵνα

425 4572 564 4637 νίας,
594 4570 688 4622 τοῦ
720 4570 1091 4639 Περιθεωρίου
1121 4570 1215 4621 καὶ
1240 4567 1409 4637 ἐτερά
1435 4583 1557 4618 τινα
1582 4566 1978 4636 τοιουτότροπα
2001 4582 2016 4597 ο
2057 4573 2094 4626 D
2123 4551 2382 4605 κινῶνται
2415 4549 2588 4601 ταῦτα
2622 4550 2704 4607 εις
2740 4547 2838 4617 τὴν
2875 4545 3125 4606 σύνοδονο
3167 4545 3242 4605 ὡς
3281 4541 3710 4612 προστρίδεδθίι

425 4664 594 4732 ἐτερα
634 4663 690 4716 δὲ
727 4663 837 4716 τῶν
872 4663 1133 4716 τοιούτων
1167 4663 1451 4731 ἀθεμίτων
1487 4660 2019 4729 γάμων,ογεγονότα

427 4758 580 4827 παρά
624 4757 805 4809 πᾶσαν
848 4755 1074 4826 γνώμην
1113 4756 1210 4808 καὶ
1251 4754 1511 4824 βούλησιν
1548 4753 1649 4822 τῆς
1689 4750 2020 4822 Ἐκκλησίας

426 4850 589 4913 Θεοῦ,
629 4850 1044 4920 ἐπετιμήθησαν
1091 4849 1190 4919 μὲν
1229 4848 1305 4911 ὡς
1348 4847 1664 4916 παράνομα,
1707 4847 1919 4900 δέονται
1964 4844 2021 4898 δὲ

428 4948 508 5009 εἱς
535 4945 594 4997 τὸ
622 4944 1030 5012 διασπασθῆναι
1062 4942 1157 4996 καὶ
1185 4942 1282 5012 τῆς
1314 4941 1464 5009 παρά
1491 4938 1588 4991 τοῦ
1621 4936 1891 5009 κραταιοῦ
1928 4937 2022 4990 καὶ

427 5038 588 5103 ἁγίου
634 5035 792 5106 ήμῶν
843 5035 1106 5087 αὐθέντου
1151 5035 1248 5086 καὶ
1293 5032 1561 5102 βασιλέως
1603 5031 2018 5099 διεκδικήσεως.

431 5131 552 5183 Τῶν
589 5129 776 5198 μέντοι
819 5129 914 5180 δύο
944 5127 1153 5180 τούτων
1191 5126 1504 5194 ἱερωτάτων
1539 5122 1848 5192 ἀρχιερέων
1872 5165 1885 5186 ,
1926 5121 2022 5173 τοῦ

428 5244 488 5278 τε
519 5225 870 5294 Χαλκηδόνος
899 5228 992 5275 καί
1018 5222 1115 5274 τοῦ
1150 5219 1474 5286 Σουγδαίας,
1503 5217 1584 5270 ἐτι
1614 5218 1671 5270 δὲ
1702 5219 1796 5268 καὶ
1823 5214 1917 5267 τοῦ
1945 5231 2025 5266 τι-

436 5321 713 5390 μιωτάτου
758 5311 1530 5387 ύποψηφὶου,ζὰπαιτούντων
1574 5313 1667 5362 καὶ
1712 5308 2023 5377 ζητούντων

433 5389 656 5468 πλείονα
685 5413 784 5484 τὴν
811 5410 1103 5481 διόρθωσιν
1130 5409 1224 5462 καὶ
1255 5389 1696 5479 βαρυτέραντὴν
1727 5401 2023 5466 ἐπεξέλευ-

435 5525 519 5560 σιν
552 5508 646 5562 καὶ
681 5507 755 5576 μὴ
789 5506 1153 5576 στοιχούντων
1183 5502 1439 5555 ἐντεῦθεν
1469 5502 1534 5570 τῇ
1570 5497 1841 5568 εἱρημένῃ
1874 5511 2026 5546 συνο-

433 5606 558 5674 δικῇ
602 5599 895 5671 διαγνώσει
940 5599 1034 5652 καὶ
1078 5597 1233 5667 κοινῇ
1279 5596 1447 5664 ψήφῳ
1489 5587 1586 5646 καὶ
1627 5590 1882 5660 ὁμονοία,
1930 5587 2024 5641 καὶ

436 5695 718 5765 ζητήσεως
773 5689 1063 5756 συνοδικῆς
1105 5686 1408 5754 γενομένης
1453 5684 1583 5752 περὶ
1627 5681 1741 5747 τοῦ,
1786 5680 1900 5743 πῶς
1945 5679 2028 5731 δεῖ

436 5785 884 5854 ἀποκαταστῆναι
934 5784 1003 5834 τά
1052 5779 1408 5850 ἐμφερόμενα
1454 5777 1530 5846 τῷ
1577 5775 1804 5842 τοιούτῳ
1853 5791 2024 5824 κατα-

438 5884 606 5955 στίχῳ
637 5882 732 5937 καὶ
762 5878 948 5933 λαθεῖν
976 5875 1190 5932 τελείαν
1215 5875 1314 5946 τὴν
1339 5871 1687 5930 διευλύτωσιν
1719 5873 1809 5924 καὶ
1839 5869 2023 5922 διαλυ-

2125 4641 2371 4696 ἐντεῦθεν
2406 4641 2564 4710 ῦόριν
2596 4640 2691 4694 καὶ
2724 4638 3062 4708 κατηγορίαν
3096 4639 3162 4707 τῇ
3200 4635 3501 4704 Ἐκκλησία
3537 4631 3672 4684 Θεοῦ
3696 4673 3710 4696 ,

2123 4737 2262 4804 ὅπερ
2293 4734 2410 4786 ἐστὶ
2441 4714 2812 4794 ἀτοπώτατον.
2843 4731 2993 4798 Ἐχω
3023 4728 3080 4781 δὲ
3114 4729 3182 4780 τά
3213 4726 3443 4778 τοιαῦτα
3476 4723 3713 4790 ἀθέμιτα

2125 4826 2442 4881 συνοικέσια
2481 4825 2579 4878 καὶ
2612 4822 2746 4892 ἐγὼ,
2782 4821 2963 4884 καθὼς
3001 4819 3125 4872 κατ’
3149 4817 3331 4872 αὐτῶν
3363 4817 3413 4869 οἱ
3449 4816 3582 4868 θεῖοι
3617 4816 3714 4865 καὶ

2128 4921 2265 4991 ἱεροὶ
2291 4919 2523 4980 κανόνες
2545 4917 2926 4986 διαγορευουσι
2955 4914 3048 4965 καὶ
3075 4917 3103 4966 6
3124 4912 3222 4980 τῆς
3250 4911 3500 4971 ἐνώσεως
3527 4909 3716 4976 τόμος,

2125 5013 2221 5067 καὶ
2249 5013 2350 5064 οὐκ
2373 5010 2550 5068 άλλως
2572 5025 2585 5038 ·
2617 5007 2832 5077 στέργω
2857 5005 2913 5058 δὲ
2941 5005 3034 5058 καὶ
3058 5004 3118 5056 τὸ
3145 5002 3355 5073 προὸαν
3380 5001 3478 5070 τῆς
3506 5015 3719 5067 συγχωο

2128 5105 2341 5173 ρήσεως
2386 5102 2624 5171 γράμμα
2672 5096 3126 5160 συνοδικῶςάπὺ
3175 5093 3526 5164 συμπαθείας
3574 5091 3717 5158 ὑπὲρ

2124 5201 2218 5252 τοῦ
2252 5199 2443 5268 ἱερέως
2473 5197 2568 5250 τοῦ
2600 5195 2946 5266 Μαχητρίου,
2978 5192 3120 5260 πλὴν
3152 5191 3238 5243 ἴνα
3266 5189 3417 5240 οὐδὲν
3453 5187 3715 5255 ἱερουργῇ

2126 5296 2158 5365 ἢ
2194 5293 2493 5364 ἐργάζηται
2518 5309 2570 5344 τι.
2600 5289 2876 5360 ἱερατικὸν
2901 5287 3039 5348 ὅλως
3069 5287 3126 5335 ἐν
3150 5282 3227 5351 τῷ
3259 5279 3578 5350 περιονύμῳ
3605 5277 3717 5344 ναῷ

2126 5390 2221 5458 τῆς
2250 5387 2345 5440 τοῦ
2375 5385 2510 5438 Θεοῦ
2541 5384 2717 5451 Λόγου
2749 5381 2972 5449 Σοφίας,
3002 5378 3030 5429 ὂ
3058 5378 3123 5447 δὴ
3152 5377 3357 5436 πάντες
3385 5374 3434 5424 οἱ
3461 5370 3720 5458 ἀνωτέρω

2129 5453 2420 5551 γνωματεύ
2435 5494 2619 5539 σαντες
2645 5475 2923 5544 ἀρχιερεῖς
2952 5467 3235 5538 ἔστερξαν.
3273 5468 3334 5519 '0
3359 5453 3720 5534 Χριστιανου-

2129 5577 2338 5638 πόλεως
2380 5568 2574 5625 εἶπεν·
2619 5570 2700 5620 Τὰ
2743 5566 2875 5637 περὶ
2919 5565 3047 5618 τῶν.
3071 5562 3330 5615 τοιούτων
3378 5558 3719 5627 ἀθεμιτογα-

2133 5673 2292 5741 μιῶν,
2322 5668 2430 5737 έχω
2456 5663 2631 5718 ταῦτα
2662 5665 2754 5716 καὶ
2782 5659 2944 5722 αὐτος
2972 5657 3178 5728 αἱσχρὰ
3203 5657 3296 5707 καὶ
3327 5652 3495 5718 κακά,
3525 5649 3716 5718 ὥσπερ

2133 5768 2222 5820 καὶ
2263 5768 2312 5818 οἱ
2350 5764 2484 5816 θεῖοι
2523 5762 2614 5815 καὶ
2653 5761 2788 5828 ἱεροὶ
2829 5758 3052 5814 κανόνες
3086 5751 3185 5820 τὴν
3216 5749 3401 5818 ψῆφον
3435 5748 3566 5816 περὶ
3601 5747 3724 5797 τού-

2135 5881 2240 5916 των
2269 5858 2668 5930 προφέρουσιν,
2698 5853 2831 5906 ἀλλὰ
2857 5851 2921 5920 δη
2948 5850 3037 5902 κα“.
3063 5850 3093 5900 6
3118 5850 3212 5920 τῆς
3241 5843 3484 5904 ἐνιῦσεως
3511 5843 3675 5912 τόμος
3701 5858 3710 5867 ·
