4430 6454
826 427 844 486 1
859 429 954 488 371

1611 443 1953 504 CALLISTI
1994 448 2090 506 ET
2136 449 2569 512 PHILOTHEI
2611 455 2720 515 ΟΡ.
2758 455 3217 522 PATRIARCH.

3938 418 4081 523 ποτε

815 542 896 592 ὅτι
931 541 986 592 δέ
1020 541 1213 595 ἔλαϐον
1243 545 1344 614 τὴν
1375 545 1607 620 δυνατὴν
1627 553 1914 624 διόρθωσιν
1955 561 2102 630 παρὰ
2137 561 2230 614 τοῦ
2261 580 2401 616 πανο
2428 574 2474 627 Α
2506 567 2694 621 τοῦτον
2731 570 2916 638 βαλεῖν
2949 573 3044 626 καὶ
3087 573 3314 642 ποιῆσαι
3356 574 3648 641 μετάνοιαν
3681 576 3763 638 εἱς
3795 575 3894 645 τὴν
3926 575 4080 630 θείαν

815 633 1121 694 αγιωτάτου
1201 635 1359 701 ἡμῶν
1402 638 1684 707 δεσπότου,
1727 647 1821 699 τοῦ
1868 649 2247 718 οἱκουμενικοῦ
2295 669 2398 705 πα-

813 718 1109 788 τριάρχου,
1146 723 1241 774 καὶ
1277 724 1374 792 τῆς
1418 726 1569 791 θείας
1615 732 1710 784 καὶ
1754 736 1903 803 ἱερᾶς
1950 739 2208 803 συνόδου,
2245 740 2396 792 οὐδέν

755 861 758 864 ,
815 823 905 870 μοι
932 808 1080 861 δοκεῖ
1106 815 1585 882 παρρησιάζεσθαι
1615 821 1812 886 ταῦτα,
1841 827 1935 877 καὶ
1965 828 2395 896 προστρίϐεσθαι

811 895 1060 951 ἐντεῦθεν
1093 901 1304 972 μέμψιν
1333 909 1394 974 τῇ
1430 908 1655 980 συνόδῳ,
1691 914 1766 975 ώς
1796 915 1857 967 οὐ
1891 918 2111 981 τελείως
2142 921 2394 991 διελύθη-

811 1005 936 1055 σαν,
965 991 1101 1046 ἀλλὰ
1131 996 1442 1062 φροντίζειν
1472 999 1633 1068 μόνον
1663 1003 1755 1057 τὸν
1784 1009 2207 1074 παναγιώτατον
2237 1012 2395 1081 ἡμῶν

809 1078 1109 1150 δεσπότην,
1141 1084 1234 1136 τὸν
1264 1088 1651 1158 οἱκουμενικὸν
1679 1098 2064 1168 πατριάρχην,
2095 1100 2198 1169 τῆς
2226 1078 2397 1170 προσ-

811 1171 1058 1241 ηκούσης
1092 1175 1465 1245 διορθώσεως,
1503 1181 1694 1255 ῶσπερ
1729 1187 1871 1253 δῆτα
1905 1191 1997 1242 καὶ
2033 1194 2259 1261 ἐποίησε
2300 1193 2397 1245 καὶ

805 1264 978 1327 ποιεῖ,
1008 1265 1243 1334 Χριστοῦ
1277 1273 1461 1338 χάριτι
1487 1290 1499 1302 ·
1538 1277 1754 1345 στέργω
1785 1278 1841 1331 δέ
1874 1281 1967 1332 καὶ
1996 1282 2094 1350 τὴν
2128 1284 2269 1352 ὑπὲρ
2297 1285 2393 1336 τοῦ

815 1351 1001 1420 ἱερέως
1037 1355 1131 1408 τοῦ
1167 1359 1489 1430 Μαχητρίου
1525 1369 1825 1438 γενομένην
1863 1373 2150 1441 συνοδικὴν
2186 1351 2399 1442 συγχώ-

814 1459 1003 1509 ρησιν,
1042 1446 1182 1516 πλὴν
1219 1451 1401 1513 καθὼς
1435 1453 1462 1503 ὁ
1497 1453 1763 1525 δεσπότης
1799 1460 1826 1510 ό
1861 1460 2115 1529 Βρύσεως
2151 1464 2400 1533 ἐγνωμά-

809 1548 1028 1589 τευσεν.
1073 1538 1130 1590 Ὀ
1181 1539 1497 1611 Κελτζηνῆς
1549 1540 1738 1609 εἶπεν,
1790 1549 1873 1600 ὅτι
1923 1552 2206 1619 Συμφωνῶ
2255 1556 2400 1608 κατὰ

811 1624 992 1678 πάντα
1020 1627 1098 1696 τῷ
1126 1629 1364 1703 δεσπότῃ
1397 1635 1468 1703 τῷ
1504 1635 1793 1704 Βρύσεως,
1825 1644 1919 1692 καὶ
1950 1643 2162 1712 στέργω
2191 1647 2259 1698 τὰ
2290 1647 2395 1698 ῦπδ

808 1713 1002 1767 τούτου
1055 1721 1510 1788 γνωματευθέντα
1562 1729 1703 1781 κατὰ
1755 1731 1864 1781 τῶν
1914 1733 2392 1802 ἀθεμιτογαμιῶν,

810 1807 947 1862 ἀλλὰ
968 1810 1038 1895 δὴ,
1055 1815 1150 1864 καὶ
1173 1814 1314 1885 ὑπὲρ
1334 1816 1427 1869 τοῦ
1456 1819 1647 1886 ἱερέως
1667 1821 2126 1894 τοῦΜαχητρίου.
2147 1826 2206 1880 Ὀ
2229 1829 2398 1895 Σουγ-

809 1899 965 1963 δαίας
998 1894 1189 1970 εἶπεν,
1220 1906 1302 1959 ὅτι
1335 1909 1559 1978 Στέργω
1589 1911 1717 1975 τοὺς
1749 1914 1930 1978 θείους
1960 1917 2056 1969 καὶ
2089 1920 2270 1991 ἱεροὺς
2304 1894 2402 1974 κα·
2432 1915 2474 1968 Β

810 1991 989 2056 νόνας,
1009 1992 1267 2062 λέγοντας
1289 2001 1428 2053 κατὰ
1448 2003 1672 2068 τούτων,
1695 2007 1790 2057 καὶ
1814 2008 1979 2060 πλέον
1998 2010 2170 2067 οὐδέν.
2193 2013 2251 2066 ’0
2267 2013 2400 2067 Ῥω·

811 2083 926 2134 σίου
955 2077 1077 2137 εἶπε
1095 2101 1108 2115 °
1138 2083 1363 2157 Στέργω
1387 2094 1528 2144 κατὰ
1551 2095 1726 2147 πάντα
1754 2099 1833 2159 εἱς
1854 2099 1953 2151 ὃσα
1977 2101 2401 2168 ἐγνωμάτευσαν

808 2174 1069 2244 ἀνωτέρω
1093 2179 1141 2230 οἱ
1170 2179 1390 2249 ἀδελφοί
1419 2200 1547 2252 μου,
1571 2187 1619 2237 οἱ
1644 2190 1946 2258 ἀρχιερεῖς,
1977 2193 2120 2246 κατὰ
2143 2195 2252 2247 τῶν
2276 2198 2402 2250 ἀθε-

811 2269 1177 2337 μιτογαμιῶν,
1206 2273 1342 2327 ἀλλὰ
1367 2275 1429 2344 δὴ
1459 2278 1552 2330 καὶ
1579 2280 1717 2351 ὑπὲρ
1742 2282 1838 2335 τοῦ
1870 2285 2062 2354 ἱερέως
2086 2288 2180 2342 τοῦ
2208 2291 2402 2362 Μαχη-

809 2357 980 2428 τρίου.
1005 2356 1073 2414 '0
1097 2363 1343 2432 Μηδείας
1369 2361 1524 2421 εἶπεν
1541 2411 1554 2435 ,
1584 2372 1666 2425 ὅτι
1691 2373 1878 2430 Ταῦτα
1901 2377 1968 2431 τά
1995 2379 2233 2450 ἀθέμιτα

809 2452 1082 2520 ἐγένοντο,
1116 2461 1250 2530 παρ’
1273 2455 1348 2513 ὦν
1377 2463 1485 2529 ἀρα
1516 2467 1613 2518 καὶ
1643 2468 1914 2537 ἐγένοντο,
1952 2477 2104 2543 παρὰ
2135 2476 2195 2528 τὸ
2226 2452 2424 2542 είκὸς,.

809 2543 1004 2598 ἐλαδον
1037 2545 1093 2600 δὲ
1126 2549 1226 2619 τὴν
1262 2551 1500 2624 δυνατὴν
1542 2560 1638 2611 καὶ
1685 2564 2077 2632 προσήκουσαν
2112 2557 2401 2639 διόρθωσιν

810 2637 962 2705 παρὰ
994 2639 1090 2693 τοῦ
1124 2650 1550 2713 παναγιωτάτου
1581 2653 1740 2721 ήμῶν
1769 2656 2059 2723 δεσπότου,
2090 2663 2186 2715 τοῦ
2217 2665 2400 2718 οἱκου-

814 2729 1041 2796 μενικοῦ
1072 2737 1443 2806 πατριάρχου,
1473 2743 1569 2794 καὶ
1593 2743 1823 2812 ὀφείλει,
1854 2748 1938 2800 ῖνα
1961 2751 2400 2808 ἀναστέλλωνται

807 2820 985 2875 ταῦτα
1018 2825 1111 2876 καὶ
1142 2827 1223 2890 εἱς
1252 2829 1312 2881 τὸ
1342 2830 1488 2899 έξῆς,
1520 2833 1594 2896 ώς
1626 2837 1942 2908 παράνομα,
1974 2843 2116 2897 κατά
2161 2845 2254 2899 τὸν
2310 2847 2402 2899 δυ-

809 2914 969 2965 νατὸν
998 2917 1199 2986 τρόπον
1225 2923 1290 2991 τῇ
1323 2922 1419 2974 τοῦ
1451 2923 1585 2978 Θεοῦ
1620 2928 1919 3002 Ἐκκλησία
1941 2950 1956 2966 ο
1979 2936 2193 3005 στέργω
2220 2939 2275 2992 δὲ
2306 2942 2400 2993 καὶ

809 3005 912 3101 την
941 3007 1085 3079 ὑπὲρ
1116 3009 1212 3101 τοῦ
1242 3012 1432 3084 ἱερέως
1461 3018 1558 3071 τοῦ
1587 3019 1916 3093 Μαχητρίου
1956 3029 2242 3101 συνοδικὴν
2273 3049 2401 3100 συγ-

808 3094 1076 3168 χώρησιν,
1107 3100 1293 3167 καθὼς
1321 3106 1414 3159 καὶ
1443 3107 1494 3158 οἱ
1523 3108 1701 3180 ἕτεροι
1734 3114 2033 3186 ἀρχιερεῖς.
2073 3118 2134 3172 '0
2167 3094 2398 3191 Ἐξαμὶ-

808 3187 918 3240 λων
964 3192 1314 3300 συνεφώνησε
1358 3200 1473 3261 τοῖς
1514 3200 1774 3274 ἀνωτέρω
1819 3208 1956 3259 πᾶσι
2001 3211 2146 3264 κατά
2192 3187 2394 3269 πάντα.
2427 3244 2468 3300 C

819 3274 880 3300 οη
914 3277 1030 3300 Α---
1065 3280 1184 3300 ΔΑΗ
1210 3295 1225 3300 Α
1254 3283 1294 3300 n
1439 3287 1454 3300 ι
1537 3289 1549 3300 ι
1716 3287 1740 3300 ι
1911 3297 1931 3300 _,
2046 3299 2060 3300 γ

819 3274 880 3327 Ὀ
914 3277 1225 3350 ύποψήφιος
1252 3283 1656 3358 Θεσσαλονίκης
1685 3287 1872 3361 εἶπεν,
1906 3297 1989 3349 ὅτι
2019 3299 2099 3351 Τά
2130 3302 2259 3368 περὶ
2291 3304 2398 3357 τῶν

808 3371 1196 3438 τετραγαμιῶν
1229 3377 1324 3427 καὶ
1351 3376 1460 3430 τῶν
1491 3380 1698 3436 λοιπῶν
1729 3385 2185 3459 ἀθεμιτογαμιῶν
2210 3394 2398 3460 ἐπεξε-

805 3459 1146 3532 δικήθησαν,
1179 3463 1256 3528 ὡς
1286 3467 1505 3538 λέγετε,
1538 3470 1786 3544 ψυχικῶς
1818 3478 1934 3548 ἅμα
1965 3485 2059 3536 καὶ
2090 3459 2397 3553 πνευματι-

808 3548 922 3610 κῶς
954 3553 1012 3602 ἐν
1048 3551 1350 3626 Ἐκκλησίᾳ
1381 3557 1518 3612 Θεοῦ
1540 3600 1556 3625 ,
1595 3562 1842 3619 λείπεται
1875 3569 1932 3620 δὲ
1967 3548 2398 3642 ἐπεκδικηθῆναι

808 3638 980 3692 ταῦτα
1016 3644 1110 3695 καὶ
1149 3652 1480 3716 σωματικῶς
1512 3649 1600 3707 διὰ
1633 3656 1856 3711 πλείονα
1890 3661 1982 3714 τὸν
2016 3638 2400 3733 σωφρονισμὸν

807 3731 898 3781 καὶ
941 3731 1040 3802 τὴν
1081 3737 1289 3793 τούτων
1329 3739 1595 3814 ἐκκοπὴν.
1639 3747 1859 3802 Τούτων
1899 3747 1956 3806 δὲ
2000 3754 2220 3809 πάντων
2258 3757 2401 3810 οὕτω

805 3827 1353 3894 γνωματευσάντων,
1401 3835 1430 3886 ὁ
1480 3835 1786 3903 άγιώτατος
1833 3841 2102 3914 δεσπότης
2153 3848 2248 3900 καὶ
2299 3867 2402 3902 πα-

807 3915 1074 3986 τριάρχης
1111 3919 1509 3993 Ἱεροσολύμων
1540 3923 1722 3994 εἶπεν,
1754 3933 1837 3985 ὅτι
1874 3934 2048 4001 Ἐπεὶ,
2078 3937 2155 4000 ὡς
2188 3940 2401 4011 ἀνέμα-

808 4004 901 4057 θον
931 4008 1177 4076 ἀκριϐῶς
1196 4051 1210 4076 ,
1243 4015 1310 4066 τὰ
1341 4017 1794 4089 ἐπεισφρήσαντα
1825 4023 2003 4079 ταῦτα
2032 4027 2271 4098 ἀθέμιτα
2291 4004 2400 4085 *καὶ

808 4099 1104 4170 παράνομα
1160 4108 1479 4162 συνοικέσια
1535 4115 1689 4180 παρὰ
1748 4119 1931 4170 πᾶσαν
1987 4118 2247 4190 βούλησιν
2305 4125 2401 4190 καὶ

807 4192 1036 4262 γνώμην
1080 4199 1180 4265 τῆς
1219 4199 1549 4272 Ἑκκλησίας
1593 4205 1730 4259 Θεοῦ
1775 4188 2203 4282 διεκδικήθησαν
2246 4188 2399 4286 map.)

808 4286 902 4336 τοῦ
948 4294 1370 4357 παναγιωτάτου
1412 4297 1677 4353 δεσπότου
1724 4305 1817 4355 καὶ
1859 4306 2090 4378 ἀδελφοῦ
2137 4326 2264 4376 μου,
2303 4312 2398 4364 τοῦ

806 4378 1195 4447 οἱκουμενικοῦ
1249 4389 1635 4460 πατριάρχου,
1692 4399 2000 4460 κανονικῶς
2045 4399 2136 4454 διά
2179 4418 2241 4453 τε
2287 4403 2398 4457 τῶν

808 4472 1136 4538 προδάντων
1173 4480 1477 4535 συνοδικῶν
1512 4487 1648 4567 παρ’
1676 4487 1842 4540 αὑτοῦ
1879 4491 2064 4559 τόμων
2099 4495 2193 4545 καὶ
2235 4495 2396 4549 ἀλλο-

2507 663 2601 713 καὶ
2640 663 2795 730 ἱεράν
2827 665 3034 718 τούτων
3070 667 3287 720 σύνοδον
3320 669 3414 720 καὶ
3453 667 3785 737 συγγνώμην
3819 671 3910 721 καὶ
3950 686 4082 736 συγ-

2505 751 2748 821 χώρησιν
2778 755 2868 805 καὶ
2903 755 3250 822 συμπάθειαν
3278 759 3628 827 αἰτήσασθαι,
3656 759 3795 828 ὅπερ
3821 758 3956 827 δῆτα
3987 760 4082 812 καὶ

2504 839 2798 908 ἐποίησεν,
2834 842 3120 906 εὐϐουλίας
3163 846 3258 896 καὶ
3299 847 3702 915 συγχωρήσεως
3743 848 3875 916 παρ’
3901 847 4082 899 αὐτῶν

2504 927 2793 994 ἀξιωθεὶς,
2832 931 2961 985 ἀνευ
2997 936 3182 1002 μέντοι
3212 934 3307 988 τοῦ
3344 936 3640 1005 ἱερωτάτου
3679 937 4080 1006 μητροπολὶτου

2505 1020 2822 1085 Σουγδαίας.
2852 1023 2911 1076 '0
2936 1024 2991 1076 δέ
3019 1026 3433 1093 παναγιώτατος
3460 1028 3618 1098 ἡμῶν
3641 1029 3926 1099 δεσπότης,
3952 1032 3980 1082 ὁ
4003 1031 4082 1082 οἱ-

2505 1113 2832 1179 κουμενικὸς
2856 1116 3226 1185 πατριάρχης,
3243 1117 3278 1172 ἃ
3301 1119 3394 1171 καὶ
3417 1120 3681 1188 πρότερον
3702 1120 3962 1182 πολλάκις
3987 1122 4083 1172 καὶ

2506 1198 2778 1268 διαφόρως
2809 1203 2990 1266 ἐξεῖπε
3021 1205 3116 1257 καὶ
3149 1208 3445 1271 συνοδικῶς
3503 1211 3828 1280 διηγήσατο,
3865 1211 4084 1272 τούτοις

2509 1292 2808 1360 στοιχήσας
2838 1293 2932 1346 καὶ
2962 1295 3293 1352 ἐπιδεδαιιῖιν
3327 1298 3396 1352 τὰ
3423 1299 3672 1364 τοιαῦτα,
3714 1303 3914 1354 οὑτωσὶ
3952 1305 4088 1355 ἀπε-

2507 1381 2717 1450 φήνατο
2746 1384 2889 1436 κειτά
2915 1385 3094 1438 πάντα
3145 1387 3247 1457 τῆς
3292 1390 3564 1459 προτέρας
3621 1391 3921 1461 ἐξεχόμενα
3975 1392 4091 1444 δια-

2508 1472 2680 1534 νοίας.
2728 1473 2788 1524 Ἦ
2814 1475 3106 1542 μετριότης
3142 1477 3323 1547 ἡμῶν,
3369 1480 3602 1549 κρίμασι
3661 1480 3954 1548 θειοτέροις
4009 1484 4090 1544 εἰς

2507 1562 2602 1612 τὸν
2634 1567 3041 1634 πατριαρχικδν
3073 1568 3374 1637 ἀναχθεῖσα
3434 1570 3628 1640 θρόνον
3664 1571 3761 1624 καὶ
3807 1573 3866 1624 τὸ
3916 1589 4090 1625 κατα-

2506 1653 2801 1707 πιστευθὲν
2857 1656 2998 1725 αὐτῇ
3073 1659 3330 1726 ποίμνιον
3400 1661 3703 1724 κανονικῶς
3773 1663 4091 1728 ποιμαίνειν

2507 1743 2876 1814 προελομένη,
2910 1748 2969 1798 τό
2997 1763 3060 1814 γε
3112 1749 3194 1812 είς
3245 1750 3418 1819 αὐτὴν
3457 1745 3616 1819 ἧκον,
3660 1753 3788 1821 περὶ
3840 1753 4091 1804 πλείστου

2508 1833 2832 1902 ἐποιήσατο,
2881 1837 3175 1906 διόρθωσιν
3242 1841 3465 1910 πρῶτον
3526 1847 3630 1911 μὲν
3672 1843 3923 1910 γενέσθαι
3992 1842 4091 1910 τῆς

2505 1927 2784 1992 πολιτείας
2814 1931 2911 1982 καὶ
2939 1931 3296 2001 ἀναστροφῆς
3324 1933 3551 1996 τῶντὰς
3582 1933 3909 2004 ἐξαγορείας
3959 1936 4091 1986 ἀνα-

2503 2020 2847 2091 δεδεγμένων
2882 2027 3281 2093 πνευματικῶν
3314 2024 3547 2097 ἀνδρῶν,
3579 2027 3721 2081 ὥστε
3773 2024 3912 2079 εἶναι
3969 2025 4094 2078 τού-

2511 2128 2639 2175 τους
2665 2114 3068 2184 ἀνεπιλήπτους
3094 2118 3264 2168 παντὶ
3290 2118 3480 2187 τρόπῳ
3511 2120 3605 2170 καὶ
3633 2119 3962 2188 προκεῖσθαι
4014 2119 4096 2178 εἱς

2507 2204 2675 2256 καλὸν
2707 2207 2936 2275 μίμημα
2963 2209 3058 2260 καὶ
3089 2207 3359 2275 ὠφέλειαν
3384 2211 3478 2261 τοῦ
3539 2209 3697 2274 λαοῦ,
3755 2212 3948 2262 ἔπειτα
3993 2211 4096 2278 τῆς

2504 2294 2617 2347 τῶν
2652 2296 2846 2365 ἱερέων
2884 2298 3139 2362 εὐταξίας
3173 2303 3268 2351 καὶ
3297 2301 3680 2371 κοσμιότητος,
3734 2303 3811 2363 ὡς
3867 2303 3932 2355 ἂν
3981 2303 4094 2355 διά-

2504 2402 2654 2454 γοιεν
2710 2383 2858 2443 οὗτοι
2909 2391 3053 2443 κατὰ
3110 2390 3203 2444 τὸν
3259 2393 3534 2462 ἀνήκοντα
3589 2394 3803 2459 τούτοις
3865 2395 3928 2447 ἐκ
3985 2396 4097 2448 τῶν

2508 2480 2673 2548 ἱερῶν
2708 2483 2802 2532 καὶ
2835 2481 2998 2535 θείων
3023 2483 3267 2559 κανόνων
3288 2486 3492 2554 τρόπον
3524 2486 3793 2555 θεοφιλῶς
3843 2487 3958 2556 ἅμα
3999 2490 4097 2539 καὶ

2504 2572 2772 2639 εὐλαϐῶς,
2798 2575 3106 2644 ἀπέχεσθαί
3141 2593 3200 2629 τε
3241 2579 3338 2630 καὶ
3389 2578 3709 2647 καπηλείων
3752 2579 3845 2632 καὶ
3916 2579 4095 2645 πάσης

2502 2665 2669 2732 ἄλλης
2703 2666 2916 2736 φαύλης
2948 2667 3249 2737 διαγωγῆς,
3289 2669 3526 2737 μάλιστα
3587 2670 3646 2724 δὲ
3695 2673 3882 2740 τηρεῖν
3939 2674 4099 2740 ἀκρι-

2504 2756 2634 2818 ϐῶς,
2665 2757 2741 2826 μὴ
2771 2757 3021 2824 γίνεσθαι
3045 2759 3273 2813 τοιαῦτα
3302 2761 3538 2830 ἀθέμιτα
3587 2766 3918 2826 συνοικέσια,
3949 2763 4097 2832 άπερ

2503 2847 2692 2914 κακῶς
2748 2853 3166 2922 ἐπεισέφρησαν
3226 2855 3294 2924 τῇ
3355 2856 3531 2924 σεμνῇ
3573 2854 3684 2906 τῶν
3747 2855 4099 2923 Χριστιανῶν

2505 2943 2757 3010 πολιτεία
2790 2944 2854 2994 ἐκ
2880 2944 2975 2996 τοῦ
3003 2948 3078 3014 μη
3103 2933 3244 3012 ’μετὰ
3265 2946 3499 3016 ἐρεύνης
3527 2947 3622 2999 καὶ⁵
3672 2946 3968 3011 ἐξετάσεως
3997 2948 4098 2999 καὶ

2502 3031 2826 3102 ἐμϐριθείας
2876 3035 2972 3087 καὶ
3029 3034 3456 3087 ἀναστέλλεσθαι
3511 3035 3604 3086 καὶ
3648 3032 4096 3103 ἁναχαιτίζεσθαι

2503 3124 2652 3187 παρὰ
2680 3123 2788 3176 τῶν
2821 3125 2922 3193 τὴν
2953 3125 3295 3195 διεξαγωγὴν
3323 3126 3530 3178 τούτων
3581 3126 4094 3193 ἐπιτετραμμένην),

2503 3211 2563 3264 οῦ
2597 3216 2761 3283 χάριν
2793 3215 2888 3266 καὶ
2926 3213 3152 3277 τούτους
3189 3215 3289 3283 μὲν
3350 3216 3646 3276 συνοδικῶς
3700 3214 4094 3284 ἐπεξήλθομεν,

2503 3306 2582 3365 είς
2609 3304 2851 3375 ἐκκοπὴν
2881 3305 2938 3358 δέ
2968 3306 3064 3358 καὶ
3100 3308 3440 3376 συντήρησιν
3468 3306 3576 3359 τῶν
3638 3307 3895 3359 τοιούτων
3927 3305 4093 3375 ἐξᾶρ-

2505 3376 2650 3464 χους
2685 3397 3182 3467 ἐγκατεστήσαμεν
3241 3399 3352 3453 ἀπὸ
3409 3399 3518 3451 τῶν
3571 3399 3816 3451 man
3878 3397 4093 3467 ἱερέων,

2503 3489 2616 3541 ὅσοι
2672 3489 2753 3559 τῷ
2810 3490 2933 3542 τότε
2981 3490 3285 3560 ἐκρίθησαν
3331 3493 3441 3544 τῶν
3498 3491 3675 3545 ἄλλων
3747 3490 4094 3560 προέχοντες,

2504 3581 2687 3644 καθὼς
2754 3582 3178 3653 πλατυκώτερον
3250 3585 3308 3636 ἐν
3384 3586 3498 3644 τοῖς
3571 3584 3739 3653 ἱεροῖς
3817 3582 4098 3644 κωδικίοις

2504 3673 2966 3742 κατεστρώθησαν
3017 3675 3213 3741 ταῦτα,
3264 3678 3314 3728 εἱ
3373 3675 3466 3728 καί
3521 3692 3692 3738 τινες,
3746 3677 3861 3737 τοῖς
3903 3679 4099 3737 κακοῖς

2506 3764 2931 3835 συνηγοροῦντες
2956 3767 3051 3818 καὶ
3077 3767 3480 3836 ἐπιχαίροντες,
3536 3768 3606 3818 τὰ
3662 3765 3832 3817 πλείω
3889 3765 4100 3818 τούτων

2504 3855 2903 3925 παρυφείλοντο
2942 3857 3038 3910 καὶ
3100 3858 3346 3927 μαχαίρᾳ
3380 3858 3654 3926 ἀπέτεμον
3701 3856 3930 3918 ἀναιδῶς
3979 3857 4098 3924 ἄμα

2505 3949 2597 4000 καὶ
2628 3947 2917 4017 τολμηρῶς
2943 3950 3050 4002 ἀπὸ
3088 3949 3185 4001 τοῦ
3217 3950 3464 4003 τοιούτου
3523 3949 3782 4002 κωδικίου
3816 3964 3831 3978 ·
3867 3949 4095 4017 προσέτι

2504 4056 2566 4107 γε
2595 4040 2703 4108 μὴν
2734 4041 3159 4110 ἐπετιμήσαμεν
3185 4039 3717 4110 καὶεὶσηγησάμεθα
3747 4041 3867 4109 μετ’
3890 4041 4096 4109 αὐστη-

2508 4133 2628 4201 ρίας
2659 4133 3045 4201 πνευματικῆς
3072 4134 3144 4187 δι’
3178 4134 3369 4201 ἑτέρου
3418 4135 3751 4203 γράμματος
3801 4131 3896 4184 τοῦ
3954 4134 4096 4200 πρὸς

2503 4224 2629 4285 τοὺς
2657 4224 2858 4287 αὐτοὺς
2879 4225 3141 4295 ἐξάρχους
3191 4228 3303 4288 τοῖς
3364 4226 3623 4294 ἀθέμιτον
3675 4226 3861 4294 έχουσι
3915 4226 4098 4294 γάμον

2503 4315 2702 4379 τελέως
2728 4319 3068 4389 ἀποσχέσθαι
3103 4319 3290 4382 αὑτοῦ,
3312 4322 3804 4389 ἐπανατεινάμενοι
3837 4320 4098 4373 καὶκατὰ

2501 4410 2612 4462 τῶν
2643 4411 2967 4479 τολμώντων
2996 4410 3174 4465 ταῦτα
3207 4412 3530 4479 ἱερωμένων
3591 4410 3916 4482 καθαίρεσιν
3953 4411 4102 4462 ἐνσει-

2503 4518 2619 4564 κον,
2651 4501 2788 4554 ἀλλά
2815 4504 2907 4555 καὶ
2954 4501 3052 4573 τὴν
3106 4504 3542 4572 εἱσκωμάσασαν
3583 4504 3841 4571 γοητείαν
3893 4504 3985 4561 καὶ
4025 4501 4096 4553 τὰ

803 4564 1056 4630 τρόπως,
1087 4569 1148 4622 οὑ
1180 4571 1390 4628 δίκαιόν
1420 4564 1840 4635 ἐστι’κινεὶσθαι
1873 4587 1970 4639 καὶ
2000 4585 2398 4656 πολυπραγμο·
2430 4595 2476 4653 D
2502 4591 2709 4660 ταύτης
2766 4595 2967 4663 αἱσχρᾶ
3007 4564 3162 4674 ,ξργα
3225 4564 3683 4657 σπουδάσαντες..
3710 4594 3786 4656 ὠς
3843 4589 3954 4646 οἷόν
4008 4608 4093 4658 τε,

805 4657 1057 4712 νεύεσθαι
1099 4663 1271 4717 ταῦτα
1310 4669 1404 4720 ἐπὶ
1445 4670 1539 4722 τοῦ
1590 4671 1759 4740 μέσου
1804 4677 1897 4728 καὶ
1940 4678 2270 4746 ἐπιφύεσθαι
2310 4681 2399 4735 διὰ

804 4749 966 4804 τοῦτο
1011 4756 1287 4812 σκάνδαλα
1329 4763 1424 4815 καὶ
1464 4763 1738 4836 ὀχλήσεις,
1777 4767 1968 4839 ῶσπερ
2007 4771 2075 4824 ἂν
2109 4773 2158 4824 εἱ
2197 4773 2402 4842 ἐπράτ-
2443 4791 2450 4796 ·

805 4857 929 4894 τετο
960 4841 1139 4900 ταῦτα
1175 4852 1321 4905 κατὰ
1361 4853 1593 4925 γνώμην
1625 4859 1724 4930 τῆς
1763 4860 2094 4933 Ἐκκλησίας
2115 4905 2129 4931 ,
2166 4841 2287 4918 ἀλλί
2313 4866 2400 4919 ἵνα

805 4938 1243 4999 ἁνιστέλλωνται
1297 4951 1396 5002 καὶ
1445 4954 1911 5024 ἁναχαιτίζωνται
1959 4959 2055 5010 καὶ
2098 4957 2257 5022 αὖθις
2305 4961 2401 5012 καὶ

805 5032 1173 5102 ἐπιτιμῶνται
1217 5040 1371 5110 παρὰ
1405 5042 1500 5095 τοῦ
1538 5045 1707 5099 αὐτοῦ
1749 5050 2174 5113 παναγιωτάτου
2208 5052 2402 5104 δεσπό-

803 5141 920 5188 του,
950 5126 1040 5179 τοῦ
1067 5132 1453 5202 οἱκουμενικοῦ
1484 5141 1846 5210 πατριάρχου,
1875 5145 2224 5213 τηρουμένης
2248 5146 2307 5197 δν
2330 5145 2396 5213 τῇ

817 5213 1119 5293 Ἐκκλησία
1165 5223 1302 5277 Θεοῦ
1348 5227 1443 5280 καὶ
1490 5231 1762 5301 μενούσης
1805 5234 1991 5301 πάσης
2033 5236 2261 5305 εἱρήνης
2305 5236 2402 5288 καὶ⁵

805 5311 1062 5377 έμονοίας
1088 5330 1102 5343 ·
1140 5318 1269 5386 περὶ
1300 5319 1356 5371 δέ
1387 5320 1479 5373 τοῦ
1512 5323 1703 5392 ἱερέως
1731 5323 1823 5376 τοῦ
1859 5325 2180 5396 Μαχητρίου
2213 5323 2398 5394 εἶπεν,

803 5394 886 5478 ὅτι
936 5405 1008 5456 Οὐ
1056 5406 1267 5462 δίκαιόν
1311 5413 1491 5478 ἐστιν,
1539 5415 1674 5484 ὅπερ
1718 5394 2095 5486 ἔστερξε
2137 5417 2321 5485 ὀλίγου
2365 5420 2398 5489 ἡ

806 5498 1026 5562 σύνοδος
1072 5504 1211 5570 μετὰ
1246 5505 1341 5557 τοῦ
1385 5512 1804 5574 παναγιωτὰτου
1848 5511 2152 5577 δεσπότου,
2190 5513 2284 5564 τοῦ
2326 5515 2402 5565 οἱ-

805 5595 1140 5658 κουμενικοῦ
1196 5599 1581 5672 πατριάρχου,
1637 5601 1735 5655 νῦν
1797 5604 2218 5674 ἀνατραπῆναι,
2268 5603 2402 5658 ἀλλά

807 5687 1138 5755 στέργεσθαι
1167 5693 1308 5743 κατά
1336 5697 1518 5747 πάντα
1544 5694 1603 5746 τὸ
1633 5695 1967 5763 προγεγονὸς
1994 5697 2233 5765 γράμμα
2261 5696 2398 5764 ὑπὲρ

806 5783 900 5847 τῆς
935 5780 1243 5846 ἀοωώσεως
1275 5787 1467 5857 ἱερέως
1496 5789 1590 5841 τοῦ
1624 5790 1977 5859 Μαχητρίου,
2014 5790 2195 5853 κ;.θὼς
2227 5794 2320 5844 καὶ
2351 5791 2400 5842 οἱ

804 5878 1085 5949 θ-ίιχιερεῖς
1116 5880 1247 5950 περὶ
1281 5881 1474 5935 τούτου
1503 5885 1858 5955 ἀπεφήναντο
1889 5903 1901 5915 υ
1938 5881 2056 5938 εἶτα
2093 5883 2397 5955 πραιέῑρεψε

2503 4682 2914 4754 ἀνεστείλαμεν,
2945 4684 3185 4754 Χριστοῦ
3226 4685 3436 4754 χάριτι,
3476 4684 3664 4748 καθὼς
3711 4685 3943 4754 εὓρηται
3997 4685 4098 4738 καὶ

2500 4752 2663 4824 τοῦτο
2717 4752 3176 4844 διεξοδικωτέρως
3356 4777 3470 4838 τοῖς
3535 4774 3722 4837 αὐτοῖς
3784 4752 4094 4834 ⁷κωδικίοις.

2502 4865 2659 4918 Μετὰ
2694 4867 2878 4935 μέντοι
2915 4866 2975 4918 τὶι
2999 4867 3321 4921 ἐπανελθεῖν
3356 4869 3504 4936 ἡμᾶς
3533 4871 3614 4931 εἱς
3637 4869 3740 4938 τὴν
3769 4867 4094 4936 ἐκκλησίαν,

2501 4952 2568 5028 ἧς
2592 4956 2958 5026 ἐξηλάθημεν,
2992 4958 3068 5020 ώς
3102 4959 3282 5011 ίσασιν
3305 4958 3570 5024 ἅπαντες,
3628 4959 3874 5020 πλείονος
3932 4974 4098 5027 φρον-

2503 5049 2752 5112 τίσαντες
2781 5050 2880 5118 τῆς
2914 5052 2994 5114 εἱς
3026 5050 3203 5103 ταῦτα
3240 5051 3544 5120 ἀσφαλείας
3571 5054 3669 5104 καὶ
3725 5050 4090 5121 διορθώσεως,

2504 5142 2628 5194 ἐπεὶ
2662 5143 2771 5195 ἀπό
2801 5159 2962 5195 τινων
2991 5143 3184 5212 ἱερέων
3242 5144 3395 5213 παρὰ
3450 5145 3512 5196 τὸ
3573 5144 3852 5213 προσῆκον
3908 5143 4092 5204 αὐτοῖς

2506 5235 2693 5306 σχῆμα
2726 5236 3165 5305 πολιτευομένων
3201 5239 3596 5308 συμϐαίνουσιν
3633 5237 3999 5305 Ἐπιφύεσθαι
4038 5239 4095 5288 αἱ

2505 5330 2816 5398 τριγαμέαι,
2853 5333 2908 5383 αἱ
2947 5333 3316 5400 τετραγαμίαι
3347 5332 3438 5385 καὶ
3501 5332 3570 5385 τά
3626 5332 3862 5400 ἀθέμιτα
3912 5333 4094 5384 πάντα

2507 5421 2840 5485 σύνοικέσια,
2873 5421 2950 5491 τῷ
3009 5422 3190 5475 δοκεῖν
3250 5426 3425 5476 ταῦτα
3477 5423 3884 5485 συναπτόντων,
3946 5422 4094 5490 ἅπερ

2507 5511 2709 5581 μᾶλλον
2739 5517 2804 5583 τῇ
2836 5511 3066 5584 ἀληθεία
3092 5516 3232 5569 εἱσὶν
3259 5516 3549 5568 ἀσύναπτα
3573 5515 3670 5569 καὶ
3698 5516 4095 5583 ἐπιτετιμημέ-

2505 5623 2591 5667 να,
2618 5606 2769 5675 παρὰ
2792 5605 2917 5668 τοὺς
2946 5607 3180 5678 θεσμοὺς
3213 5607 3314 5679 τῆς
3357 5609 3684 5678 Ἐκκλησίας
3707 5608 4096 5679 προὸσίνοντα,

2505 5696 2806 5766 ἐξεθὲμεθα
2827 5701 2885 5749 ἐν
2915 5702 3028 5762 τοῖς
3062 5702 3247 5767 αὐτοῖς
3283 5703 3558 5764 κωδικίοις
3585 5703 3864 5772 ἐγγραφον
3894 5703 4097 5772 ἐτέραν

2505 5791 2806 5859 ἀσφάλειαν
2838 5792 2930 5843 ἐπὶ
2955 5793 3032 5863 τῷ
3083 5795 3390 5865 ἀπέχεσθαι
3428 5795 3635 5848 τούτων
3685 5798 3942 5850 ἁπάντων
4000 5796 4100 5848 καὶ

2511 5885 2585 5952 μὴ
2621 5883 2677 5933 ὲν
2711 5882 3033 5953 καπηλείοις
3067 5885 3439 5956 εἰσέρχεσθαι,
3478 5886 3920 5958 ὑπογραψάντων
3942 5901 4099 5958 τηνιο
