4430 6454
802 402 938 463 1375

1611 406 1958 467 CALLISTI
2003 408 2102 467 ET
2150 409 2571 470 PHILOTHEI
2609 409 3212 500 CP.'PATRIARCH.

3892 391 4029 468 1m

797 520 992 587 πολλῆς
1017 521 1314 584 ἐξετάσεως
1345 523 1639 591 γενομένης
1673 523 1835 592 χάριν
1863 525 1970 577 τῶν
2025 527 2155 596 παρ’
2187 528 2360 595 ἀμφο-
2387 534 2432 589 Α
2460 528 2515 580 δέ
2539 529 2829 596 ἰερώτσιτος
2859 528 3277 597 μητροπολίτης,
3303 526 3408 594 κῦρ
3449 522 3752 593 Ῥωμανδς,
3804 525 3864 577 οὐ
3931 526 4032 592 μό-

793 610 968 676 ·ιέρων
1013 611 1220 663 τούτων
1267 613 1376 663 τῶν
1431 614 1734 681 ἀρχιερέων
1771 615 2105 683 κινηθέντων
2169 617 2360 683 λόγων,

793 700 1219 766 προηγουμένως
1247 699 1347 765 μὶν
1373 701 1577 769 ἐτάχθη
1605 697 1744 753 εἶναι
1795 704 1885 753 καὶ
1936 704 2284 771 εὑρίσκεσθαι
2331 705 2361 756 ό

795 789 1091 855 ἱερώτατος
1121 791 1527 858 μητροπολίτης
1557 791 1663 859 κῦρ
1705 791 1962 857 Ἀλέξιος.
1994 795 2183 861 ῶσπερ
2223 795 2362 862 ἐχει-

794 877 1054 946 ροτονήθη
1086 879 1182 946 τὴν
1231 879 1403 948 ἀρχὴν
1458 879 1670 932 Κυέϐου
1724 882 1818 934 καὶ
1882 885 2062 952 πάσης
2137 884 2362 946 Ῥωσίας

794 967 936 1018 κατά
960 968 1059 1032 τὴν
1109 967 1311 1019 ἀνωθεν
1361 971 1814 1039 ἐπικρατήσασαν
1866 974 2194 1042 συνήθειαν·
2235 976 2362 1044 περὶ

799 1059 986 1124 μέντοι
1015 1059 1109 1112 τοῦ
1144 1061 1436 1126 ἰερωτάτου
1474 1066 1876 1133 μητροπολίτου
1903 1069 2009 1137 κῦρ
2050 1069 2359 1137 Ῥωμανοῦ,

792 1149 867 1211 ὡς
901 1154 1342 1219 χειροτονηθέντα
1364 1157 1454 1207 καὶ
1493 1158 1658 1208 αὐτὸν
1716 1159 1948 1223 Λιτϐῶν,
2006 1159 2295 1227 διωρίσατο
2335 1161 2362 1211 ό

774 1242 1083 1307 ,κράτιστος
1107 1245 1194 1295 καὶ
1225 1247 1380 1311 ἀγιός
1445 1264 1547 1314 μου
1597 1248 1956 1318 αὐτοκράτωρ
2007 1250 2362 1316 συγκαταϐά-

794 1347 932 1392 σεως
959 1332 1100 1399 λόγῳ
1131 1335 1223 1386 καὶ
1257 1335 1374 1402 ἅμα
1406 1336 1495 1388 διά
1525 1340 1623 1406 τὴν
1647 1338 2036 1407 ἀνενοχλησίαν
2083 1340 2179 1391 καὶ
2209 1339 2361 1408 εἰρή-

791 1436 888 1486 νην
906 1421 1000 1472 τοῦ
1029 1423 1205 1474 ἐκεῖσε
1239 1426 1406 1476 τόπου
1437 1427 1584 1493 ἔχειν
1613 1427 1711 1479 σὺν
1737 1430 1857 1487 ταῖς
1886 1427 2076 1489 οὔσαις
2134 1430 2198 1496 τῇ
2255 1427 2363 1480 τῶν

791 1509 1005 1561 Λιτϐῶν
1035 1511 1276 1583 ἐπαρχίᾳ
1317 1513 1470 1564 δυσὶν
1520 1517 1872 1578 ἐπισκοπαίς,
1904 1517 1964 1568 τὸ
2017 1517 2362 1580 Πωλότζικον

791 1602 974 1653 καὶτὸ
1004 1603 1274 1670 Τούροϐον
1304 1607 1444 1674 μετὰ
1501 1607 1592 1659 καὶ
1648 1608 1743 1660 τοῦ
1802 1609 2359 1676 Νοϐογραδοπουλίου.

791 1692 886 1743 τοῦ
942 1693 1281 1761 καθίσματος
1343 1697 1435 1748 τοῦ
1497 1700 1934 1773 μητροπολίτουρ
1977 1701 2074 1754 καὶ
2125 1701 2224 1760 τὰς
2264 1703 2364 1769 τῆς

794 1785 998 1852 μικρᾶς
1037 1782 1277 1850 Ῥωσίας
1311 1789 1638 1854 ἐπισκοπάς,
1676 1791 1811 1859 ὅπερ
1840 1791 2036 1859 διέγνω
2086 1792 2178 1846 καὶ
2232 1795 2365 1846 ἀπε-

2465 635 2556 670 νον
2587 616 2940 686 ἐξερχόμενος
2974 618 3080 670 τῶν
3101 618 3335 670 ἐνταῦθα
3362 617 3590 686 ἠθέλησε
3618 615 3804 667 λαϐεῖν
3851 614 4035 682 γράμ-

2467 725 2614 777 ματα
2638 708 2734 775 τῆς
2763 708 2924 775 ἡμῶν
2949 711 3301 778 μετριότητος
3326 708 3406 767 εἰς
3431 706 3694 758 πίστωσιν
3738 703 3835 754 καὶ
3862 703 4033 770 ἀσφά-

2463 800 2611 852 λειαν
2643 801 2750 852 τῶν
2775 801 2949 863 οὕτως
2988 801 3424 866 ἀποφανθέντων,
3454 796 3578 850 οὐτε
3624 796 3723 865 τὴν
3746 794 4032 862 ὀφειλομέ-

2465 907 2562 956 νην
2593 891 2872 957 ὑποταγὴν
2898 889 3231 953 ἐνδείξασθαι
3259 891 3338 951 είς
3366 888 3463 956 τὴν
3485 889 3516 955 ἡ
3528 886 3643 954 μῶν
3676 884 4028 954 μετριότητα,

2463 980 2580 1032 ἀλλ’
2617 981 2794 1032 ἀπιὼν
2819 979 2997 1049 ᾤχετο
3017 981 3096 1040 εἰς
3129 980 3226 1048 τὴν
3254 979 3525 1048 λαχοῦσαν
3569 978 3756 1037 αὐτὸν,
3807 976 4033 1026 κάκεῖσε

2466 1070 2932 1138 παραγενόμενος.
2963 1071 3040 1133 ὡς
3073 1068 3337 1138 ἀνηνέχθη
3396 1070 3464 1136 τῇ
3500 1066 3662 1135 ἡμῶν
3697 1067 4033 1134 μετριότητι,

2466 1160 2636 1210 πολλὰ
2668 1157 2774 1209 τῶν
2808 1158 3179 1210 ἀκανονίστων
3209 1157 3508 1226 εἰργάσατο
3537 1170 3552 1185 ⁸
3615 1153 3868 1206 ἀπελθὼν
3924 1151 4033 1220 γὰρ

2465 1253 2544 1313 είς
2579 1250 2639 1301 τὸ
2667 1232 2878 1303 Κύεϐον
2912 1250 3195 1317 ἀμετόχως
3226 1247 3585 1318 ἱερούργησεν
3637 1247 3696 1296 ἐν
3739 1244 3887 1313 αὐτῷ
3939 1243 4036 1294 καὶ

2465 1341 2795 1410 χειροτονίας
2854 1340 3204 1403 διεπράξατο,
3260 1339 3356 1392 καὶ
3414 1337 3607 1391 ἐαυτὸν
3676 1335 3890 1388 Κυέϐου
3939 1334 4036 1385 καὶ

2466 1430 2646 1498 πάσης
2673 1428 2896 1491 Ῥωσίας
2925 1428 3213 1482 καθολικδν
3257 1427 3662 1497 μητροπολίτην
3693 1425 3864 1487 ἀδεῶς
3918 1425 4040 1475 όνοο

2468 1521 2650 1588 μάζει,
2671 1520 2810 1588 ὅπερ
2847 1520 3172 1587 προεξένησε
3218 1520 3480 1588 σύγχυσιν
3535 1521 3630 1571 καὶ
3678 1515 3923 1584 ταραχὴν
3971 1517 4036 1581 τῇ

2465 1611 2703 1679 ἐπαρχίᾳ
2756 1610 2848 1663 τοῦ
2895 1610 3193 1678 ἰερωτάτου
3241 1609 3636 1679 μητροπολίτω
3673 1608 3888 1660 Κυέϐου
3941 1604 4038 1657 καὶ

2465 1697 2648 1764 πάσης
2684 1696 2936 1761 Ῥωσίας,
2969 1699 3062 1748 καὶ
3091 1697 3428 1764 παρεκίνησε
3462 1697 3557 1748 καὶ
3617 1695 3709 1747 τὸν
3770 1694 4036 1760 αὐθέντην

2466 1787 2677 1841 Λιτϐῶν
2705 1788 2846 1841 κατά
2871 1789 2980 1838 τῶν
3041 1787 3384 1856 Χριστιανῶν
3437 1785 3901 1852 κατεξαναστῆναι
3941 1787 4036 1836 καὶ

792 1841 1058 1945 ίρήνατοὴ
1091 1841 1380 1946 μετριότης
1433 1841 1637 1946 ἡμῶνῗ
2394 1841 2436 1895 Β
2461 1880 2561 1932 οὐκ
2585 1879 2772 1947 ὀλίγην
2805 1879 3010 1949 φθοράν
3040 1841 3134 1929 κάλ.
3159 1879 3344 1948 χύσεις
3371 1841 3617 1946 αἱμάτων
3674 1841 4035 1946 ἐργάσασθαι,

789 1962 958 2031 αὐτὴν
984 1964 1101 2018 θεία
1133 1968 1228 2020 καὶ
1258 1969 1378 2038 ίερὰ
1410 1970 1644 2035 σύνοδος,
1675 1971 1821 2042 ἐχειν
1884 1975 1945 2026 τὸ
1987 1974 2216 2042 στέργον
2264 1975 2361 2027 καὶ
2465 1971 2611 2038 άπερ
2644 1971 2853 2034 ἔδειξαν
2877 1970 3268 2039 ἀκριϐέστερον
3299 1975 3346 2023 οἰ
3386 1970 3480 2022 τοῦ
3511 1969 3803 2037 ἰερωτάτου
3837 1983 4041 2036 μητρο-

789 2053 1010 2121 βέϐαιον
1040 2059 1180 2111 κατὰ
1209 2061 1308 2130 τὴν
1339 2061 1431 2112 ἐπὶ
1464 2062 1642 2132 τούτῳ
1672 2065 1951 2134 ἐπίκρισιν
1978 2065 2072 2117 καὶ
2102 2066 2360 2134 εὐνομίαν
2464 2061 2684 2115 πολίτου
2713 2063 2924 2115 Κυέϐου
2958 2063 3050 2114 καὶ
3081 2063 3258 2132 πάσης
3291 2062 3545 2128 Ῥωσίας,
3601 2061 3706 2130 κῦρ
3775 2060 4040 2123 ’Δλεξίου,

787 2147 882 2200 τοῦ
917 2151 1210 2218 κρατίστου
1241 2153 1335 2204 καὶ
1367 2154 1522 2221 ἁγίου
1557 2172 1660 2223 μου
1694 2157 2114 2225 αὐτοκράτορος,
2148 2158 2363 2227 προμή-
2462 2156 2897 2225 ἀποκρισιάριοι,
2931 2154 3331 2216 καταλαϐόντες
3389 2156 3621 2208 ἐνταῦθα
3648 2155 3746 2207 καὶ
3776 2155 3835 2217 ἐξ
3862 2153 4041 2206 ἀλλων

788 2238 938 2292 θειαν
962 2244 1306 2312 ποιησαμένη
1337 2247 1426 2296 καὶ
1459 2245 1598 2314 αὐτὴ
1628 2245 1723 2298 τοῦ
1779 2247 2019 2301 τοιούτου
2069 2249 2360 2317 ἰερωτάτου
2467 2245 2567 2314 μέν
2626 2245 2863 2310 πολλῶν,
2914 2246 3152 2313 μάλιστα
3214 2244 3270 2297 δὲ
3327 2245 3418 2298 καὶ
3470 2243 3565 2311 ἀφ’
3607 2237 3684 2297 ῶν
3725 2244 4045 2313 διεκόμισαν

789 2321 1188 2401 μητροπολίτου
1240 2337 1477 2399 Λιτϐῶν,
1539 2338 1645 2406 κῦρ
1703 2338 2023 2408 Ῥωμανοῦ,
2078 2339 2361 2410 προϐάσης

785 2426 881 2476 καὶ
939 2425 1134 2495 ἐτέρας
1161 2429 1448 2497 συνοδικῆς
1482 2430 1754 2496 πράξεως,
1789 2431 1865 2492 ὡς
1896 2431 1963 2484 ἀν
1993 2431 2020 2482 ό
2055 2430 2155 2501 μέν
2204 2432 2362 2500 ἰερώ·
2407 2487 2412 2494 ,

783 2529 947 2577 τατος
976 2517 1383 2588 μητροπολίτης
1442 2518 1657 2572 Κυέϐου
1714 2521 1807 2572 καὶ
1865 2520 2045 2590 πάσης
2105 2521 2358 2584 Ῥωσίας,

785 2604 891 2673 κῦρ
934 2607 1189 2673 Ἀλέξιος,
1233 2610 1558 2680 ἐπιλάϐηται
1593 2612 1685 2664 καὶ
1731 2613 1977 2681 κατάσχῃ
2027 2614 2211 2665 πᾶσαν
2262 2613 2363 2684 τὴν

785 2693 879 2745 ὑπ’
920 2695 1085 2747 αὐτὸν
1125 2698 1341 2766 ἐνορίαν
1389 2701 1528 2768 μετά
1555 2702 1789 2754 καὶτῶν
1841 2704 1899 2754 ἐν
1949 2703 2085 2774 αὐτῇ
2143 2706 2366 2757 ἐπισκο-

788 2785 909 2837 πῶν
992 2787 1364 2856 ἀνενοχλήτως
1426 2792 1772 2846 παντάπασιν
1832 2794 1925 2847 καὶ
1985 2795 2361 2864 ἀδιασείστως,

2463 2336 2810 2406 γραμμάτων
2842 2337 2936 2389 τοῦ
2966 2339 3261 2407 ίερωτάτου
3309 2337 3726 2408 μητροπολίτου,
3760 2337 3863 2406 κῦρ
3906 2336 4044 2388 Ῥω-

2467 2427 2661 2497 μανοῦ,
2697 2429 2838 2498 ὑπερ
2888 2421 2963 2481 ὧν
3027 2431 3122 2482 καὶ
3162 2428 3351 2499 ῶσπερ
3400 2430 3808 2499 ἐγκαυχιῖιμενοι
3846 2429 3894 2481 οἰ
3944 2426 4043 2478 τοῦ

2466 2520 2761 2590 ἰερωτάτου
2803 2521 3203 2590 μητροπολίτου
3260 2521 3472 2573 Λιτϐῶν
3502 2520 3803 2590 ἀνθρωττοι,
3836 2518 4040 2587 πρότεο

2468 2630 2560 2682 ρον
2593 2613 2995 2675 καταλαϐόντες
3048 2612 3304 2677 ἐνταῦθα,
3337 2613 3714 2682 διεκήρυττον,
3751 2613 3826 2674 ὼς
3855 2610 4042 2664 τοσοῦ-

2464 2720 2556 2756 τον
2588 2705 2615 2756 ό
2650 2703 2947 2773 ἱερώτατος
2983 2705 3393 2776 μητροπολίτης
3423 2704 3529 2773 κῦρ
3579 2704 3857 2774 Ῥωμανός
3891 2705 4040 2755 ἐστιν

2468 2795 2689 2864 ἰσχυρὸς
2718 2797 2811 2848 καὶ
2841 2795 3064 2849 δύναται
3087 2797 3184 2865 τὴν
3209 2798 3479 2866 ἐπαρχίαν
3538 2795 3755 2850 ἃπασαν
3778 2795 3876 2864 τῆς
3930 2812 4039 2864 μη-

788 2880 882 2931 καὶ
905 2881 1057 2934 οὐδέν
1091 2883 1323 2954 εὑρίσκῃ
1351 2885 1502 2953 παρά
1530 2885 1622 2937 τοῦ
1684 2887 1982 2955 ἰερωτάτου
2032 2891 2365 2958 μητροπολί-
2464 2887 2771 2954 τροπόλεως
2798 2887 2945 2955 ἐχειν
2987 2886 3240 2951 Ῥωσίας,
3297 2889 3379 2940 ὅτι
3431 2889 3524 2941 καὶ
3575 2889 3654 2950 είς
3711 2887 3770 2939 τὸ
3829 2884 4042 2937 Κύεϐον

783 2987 878 3022 του
932 2970 1168 3036 Λιτϐῶν,
1216 2973 1323 3042 κῦρ
1390 2973 1694 3044 Ῥωμανοῦ,
1748 2977 1838 3028 ἐπὶ
1885 2980 1950 3047 τῇ
2010 2983 2212 3050 κατοχῇ
2270 2983 2366 3034 καὶ
2464 2978 2679 3046 ἀπῆλθε
2737 2979 2833 3030 καὶ
2877 2977 3287 3047 ἐλειτούργησε.
3341 2978 3434 3030 καὶ
3493 2977 3798 3037 ἐπισκοπὰς
3840 2974 4044 3034 πολλὰς

784 3062 1091 3131 διεξαγωγῇ
1127 3066 1222 3116 καὶ
1252 3066 1516 3133 διοικήσει
1545 3070 1644 3132 τῆς
1679 3068 1980 3138 εἰρημένης
2025 3070 2236 3139 ἐνορίας
2266 3072 2363 3138 τῆς
2467 3069 2852 3140 προσελάϐετο,
2887 3071 2981 3125 καὶ
3028 3069 3118 3122 τὸν
3164 3070 3432 3139 αὐθέντην
3486 3068 3698 3121 Λιτϐῶν
3746 3067 3886 3120 κατά
3943 3066 4040 3118 τοῦ

789 3157 1180 3224 μητροπόλεως
1215 3159 1426 3210 Κυέϐου
1461 3163 1602 3228 μετά
1656 3161 1848 3212 πασῶν
1889 3162 1996 3213 τῶν
2047 3163 2360 3216 ἐπισκοπῶν
2392 3197 2436 3255 c
2468 3158 2574 3228 κῦρ
2620 3159 2855 3224 Ἀλεξίου
2899 3159 3162 3229 διήγειρε,
3211 3160 3305 3211 καὶ
3362 3159 3538 3212 πάντα
3588 3157 3798 3223 ἔξεστιν
3845 3155 4042 3222 ἐκείνῳ

785 3246 953 3298 αὐτοῦ
1012 3246 1112 3317 τὴν
1167 3248 1439 3318 τυχοῦσαν
1500 3251 2023 3323 καταδυναστείανῆ
2076 3256 2359 3325 ἐπήρειαν,
2399 3246 2435 3255 ⁷
2468 3255 2643 3305 ποιεῖν
2669 3253 2860 3317 ἀδεῶς,
2894 3252 3126 3321 δύναμιν
3150 3252 3208 3304 οὐ
3235 3251 3440 3320 μικράν
3490 3250 3690 3321 ἔχοντι,
3750 3250 3829 3311 εἰς
3880 3246 4040 3300 τοῦτο

785 3337 1128 3406 ἀρκουμένου
1168 3339 1264 3392 τοῦ
1306 3341 1552 3394 τοιούτου
1616 3344 1910 3413 ίερωτάτου
1965 3347 2361 3415 μητροπολίτου
2469 3343 2881 3412 παρακινοῦσαν
2909 3343 2998 3396 τὸν
3028 3344 3293 3413 αὐθέντην
3327 3343 3542 3398 Λιτϐῶν
3570 3360 3583 3373 ·
3635 3342 3723 3396 διά
3771 3341 3902 3410 γοῦν
3941 3341 4044 3410 τὴν

786 3430 1020 3495 Λιτϐῶν,
1051 3431 1156 3500 κῦρ
1199 3431 1509 3502 Ῥωμανοῦ,
1537 3436 1618 3497 εἰς
1647 3437 1785 3507 ὅπερ
1813 3437 1959 3506 αὐτῷ
1995 3438 2149 3507 ἐδόθη
2206 3454 2363 3492 συνο-
2465 3434 2723 3504 τοιαύτην
2747 3435 3128 3504 (κατάστασιν)
3169 3435 3448 3504 ἐπισφαλῆ
3492 3436 3841 3488 παντάπασιν
3876 3427 4044 3486 οὖσαν

784 3525 909 3596 δικῇ
972 3526 1269 3595 διαγνώσει
1332 3528 1570 3584 ἐνώπιον
1631 3531 1732 3599 τῆς
1780 3533 1940 3602 ἡμῶν
2009 3534 2363 3602 μετριότητος
2465 3528 2562 3582 καὶ
2594 3527 2698 3590 ἔξω
2723 3528 2820 3596 τῆς
2845 3528 2954 3580 τῶν
2988 3528 3151 3581 θείων
3182 3528 3276 3581 καὶ
3309 3528 3472 3597 ἰερῶν
3503 3528 3746 3580 κανόνων
3776 3526 4042 3596 διαταγῆς

796 3619 1044 3688 ὕστερον,
1079 3621 1156 3683 ῶς
1189 3621 1510 3690 δεδήλωται,
1537 3623 1950 3693 ἐμπεδωθείσης
1976 3625 2076 3694 τῆς
2104 3627 2364 3695 τοιαύτης

790 3707 1043 3777 πράξεως
1069 3711 1132 3778 τῇ
1162 3711 1224 3762 ἐκ
1259 3711 1367 3763 τῶν
1398 3711 1558 3765 θείων
1590 3715 1682 3765 καὶ
1711 3712 1870 3782 ἰερῶν
1905 3715 2146 3767 κανόνων
2190 3715 2363 3782 ἐπηρ-

785 3801 998 3872 τημένῃ
1027 3802 1295 3873 καταδίκῃ
1352 3805 1467 3865 τοῖς
1500 3804 1867 3873 ἀνατρέπουσι
1893 3804 2137 3868 τούτους,
2168 3804 2245 3868 ὡς
2299 3806 2364 3858 ἂν

785 3893 934 3955 ὅστις
962 3893 1021 3958 ἐξ
1049 3895 1373 3966 ἀμφοτέρων
1408 3896 1482 3966 μὴ
1523 3898 1871 3968 ἐφησυχάζῃ,
1919 3898 2262 3969 ἀρκούμενος
2286 3899 2364 3968 τῷ

784 3986 970 4055 οἰκείῳ
999 3987 1214 4057 δικαίῳ,
1249 3992 1344 4042 καὶ
1395 3991 1622 4059 εἰρήνην
1673 3991 1772 4060 ἔχῃ
1833 3991 1913 4053 εἰς
1952 3991 2163 4054 ἑαυτὸν,
2215 3992 2291 4055 ὡς
2337 3995 2366 4046 ό

785 4077 879 4130 τοῦ
903 4079 1109 4147 Κυρίου
1147 4080 1398 4148 βούλεται
1428 4082 1592 4146 νόμος
1625 4083 1720 4133 καὶ
1762 4083 1824 4135 τὸ
1877 4084 2226 4154 ἐπάγγελμα,
2270 4086 2365 4138 καὶ

786 4169 969 4231 καθώς
1001 4171 1117 4223 ἐστι
1152 4171 1392 4240 μάλιστα
1444 4171 1801 4242 ὀφειλόμενον
1833 4175 1944 4236 τοῖς
1990 4176 2365 4244 πνευματικὴν

785 4263 1128 4332 προστασίαν
1161 4263 1409 4333 λαχοῦσι,
1441 4270 1581 4334 μετά
1610 4264 1710 4334 τὴν
1758 4265 2018 4334 τοιαύτην
2080 4265 2364 4335 συνοδικὴν

784 4357 1082 4422 διάγνωσιν
1130 4357 1330 4427 πρᾶξίν
1360 4375 1419 4410 τε
1450 4375 1546 4411 και
1577 4359 1936 4426 κατάστασιν,
1963 4359 2099 4414 ἀλλά
2138 4360 2365 4433 χωρήσῃ

783 4452 865 4514 εἰς
892 4451 1151 4519 ἀθέτησιν
1180 4450 1431 4504 ὁπωσοῦν
1455 4452 1683 4522 ταύτης,
1710 4454 1804 4506 καὶ
1831 4453 2075 4524 τολμήσῃ
2093 4454 2244 4522 παρά
2266 4454 2364 4523 τὴν

2466 3618 2561 3670 καὶ
2589 3618 2700 3688 ἅμα
2726 3618 2814 3670 διά
2844 3619 2904 3671 τὸ
2933 3619 3008 3688 μὴ
3040 3617 3357 3689 προϐαίνειν
3401 3617 3544 3671 κατά
3578 3616 3673 3670 τοῦ
3719 3618 4042 3685 Χριστιανι-

2465 3709 2561 3763 κοῦ
2584 3709 2682 3778 τῆς
2724 3709 2953 3774 Ῥωσίας
2985 3711 3176 3779 γένους
3205 3711 3400 3779 φόνους
3463 3711 3555 3762 καὶ
3605 3708 3897 3778 συγχύσεις
3951 3711 4047 3760 καὶ

2469 3801 2648 3872 μάχας
2677 3803 2771 3855 καὶ
2819 3804 3085 3874 ταραχάς,
3140 3803 3217 3866 ὡς
3267 3803 3508 3872 λέγεται,
3569 3803 3713 3871 ἅπερ
3763 3801 3879 3853 ἐστὶ
3931 3801 4043 3861 τοῖς

2467 3893 2675 3946 ἔθνεσιν
2701 3892 2806 3944 ίδια
2831 3893 2944 3954 τοῖς
2999 3892 3076 3960 μὴ
3131 3891 3294 3960 φόϐον
3343 3893 3402 3945 ἐν
3443 3892 3657 3954 ἑαυτοῖς
3715 3890 3898 3961 ἔχουσι
3947 3889 4043 3942 τοῦ

2465 3987 2624 4052 Θεοῦ,
2653 3986 2743 4038 καὶ
2763 3985 2824 4038 οὐ
2849 3986 2962 4048 τοῖς
2985 3982 3324 4054 ἀρχιερεῦσι,
3357 3984 3452 4036 καὶ
3481 3982 3696 4052 πρῶτον
3726 3982 3823 4052 μὲν
3844 3984 4043 4048 ἐγγρά-

2466 4098 2582 4148 φως
2609 4077 3047 4150 παρεκελεύσατο
3071 4077 3207 4146 πρὸς
3229 4079 3393 4129 αὐτὸν
3422 4077 3486 4146 δὴ
3518 4077 3609 4129 τὸν
3657 4075 3764 4144 κῦρ
3824 4074 4042 4143 Ῥωμα-

2466 4171 2611 4241 νὸνὴ
2646 4169 2940 4240 μετριότης
2970 4168 3152 4239 ἡμῶν,
3209 4169 3581 4238 εἰσηγουμένη
3624 4167 3822 4235 τούτῳ,
3846 4166 3920 4228 ὡς
3979 4165 4047 4217 ἄν

2468 4265 2684 4334 ἀποστῇ
2733 4261 2846 4315 τῶν
2895 4259 3157 4313 τοιούτων
3205 4260 3574 4313 ἀκανονίστων
3630 4257 3906 4330 πράξεων,
3965 4259 4039 4318 ὼς

2465 4354 2810 4424 ἐγράψαμεν,
2846 4351 3097 4422 στέργειν
3114 4351 3488 4421 ἀπαραϐάτως
3533 4353 3601 4404 τὰ
3664 4349 4042 4419 διεγνωσμὲνα

2467 4444 2762 4506 συνοδικῶς
2813 4441 2908 4496 καὶ
2955 4441 3032 4511 μὴ
3093 4439 3412 4511 περαιτέρω
3463 4439 3669 4491 τούτων
3728 4437 4046 4507 προϐαίνειν

781 4544 1000 4614 ἐιορίαν
1061 4544 1227 4599 αὐτοῦ
1293 4545 1701 4613 διαπράξασθαί
1761 4563 1816 4599 τι
1879 4545 2267 4616 ἀρχιερατικὺν
2326 4545 2359 4613 ἧ
2394 4544 2437 4600 ι)
2472 4536 2561 4588 καὶ
2596 4533 2736 4587 κατά
2770 4532 2864 4586 τοῦ
2918 4530 3022 4598 κῦρ
3089 4530 3330 4594 ’Δλεξίου
3386 4524 3912 4596 κατεξινίστασθαι,
3955 4531 4050 4580 καὶ

786 4639 1060 4706 ἰερατικὸν
1094 4639 1126 4708 ἢ
1165 4639 1616 4706 ἐκκλησιαστικὸν
1641 4639 1782 4701 ὅλως
1830 4641 1924 4692 ἐπὶ
1955 4641 2233 4708 ἀνατροπῇ
2269 4638 2367 4707 τῆς

782 4729 1250 4799 ἐκκλησιαστικῆς
1286 4732 1696 4793 καταστάσεως,
1753 4732 1829 4792 ὼς
1861 4729 2111 4782 ἐντεῦθεν
2140 4745 2371 4798 παρεισ-

783 4822 1017 4892 αχθῆναι
1069 4823 1232 4876 πάλιν
1270 4822 1543 4876 σκάνδαλα
1577 4823 1671 4877 καὶ
1739 4822 2012 4893 ὀχλήσεις,
2042 4823 2072 4876 ό
2129 4821 2369 4885 τοιοῦτος

782 4917 942 4982 ἀξίαν
1013 4917 1382 4986 ὐποστήσεται
1433 4915 1531 4985 τὴν
1599 4916 1894 4986 κανονικὴν
1948 4915 2219 4986 τιμωρίαν
2273 4919 2367 4968 καὶ

783 5008 1132 5074 ἐπεξέλευσιν
1162 5009 1314 5076 παρά
1353 5010 1453 5075 τῆς
1508 5008 1665 5077 ἡμῶν
1718 5009 2073 5078 μετριότητος
2124 5008 2218 5059 καὶ
2267 5007 2367 5076 τῆς

786 5100 917 5168 περὶ
945 5097 1117 5167 αὐτὴν
1162 5097 1311 5159 θείας
1358 5099 1450 5150 καὶ
1506 5100 1658 5167 ἱερᾶς
1706 5098 1947 5161 συνόδου,
1991 5096 2068 5160 ῶς
2100 5097 2370 5166 ἀθετητὴς

783 5193 875 5245 καί
899 5192 1116 5245 ἐναντία
1151 5191 1369 5261 φρονῶν
1397 5195 1461 5260 τῇ
1500 5192 1631 5261 ἁγίᾳ
1663 5191 1759 5244 τοῦ
1809 5191 2052 5261 Χριστοῦ
2102 5189 2366 5259 καθολικῇ

785 5284 881 5334 καὶ
913 5279 1249 5350 ἀποστολικῇ
1291 5280 1611 5350 Ἐκκλησία,
1642 5282 1736 5333 καὶ
1766 5281 2090 5350 βουλόμενος
2117 5279 2369 5332 ἐντεῦθεν

784 5374 1054 5442 σύγχυσιν
1099 5373 1195 5424 καὶ
1257 5373 1504 5443 ταραχὴν
1553 5373 1647 5425 καὶ
1706 5373 1914 5443 φθοράν
1967 5372 2247 5441 προξενεῖν
2291 5371 2368 5441 τῷ

780 5455 890 5517 τῶν
961 5464 1184 5517 Ῥὼσων
1241 5465 1619 5534 Χριστιανικῷ
1676 5466 1846 5533 γένει.
1922 5464 2085 5517 Ἀλλά
2165 5463 2368 5517 τούτων

778 5555 922 5610 οὕτω
957 5556 1269 5625 γενομένων
1298 5557 1976 5628 καὶάποκαταστάντων,
2033 5557 2092 5608 ὃν
2151 5558 2366 5628 εἴρηται

780 5651 1003 5719 τρόπον,
1040 5650 1068 5701 ό
1101 5648 1202 5718 μὲν
1237 5647 1529 5719 ἱερώτατος
1564 5649 1975 5720 μητροπολίτης
2011 5652 2224 5703 Κυέϐου
2272 5651 2368 5704 καὶ

781 5744 960 5812 πάσης
1000 5741 1311 5804 Ῥωσίας,ό
1359 5741 1463 5810 κῦρ
1527 5743 1785 5808 Ἀλέξιος,
1849 5744 2164 5813 εὑρίσκεται
2227 5743 2364 5796 κατὰ

779 5836 960 5892 πάντα
1009 5834 1338 5906 πειθόμενος
1377 5837 1486 5899 τοῖς
1541 5835 1923 5905 διαγνωσθεῖσι
1976 5835 2289 5902 ουνοδικῶς,
2338 5836 2366 5888 ό

2469 4626 2569 4697 τὴν
2602 4625 2825 4698 μείζονα
2869 4627 3179 4695 ἐπισκοπὴν
3216 4625 3314 4693 τῆς
3347 4624 3601 4687 Ῥωσίας,
3635 4621 3728 4675 τοῦ
3776 4624 4050 4692 Μπριανί-

2471 4735 2631 4784 σκου,
2676 4718 3066 4788 ἰδιοποιήσατο,
3112 4716 3425 4787 ἀνήκουσαν
3477 4713 3556 4784 τῷ
3616 4714 3892 4783 ίερωτάτῳ
3942 4731 4049 4783 μη-

2470 4811 2767 4882 τροπολίτῃ
2799 4801 3016 4863 Κυέϐου
3066 4810 3162 4863 κα)⁸
3227 4809 3412 4878 πάσης
3487 4807 3743 4870 Ῥωσίας,
3813 4806 3892 4876 τῷ
3943 4806 4049 4875 κῦρ

2483 4905 2726 4975 Ἀλεξίῳ,
2759 4903 2851 4973 ἀφ’
2873 4897 2933 4956 οὐ
2959 4901 3204 4971 δηλονότι
3228 4900 3539 4970 ὑφορῶνται
3587 4901 3683 4952 καὶ
3711 4899 3790 4950 ἐτι
3825 4900 4052 4968 μείζονα

2461 4997 2538 5064 ,τά
2571 4999 2718 5052 κακά
2748 4997 3131 5067 προχωρήσειν
3158 4992 3540 5061 καὶκαθολική
3592 5007 3678 5055 τις
3720 4992 3896 5060 φθορὰ
3957 4993 4049 5044 καὶ

2472 5091 2790 5161 καινοτομία
2819 5091 2928 5144 τῶν
2958 5087 3432 5159 ἐκκλησιαστικῶν
3482 5087 3828 5156 πραγμάτων
3877 5087 3936 5136 ἐν
3983 5088 4048 5153 τῇ

2470 5186 2569 5258 ὅλῃ
2601 5184 2844 5255 ἐπαρχίᾳ
2873 5184 2972 5252 τῆς
3013 5183 3245 5244 Ῥωσίας
3279 5197 3296 5214 ο
3333 5182 3367 5250 η
3427 5180 3718 5249 μετριότης
3765 5178 3948 5248 ήμῶν,
3992 5179 4052 5229 ὃν

2471 5278 2687 5347 εἴρηται
2717 5275 2945 5346 τρόπον,
2978 5273 3253 5342 κηδομένη
3279 5273 3372 5323 καὶ
3399 5270 3783 5340 φροντίζουσα,
3813 5266 4050 5338 Χριστοῦ

2470 5368 2672 5439 χάριτι,
2702 5367 2802 5437 τῆς
2832 5367 3058 5436 εἰρήνης
3079 5367 3170 5418 καὶ
3207 5363 3462 5429 ὁμονοίας
3513 5361 3605 5415 τοῦ
3660 5360 3760 5430 τῆς
3816 5360 4049 5430 Ἐκκλη-

2473 5464 2593 5525 σίας
2615 5460 2736 5513 ὅλου
2762 5457 3154 5529 πληρώματος,
3200 5455 3508 5524 ὀφείλοντος
3565 5453 3621 5507 ἓν
3671 5455 3832 5524 σῶμα
3885 5449 4050 5518 εἰναι,

2471 5554 2566 5607 καὶ
2594 5549 2903 5605 συνδεῖσθαι
2937 5549 3016 5620 τῷ
3054 5549 3154 5617 τῆς
3188 5549 3414 5618 ἀγάπης
3446 5548 3713 5618 ἀῤῥήκτῳ
3744 5545 3928 5616 δεσμῷ
3958 5547 4053 5598 καὶ

2470 5645 2617 5715 ἔχειν
2689 5643 2944 5696 ἐντεῦθεν
3000 5642 3091 5694 τὸν
3159 5641 3558 5710 ἀκρογωνιαῖον
3613 5640 3759 5692 λίθον
3815 5638 4053 5707 Χριστὸν

2470 5739 2736 5807 κεφαλὴν,
2769 5738 2885 5806 ἄμα
2937 5737 2990 5788 δὲ
3051 5735 3403 5803 ἀναχαιτίσαι
3459 5735 3778 5804 πειρωμένη
3845 5734 3935 5786 καὶ
3984 5736 4054 5786 τά

2473 5851 2539 5904 με
2553 5832 2928 5902 σολαϐἑισαντα
2961 5829 3232 5883 σκάνδαλα
3258 5827 3458 5899 μεταξὺ
3479 5829 3586 5881 τῶν
3611 5829 3701 5882 δύο
3725 5829 4054 5899 ἀρχιερέων,
