4430 6454
394 421 533 488 1377

1455 403 1839 470 8ΥΝΟΒΙΟ.-Ε
1865 405 2540 471 CONSTITUTIONES.

3459 413 3598 474 1378

379 526 878 598 συνδιασκεψαμένη
907 526 977 579 τὰ
1022 523 1150 594 περὶ
1181 521 1373 574 τούτου
1427 524 1538 583 τοῖς
1596 523 1724 590 περὶ
1766 521 1934 590 αὐτὴν
1961 532 2010 590 Α
2047 537 2152 589 ριοι
2182 521 2323 573 κατά
2341 523 2439 591 τὴν
2464 520 2686 574 ένοῦσαν
2707 522 2885 585 αὐτοῖς
2910 523 3205 593 έμπειρίαν
3258 528 3350 578 καὶ
3399 527 3603 596 είδησιν

379 623 685 694 ἱερωτάτοις
716 616 1029 687 ἀρχιερεῦσι
1059 616 1153 667 καὶ
1173 614 1516 683 ὐπερτίμοις,
1557 613 1700 664 κατά
1736 611 1939 679 Κύριον

377 713 681 780 ἀγαπητοῖς
709 708 957 775 ἀδελφοῖς
979 705 1076 772 τῆς
1108 703 1268 774 ημῶν
1300 702 1651 771 μετριότητος
1680 704 1774 753 καὶ
1812 702 1940 752 συλ-

375 803 732 870 λειτουργοῖς,
765 797 843 866 τῷ
875 796 1136 858 Κυζίκου,
1167 794 1242 861 τῷ
1267 792 1633 862 Χαλκηδόνος,
1663 791 1741 860 τῷ
1804 792 1939 843 Πον·

373 889 755 959 τοηρακλείας,
781 887 858 956 τῷ
916 884 1136 953 Βιζύης,
1191 882 1270 950 τῷ
1321 883 1419 934 καὶ
1478 882 1570 933 τὸν
1615 881 1778 933 τόπον
1842 879 1936 959 τοῦ

374 977 795 1047 Σταυροπόλεως
818 975 1089 1042 έπέχοντι,
1119 971 1197 1041 τῷ
1241 971 1518 1040 Βρύσεως.
1565 968 1643 1038 τῷ
1698 960 1941 1038 Κελτζη-

375 1071 492 1138 νῆς,
525 1068 604 1134 τῷ
628 1065 1187 1136 Χριστιανουπόλεως,
1211 1063 1289 1132 τῷ
1345 1060 1663 1128 Σουγδαίας,
1691 1059 1768 1128 τῷ
1809 1060 1942 1111 Ῥω-

375 1160 513 1220 σίου,
549 1159 625 1226 τῷ
660 1158 913 1227 Μάκρης,
969 1155 1049 1224 τῷ
1102 1153 1273 1206 Γάνον
1340 1152 1433 1204 καὶ
1491 1150 1568 1218 τῷ
1626 1149 1941 1217 τιμιωτάτῳ

377 1248 669 1317 ὐποψηφίῳ
721 1247 821 1314 τῆς
875 1244 1182 1313 ἁγιωτάτης
1232 1239 1614 1311 μητροπόλεως
1667 1237 1939 1290 Θεσσαλοο

378 1340 559 1406 νίκης,
586 1337 1048 1405 ιπευδοκήσαντος
1105 1335 1187 1395 είς
1207 1331 1369 1385 τοῦτο
1397 1330 1490 1383 τοῦ
1515 1331 1578 1382 εκ
1623 1327 1760 1380 Θεοῦ
1807 1344 1941 1396 κρα·

377 1429 559 1481 τίστου
588 1431 680 1481 καὶ
712 1427 868 1494 ἁγίου
891 1442 992 1492 μου
1021 1422 1447 1492 αὐτοκράτορος,
1476 1420 1551 1482 ὡς
1605 1419 1938 1502 ἀποδεχομέ-
1972 1425 1975 1428 “

373 1539 464 1573 νου
490 1523 557 1588 τῇ
593 1519 818 1587 έμφύτῳ
847 1516 1013 1570 αὐτοῦ
1039 1516 1166 1583 περὶ
1214 1515 1283 1566 τά
1310 1514 1452 1566 καλά
1503 1512 1833 1582 χρηστότητι
1882 1511 1942 1564 10

373 1612 472 1680 τῆς
498 1610 720 1680 είρήνης
759 1610 852 1661 καὶ
876 1607 1128 1676 ὁμονοίας
1145 1605 1309 1658 καλὸν
1338 1605 1430 1656 καὶ
1455 1604 1744 1656 διεκδικεῖν
1775 1602 1943 1655 στιεύο

372 1698 550 1758 δοντος
580 1698 757 1750 πάντα
782 1697 851 1748 τά
880 1693 1309 1764 ἐκκλησιαστικά
1335 1695 1520 1753 δίκαια
1551 1694 1642 1746 καὶ
1669 1692 1941 1761 προνόμια

371 1790 465 1840 καὶ
502 1787 862 1855 ἐκλεξαμένου
885 1788 975 1839 10v
999 1784 1326 1853 τιμιώτατον
1355 1783 1636 1836 σακελλίου
1690 1784 1790 1851 τῆς
1820 1781 1943 1835 καθ’

373 1881 521 1948 ημᾶς
544 1878 857 1946 ἁγιωτάτης
888 1875 982 1930 τοῦ
1014 1874 1150 1930 Θεοῦ
1195 1874 1434 1945 μεγάλης
1471 1874 1799 1942 Ἐκκλησίας
1853 1877 1946 1928 καὶ
1976 1898 2020 1954 Β

375 1968 789 2036 συλλειτουργδν
820 1967 915 2019 καὶ
969 1965 1059 2018 τὸν
1112 1968 1440 2034 τιμιώτατον
1500 1964 1780 2018 σακελλίου
1840 1964 1960 2033 τῆς,

373 2054 497 2114 καθ’
527 2058 674 2126 ἡμᾶς
718 2054 1027 2124 ἁγιωτάτης
1054 2051 1149 2130 τοῦ
1197 2052 1334 2106 Θεοῦ
1387 2052 1641 2121 Μεγάλης
1711 2052 1939 2122 Ἐκκλη-

374 2148 494 2210 σίας
524 2149 616 2199 καὶ
646 2145 1060 2213 δικαιοφύλακα,
1081 2147 1140 2198 έν
1171 2145 1310 2210 ἁγίῳ
1357 2143 1634 2214 Πνεύματι
1692 2144 1935 2210 γνησιὼ-

372 2255 530 2292 τατον
560 2237 676 2289 υίὸν
729 2236 828 2305 τῆς
861 2235 1020 2305 ἡμῶν
1078 2237 1454 2305 μετριότητος,
1513 2233 1614 2303 κῦρ
1668 2234 1939 2305 Γεώργιον

371 2329 618 2384 διάκονον
637 2328 729 2381 τὸν
763 2328 1056 2397 Περδίκην,
1088 2327 1180 2379 καὶ
1211 2326 1286 2390 ὡς
1318 2326 1569 2390 εὐλαϐεῖς
1619 2327 1713 2378 καὶ
1750 2327 1941 2397 χρησί-

377 2437 509 2489 μους
536 2421 632 2474 καὶ
665 2418 995 2493 ἀναγκαίους
1050 2417 1372 2490 ἀνθρώπους
1433 2419 1529 2472 καὶ
1586 2418 1793 2488 εἴδησιν
1840 2419 1942 2473 οὐκ

371 2512 559 2582 ὀλίγην
584 2513 961 2581 κεκτημένους
994 2512 1104 2565 τῶν
1138 2511 1301 2565 θείων
1335 2511 1429 2564 καὶ
1478 2511 1638 2581 ίερῶν
1678 2512 1942 2575 κανόνων,

373 2605 595 2674 έχοντας
622 2604 679 2658 δὲ
707 2605 802 2658 καὶ
849 2603 1026 2667 άλλως
1055 2604 1189 2657 πολὺ
1217 2603 1278 2655 10
1313 2603 1626 2668 ἀξιόπιστον
1681 2604 1791 2656 ἀπὸ
1847 2602 1940 2655 τοῦ
1970 2627 1976 2634 ·

372 2697 575 2766 τρόπου
648 2698 744 2750 καὶ
803 2700 902 2769 τῆς
958 2697 1227 2759 συνέσεως
1286 2695 1503 2762 αὐτῶν,
1563 2693 1942 2760 έξαπέστειλεν

372 2790 866 2859 ἁποκρισιαρίους,
929 2788 1070 2841 ὥστε
1142 2787 1474 2857 ποιήσασθαι
1511 2788 1633 2855 τὴν
1682 2785 1942 2856 τοιαύτην

374 2879 640 2944 ἐξέτασιν,
675 2881 869 2942 οῖτινες
902 2879 994 2933 καὶ
1041 2877 1348 2946 όφείλόυσιν
1401 2878 1654 2931 ἀπελθεῖν
1715 2883 1794 2942 είς
1845 2881 1943 2949 τὴν

386 2973 617 3027 Ῥωσίαν
652 2974 744 3025 καὶ
776 2971 1255 3043 προσκαλέσασθαι
1291 2971 1417 3032 τοὺς
1465 2972 1642 3024 ἐκεῖσε
1701 2970 1940 3040 θεοφιλε-

375 3068 603 3129 στάτους
636 3065 990 3129 έπισκόπους,
1016 3064 1177 3126 ὅσους
1228 3061 1290 3114 οὐ
1321 3062 1520 3116 κωλύει
1555 3063 1616 3116 10
1665 3063 1798 3117 πολύ
1841 3062 1942 3132 τῆς

372 3157 490 3211 ὀδοῦ
519 3159 694 3230 μῆκος
721 3157 800 3219 είς
829 3155 995 3210 ταυτδ
1030 3156 1330 3222 συνελθεῖν,
1355 3156 1491 3210 ἀλλά
1543 3156 1608 3226 δὴ
1661 3157 1756 3210 καὶ
1817 3157 1941 3219 τοὺς

2038 612 2147 663 τῶν
2179 613 2338 665 θείων
2369 615 2460 666 καὶ
2500 601 2671 685 ίερῶν
2699 616 2960 680 κανόνων,
3008 615 3192 679 καθὼς
3245 618 3602 687 ἀνετέθησαν,

2042 702 2370 769 ποιήσασθαι
2399 703 2693 764 ἀκωλύτως
2727 703 2825 773 τὴν
2854 704 3114 774 τοιαύτην
3168 706 3414 771 ἐξέτασιν
3472 709 3605 761 ένώ-

2040 809 2166 843 πιον
2202 792 2313 843 τῶν
2353 792 2780 858 θεοφιλεστάτων
2803 795 3120 847 έπισκόπων
3149 799 3243 848 καὶ
3284 797 3394 849 τῶν
3449 799 3607 865 εὐγεο

2039 882 2314 933 νεστάτων
2369 880 2578 948 ῥηγῶν,
2635 881 2712 943 ὡς
2757 881 2825 935 ἂν
2875 881 2971 934 καὶ
3028 883 3204 947 οὐτως
3268 886 3360 938 τὶν
3404 887 3606 955 τρόπον

2039 968 2226 1021 τοῦτον
2253 969 2460 1037 ἑκκοπῇ
2503 972 2653 1023 πάσα
2689 973 2956 1039 πρόφασις
3001 976 3097 1025 καὶ
3148 974 3360 1044 αίτίαη
3415 976 3607 1044 προξε-

2040 1057 2206 1108 νοῦσα
2233 1057 2421 1118 κακῶς
2446 1059 2539 1109 καὶ
2565 1059 2929 1120 ἀκανονίστως
2957 1063 3024 1114 τά
3055 1060 3283 1114 τοιαῦτα
3314 1065 3605 1118 σκάνδαλα.

2041 1145 2135 1207 Et;
2162 1145 2271 1212 γάρ
2296 1145 2393 1214 τὴν
2428 1148 2556 1214 περὶ
2585 1147 2778 1199 τούτου
2819 1150 3124 1218 ἀσφάλειαν
3159 1151 3484 1206 ἀπολέλυται
3515 1156 3609 1206 καὶ

2043 1236 2076 1303 ἡ
2104 1235 2355 1304 παροῦσα
2385 1225 2637 1305 συνοδικὴ
2686 1239 2904 1306 πρᾶξις,
2935 1241 3383 1310 καταστρωθεῖσα
3409 1247 3470 1296 ὲν
3534 1246 3609 1312 τῷ

2044 1323 2176 1394 ίερῷ
2209 1323 2448 1393 κωδικίῳ
2477 1326 2614 1378 κατὰ
2650 1327 2793 1396 μῆνα
2835 1329 3056 1382 Ἰούλιον
3104 1328 3198 1382 τοῦ
3225 1329 3406 1400 ⁴ςωξθ¹
3438 1331 3606 1394 ἔτους.

2111 1415 2151 1485 ἰ-
2190 1412 2331 1482 ειχε
2393 1417 2491 1468 καὶ
2549 1416 2648 1470 διὰ
2693 1421 2890 1485 τιμίας
2943 1421 3373 1490 πατριαρχικῆς
3412 1424 3612 1490 χειρὸς

2041 1507 2110 1560 τό
2137 1522 2152 1537 ·
2182 1507 2342 1573 Μηνὶ
2383 1506 2624 1574 Ἰουλίῳ
2674 1509 2789 1563 ίνδ.
2824 1510 2914 1564 ιδ’.
3262 1529 3278 1536 ’

2042 1662 2288 1740 XXXIX.
2317 1664 2648 1740 Pam'archq:
2686 1666 2872 1740 littera:
2901 1671 2971 1740 ad
3011 1670 3403 1740 imperatorem,
3444 1677 3613 1729 comi-

2114 1733 2246 1855 tium
2305 1739 2353 1789 εί
2389 1737 2568 1790 danti:
2622 1739 2677 1788 in
2739 1739 2892 1793 rebus
2932 1733 3289 1794 Janu'emium
3339 1733 3400 1796 et.
3450 1744 3614 1798 Vene-

2137 1820 2311 1855 orum.

2137 1820 2311 1860 orum.

2191 1917 2483 1970 Πιττάκιον
2510 1921 2907 1993 πατριαρχικδν
2939 1922 3075 1993 πρὸς
3102 1922 3195 1976 τὸν
3228 1922 3473 1992 βασιλέα.

2112 2048 2153 2120 -ί-
2189 2051 2488 2121 Κράτιστε,
2517 2054 2798 2122 θεόσεπτε,
2847 2056 3182 2124 θεοδόξαστε,
3229 2059 3611 2132 θεοπρόδλητε,

2042 2139 2460 2213 θεοκυδέρνητε,
2486 2144 2908 2215 θεομεγάλυντε,
2932 2149 3055 2217 am
3092 2167 3192 2221 μου
3223 2152 3457 2204 δέσποτα
3518 2152 3613 2222 βα-

2044 2231 2216 2295 σιλεῦ,
2247 2233 2435 2301 ὑγείαν
2465 2237 2560 2288 καὶ
2605 2237 2874 2308 εὐθυμίαν
2917 2239 3121 2310 ψυχῆς,
3171 2240 3266 2294 τοῦ
3323 2242 3470 2294 θείου
3519 2260 3612 2296 σου

2042 2324 2137 2376 καὶ
2162 2321 2440 2392 βασιλικοῦ
2468 2327 2718 2397 σώματος
2749 2330 2918 2399 ρῶσιν
2945 2332 3042 2384 καὶ
3076 2331 3310 2397 εὐεξίαν,
3370 2335 3480 2388 τῶν
3508 2339 3612 2389 ἀνά

2041 2419 2232 2486 χεῖρας
2290 2421 2669 2489 προκειμένων
2731 2424 3075 2492 κοινωφελῶν
3132 2425 3312 2495 ἔργων
3366 2428 3612 2499 εὐόδησιν

2042 2509 2134 2560 καὶ
2161 2510 2270 2562 πᾶν
2304 2511 2483 2575 ἄλλον,
2509 2513 2537 2565 ὃ
2564 2530 2616 2566 τι
2638 2505 2843 2581 ἀγαθὸν
2871 2515 2964 2568 καὶ
2999 2519 3288 2587 σωτήριον,
3311 2519 3608 2588 έπεύχεται

2041 2602 2104 2670 τῇ
2136 2602 2265 2672 ἁγίᾳ
2299 2603 2544 2672 βασιλεία
2571 2607 2603 2675 ή
2637 2609 2932 2677 μετριότης
2969 2610 3124 2678 ἡμῶν
3154 2612 3264 2663 ἀπὸ
3296 2611 3431 2664 Θεοῦ
3468 2629 3610 2665 παν-

2040 2697 2389 2765 τοκράτορος.
2423 2697 2635 2752 Εἰδέναι
2659 2699 2961 2768 βουλόμεθα
2988 2701 3092 2772 τὴν
3148 2704 3212 2755 lx
3259 2703 3394 2757 Θεοῦ
3442 2704 3603 2771 ἁγίαν

2043 2785 2320 2857 βασιλείαν
2351 2806 2466 2853 σου,
2499 2791 2580 2842 ὅτι
2611 2791 2750 2845 κατά
2779 2792 2871 2845 τὸν
2923 2791 3065 2846 θεῖον
3119 2795 3215 2846 καὶ
3255 2796 3451 2849 σεπτὸν
3499 2798 3614 2867 δρι-

2047 2873 2183 2942 σμὸν
2215 2874 2675 2948 διαμηνυθεῖσαή
2724 2882 3016 2949 μετριότης
3061 2882 3221 2951 ήμῶν
3277 2887 3616 2953 παρεγένετο

2045 2966 2124 3027 είς
2152 2966 2250 3036 τὴν
2292 2968 2597 3040 κρατίστην
2624 2971 2717 3022 καὶ
2744 2972 2903 3038 ἀγίαν
2939 2991 3039 3042 μου
3087 2975 3399 3030 δέσποιναν.
3445 2977 3617 3028 Συνα-

2044 3058 2402 3128 θροισθέντων
2432 3056 2527 3115 οὖν
2562 3064 2654 3115 καὶ
2688 3064 2796 3116 τῶν
2838 3065 2939 3134 τῆς
2978 3069 3284 3138 συγκλήτου
3316 3070 3615 3140 ἀρχόντων,

2046 3149 2344 3220 ἐλέχθησαν
2371 3152 2438 3204 τὰ
2470 3155 2596 3221 περὶ
2658 3154 2755 3223 τῆς
2813 3157 3136 3224 συμφωνίας
3207 3159 3303 3212 καὶ
3351 3164 3622 3214 καταστά-

374 3250 795 3318 εὺτενεστάτους
819 3247 1095 3317 μεγάλους
1120 3249 1328 3318 ﬁt“,
1385 3247 1694 3330 owqovgo;
1740 3247 1940 3315 ὁμοίως
1971 3229 2013 3286 C
2048 3251 2187 3299 σεως
2237 3237 2355 3302 ,τῶν
2397 3255 2454 3290 τι
2519 3241 2842 3297 Γεννουῖτῶν
2892 3244 2986 3296 καὶ
3034 3245 3295 3327 Βενετῶν,
3349 3248 3496 3313 ὅπως
3561 3267 3620 3302 τε

373 3341 708 3411 έπιδημῆσαι
741 3339 810 3393 δι’
846 3339 1040 3392 ἑαυτοῦ
1102 3342 1182 3401 είς
1230 3340 1329 3409 τὴν
1385 3339 1643 3409 τοιαύτην
1690 3338 1943 3404 σύνταξιν

375 3435 467 3487 καὶ
506 3433 603 3486 τοῦ
637 3433 935 3502 ίερωτάτου
991 3430 1389 3503 μητροπολίτου
1438 3431 1541 3500 κῦρ
1587 3432 1865 3499 Ῥωμανού
1910 3431 1943 3502 ἢ

372 3525 749 3595 ἐξαποστεῖλαι
794 3519 1031 3586 δίκείους
1085 3524 1404 3594 ἀνθρώπους
1469 3522 1586 3576 ἀντ’
1617 3524 1806 3586 αὐτοῦ,
1854 3522 1942 3575 ίνει

371 3618 669 3683 ἐξετάσεως
697 3617 995 3685 γενομένης
1023 3614 1176 3685 παρά
1210 3613 1310 3668 τοῦ
1340 3615 1581 3668 τοιούτου
1614 3615 1946 3683 ἀποκρισιαο

377 3712 492 3781 ρίου
528 3707 919 3779 ἀπροσπαθῶς,
958 3707 1034 3770 ὡς
1065 3705 1158 3760 τοῦ
1189 3704 1324 3760 Θεοῦ
1361 3705 1569 3759 ἀνωθεν
1619 3705 1945 3773 ἐφορῶντος,

375 3807 638 3874 παρόντος
665 3805 758 3858 καὶ
793 3801 887 3856 τοῦ
919 3802 1121 3874 μέρους
1172 3799 1266 3854 τοῦ
1311 3799 1418 3870 κῦρ
1477 3798 1760 3867 Ῥωμανοῦ
1815 3799 1946 3852 Emb-

374 3917 497 3953 πιον
525 3901 635 3954 τῶν
666 3898 974 3969 μελλόντων
1005 3895 1276 3949 συνελθεῖν
1331 3893 1768 3963 θεοφιλεστάτων
1818 3896 1941 3947 επις

376 3993 598 4045 σκόπων
631 3993 722 4044 καὶ
753 3987 1162 4057 εὐγενεστάτων
1187 3987 1376 4058 ῥηγῶν
1410 3985 1597 4040 ῑνεκεν
1627 3988 1725 4056 τῆς
1764 3970 1948 4039 τοιαύ-

373 4101 472 4154 της
502 4083 836 4147 ὑποθέσεως,
885 4081 1113 4151 γένηται
1144 4078 1422 4148 έγγραφος
1455 4076 1948 4147 κατησφαλισμένη

376 4173 654 4243 μαρτυρία
687 4172 782 4225 καὶ
817 4170 1274 4240 παρασημείωσις
1302 4168 1519 4220 πάντων
1549 4168 1658 4221 τῶν
1708 4166 1949 4237 λαληθη-

378 4264 620 4333 σομένων
650 4262 747 4315 καὶ
789 4260 1307 4328 έξετασθησομένων
1361 4257 1520 4328 χάριν
1546 4257 1657 4310 τῶν
1694 4258 1950 4312 τοιούτων

374 4357 738 4424 αίτιαμάτων,
805 4350 1260 4422 πιστωθησομένη
1318 4351 1416 4402 καὶ
1471 4349 1816 4420 ὐπογραφαῖς
1878 4349 1955 4402 0!-

376 4449 695 4519 κειοχείροις
748 4447 856 4500 τῶν
889 4462 950 4499 τε
1008 4444 1441 4513 θεοφιλεστάτων
1487 4443 1802 4511 έπισκόπων
1857 4441 1951 4494 καὶ

374 4545 485 4596 τῶν
515 4541 922 4607 εὐγενεστάτων
973 4538 1158 4610 ρηγῶν
1198 4536 1291 4591 καὶ
1345 4536 1546 4605 έτέρων
1591 4535 1949 4600 ἀξιοπίστων,

375 4637 450 4698 ὡς
473 4636 537 4688 ἂν
568 4633 773 4702 ταύτης
803 4629 1248 4700 διακυμισθείσης
1281 4627 1418 4698 πρός
1448 4643 1506 4680 τε
1537 4625 1630 4680 10v
1659 4628 1953 4697 κράτιστον

377 4730 472 4782 καὶ
524 4727 680 4795 ἀγιόν
735 4741 838 4793 μου
894 4721 1274 4792 αὐτοκράτορα
1321 4721 1415 4773 καὶ
1462 4721 1599 4789 πρὸς
1657 4721 1758 4789 τὴν
1798 4719 1954 4788 ἡμῶν

379 4821 709 4890 μετριότητα
735 4818 831 4870 καὶ
861 4816 959 4886 την
986 4815 1115 4884 περὶ
1140 4812 1308 4883 αὐτὴν
1337 4811 1487 4865 θείαν
1524 4813 1618 4864 καὶ
1641 4812 1795 4881 ίεράν
1827 4811 1956 4864 σύν-

376 4916 496 4968 οδον
547 4912 701 4982 παρὰ
748 4909 857 4963 τῶν
905 4909 1165 4961 τοιούτων
1224 4907 1684 4976 ἁποκρισιαρίων,
1735 4903 1955 4956 ἀκινδύ-

378 5024 482 5069 νως
515 5005 612 5059 σὺν
636 5001 859 5073 βοηθείᾳ
885 4998 1021 5052 Θεοῦ
1054 5000 1607 5069 ἑπαναστραφὲντων,
1642 4997 1868 5066 γένηται
1896 4997 1955 5048 10

358 5096 533 5161 δόξαν
561 5097 630 5166 τῇ
658 5094 781 5165 θείᾳ
809 5093 904 5146 καὶ
930 5090 1051 5161 ίερᾷ
1084 5090 1287 5161 συνόδῳ
1317 5092 1459 5144 κατά
1488 5093 1589 5151 τὴν
1637 5089 1746 5143 τῶν
1799 5089 1958 5143 θείων

378 5190 474 5242 καὶ
501 5187 663 5254 ίερῶν
688 5184 927 5238 κανόνων
949 5183 1235 5254 διαταγὴν,
1263 5183 1360 5235 καὶ
1386 5181 1659 5252 ἀφαιρεθῇ
1701 5179 1955 5235 έντεῦθεν

379 5285 414 5353 ὴ
447 5282 791 5354 επερχομένη
823 5279 1048 5350 δχλησις
1077 5277 1219 5330 κατά
1251 5276 1344 5330 τοῦ
1411 5274 1799 5344 Χριστιανικοῦ
1859 5275 1957 5345 τῆς

391 5374 624 5435 Ῥωσίας
645 5372 856 5440 γένους.
893 5369 1063 5438 Εἴπερ
1093 5363 1189 5421 οῦν
1233 5367 1338 5420 οὐκ
1379 5366 1628 5436 έθελήσει
1656 5369 1686 5420 ό
1733 5365 1957 5437 ίερώτα·

379 5484 468 5528 10;
502 5463 908 5534 μητροπολίτης
963 5461 1069 5530 κῦρ
1110 5460 1396 5529 Ῥωμανδς
1427 5459 1492 5512 δι’
1524 5459 1719 5512 έαυτοῦ
1774 5475 1953 5528 παρα·

379 5557 633 5626 γενέσθαι
664 5556 744 5619 είς
770 5555 870 5623 τὴν
899 5553 1277 5622 γενησομένην
1308 5549 1580 5618 έεέτασιν,
1639 5550 1793 5620 παρά
1843 5549 1956 5604 τῶν

379 5649 637 5701 τοιούτων
666 5645 1103 5716 ἀποκρισιαρίων
1131 5643 1467 5714 μηνυμάτων
1495 5645 1806 5712 γενομένων
1858 5661 1955 5696 κα-

379 5737 607 5800 νονικῶς
647 5738 782 5806 πρὸς
817 5719 1003 5801 αὐτὸν,
1035 5737 1069 5804 ἢ
1127 5737 1363 5800 οἰκείους
1410 5736 1698 5806 ἐκπέμψαι
1748 5736 1956 5806 ἀνθρὼ-

382 5849 517 5893 πους
542 5829 658 5884 ἀντ’
686 5829 878 5895 αὐτοῦ,
925 5830 1233 5898 ὀφείλουσιν
1263 5822 1408 5882 οὗτοι
1436 5828 1500 5898 δὴ
1530 5828 1578 5879 οί
1624 5829 1951 5896 ἀποκρισιάο

2047 3331 2688 3400 προσήκειπροχωρῆσαι
2716 3335 2887 3400 αὐτὴν
2920 3336 3011 3388 καὶ
3043 3325 3183 3388 κατά
3223 3341 3373 3390 ποῖον
3400 3341 3466 3408 δὴ
3498 3333 3624 3409 τρό-

2045 3437 2148 3474 πον
2204 3424 2671 3492 ἀποκαταστῆναι,
2730 3425 2813 3492 ἐφ’
2857 3422 2901 3493 ᾦ
2946 3427 3201 3496 οὐδεμίαν
3248 3431 3472 3501 ὄχλησιν
3529 3437 3624 3487 καὶ

2046 3513 2252 3583 ζημίαν
2288 3515 2540 3583 γενέσθαι
2560 3519 2673 3580 τοῖς
2712 3516 3026 3587 Ῥωμαίοις.
3061 3519 3285 3573 Τούτων
3331 3525 3435 3580 οὐν,
3481 3525 3624 3578 οὕτω

2046 3606 2346 3676 λεχθέντων
2374 3608 2669 3677 διωρίσατο
2699 3611 2795 3662 καὶ
2845 3612 3230 3682 ἀπελογήσατο
3261 3617 3355 3669 καὶ
3407 3617 3440 3683 ἠ
3493 3616 3626 3684 άγία

2050 3716 2151 3768 μου
2173 3701 2449 3769 δέσποινα,
2483 3702 2577 3755 άτε
2622 3703 2686 3775 δὴ
2731 3704 2968 3767 διανοίας
3016 3705 3282 3774 ὀξυτάτης
3344 3706 3478 3768 οὐσα
3533 3707 3628 3760 καί

2049 3793 2323 3862 συνδρομῇ
2354 3788 2550 3846 ’πασῶν
2584 3796 2691 3848 τῶν
2737 3776 2976 3863 χαρίτων
3025 3800 3118 3851 καὶ
3172 3801 3480 3869 φρονήσεως
3542 3800 3628 3853 έπ’

2047 3882 2216 3952 ἀκρὸν
2237 3883 2568 3956 ηκουσα,·τῇ
2596 3885 2692 3939 τοῦ
2721 3887 2859 3941 Θεοῦ
2908 3890 3114 3959 χάριτι,
3172 3893 3381 3962 ὅσαπερ
3436 3894 3630 3963 ἔμελλε

2049 3978 2146 4031 καὶ
2180 3979 2214 4048 ἡ
2245 3979 2373 4045 ἀγία
2399 3977 2645 4049 βασιλεία
2678 3997 2771 4033 σου
2807 3982 3058 4050 παροῦσα
3093 3983 3329 4037 ένταῦθα
3383 3986 3624 4055 διορίσα-

2051 4070 2199 4133 σθαι,
2233 4069 2432 4139 ἀδῆτα
2483 4072 2578 4125 καὶ
2604 4072 2865 4144 ἔστερξαν
2912 4077 3004 4126 καὶ
3057 4077 3104 4130 οί
3166 4078 3264 4146 τῆς
3326 4079 3630 4149 συγκλήτου

2051 4159 2333 4231 ἄρχοντες.
2396 4163 2538 4234 Πρὸς
2588 4164 2712 4227 τούς
2764 4162 2860 4219 οὐν
2920 4167 3364 4234 τοὺςητοιούτους
3418 4171 3632 4239 λόγους.

2053 4249 2201 4322 άπερ
2223 4253 2613 4323 ἀπελογήσατο
2641 4259 2673 4324 ἡ
2713 4257 3004 4328 μετριότης
3051 4259 3229 4329 ημῶν,
3289 4265 3633 4318 συντείνοντα

2053 4344 2135 4405 είς
2167 4345 2425 4398 σύστασιν
2457 4347 2550 4400 καὶ
2579 4347 2871 4416 ὠφέλειαν,
2905 4353 3000 4403 σὺν
3027 4351 3168 4420 Θεῷ,
3209 4353 3306 4422 τῆς
3357 4353 3634 4423 βασιλείας

2055 4435 2152 4489 καὶ
2183 4436 2292 4488 τῶν
2334 4437 2642 4507 Ῥωμαίων,
2675 4440 2847 4493 ταῦτά
2888 4443 3007 4493 ἐστι
3038 4457 3053 4472 ⁸
3088 4444 3305 4512 πρῶτον
3362 4448 3482 4515 μὲν,
3515 4446 3636 4517 δια-

2061 4529 2245 4597 μένειν
2275 4529 2373 4598 τὴν
2400 4531 2492 4582 τοῦ
2517 4529 2654 4584 Θεοῦ
2697 4532 3025 4603 Ἐκκλησίαν
3056 4537 3332 4608 ἀτάραχον
3386 4541 3482 4592 καὶ¹
3533 4542 3637 4606 έξω

2061 4621 2241 4690 πάσης
2261 4623 2576 4691 ἡστινοσοῦν
2600 4625 2863 4695 έπηρείας
2893 4628 2990 4698 τῆς
3020 4630 3126 4682 ἀπὸ
3182 4633 3292 4685 τῶν
3331 4636 3638 4688 Δατινικὼν

2059 4715 2383 4782 κινουμένης
2418 4713 2710 4794 δογμάτων
2725 4707 2748 4748 ”
2797 4718 2955 4772 τοῦτο
2988 4720 3045 4772 δὲ
3097 4723 3322 4792 εἴρηκεν
3353 4727 3387 4795 η
3424 4729 3642 4796 μετριό-

2058 4819 2158 4872 της
2202 4804 2359 4872 ήμῶν
2398 4807 2496 4876 οὐχ
2527 4809 2607 4859 ὅτι
2651 4808 2825 4873 άλλως
2861 4813 3073 4881 ἡγεῖται
3125 4817 3222 4886 τὴν
3272 4817 3434 4884 ἁγίαν
3485 4821 3612 4888 βασι

2057 4893 2206 4947 λείαν
2242 4911 2336 4948 σου
2367 4899 2493 4967 περὶ
2521 4899 2726 4952 τούτων
2747 4902 2912 4973 ἔχειν,
2942 4905 3110 4957 πάλαι
3140 4911 3250 4976 γάρ
3292 4905 3401 4962 οἶδε
3428 4915 3637 4981 ταύτην

2058 4990 2406 5059 ἐμμένουσαν
2437 4993 2537 5060 μὲν
2565 4996 2676 5058 τοῖς
2708 4996 2983 5067 πατρῴοις
3040 5001 3277 5068 δόγμασι
3313 5005 3406 5056 καὶ
3472 5008 3638 5076 έστη-

2059 5082 2328 5151 ριγμένην
2369 5085 2425 5135 ἐν
2454 5086 2663 5150 τούτοις
2691 5090 2935 5156 παγίως,
2962 5093 3373 5149 ἁποδιώκουσαν
3420 5099 3477 5151 δὲ
3531 5103 3640 5153 πᾶν

2055 5172 2339 5242 ἀλλότριον
2361 5173 2536 5244 δόγμα
2576 5177 2672 5228 καὶ
2723 5177 2874 5232 νόθον
2933 5181 3030 5251 τῆς
3076 5182 3171 5235 τοῦ
3222 5184 3357 5238 Θεοῦ
3415 5187 3640 5259 Ἐκκλη-

2059 5267 2202 5329 σίας,
2235 5264 2370 5339 ἀλλά
2398 5268 2486 5319 διά
2503 5272 2600 5331 τὰς
2622 5269 2916 5342 ὑπολήψεις
2934 5289 2991 5324 τε
3008 5275 3101 5327 καὶ
3118 5275 3378 5344 ὑποψίας,
3401 5277 3465 5341 ἀς
3483 5279 3640 5349 έχου-

2057 5377 2144 5412 σιν
2170 5363 2218 5413 οί
2260 5361 2466 5415 πολλοί.
2501 5365 2782 5435 Δεύτερον,
2818 5369 2913 5418 ἐπὶ
2945 5368 3156 5430 τούτοις
3186 5371 3351 5440 μηδὲν
3374 5371 3483 5424 τῶν
3510 5373 3642 5425 ὐπο-

2058 5455 2330 5522 κειμένων
2361 5459 2426 5525 τῇ
2447 5455 2696 5528 βασιλείᾳ
2730 5461 2824 5514 καὶ
2848 5464 2959 5522 τοῖς
2975 5460 3272 5530 Ῥωμαίοις
3299 5444 3642 5532 πραγμάτων

2057 5545 2162 5597 ὐπὸ
2212 5547 2461 5612 ἐξουσίαν
2493 5549 2695 5618 ἑτέρων
2722 5551 2969 5621 ποιῆσαι.
3003 5551 3221 5621 Τρίτον,
3260 5555 3428 5623 μηδέν
3452 5555 3638 5626 ἕτερον

2055 5639 2374 5709 προσθεῖναι
2434 5644 2731 5710 κεφάλαιον
2783 5643 2989 5713 μεῖζον,
3025 5644 3326 5715 ἐπειδήπερ
3381 5650 3438 5700 ὲν
3472 5641 3640 5718 πολλῇ

2056 5736 2150 5786 καὶ
2196 5735 2413 5808 μεγάλη
2445 5737 2625 5808 ἐνδείᾳ
2661 5739 2758 5791 καὶ
2786 5739 3136 5810 ταλαιπωρίᾳ
3185 5740 3280 5792 καὶ
3312 5746 3645 5817 στενοχωρία

2059 5829 2125 5878 1'1
2160 5827 2269 5879 τῶν
2309 5828 2601 5900 Ῥωμαίων
2636 5831 2795 5887 είσίν.
2834 5832 2976 5903 Πρὸς
3029 5831 3242 5895 τούτοις
3275 5833 3527 5901 γενέσθαι
3553 5841 3645 5892 καὶ
