4334 6480
750 351 890 415 I383

1571 351 1915 412 CALLISTI
1953 350 2050 410 ET
2088 347 2515 411 PHILOTHEI
2557 348 2666 410 ΟΡ.
2699 347 3168 412 ῬΑΤΒῘΑΗΟΙῙ.

3860 313 4014 400 1334

745 461 949 530 ήκοντα
975 460 1070 514 καὶ
1103 460 1311 513 δίκαιον
1362 458 1548 527 λόγον,
1609 460 1672 513 τδ
1713 460 1770 513 δὲ
1820 460 2152 531 τελούμενον
2189 460 2322 529 παρ’
2354 467 2394 522 Α
2427 460 2572 529 ἔχειν
2602 461 2902 528 ἀναφέρειν
2936 462 3026 512 ἀεὶ
3058 461 3162 527 τήν
3217 473 3278 510 τε
3303 455 3464 526 ήμῶν
3520 454 3854 522 μετριότητα
3909 457 4012 507 καὶ

745 550 935 615 αὑτοῦ,
968 552 1140 620 ήγουν
1167 551 1229 602 τὸ
1259 550 1334 620 μὴ
1364 550 1680 619 μεμνῆσθαι
1710 551 1807 618 τῆς
1835 552 1998 621 ήμῶν
2029 551 2324 620 μετριότη-

745 654 836 700 τος
864 639 924 690 ὲνιν
952 640 1072 697 ταῖς
1097 638 1293 706 ἱεραῖς.
1327 639 1405 700 ὡς
1434 640 1679 709 εἴρηται,
1711 641 1958 701 τελεταῖς
2007 642 2126 691 ἐστι
2178 641 2326 704 πάμ-

747 743 856 779 παν
891 727 1348 797 παραλογώτατόν
1388 746 1448 781 τε
1483 730 1580 781 καὶ
1633 728 1971 782 ἀδικώτατον
2019 728 2091 782 δι’
2146 730 2328 782 αίτίαν

747 815 1038 887 τοιαύτην·
1082 821 1110 870 6
1165 819 1519 889 πατριάρχης
1575 820 1841 890 Τρινόϐου
1874 815 1942 890 ἦν
1994 820 2208 872 ἀνωθεν
2235 816 2329 872 καὶ

748 909 809 974 ιε
828 910 1000 978 ἀρχῆς
1025 910 1328 962 ἐπισκόπου
1356 910 1527 980 δνομα
1553 912 1758 980 φέρων,
1791 911 2237 979 ὑποτασσόμενος
2260 913 2326 982 τῇ

747 1000 882 1071 ἁγίᾳ
910 1001 1004 1056 τοῦ
1037 1000 1176 1055 Θεοῦ
1202 1002 1431 1072 Μεγάλη
1465 1002 1798 1072 Ἐκκλησία,
1819 995 1923 1054 εἷθ’
1961 1001 2191 1071 ὕστερον
2225 1020 2331 1055 πα-

751 1091 1074 1160 ρακλήσεως
1128 1094 1419 1159 γεγονυίας
1461 1093 1663 1161 πολλῆς
1693 1094 1790 1145 καὶ
1838 1092 2077 1162 δεήσεως
2119 1096 2200 1156 είς
2233 1095 2332 1162 τὴν

753 1183 876 1235 καθ’
909 1184 1054 1251 ημᾶς
1089 1186 1297 1253 ταύτην
1328 1185 1576 1254 μεγάλην
1611 1185 1704 1238 καὶ
1732 1186 1883 1253 ίεράν
1925 1185 2146 1238 σύνοδον
2178 1186 2333 1253 παρὰ

749 1277 845 1329 τοῦ
876 1278 998 1330 τότε
1022 1278 1092 1329 τά
1119 1281 1218 1347 τῆς
1252 1278 1531 1346 βασιλείας
1560 1280 1669 1332 τῶν
1699 1281 2029 1350 Βουλγάρων
2057 1279 2323 1333 διιθύνονο

748 1384 839 1427 τος
877 1371 1153 1438 σκῆπτρα,
1194 1370 1285 1422 διά
1335 1371 1504 1440 τιμήν
1563 1371 1778 1424 ἐκείνου
1811 1375 1906 1426 καὶ
1958 1371 2054 1423 τοῦ
2078 1371 2327 1423 τοιούτου

750 1460 958 1523 εθνους,
983 1461 1430 1529 ὑποτεταγμένου
1465 1464 1729 1529 φανέντος
1756 1466 1821 1533 τῇ
1850 1462 2133 1532 καθ’ήμᾶς
2167 1463 2334 1529 ἁγιω-

747 1550 884 1619 τάτη
911 1551 1006 1603 τοῦ
1029 1551 1170 1604 Θεοῦ
1196 1555 1427 1625 Μεγάλῃ
1458 1553 1784 1624 Ἐκκλησία,
1833 1554 2086 1624 ίδωρήθη
2115 1571 2328 1620 συγκα-

747 1642 1031 1702 ταϐάσεως
1078 1644 1222 1714 λόγῳ
1265 1646 1403 1712 πρὸς
1447 1646 1540 1698 τδν
1571 1646 1842 1714 Τρινόϐου
1867 1646 1932 1708 ειδ
1964 1644 2333 1714 ὀνομάζεσθαι

747 1735 1098 1802 πατριάρχην
1159 1735 1526 1806 Βουλγαρίας,
1581 1737 1641 1788 οὑ
1677 1737 1865 1804 μέντοι
1913 1732 2055 1789 εἶναι
2085 1736 2177 1786 καὶ
2209 1751 2334 1786 συν-

747 1826 1004 1893 αρίθμιον
1033 1828 1144 1887 τοῖς
1175 1828 1384 1885 λοιποῖς
1430 1827 1764 1893 ἁγιωτάτοις
1801 1828 2195 1895 πατριάρχαις,
2236 1825 2328 1876 καὶ

746 1915 836 1967 διὰ
855 1915 1014 1968 τοῦτο
1050 1918 1185 1987 μηδὲ
1245 1919 1686 1986 μνημονεύεσθαι
1709 1921 1764 1970 ὲν
1793 1921 1904 1980 τοῖς
1946 1920 2110 1987 ίεροῖς
2139 1916 2329 1970 διπτύ-

748 2024 862 2075 χοις
896 2010 1039 2060 κατά
1071 2010 1164 2060 τὸν
1187 2008 1330 2061 θεῖον
1353 2011 1448 2064 καὶ
1478 2009 1625 2078 ίερδν
1657 2009 1860 2061 κανόνα
1882 2011 1979 2078 τῆς
2008 2009 2050 2061 δ’
2083 2008 2328 2075 συνόδου,

747 2097 978 2164 λέγοντα
1033 2100 1127 2152 ἀπὶ
1181 2100 1384 2164 λέξεως
1435 2100 1617 2152 οὕτω·
1683 2119 1700 2151 ι
1737 2095 2022 2170 Πανταχοῦ
2075 2101 2189 2158 τοῖς
2218 2100 2328 2151 τῶν

747 2191 920 2257 ἁγίων
955 2191 1217 2259 Πατέρων
1245 2193 1392 2261 ὅροις
1421 2193 1682 2260 ἑπόμενοι
1716 2195 1812 2246 καὶ
1844 2193 1935 2244 τὸν
1966 2191 2168 2262 ἀρτίως
2199 2192 2329 2243 ἀνα-

746 2282 1064 2347 γνωσθέντα
1110 2285 1313 2334 κανόνα
1364 2283 1476 2336 τῶν
1509 2290 1586 2354 ρνθ
1638 2283 2074 2352 θεοφιλεστάτων
2108 2283 2330 2335 ἐπισκό-

749 2386 869 2422 πων
913 2371 1268 2441 γνωρίζοντες
1303 2373 1370 2424 τά
1422 2373 1562 2424 αὐτ).
1595 2373 1689 2424 καὶ
1717 2374 1876 2441 ἡμεῖς
1947 2372 2209 2442 ὁρίζομεν
2238 2374 2333 2437 καὶ

748 2464 1102 2535 ψηφιζόμεθα
1154 2469 1283 2532 περὶ
1339 2467 1453 2517 τῶν
1511 2465 1822 2536 πρεσϐείων
1880 2467 1980 2534 τῆς
2016 2467 2333 2534 ἁγιωτάτης

762 2557 1095 2626 Ἑκκλησίας
1153 2559 1787 2621 Κωνσταντινουττόλεως
1850 2557 1998 2621 Νέας
2071 2557 2330 2626 Ῥώμης·

750 2650 844 2700 καὶ
869 2651 978 2716 γὰρ
1001 2647 1079 2718 τῷ
1109 2649 1284 2718 θρόνῳ
1323 2651 1423 2716 τῆς
1457 2648 1845 2719 πρεσϐυτέρας
1884 2649 2125 2719 Ῥώμης,
2159 2650 2248 2702 διὰ
2271 2648 2335 2702 τὸ

751 2738 1060 2806 βασιλεύειν
1111 2741 1212 2808 τὴν
1266 2741 1426 2792 πόλιν
1480 2741 1724 2808 ἐκείνην,
1758 2741 1806 2792 οί
1837 2740 2081 2809 Πατέρες
2105 2741 2334 2804 είκότως

749 2833 1127 2885 ἀποδεδώκασι
1154 2835 1223 2886 τά
1254 2833 1546 2901 πρεσϐεῖα.
1591 2834 1702 2886 Καὶ
1730 2831 1808 2902 τῷ
1836 2832 1986 2901 αὑτῷ
2025 2833 2213 2902 σκοπῷ
2245 2851 2336 2886 κι-

749 2928 1004 2994 νούμενοι
1059 2928 1108 2978 οί
1170 2924 1250 2997 ρν⁹
1289 2927 1702 2995 θεοφιλέστατοι
1759 2926 2055 2978 ιπίσκοποι
2115 2926 2183 2978 τά
2245 2927 2336 2979 ίσα

749 3018 1021 3088 πρεσϐεῖα
1042 3020 1353 3088 ἀπένειμαν
1377 3019 1456 3087 τῷ
1481 3021 1579 3088 τῆς
1605 3017 1754 3080 Νόας
1791 3015 2010 3087 Ῥώμης
2043 3017 2337 3087 ἁγιωτάτῳ

2427 553 2552 614 τοὺς
2576 552 2768 614 ἄλλους
2791 553 3140 622 πατριάρχας
3170 552 3230 603 ἓν
3254 551 3370 612 τοῖς
3404 550 3571 617 ἱεροῖς
3597 546 3879 613 διπτύχοις
3908 547 4016 598 καὶ

2427 643 2601 703 οὕτως
2629 643 2938 706 ἀποσώζειν
2992 643 3086 694 καὶ
3117 641 3283 693 αὑτὸν
3317 642 3376 692 ἐν
3411 641 3477 707 τῇ
3537 637 3803 705 ἑκκλησίᾳ
3835 633 4013 687 αὑτοῦ

2427 735 2520 785 τὸν
2546 732 2718 785 τύπον
2766 732 2866 800 τῆς
2899 731 3365 802 ἑκκλησιαστικῆς
3420 729 3832 787 καταστάσεως,
3870 726 4015 777 κάν-

2429 820 2623 874 τεῦθεν
2662 821 2957 890 φαίνεσθαι
3007 823 3287 891 ἡνωμένος
3312 820 3408 872 καὶ
3454 817 3809 885 συναρίθμιος
3839 817 4014 883 ἡμῖν·

2429 905 2583 975 οὗτος
2610 913 2666 965 δί
2693 912 2908 966 ἀθετῶν
2951 914 3013 966 οὑ
3068 913 3252 973 καλῶς
3289 912 3383 964 τδν
3431 909 3679 962 τοιοῦτον
3713 908 4020 973 ἐκκλησιαο

2434 1004 2619 1056 στικδν
2663 1004 2890 1073 θεσμδνι
2922 1007 3017 1056 καὶ
3067 1002 3421 1072 ἀποσκιρτῶν
3456 1002 3554 1070 τῆς
3601 996 3883 1064 ὑποταγῆς
3908 995 4021 1060 τῆς

2433 1095 2594 1165 ήμῶν
2645 1097 3003 1165 μετριότητος
3067 1093 3298 1162 καὶτῆς
3348 1091 3647 1158 καθολικῆς
3677 1086 4018 1155 Ἐκκλτισίας

2434 1183 2594 1251 Θεοῦ,
2633 1187 2696 1250 ἐξ
2741 1180 2830 1258 ἧς,
2886 1187 2962 1249 ὼς
2994 1186 3332 1250 διείληπται,
3381 1185 3440 1235 τὺ
3471 1179 3615 1235 εἶναι
3663 1181 4020 1248 πατριάρχης

2434 1279 2574 1329 κατά
2605 1275 3016 1341 συγκατάϐασιν
3045 1275 3178 1344 ἔχει,
3214 1273 3474 1344 οὑδεμίαν
3507 1274 3746 1324 ποιεῖται
3787 1267 4021 1337 μνήμην

2433 1366 2534 1435 τῆς
2562 1367 2718 1436 ἡμῶν
2744 1366 3124 1435 μετριότητος,
3177 1368 3417 1434 πρᾶγμα
3458 1363 3628 1416 ποιῶν
3658 1358 4021 1414 ἀτοπώτατον

2435 1459 2530 1512 καὶ
2559 1457 2665 1522 ἔξω
2704 1457 2812 1510 τῶν
2839 1458 2896 1523 ἐξ
2928 1458 3103 1525 ἀρχῆς
3152 1456 3487 1526 συμφωνιῶν
3542 1454 3652 1507 τῶν
3681 1448 4022 1517 ἀποταχθει-

2437 1551 2548 1602 σῶν
2588 1549 2677 1602 διά
2705 1549 2799 1602 τοῦ
2834 1548 3002 1617 τόμου
3025 1548 3120 1600 τοῦ
3153 1549 3459 1616 ἀγιωτάτου
3505 1545 3853 1613 πατριάρχου
3902 1537 4016 1605 κῦρ

2435 1639 2720 1713 Γερμανοῦ
2744 1657 2758 1671 ·
2813 1640 2948 1709 φησὶ
3005 1640 3114 1709 γάρ
3145 1641 3174 1692 6
3213 1640 3377 1700 αὑτδς
3432 1636 3784 1705 πατριάρχης
3814 1632 3874 1684 ἐν
3902 1647 4017 1682 τινι

2434 1733 2544 1786 τῶν
2606 1731 2803 1783 ἑαυτοῦ
2864 1730 3324 1800 συγγραμμάτων
3379 1726 3842 1793 ἀπολογούμενος
3879 1723 4015 1788 περὶ

2429 1824 2635 1878 τούτων
2655 1840 2669 1855 ·
2713 1843 2732 1875 ι
2773 1822 2846 1876 T6
2875 1823 2931 1876 δὲ
2958 1823 3232 1892 ήμὲτερσιν
3262 1823 3361 1891 οὑχ
3407 1821 3581 1881 οῦτως
3609 1817 3747 1886 ἔχει,
3775 1816 3876 1882 οὑχ
3908 1813 4002 1864 οῦ-

2427 1931 2559 1980 τως,
2589 1915 2724 1968 ἀλλὰ
2745 1915 3018 1986 κοσμικὴν
3048 1915 3146 1985 τὴν
3180 1914 3567 1982 κοινωφέλειαν
3607 1907 4015 1976 ἑπαγγελλόμε-

2430 2024 2520 2060 νον
2550 2006 2632 2078 τῷ
2679 2007 3034 2076 τετιμημένῳ
3100 2006 3192 2058 τοῦ
3252 2006 3361 2058 τῶν
3419 2002 3752 2069 Βουλγάρων
3819 1998 4014 2056 εθνους

2431 2101 2703 2170 ἀρχιερεῖ,
2754 2100 2818 2153 τὸ
2847 2100 3221 2169 αὐτοκὲφαλον
3267 2094 3413 2151 εῖναι
3437 2095 3739 2164 ὁλόκληρον
3767 2094 3869 2145 οὑκ
3899 2093 4012 2142 tto-

2435 2193 2817 2262 μογράφησεν,
2851 2192 2989 2246 ἀλλὰ
3035 2193 3444 2262 δασμοφορήσει
3491 2190 3674 2252 πάλιν,
3703 2183 3846 2239 τοῦτ’
3871 2184 4009 2240 ἔστι.

2432 2285 2596 2337 δώσει
2618 2285 2746 2353 τέλη
2776 2285 2872 2338 καὶ
2901 2284 3102 2354 φόρους
3135 2284 3211 2354 τῷ
3251 2283 3551 2353 τιμήσαντι
3576 2278 3898 2350 πατριάρχῃ
3921 2276 4016 2327 καὶ

2370 2421 2378 2427 .
2433 2379 2532 2446 τήν
2560 2374 2655 2429 τοῦ
2698 2377 2964 2445 ὀνόματος
3003 2374 3171 2430 αὐτοῦ
3223 2376 3313 2427 ἐπ’
3342 2373 3650 2436 ἐκκλησίας
3703 2370 4013 2439 ἀναφορὰν,

2432 2467 2510 2531 ὡς
2541 2467 2904 2536 συνεισφοράν
2926 2507 2940 2531 ,
2969 2466 3042 2529 ὡς
3071 2456 3151 2526 εἷς
3182 2465 3293 2517 τῶν
3324 2464 3430 2517 ὑπὸ
3450 2464 3550 2534 τὴν
3574 2460 4018 2517 Κωνσταντινού·

2435 2560 2594 2614 πολιν
2626 2559 3070 2630 μητροπολιτῶν,
3100 2559 3197 2612 καὶ
3225 2559 3304 2620 είς
3328 2556 3701 2626 λογιστεύσεις
3730 2556 3826 2608 καὶ
3860 2553 4024 2606 εὐθύ-

2433 2668 2555 2717 νας,
2588 2650 2732 2702 τοῦτ⁹
2785 2651 2922 2712 ἔστι,
2956 2652 3169 2720 κρίσεις
3220 2650 3542 2721 ἀχθήσεται,
3571 2648 3709 2701 ιπάν
3742 2648 3871 2699 ποτὲ
3938 2660 4022 2706 τις

2437 2744 2820 2819 παρατραπεὶς
2837 2743 2930 2811 τῆς
2951 2741 3320 2810 δασμίφορίας
3346 2741 3658 2812 ἐξελεγχθῇ.
3689 2759 3708 2791 ι
3739 2739 3900 2792 Οὕτω
3924 2738 4023 2805 μὲν

2437 2836 2472 2906 ἡ
2504 2818 2801 2905 ὑπόσχεσις
2850 2837 2945 2888 καὶ
2999 2839 3031 2905 η
3053 2835 3057 2839 ’
3083 2838 3379 2904 συμφωνία
3415 2837 3516 2906 τῆς
3540 2837 3650 2889 τῶν
3691 2837 4025 2906 Βουλγάρων

2437 2925 2732 2995 ἐκκλησίας
2763 2925 2902 2996 πρὸς
2931 2927 3033 2994 τὴν
3060 2925 3664 2982 Κωνσταντινούπολιν.
3701 2929 3814 2981 Καὶ
3851 2930 4024 2998 χωρὶς

2437 3015 2503 3084 δή
2533 3015 2751 3080 τούτου,
2793 3018 2841 3068 εί
2861 3019 2890 3067 6
2918 3020 3015 3088 τῆς
3045 3018 3678 3083 Κωνσταντινουπόλεως
3707 3021 3904 3090 θρόνος
3929 3024 4025 3074 καὶ

751 3112 952 3180 θρόνῳ,
988 3111 1230 3179 εὐλόγως
1278 3111 1572 3180 κρίναντες
1628 3109 1728 3179 τήν
1763 3109 2016 3180 βασιλείᾳ
2062 3110 2158 3162 καί⁵
2200 3127 2335 3178 συγ-
2365 3126 2410 3185 c
2443 3112 2542 3170 τάς
2566 3109 2677 3164 τῶν
2710 3109 2887 3164 ἁλλων
2920 3111 3285 3182 πατριαρχῶν
3317 3113 3551 3183 κρίσεις,
3585 3113 4024 3186 Ἀλεξανδρείας,

752 3205 938 3274 κλήτῳ
981 3205 1309 3274 τιμηθεῖσαν
1343 3204 1497 3257 πόλιν
1550 3204 1644 3257 καὶ
1692 3203 1803 3256 τῶν
1849 3205 1978 3256 ίσων
2035 3203 2340 3258 ἀπολαύου-

754 3317 855 3351 σαν
891 3298 1196 3367 πρεσϐείων
1248 3299 1315 3367 τῇ
1355 3297 1708 3369 πρεσϐυτέρα
1760 3297 1991 3366 βασιλίδι
2027 3298 2215 3367 Ῥώμῃ
2245 3298 2339 3350 καὶ

750 3392 943 3453 ἐντοῖς
1003 3389 1480 3456 ἐκκλησιαστικαῖς
1532 3389 1607 3451 ώς
1646 3389 1864 3456 εκείνην
1929 3389 2335 3458 μεγαλύνεσθαι

751 3485 1068 3553 πράγμασι,
1130 3482 1390 3549 δευτέραν
1453 3481 1575 3550 μετ’
1623 3481 1840 3551 ἐκείνην
1890 3481 2272 3549 ὑπάρχουσαν.
2311 3501 2329 3532 ι

763 3576 1000 3646 ὐμοίως
1044 3577 1137 3627 καὶ⁵
1200 3575 1341 3627 κατά
1399 3575 1489 3626 τὸν
1529 3576 1627 3643 τῆς
1663 3575 1829 3642 ἕκτης
1861 3575 2082 3626 συνόδου
2139 3576 2340 3628 κανόνα

748 3667 1142 3737 διαγορεύοντα
1175 3667 1475 3738 διαρρήδην
1505 3667 1597 3719 ἐπὶ
1621 3665 1820 3733 λέξεως
1843 3667 2076 3720 οὑτωσίν
2099 3683 2114 3697 ·
2142 3668 2339 3720 «Ἀνα-

755 3765 1042 3832 νεούμενοι
1071 3763 1139 3815 τά
1165 3762 1317 3829 παρὰ
1354 3759 1462 3812 τῶν
1493 3765 1568 3830 ρν¹
1602 3761 1776 3827 ἁγίων
1824 3759 2084 3828 Πατέρων
2130 3760 2239 3812 τῶν
2281 3763 2340 3814 έν

753 3861 820 3927 τῇ
856 3836 1213 3924 θεοφυλάκτῳ
1239 3853 1410 3923 ταύτῃ
1451 3854 1542 3905 καὶ
1568 3852 1807 3921 βασιλίδι
1856 3854 2012 3906 πόλει
2047 3852 2339 3905 συνελθόν-

751 3967 862 4002 των
916 3947 1159 4000 καὶτῶν
1195 3947 1277 4016 χλ¹
1335 3946 1446 3999 τῶν
1499 3948 1558 3998 ἑν
1608 3944 1916 4016 Χαλκηδόνι
1971 3944 2352 4028 συνελθόντων

753 4039 1214 4108 νομοθετηθέντα,
1267 4039 1549 4107 ὁρίζομεν,
1587 4035 1730 4089 ὥστε
1759 4036 1852 4088 τὸν
1895 4037 2342 4089 Κωνσταντινου-

755 4135 965 4196 πόλεως
991 4132 1183 4203 θρόνον
1215 4131 1323 4184 τῶν
1365 4131 1498 4184 ῖσων
1532 4130 1833 4183 ἀπολαύειν
1887 4129 2200 4195 πρεσϐείων
2243 4129 2342 4183 τοῦ

757 4229 854 4297 τῆς
887 4227 1274 4296 πρεσϐυτέρας
1310 4225 1531 4292 Ῥώμης
1557 4223 1752 4292 θρόνου
1787 4225 1882 4276 καὶ
1912 4223 1970 4273 ὲν
2002 4225 2115 4285 τοῖς
2143 4223 2344 4290 ἐκκλη-

757 4322 1058 4379 σιαστικοίς
1079 4318 1152 4379 ὡς
1186 4319 1394 4369 ἐκεῖνον
1431 4313 1841 4392 μεγαλύνεσθαι
1868 4316 2186 4384 πράγμασι,
2219 4314 2344 4367 6:6-

756 4426 919 4479 τερον
956 4407 1076 4477 μετ’
1107 4409 1319 4461 ἐκεῖνον
1351 4407 1690 4476 ὑπάρχοντα,
1729 4407 1849 4476 μεθ’
1878 4406 1937 4459 ὃν
1965 4409 1994 4460 6
2028 4407 2125 4476 τῆς
2160 4406 2318 4471 Ἀλεξ

2457 3202 2795 3272 Ἀντιοχείας
2820 3203 2919 3255 καὶ
2959 3203 3376 3276 Ἰεροσολύμων,
3409 3206 3506 3258 καὶ
3545 3205 3908 3274 ἐπανακρίνει
3933 3209 4028 3260 καὶ

2441 3295 2721 3358 διευθετεῖ,
2739 3298 2832 3348 καὶ
2862 3296 3258 3365 ἐπιψηφίζεται
3284 3296 3381 3349 καὶ
3412 3298 3474 3349 τὸ
3499 3296 3664 3367 κῦρος
3689 3298 3930 3363 δίδωσιν,
3950 3299 4028 3361 ὡς

2442 3388 2492 3440 οἱ
2515 3388 2650 3440 θεῖοι
2672 3389 2900 3451 κανόνες
2921 3388 3306 3460 διαγορεύουσι
3331 3390 3426 3443 καὶ
3450 3390 3505 3442 αί
3525 3390 3751 3458 πράξεις
3779 3393 4030 3461 ἐπεμαρ-

2441 3478 2711 3547 τύρησαν,
2742 3479 2862 3543 πῶς
2890 3481 2950 3532 οὑ
2986 3479 3167 3549 πολλῷ
3206 3482 3410 3551 μᾶλλον
3437 3482 3534 3552 τῆς
3555 3483 3663 3536 τῶν
3692 3484 4029 3556 Βουλγάρων

2443 3573 2740 3642 ὲκκλησίας
2793 3574 2822 3626 6
2871 3573 3059 3644 θρόνος
3104 3573 3259 3638 οὗτος
3311 3578 3500 3648 κύριος
3554 3578 3751 3643 ἔσται,
3799 3581 3936 3649 παρ’
3966 3579 4034 3633 οῦ

2443 3666 2630 3718 καὶτὸ
2684 3665 3055 3734 ὀνομάζεσθαι
3094 3667 3444 3738 πατριάρχης
3483 3671 3813 3740 τετίμηταις
3866 3673 4034 3728 ’Δλλά

2444 3757 2751 3822 γινώσκετε
2807 3757 3021 3825 σαφῶς,
3083 3759 3165 3811 δτι
3221 3762 3383 3830 εῖπερ
3416 3760 3518 3814 οὑκ
3565 3757 3634 3832 ἦν
3682 3765 3713 3832 ή
3753 3767 3894 3835 πρδς
3937 3767 4032 3818 τὸν

2445 3848 2779 3919 ὑψηλότατον
2813 3849 3041 3919 βασιλέα
3069 3851 3559 3936 τῶνθΒουλγάρων,
3589 3858 3648 3909 ὲν
3681 3857 3821 3928 ἁγίῳ
3857 3859 4031 3912 Πνεῦ-

2448 3959 2581 4012 ματι
2617 3944 2996 4012 γνησιώτατον
3024 3945 3141 3998 υίδν
3181 3947 3279 4014 τῆς
3304 3946 3467 4018 ήμῶν
3517 3951 3898 4022 μετριότητος,
3923 3955 4032 4023 κῦρ

2459 4034 2717 4104 Ἰωάννην
2757 4037 2851 4089 τὸν
2886 4039 3112 4106 Ἀσάνη,
3151 4039 3452 4112 εἰλικρινὴς
3505 4043 3693 4112 σχέσις
3719 4047 3818 4098 καὶ
3851 4047 4035 4101 διάθε-

2446 4142 2530 4189 σις
2565 4127 2737 4200 αὐτῆς
2769 4129 2865 4180 καὶ
2896 4128 2956 4180 τὸ
2986 4129 3062 4199 μὴ
3099 4130 3410 4201 λυπηθῆναι
3452 4133 3643 4187 τοῦτον
3667 4136 3754 4190 διά
3789 4137 3893 4208 τήν
3920 4157 4032 4192 τοι-

2446 4220 2620 4288 αύτην
2655 4221 2858 4279 αἰτίαν.
2896 4217 3043 4292 εἶχεν
3075 4222 3184 4275 ἀπὺ
3203 4224 3419 4278 δικαίου
3470 4228 3503 4297 ή
3546 4229 3842 4299 μετριότης
3871 4234 4033 4302 ήμῶν

2443 4314 2519 4374 ὡς
2550 4314 2934 4383 οίκουμενικδς
2982 4317 3356 4387 πατριάρχης,
3415 4318 3503 4373 διὰ
3529 4322 3628 4390 τῆς
3660 4322 3754 4375 τοῦ
3789 4325 4033 4395 Χριστοῦ

2448 4407 2694 4476 χάριτος,
2717 4409 3006 4476 ἀνακρῖναι
3026 4411 3092 4461 τά
3112 4411 3233 4462 κατ’
3259 4411 3426 4465 αὑτὸν
3448 4413 3543 4465 καὶ
3577 4414 3834 4478 ἐξετάσαι
3858 4419 4035 4473 ταῦτα

757 4473 996 4571 ανδρέων
1035 4473 1841 4572 μεγαλοπόλεως-ἀριθμεῐσθω
1885 4473 2096 4567 θρόνος,
2149 4498 2270 4553 εἶτα
2314 4502 2344 4554 6
2379 4473 2659 4568 Deis-3+1»,
2689 4498 2814 4551 καθ’
2863 4473 3014 4569 ήμᾶς
3048 4501 3201 4568 ίεράν
3251 4505 3348 4556 καὶ
3387 4473 3634 4573 μεγάλην
3683 4510 3923 4572 σύνοδον,
3958 4513 4036 4578 ὡς

755 4597 856 4663 τῆς
894 4595 1227 4664 Ἀντιοχείας
1253 4595 1346 4644 καὶ
1389 4591 1530 4659 μετά
1566 4591 1759 4644 τοῦτον
1789 4593 1816 4644 6
1841 4590 1941 4660 τῆς
1977 4590 2344 4661 Ἱεροσολυμι-

757 4689 865 4740 τῶν
887 4687 1116 4748 πόλεως.
1149 4704 1170 4737 ι
1223 4685 1444 4754 Ἐπειδὴ
1477 4687 1634 4737 πέντε
1663 4685 2003 4754 πατριάρχαι
2032 4686 2342 4755 ἐτάχθησαν

754 4783 817 4833 τὸ
850 4781 970 4831 κατ’
999 4778 1172 4848 ἀρχάς
1196 4777 1349 4846 παρὰ
1375 4778 1472 4846 τῆς
1510 4777 1806 4846 καθολικής
1848 4777 1944 4829 καὶ
1972 4778 2340 4848 άποστολικῆς

768 4875 1100 4936 Ἐκκλησίας
1158 4868 1425 4939 Χριστοῦ,
1470 4870 1665 4939 μέχρις
1701 4870 1768 4922 ἂν
1795 4869 1966 4940 συνῆν
2018 4872 2151 4941 ήμῖν
2182 4874 2277 4926 καὶ
2304 4876 2333 4926 6

755 4971 990 5028 πάππας
1057 4966 1298 5035 Ῥώμης,
1349 4963 1533 5016 ἔκτοτε
1594 4963 1650 5016 δὲ
1705 4964 1870 5032 μέχρι
1926 4963 2020 5016 τοῦ
2057 4963 2153 5018 νῦν
2200 4965 2343 5017 είσιν

753 5062 1029 5132 ἡνωμένοι
1083 5061 1132 5111 οί
1173 5058 1464 5127 τέσσαρες,
1517 5055 1715 5118 οἵτινες
1779 5056 2066 5109 κοινωνίαν
2118 5058 2340 5128 ἔχοντες

755 5155 1144 5210 άδιασπάστως
1193 5151 1632 5220 μνημονεύονται
1669 5147 1799 5219 παρ’
1847 5150 2101 5221 ἀλλήλων
2130 5135 2342 5214 ένιταῖς

758 5249 1250 5316 ἐκκλησιαστικαῖς
1304 5245 1512 5306 πάσαις
1562 5243 1869 5307 συνάξεσιν.
1917 5245 2066 5296 Ἔδει
2093 5244 2227 5312 γοῦν
2251 5244 2342 5297 τὸν

758 5341 1024 5413 Τρινὸϐου
1066 5338 1441 5409 πατριάρχην,
1465 5337 1581 5406 άμα
1617 5338 1716 5407 μὲν
1746 5337 1814 5388 δι’
1846 5337 1911 5408 ήν
1945 5335 2179 5405 ὤφειλεν
2199 5338 2345 5407 ἔχειν

760 5436 1044 5504 ὑποταγὴν
1076 5435 1159 5495 είς
1190 5435 1289 5503 τὴν
1331 5434 1453 5484 καθ’
1506 5433 1655 5501 ἡμᾶς
1716 5431 2033 5499 ἀγιωτάτην
2084 5431 2178 5484 τοῦ
2207 5431 2346 5484 Θεοῦ

756 5530 1022 5599 Μεγάλην
1088 5525 1442 5594 Ἐκκλησίαν,
1500 5524 1629 5594 παρ’
1663 5520 1728 5596 ἦς
1778 5525 1971 5594 εῖληφε
1999 5527 2092 5579 καὶ
2114 5527 2173 5577 τὸ
2208 5521 2349 5578 εἷναι

756 5629 848 5677 καὶ
881 5623 942 5675 τὸ
980 5619 1349 5690 ὀνομάζεσθαι
1385 5622 1760 5689 πατριάρχης,
1796 5620 1912 5687 ἅμα
1957 5618 2014 5672 δὲ
2045 5620 2136 5672 καὶ
2168 5620 2256 5672 διά
2286 5621 2345 5673 τὸ

764 5719 1172 5792 περιποιεῖσθαι
1217 5716 1397 5784 ἑαυτῷ
1421 5713 1591 5784 τιμήν
1623 5717 1719 5768 καὶ
1740 5715 2028 5766 κοινωνίαν
2057 5713 2158 5784 τῆς
2184 5715 2348 5784 ήμῶν

761 5815 1117 5887 μετριότητος
1173 5813 1264 5866 καὶ
1298 5809 1408 5864 τῶν
1446 5808 1625 5865 ἄλλων
1676 5812 2054 5882 πατριαρχῶν,
2090 5811 2342 5879 ἀνάγκην

2453 4591 2620 4660 μέχρι
2652 4592 2747 4645 τοῦ
2781 4591 2876 4646 νῦν
2911 4593 2986 4664 μὴ
3009 4597 3414 4664 γινωσκόμενα,
3439 4599 3532 4650 καὶ
3561 4599 3592 4668 ἢ
3627 4598 3814 4654 λαϐεῖν
3839 4603 4037 4658 τοῦτον

2446 4684 2740 4754 διόρθωσιν
2771 4685 2803 4758 ἢ
2843 4689 3148 4750 κανονικῶς
3183 4688 3430 4755 εὑθῦναι,
3483 4690 3560 4754 ῶς
3590 4692 3894 4751 ἀθετοῦντα
3938 4699 4037 4770 τήν

2447 4775 2784 4846 Ἐκκλησίαν
2834 4779 3140 4849 προδήλως,
3183 4779 3242 4845 ἐξ
3273 4777 3362 4853 ἦς,
3393 4781 3469 4846 ὡς
3501 4785 3765 4850 πολλάκις
3791 4791 4036 4860 εῖρηται,

2445 4870 2508 4922 τὸ
2531 4867 2670 4924 εἶναι
2729 4874 3083 4942 πατριάρχης
3111 4875 3482 4944 κεκλήρωται,
3531 4877 3565 4948 ἢ
3600 4881 3659 4931 τό
3692 4897 3755 4948 γε
3779 4882 4039 4953 δεύτερον

2450 4963 2832 5036 ἀποστερῆσαι
2861 4963 3052 5019 τοῦτον
3075 4965 3171 5018 τοῦ
3190 4968 3435 5020 τοιούτου
3465 4969 3734 5039 ὀνόματος
3753 4976 3822 5045 σή
3855 4975 3915 5028 δὲ
3942 4977 4037 5031 τοῦ

2450 5057 2695 5110 τοιούτου
2759 5057 3027 5128 βασιλέως
3078 5058 3265 5130 ἀγάπη
3301 5063 3394 5114 καὶ
3441 5061 3688 5128 διάθεσις
3732 5068 3913 5122 πείθει
3940 5071 4040 5142 ίᾷν

2450 5149 3002 5219 ἁπολυπραγμόνητα
3033 5151 3223 5217 ταῦτα,
3277 5156 3474 5224 μέχρις
3521 5155 3589 5208 άν
3613 5157 3907 5227 διόρθωσιν
3943 5162 4039 5216 λά·

2453 5243 2600 5296 ϐοιεν
2656 5243 2808 5315 παρά
2842 5244 2937 5297 τοῦ
2993 5245 3160 5299 αὑτοῦ
3203 5249 3549 5317 πατριάρχου
3588 5250 3886 5320 Τρινόϐου·
3940 5258 4038 5308 καὶ

2454 5337 2630 5390 ταῦτα
2662 5338 2760 5407 μὲν
2789 5336 2917 5407 περὶ
2946 5337 3040 5391 τοῦ
3062 5338 3179 5400 ἑνὸς
3205 5340 3528 5406 κεφαλαίου.
3555 5342 3630 5395 T6
3656 5344 3712 5396 δὲ
3745 5345 3810 5415 δή
3843 5348 4040 5415 βαπτί-

2455 5430 2570 5495 ζειν
2603 5435 2731 5493 τοὺς
2754 5431 2925 5500 ίερείς
2954 5431 3066 5485 τῶν
3096 5431 3429 5505 Βουλγάρων
3453 5435 3534 5497 είς
3572 5437 3704 5504 μίαν
3739 5441 4041 5496 κατάδυσιν

2455 5526 2550 5578 καὶ
2602 5525 3048 5594 περιρραντίζειν
3088 5525 3310 5591 αὐτοὺς,
3372 5527 3448 5590 ώς
3486 5527 3700 5599 ἔτυχεν,
3731 5530 3886 5585 ὕδατί
3920 5535 4038 5588 ἐστι

2458 5621 2700 5689 πρᾶγμα
2725 5617 3080 5672 ἀτοπώτατον
3109 5619 3207 5672 καὶ
3239 5619 3564 5684 δυσσεϐείας
3618 5623 3933 5693 ἀνάμεστον
3959 5641 3974 5655 ·
4007 5629 4038 5697 ἡ

2457 5717 2567 5785 γάρ
2600 5712 2844 5778 διάταξις
2895 5713 3005 5766 τῶν
3044 5713 3217 5781 ἁγίων
3260 5711 3492 5778 ἐνδόξων
3522 5714 3618 5768 καὶ
3658 5719 4040 5790 πανευφήμων

2457 5806 2776 5864 ἀποστόλων
2811 5809 2904 5862 καὶ
2931 5808 2982 5861 οί
3009 5808 3053 5862 ίε
3065 5807 3149 5876 pol
3174 5806 3377 5861 τούτων
3409 5809 3637 5875 κανόνες
3668 5811 3883 5876 πάντας
3909 5812 4040 5878 τοὺς
