4010 6586
351 420 423 486 l3
1472 419 1870 480 ADVERJUS
1911 419 1953 479 Ο

2063 404 2222 481 aco’s
2245 421 2387 484 ωδ.
2433 422 2481 482 ι.
2649 493 2652 496 ,
3537 425 3602 491 tt

355 536 728 606 subtiliterque
799 551 895 604 pro
942 535 1177 588 materite
1213 534 1469 606 dignitate
1516 534 1787 602 procedit,
1821 549 2004 600 eosque
2040 535 2293 600 praetori
2327 534 2602 590 bellatoris
2637 534 2830 597 instar,
2863 534 2972 590 suis
3012 537 3349 602 potissimum
3386 540 3601 596 revincit

356 625 568 685 armis;
600 633 754 692 atque
791 622 1036 681 inclitum
1069 637 1322 678 errorem.
1363 622 1465 672 imo
1510 622 1800 688 ingenitum
1836 621 2181 674 contentionis
2211 623 2471 689 studium,
2503 622 2564 674 ab
2600 624 2748 692 ipsis,
2789 633 2844 674 ut
2888 624 2964 676 ita
3002 625 3202 690 dicant,
3239 625 3601 693 fundamentis

356 713 554 778 aperit.
592 711 814 779 detegit,
851 709 1050 769 nudat,
1089 709 1362 777 ipsumque
1400 709 1658 764 radicitus
1688 708 1886 760 evellit.

432 798 502 850 Id
535 798 772 863 equidem
812 814 870 850 eo
904 796 1155 849 libentius
1192 796 1465 857 transtuli,
1495 812 1594 864 quo
1622 805 1670 846 et
1701 813 1729 844 a
1767 803 1834 854 te,
1867 793 1952 844 cui
1979 792 2158 844 omnia
2187 791 2331 860 ﬁdeli
2357 794 2598 862 obsequio
2629 791 2808 854 debeo,
2839 793 3217 866 injungebatur
3245 809 3264 848 .'
3294 803 3341 847 et
3365 795 3428 848 ob
3458 795 3604 848 anti-

355 903 518 955 quum
563 894 786 954 gentem,
815 896 900 936 ‘ac
941 885 1141 936 dudum
1186 883 1462 952 inclytam,
1493 893 1540 937 et
1574 884 1716 935 omni
1753 897 1936 950 genere
1974 879 2148 932 laudis
2184 877 2465 930 illustrem.
2540 878 2669 943 Quis
2698 880 2834 930 enim
2866 881 3064 934 nesciat
3093 879 3302 935 (ἐι-α’σοε
3327 882 3450 936 olim
3487 901 3607 938 cum

354 975 627 1037 sapientia
659 984 704 1024 et
765 971 1088 1039 eloquentia,
1131 981 1236 1024 tum
1288 971 1393 1040 ﬁde
1433 987 1493 1023 ac
1528 971 1798 1038 religione,
1831 971 2136 1035 ca’terisqne
2170 969 2419 1019 virtutum
2460 969 2682 1031 meritis,
2718 969 2918 1020 eunetis
2953 969 3059 1035 fere
3092 969 3402 1022 mortaliius
3433 971 3608 1024 τυπίσι.

357 1063 569 1115 luisse?
604 1060 786 1128 eff-gn,
816 1071 992 1130 utpar
1021 1071 1157 1123 erat,
1192 1077 1254 1112 ac
1285 1061 1500 1115 moleste
1529 1059 1757 1128 ferebam
1778 1099 1791 1121 ,
1828 1056 2132 1125 hujusmodi
2167 1056 2367 1107 diutius
2402 1055 2707 1122 impeditam
2766 1055 2965 1124 laqueis
2997 1056 3268 1128 plagisque
3300 1059 3604 1112 irretitum:

357 1150 528 1217 alique
559 1149 634 1208 id,
664 1147 781 1214 jam
818 1149 1022 1216 pridem
1062 1148 1285 1200 summis
1315 1146 1712 1200 calamitatibus
1739 1148 1817 1198 ita
1863 1144 2111 1198 obtritam
2149 1150 2197 1194 et
2237 1153 2624 1210 consumptam.
2659 1155 2712 1195 ut
2742 1144 2827 1196 vix
2860 1143 3024 1195 u’lum
3058 1147 3328 1213 vestigium
3365 1148 3609 1215 pristina:

355 1236 546 1305 gloria:
602 1250 664 1286 ac
699 1235 982 1303 dignitatis
1033 1244 1195 1288 seruet
1221 1249 1239 1286 :
1270 1235 1671 1302 cupiebamque,

1753 1242 1798 1285 te
1835 1232 2169 1298 potissimum
2216 1242 2431 1281 auctore
2480 1246 2540 1282 ac
2584 1231 2734 1288 duce.
2775 1247 2913 1293 eam,
2962 1231 3061 1282 etsi
3104 1247 3207 1282 non
3240 1233 3292 1283 in
3322 1233 3610 1298 pristinam

358 1326 702 1391 dignitatem,
741 1323 978 1390 priscam
1014 1324 1383 1386 sanctitatem,
1415 1322 1705 1390 faciemque
1737 1320 1964 1383 restitui,
1992 1317 2044 1372 id
2075 1317 2266 1385 quippe
2297 1318 2469 1387 majus
2503 1326 2600 1382 est,
2638 1332 2798 1386 quant
2825 1328 2883 1398 ut
2909 1316 3199 1384 optandum
3233 1320 3381 1372 nobis
3406 1321 3477 1371 sit
3504 1361 3517 1385 ,
3553 1330 3608 1372 at

357 1412 554 1462 saltem
591 1409 656 1461 ab
685 1409 1041 1462 internecione
1073 1409 1313 1462 liberari.

434 1495 608 1551 Tuum
650 1496 838 1564 quippe
877 1503 950 1547 est
975 1534 990 1556 ,
1025 1504 1077 1549 et
1108 1510 1220 1548 esse
1248 1493 1534 1563 intelligis,
1581 1492 1732 1562 Papa
1779 1493 2103 1558 beatissime,
2137 1503 2384 1545 errantes
2416 1493 2650 1546 homines
2685 1494 2754 1546 ad
2783 1503 2982 1548 rectum
3021 1510 3269 1548 revocare
3304 1495 3424 1556 iter,
3457 1504 3611 1562 atque

363 1584 438 1635 ad
477 1583 831 1635 imitationem
862 1581 966 1634 ueri
996 1584 1279 1652 neruique
1307 1583 1558 1658 pastoris,
1581 1582 1732 1649 cujus
1761 1582 1891 1633 rites
1925 1580 1979 1631 in
2011 1579 2164 1632 terris
2195 1579 2330 1647 agis,
2350 1595 2491 1632 ouem
2518 1581 2804 1647 perditam,
2829 1597 2893 1632 ac
2925 1597 3017 1647 per
3044 1582 3185 1634 devii
3204 1583 3398 1633 erroris
3427 1591 3612 1645 antra-

357 1682 479 1722 ctus
520 1671 663 1723 male
718 1670 963 1730 liberam,
996 1679 1152 1738 atque
1185 1672 1238 1722 in
1263 1670 1544 1732 perniciem
1574 1685 1727 1724 suain
1767 1667 2094 1736 gradientem
2121 1667 2356 1718 studiose
2392 1670 2672 1736 requirere,
2693 1670 3062 1737 inuentumque
3085 1683 3148 1720 ac
3173 1671 3340 1722 sacris
3381 1669 3612 1722 humeris

355 1759 673 1826 impositam
690 1758 760 1810 ad
783 1756 914 1810 ovile
946 1759 1205 1813 revehere.
1250 1755 1406 1820 Tute.
1449 1757 1689 1824 inquam,
1711 1755 1904 1824 gloria:
1933 1755 1988 1806 in
2017 1753 2204 1821 primis
2238 1761 2338 1816 est,
2379 1761 2508 1806 adeo
2532 1754 2767 1808 diuinum
2801 1770 2954 1823 opus,
2987 1765 3098 1806 tam
3122 1755 3439 1824 praclarum
3476 1757 3612 1823 (ae;-

360 1862 488 1906 nus,
514 1854 629 1899 tota
658 1845 826 1898 animi
855 1846 1148 1900 intentione
1171 1846 1458 1913 suscipere,
1495 1844 1728 1912 nihilque
1759 1842 2048 1911 diligentia:
2075 1842 2336 1900 mus'ttere.
2359 1841 2486 1894 dum
2517 1843 2570 1894 id
2599 1843 2853 1912 conﬁcias
2883 1859 2900 1896 :
2930 1852 2984 1898 ut
3004 1858 3108 1912 quo
3137 1851 3348 1909 pastore
3377 1843 3612 1898 Occidam

360 1929 612 1986 Ecclesia
641 1932 818 2000 plures
845 1943 965 1985 ante
996 1949 1162 1986 annos
1211 1934 1381 1986 divisa
1413 1931 1670 2001 [wderata
1705 1939 1807 1994 est,
1839 1947 1900 1986 eo
1937 1937 2172 1992 auctore,
2211 1928 2450 1984 Brieutis
2489 1930 2955 1994 etiam-Ecclesia,
3005 1933 3207 2000 majore
3235 1933 3382 2002 longe
3432 1949 3498 1985 ac
3519 1940 3613 1987 de.

362 2022 561 2071 teriore
593 2021 832 2073 scissura
859 2029 1154 2092 segregata,
1184 2020 1282 2074 sub
1311 2036 1414 2072 uno
1442 2021 1636 2088 capite,
1669 2019 1871 2088 reliquo
1899 2015 2150 2072 Ecclesia!
2174 2018 2392 2096 corpori
2417 2018 2684 2086 jungatur
2713 2034 2732 2072 :
2761 2036 2822 2072 ne
2845 2019 3045 2073 diutius
3078 2036 3109 2072 a
3140 2033 3332 2074 ca'tera
3359 2037 3612 2090 compage

361 2111 592 2178 disjecta
622 2113 820 2180 prtedte
877 2128 939 2165 ac
968 2112 1160 2177 pabulo
1193 2110 1446 2164 liarbaris
1484 2112 1553 2165 sit
1584 2126 1602 2163 :
1635 2126 1734 2163 neu
1795 2108 1919 2162 inde
1947 2105 2309 2162 Christianum
2339 2123 2524 2162 nomen
2552 2109 2795 2176 [traditus
2830 2108 3077 2174 tollatur,
3108 2111 3204 2163 ubi
3230 2113 3406 2178 primo
3456 2128 3615 2166 exor-

366 2209 477 2249 tum
501 2208 601 2267 es_t,
628 2214 731 2261 quo
757 2199 882 2267 quid
919 2183 1025 2250 dici
1056 2197 1296 2266 gravius,
1321 2197 1448 2265 quid
1477 2197 1705 2266 cogitari
1729 2194 2004 2264 indignius
2029 2194 2244 2260 potest!

440 2261 701 2339 σταταιοτ
731 2261 932 2350 sanctae
959 2261 1115 2338 menti
1148 2295 1274 2342 tute.
1334 2261 1556 2336 Damna
1575 2261 1900 2345 beatissime,
1941 2285 2183 2354 gratulor
2205 2284 2474 2353 felicitati,
2530 2296 2676 2356 teque
2701 2287 2769 2342 ad
2789 2288 2846 2342 id
2868 2303 2996 2356 opus
3021 2289 3278 2345 divinitus
3295 2291 3616 2345 instinctum

365 2373 594 2440 mirifice
613 2370 858 2438 exsulto;
911 2389 1014 2446 quo
1044 2372 1174 2424 nihil
1203 2371 1508 2440 gloriosius,
1551 2370 1682 2422 nihil
1720 2386 1832 2424 esse
1884 2373 2049 2439 possit
2086 2370 2372 2425 illustrius.
2415 2372 2526 2445 lloc
2572 2375 2618 2426 si
2648 2375 2844 2442 eﬁcere
2875 2378 3131 2443 potueris,
3183 2380 3381 2444 poteris
3415 2393 3615 2446 autem.

364 2460 585 2514 Christo
617 2463 919 2526 miserante,
952 2464 1043 2530 qui
1076 2472 1126 2514 te
1159 2463 1226 2512 ad
1255 2460 1351 2512 hoc
1384 2475 1574 2512 munus
1611 2457 1803 2528 elegit;
1835 2457 2126 2524 plurimum
2157 2459 2225 2512 ad
2253 2468 2463 2512 tuorum
2500 2463 2808 2515 meritorum
2839 2465 3112 2516 cumulum
3132 2467 3440 2527 accessisse,
3463 2484 3616 2522 nemo

366 2550 474 2602 nisi
505 2551 701 2616 judicii
757 2567 818 2603 ac
842 2549 1066 2601 rationis
1101 2550 1318 2619 ignarus
1347 2548 1645 2615 denegabit,
1675 2545 1884 2616 quando
1916 2561 2017 2598 non
2042 2546 2214 2602 solum
2250 2548 2547 2616 reﬁciendis
2575 2549 2668 2601 diu
2693 2550 2950 2618 collapsis
2973 2554 3142 2606 sacris
3167 2553 3388 2618 a’dibus,
3415 2571 3616 2621 verum,

367 2637 541 2690 multo
571 2638 784 2704 dignius
817 2637 1183 2689 instauranda:
1219 2636 1506 2688 universali
1549 2632 1819 2696 Ecclesitc,
1858 2634 2000 2686 omni
2037 2635 2214 2687 studio
2251 2637 2528 2692 incumbis.
2551 2635 2665 2706 Sed
2689 2639 2825 2692 attint
2853 2639 3037 2694 laudes
3067 2651 3186 2699 tuas
3211 2645 3456 2712 pt'ottequi
3489 2659 3618 2712 pro.

367 2729 602 2794 positum
635 2743 738 2779 non
769 2736 866 2778 est.
897 2725 1024 2779 Sum
1062 2742 1257 2777 memor
1292 2727 1399 2792 ipse
1436 2727 1572 2790 mei,
1619 2724 1814 2793 facient
1844 2724 1939 2777 hoc
1965 2722 2340 2776 excellentiora
2377 2725 2587 2796 ingenia
2615 2741 2633 2780 :
2664 2725 2796 2777 mihi
2831 2735 2912 2779 sat
2935 2727 3129 2796 fuerit,
3169 2744 3264 2797 pro
3296 2730 3494 2804 ingenii
3539 2741 3619 2792 te-

369 2819 575 2867 nuitate
603 2813 924 2872 satisfecisse
948 2813 1178 2882 jussioni
1211 2822 1337 2866 tuor.

445 2901 695 2964 Sane,’id
725 2919 876 2968 opus,
908 2902 1048 2971 quod
1073 2909 1260 2953 auctor
1284 2901 1391 2968 ipse
1427 2901 1740 2953 continuata
1765 2901 1994 2954 dictione
2029 2915 2132 2952 uno
2168 2897 2431 2953 uolumine
2455 2900 2694 2963 inclusit,
2728 2918 2824 2955 nos
2850 2902 3080 2956 utilitati
3111 2903 3421 2976 legentium,
3453 2906 3620 2974 fasti.

366 2994 564 3059 dieque
601 2990 954 3049 consulentes,
996 2989 1121 3058 quia
1162 2988 1431 3057 prolixum
1455 2988 1607 3041 valde
1631 2989 1929 3053 videbatur,
1959 2989 2013 3042 in
2047 2987 2206 3040 libros
2236 2998 2488 3054 quatuor,
2516 2992 2791 3044 commoda
2822 2992 3164 3045 distinctione
3187 2993 3501 3061 divisimus,
3562 3007 3620 3049 ut

368 3095 465 3144 per
494 3077 806 3144 hujnsmodi
844 3075 1002 3128 veluti
1031 3085 1222 3135 metas,
1263 3075 1474 3126 lectoris
1515 3075 1732 3128 animus
1766 3091 1797 3129 a
1824 3075 1949 3148 iugi
1987 3079 2297 3130 certaminis
2343 3080 2717 3133 exercitatione
2764 3081 3136 3148 requiesceret,
3176 3095 3227 3136 et
3273 3085 3508 3138 alacrior
3551 3090 3620 3137 ad

367 3165 584 3234 reliqua
612 3163 946 3232 perlegenda,
978 3163 1336 3230 intentiorque
1361 3178 1565 3226 seraper
1588 3173 1910 3233 assurgeret.
1939 3147 2004 3217 "Si
2031 3165 2157 3233 quid
2192 3173 2366 3218 autem
2399 3167 2452 3218 in
2488 3168 2588 3219 hac
2622 3147 3058 3233 interpretatione
3087 3171 3163 3222 vel
3198 3171 3474 3226 obscurius
3505 3173 3622 3241 for-

365 3263 538 3313 tasse.
592 3253 671 3304 uel
713 3251 1084 3304 iurant-iustius
1124 3251 1356 3318 Positum
1401 3249 1630 3317 prudens
1675 3254 1840 3303 lector
1874 3251 2178 3318 offenderit.
2213 3255 2406 3320 partim
2442 3255 2493 3306 id
2557 3256 3018 3324 interpretationis
3065 3261 3388 3327 necessitati,
3423 3265 3623 3330 partim

365 3347 532 3395 etiam
563 3340 861 3393 immodica:
885 3339 1150 3393 celeritati
1183 3349 1457 3406 acceptum
1496 3339 1713 3406 referat.
1757 3337 1898 3391 Natu
1919 3348 1972 3392 et
2001 3339 2220 3391 materia
2265 3356 2323 3392 ea
2366 3353 2468 3404 est,
2502 3342 2733 3411 adeoque
2791 3345 3028 3412 angustis
3065 3347 3304 3401 terminis
3333 3353 3623 3404 constricta

371 3440 433 3481 ut
463 3429 741 3494 interpreti
770 3438 941 3481 tutum
965 3441 1078 3481 non
1102 3427 1288 3493 luant,
1337 3427 1576 3481 auctoris
1605 3427 1823 3494 uestigia
1861 3427 2066 3496 longius
2107 3429 2349 3482 deserere
2376 3442 2394 3480 :
2421 3446 2502 3490 ne,
2537 3446 2634 3483 sua
2669 3432 2846 3498 potius
2888 3435 3225 3500 corripi/asse,
3253 3454 3410 3504 quam
3446 3440 3624 3492 aliena

369 3516 722 3568 transtulisse
769 3515 1074 3578 videretur;
1105 3526 1154 3568 et
1187 3514 1429 3569 celeritas
1453 3522 1609 3567 tanta
1634 3514 1734 3581 fuit
1757 3553 1772 3578 ,
1800 3522 1855 3565 ut
1891 3527 2018 3580 opus
2049 3515 2334 3579 mensium.
2371 3532 2472 3568 uno
2513 3517 2622 3584 fere
2655 3535 2831 3572 mense
2861 3523 3220 3576 traduxerim.
3259 3521 3442 3593 Neque
3481 3529 3621 3579 enim

369 3606 588 3671 ignorat
618 3615 805 3656 sancta
839 3602 1069 3656 eruditio
1111 3611 1224 3666 tua,
1263 3617 1380 3670 qua
1418 3601 1682 3660 celeriter.
1723 3601 1831 3654 imo
1859 3602 2035 3652 verius
2073 3603 2468 3669 praecipitanter
2505 3605 2875 3672 emcndantur,
2909 3607 2975 3660 de
3009 3624 3064 3659 re
3108 3615 3404 3676 pra'sertim
3455 3615 3627 3666 ardua

367 3702 421 3744 et
457 3692 868 3760 augustissima,
903 3703 950 3744 et
973 3707 1080 3758 qua
1105 3689 1260 3744 .nulla
1301 3689 1526 3744 tractari
1574 3689 1786 3742 cautius
1826 3689 1875 3739 d.
1893 3687 1975 3742 bet
2022 3687 2106 3755 (de
2132 3689 2391 3744 Triuitate
2417 3693 2558 3745 enim
2587 3694 2759 3746 omnis
2791 3693 2901 3761 fere
2931 3712 3100 3748 sermo
3124 3695 3251 3764 est),
3285 3713 3348 3750 ea
3377 3716 3626 3755 accurate

371 3780 480 3832 dici
522 3790 812 3848 ornateque
837 3794 942 3830 non
960 3791 1136 3843 posse.
1164 3775 1417 3832 Fiddlter
1441 3785 1614 3832 tamen
1641 3791 1724 3832 nte
1753 3775 2111 3836 transtulisse.
2139 3789 2444 3840 constanter
2473 3784 2905 3835 asseoeraverim.
2929 3781 3256 3838 Incolumem
3289 3788 3627 3842 ωηαεταιεηι

374 3884 564 3934 tuam,
602 3887 665 3925 ac
699 3868 913 3937 prolixa
974 3879 1126 3921 a'tate
1171 3867 1554 3936 tranquillam,
1602 3865 1994 3935 ettﬂorentetn,
2040 3862 2284 3926 Christus
2331 3866 2469 3922 Deus
2514 3879 2693 3922 noster
2736 3870 3071 3940 omnipotens
3123 3889 3333 3927 servare
3355 3876 3628 3945 dignetur,

384 3958 591 4010 Donate
620 3967 822 4024 sancte,
859 3972 921 4010 ac
947 3955 1246 4042 beatissime
1277 3953 1464 4008 Pater.

1341 4208 1615 4271 INCIPI
1630 4207 1684 4268 Γ
1733 4208 1779 4269 Α
1799 4210 1901 4272 ιτ
1913 4211 1965 4271 Τ
1965 4212 2113 4274 0R1
2118 4211 2162 4272 S
2211 4207 2670 4272 PROLOGUS.

443 4361 720 4430 Quoniam
765 4358 994 4428 quidem
1046 4357 1300 4412 fraterna
1335 4357 1649 4414 dilectionis
1671 4374 1805 4413 cura
1837 4374 1953 4411 map
1985 4366 2027 4422 Α
2057 4358 2320 4415 Ecclesiae
2352 4358 2569 4424 divisio,
2601 4357 2910 4412 necessario
2941 4365 3125 4413 secuta
3159 4368 3261 4420 est.
3303 4359 3455 4414 Scire
3483 4365 3628 4418 enim

372 4459 527 4512 tim:
577 4453 827 4508 habenda
881 4459 1005 4512 est.
1060 4461 1367 4519 cunctaque
1421 4451 1679 4520 proilla
1747 4450 1954 4519 agenda

367 4560 548 4618 atque
595 4546 867 4601 molienda
907 4552 1058 4604 sunt.
1105 4547 1176 4597 ita
1222 4543 1452 4612 jnhente
1489 4544 1762 4608 Domino;
1820 4542 1956 4596 nihil

375 4657 512 4695 sero
541 4639 776 4709 grati—us.
801 4637 1058 4705 nihilque
1093 4636 1282 4689 utilius
1328 4643 1433 4701 est,
1471 4651 1633 4704 quam
1668 4636 1734 4688 tle
1767 4634 1878 4688 Deo
1905 4644 1958 4688 et

373 4734 572 4786 aud-ire
601 4741 656 4785 et
709 4730 895 4798 loqui;
927 4744 990 4782 ex
1023 4743 1131 4797 quo
1161 4731 1239 4790 tit,
1278 4735 1334 4779 ut
1371 4739 1432 4781 et
1465 4727 1558 4797 qui
1593 4727 1740 4788 (lant,
1775 4734 1834 4780 et
1863 4725 1956 4796 qui

375 4824 681 4893 accipiunt,
733 4836 928 4888 magna
985 4827 1394 4888 consequantur
1423 4817 1830 4878 emolsnnonta;
1881 4818 1957 4870 vi-

379 4928 607 4983 tamque
642 4914 768 4967 inde
797 4908 1182 4980 sempiternam
1210 4911 1566 4979 adipiscimur
1590 4927 1604 4964 :
1641 4908 1769 4963 Hec
1796 4911 1956 4977 enim,

379 5007 586 5076 inquit,
623 5017 697 5058 cst
732 5005 838 5058 vita
876 5013 1094 5065 (eterna,
1135 4989 1200 5054 ut
1245 5011 1566 5071 cognoscant
1599 5011 1648 5054 te
1675 5000 1842 5053 solum
1872 5016 1959 5053 oe-

379 5117 499 5152 rum
556 5097 741 5159 Deum,
793 5107 841 5150 et
891 5114 1040 5165 quem
1093 5099 1287 5150 misisti
1339 5097 1522 5153 Jesum
1573 5100 1841 5156 Christum
1898 5103 1956 5167 ¹;

379 5206 613 5262 qua!qu
646 5190 861 5242 scilicet
911 5189 1236 5256 divinitatis,
1283 5199 1337 5244 ct
1385 5208 1506 5260 tunc
1561 5194 1810 5248 humanm
1843 5195 1957 5248 dis-

380 5281 723 5352 pensationis
785 5290 914 5335 sunt
960 5297 1007 5346 ;-
1035 5291 1205 5351 tuque
1261 5297 1290 5335 a
1348 5285 1506 5338 uoltis
1566 5287 1795 5354 ουδεὶςιὶ
1859 5303 1958 5356 pro

382 5376 608 5429 modulo
647 5374 845 5427 virium
884 5379 1204 5428 nostrarum
1233 5375 1449 5428 edoceri
1479 5418 1490 5440 ,
1528 5386 1585 5429 nt
1618 5393 1737 5431 sese
1765 5379 1962 5433 haheat

381 5476 702 5520 sanctorum
753 5462 976 5518 Patrum
1012 5466 1078 5519 de
1112 5467 1461 5534 pr0cessionc
1507 5466 1744 5536 Spiritus
1775 5471 1964 5538 reclng

379 5561 520 5613 sima
553 5557 781 5625 Opinio:
809 5557 876 5611 de
905 5571 1014 5624 qua
1041 5556 1269 5616 scilicet,
1300 5572 1423 5610 cum
1454 5556 1624 5611 Graeci
1677 5557 1962 5626 Latinique

379 5648 760 5714 dissentiant,
825 5645 1102 5700 dissensio
1163 5645 1372 5708 etiam,
1451 5655 1614 5716 atque
1678 5650 1962 5717 utriusque

455 5854 473 5883 ί
506 5851 674 5906 Jozn.
711 5863 846 5912 mi,
880 5849 932 5902 5.
1013 5851 1032 5880 ⁸
1063 5849 1258 5904 Matth.
1293 5864 1345 5914 ι,
1378 5849 1467 5902 9.7.

1549 5850 1566 5879 ³
1603 5851 1720 5904 Act.
1757 5866 1844 5915 in,
1876 5849 1962 5903 σεδ.
1999 5848 2069 5901 ‘27

2057 4453 2238 4522 cupis,
2269 4452 2471 4522 quibus
2507 4460 2738 4520 utraque
2785 4449 3025 4505 Ecclesia
3073 4453 3380 4507 rationibus
3416 4454 3629 4519 nititur,

2059 4558 2221 4612 atque
2254 4535 2376 4596 utr'a
2412 4558 2477 4596 ex
2511 4543 2595 4596 his
2657 4541 3039 4597 rationabilius
3071 4533 3292 4608 sentiat,
3340 4553 3632 4613 pra-terra-

2059 4651 2188 4705 que,
2227 4635 2445 4689 dicente
2474 4633 2703 4687 Domino
2733 4651 2746 4686 :
2779 4635 2911 4698 Qua:
2959 4635 3077 4687 dico
3104 4635 3246 4689 vobis
3290 4637 3342 4688 in
3383 4638 3632 4702 tenebris,

2059 4730 2219 4783 dicite
2249 4732 2305 4782 in
2337 4729 2535 4783 lumine
2558 4770 2573 4794 ,
2606 4741 2654 4783 et
2703 4747 2818 4800 qutc
2843 4731 2893 4782 in
2918 4747 3048 4784 aure
3075 4715 3638 4800 audistisfprcedicutc

2061 4839 2215 4890 super
2250 4833 2385 4875 tecta
2416 4824 2459 4874 '.
2492 4803 2915 4892 Apostoloitcm
2962 4823 3208 4878 terrihile
3257 4824 3456 4878 silentii
3490 4825 3638 4890 judi-

2063 4917 2206 4970 cium
2236 4916 2573 4978 insinuante,
2611 4931 2672 4970 ac
2701 4917 2946 4968 dicente:
2977 4913 3250 4983 Testiﬁcor
3283 4915 3424 4969 vobis
3459 4917 3637 4981 hodie,

2061 5010 2186 5079 quia
2219 5009 2442 5062 mundus
2473 5025 2585 5060 sum
2619 5025 2649 5060 a
2692 5008 2944 5078 sanguine
2987 5008 3219 5059 omnium
3246 5025 3260 5072 ;
3309 5024 3471 5071 neque
3500 5008 3639 5061 enim

2062 5100 2390 5154 dissimulavi
2439 5100 2684 5152 nuntiare
2715 5099 2856 5152 vobis
2905 5114 3110 5151 onmem
3155 5101 3427 5151 veritatem
3478 5111 3632 5168 atqu:

2063 5193 2344 5245 consilium
2395 5191 2492 5244 Dei
2525 5193 2586 5257 ³;
2626 5200 2792 5259 atquc
2840 5191 2943 5245 hoc
2990 5189 3170 5259 ipsum
3201 5190 3508 5250 faciendum
3538 5194 3637 5249 ref»

2066 5293 2361 5339 monente:
2398 5281 2526 5337 lla'c
2553 5285 2712 5348 enim,
2744 5283 2942 5352 inquit,
2987 5285 3231 5343 admone,
3265 5292 3311 5335 et
3346 5294 3642 5340 contestor-3

2065 5393 2242 5430 coram
2280 5375 2388 5430 Deo
2418 5375 2460 5430 ⁸.
2521 5375 2632 5428 Etsi
2666 5376 2732 5428 de.
2765 5374 2874 5428 Deo
2930 5391 2993 5430 ac
3040 5376 3237 5429 divinis
3269 5375 3432 5429 rebus
3491 5377 3636 5445 loqui

2068 5469 2174 5523 illis
2214 5470 2394 5537 potius
2447 5467 2759 5530 conscniat,
2791 5468 2884 5537 qui
2929 5483 3145 5537 semper
3190 5468 3241 5520 in
3280 5468 3394 5538 lege
3425 5469 3640 5523 Domini

2069 5561 2418 5625 meditantes,
2459 5560 2760 5628 purgatiori
2823 5560 2927 5612 vita
2990 5569 3044 5613 ct
3088 5559 3441 5631 intelligentia
3488 5573 3640 5624 sunt,

2071 5663 2101 5702 a
2148 5650 2351 5705 artibus
2393 5665 2492 5704 nos
2540 5649 2860 5719 longissime
2897 5651 3092 5705 remoti
3125 5667 3340 5714 sumus,
3395 5653 3644 5722 plurinns

2167 5850 2188 5878 ⁸
2229 5847 2338 5903 Tit.
2379 5855 2439 5913 tl,
2497 5851 2575 5904 l5.
