3984 6556
351 415 416 478 15
1612 412 2010 477 MANUELIS
2042 416 2346 480 CALEC:E
3543 386 3606 485 t5
3664 458 3681 469 -

349 541 533 584 tamen
571 525 879 582 rationibus
913 539 1000 581 me
1048 524 1114 581 ad
1162 524 1517 581 scribendum
1583 528 1933 583 hortantibus
1963 533 2009 589 Α
2038 533 2184 591 ferre
2244 547 2408 606 atque
2449 534 2574 589 aliis
2607 533 2868 590 tradere?
2908 548 3052 590 nunc
3088 534 3309 605 quidem
3355 512 3611 609 amicitia:

351 631 516 692 atque
579 618 1029 689 impellentibus,
1095 616 1405 686 aggrediar,
1472 618 1752 684 facultate,
1820 635 1929 691 qua

348 724 565 784 potero,
616 726 738 780 qua
785 726 816 765 a
850 710 1057 764 sanctis
1091 708 1351 765 Patribus
1384 710 1451 764 de
1487 711 1589 765 hac
1635 728 1694 766 re
1729 713 1932 783 scripta

349 819 516 870 sunt,
589 804 808 859 Christo
866 802 1025 867 duce,
1087 803 1361 857 moderate
1396 812 1561 873 atque
1590 804 1931 875 simpliciter,

350 907 568 955 servato
611 895 958 966 compendio,
1028 894 1122 949 tibi
1197 910 1509 964 exponere:
1548 896 1796 966 plurimis
1828 900 1935 952 sci-

350 990 483 1044 licet
541 988 762 1043 omissis
817 988 982 1058 (nam
1060 987 1441 1056 longissimum
1497 997 1681 1055 esset,
1750 991 1932 1045 omnia

348 1082 657 1154 prosequi),
714 1082 1018 1152 paucisque
1073 1082 1423 1135 solummodo
1472 1080 1687 1151 positis,
1735 1083 1935 1152 quibus

349 1188 607 1232 consrare
659 1177 833 1246 possit
886 1190 1137 1246 quanam
1186 1173 1292 1228 illis
1346 1174 1411 1229 de
1476 1174 1577 1229 hac
1662 1189 1718 1229 re
1766 1174 1936 1230 fuerit

350 1269 540 1339 opinio
570 1286 584 1323 :
621 1279 682 1324 ut
705 1284 770 1324 ex
796 1270 895 1322 hac
927 1267 1305 1323 moderatione
1339 1275 1550 1332 nostra,
1586 1275 1638 1321 et
1658 1274 1751 1333 'tu,
1784 1267 1933 1337 quod

349 1361 420 1414 ab
474 1360 655 1415 amico
702 1359 1005 1429 requisisti,
1058 1358 1461 1428 consequaris,
1514 1367 1567 1412 et
1619 1360 1754 1427 ipse,
1803 1359 1931 1411 dum

350 1454 571 1509 illorum
633 1454 947 1524 prolixitate
1012 1467 1119 1507 non
1183 1461 1430 1515 terreor,
1498 1449 1935 1519 brevitatemque

353 1547 615 1616 temporis
643 1562 753 1600 non
787 1546 1139 1615 pertimesco,
1172 1544 1396 1600 meliore
1426 1544 1538 1613 jam
1571 1544 1755 1597 animo
1788 1544 1891 1597 sim
1917 1584 1932 1609 ,

348 1639 426 1693 illi
466 1653 553 1692 me
582 1637 836 1691 vindicta
864 1636 1214 1691 subdendum
1262 1651 1373 1691 non
1406 1650 1550 1701 esse,
1584 1651 1706 1705 qua
1734 1634 1811 1689 illi
1847 1635 1934 1689 in-

348 1737 614 1792 tentatur,
645 1727 739 1796 qui
775 1726 1041 1781 talentum
1073 1725 1382 1781 abscondit.

418 1817 536 1873 Non
593 1817 762 1888 igitur
812 1817 1023 1881 tacebo,
1076 1830 1200 1871 cum
1253 1815 1531 1887 pracipue
1578 1815 1646 1871 de
1698 1817 1928 1872 veritate

348 1909 476 1965 ﬁdei
507 1910 640 1965 mibi
672 1924 857 1965 sermo
884 1907 1108 1964 futurus
1140 1908 1232 1974 sit,
1259 1923 1433 1978 neque
1467 1908 1762 1978 ambigam,
1792 1907 1927 1979 quin

348 2017 446 2072 per
479 2011 532 2056 te
571 2000 638 2055 ad
672 2001 812 2056 alios
876 2015 1098 2070 quoque
1131 2010 1430 2054 manatura
1462 2002 1571 2055 sint
1604 2001 1799 2055 littera
1840 2016 1942 2054 no-

351 2106 504 2160 stra,
556 2108 696 2162 quos
740 2093 944 2162 alloqui
1000 2092 1101 2161 ipsi
1154 2106 1260 2145 non
1306 2096 1698 2162 possumusﬁct
1747 2107 1937 2145 eorum

350 2184 613 2239 obtestari
662 2183 730 2239 de
764 2183 995 2237 veritate
1041 2182 1207 2248 ﬁdei;
1244 2182 1330 2236 his
1376 2190 1558 2237 autem
1596 2182 1783 2237 licebit
1816 2183 1940 2239 illos

351 2277 557 2347 alloqui
586 2276 742 2347 juxta
773 2275 1015 2329 edictum
1048 2291 1063 2341 ;
1105 2287 1284 2345 atque
1330 2273 1426 2340 ita,
1454 2275 1583 2329 dum
1618 2276 1942 2346 multiplica-

353 2372 502 2427 bitur
548 2371 698 2424 verbi
752 2368 1164 2432 ministerium,
1214 2367 1353 2423 mihi
1408 2369 1509 2438 ipsi
1564 2368 1741 2423 ﬁdelis
1794 2372 1939 2426 servi

354 2477 564 2517 merces
613 2461 1157 2531 cxcompeusabitur.
1214 2459 1543 2532 Quanquam
1590 2477 1719 2517 vero
1769 2478 1942 2533 pauca

353 2557 421 2611 de
462 2552 652 2607 multis
698 2552 1057 2623 appositurus
1102 2552 1229 2619 sim,
1273 2551 1319 2607 si
1351 2552 1477 2621 quis
1518 2561 1697 2607 tamen
1757 2553 1942 2624 jurgio

353 2657 408 2703 et
469 2645 827 2703 contentione
886 2644 1180 2716 sepositis,
1252 2644 1450 2715 ipsam,
1499 2660 1595 2715 per
1677 2645 1942 2716 seipsam,

352 2740 638 2796 veritatem
689 2737 791 2805 rei,
842 2755 907 2795 ex
968 2740 1075 2803 his,
1153 2753 1275 2809 qua
1327 2738 1485 2792 firma
1536 2747 1590 2793 et
1638 2747 1757 2794 rata
1813 2747 1944 2794 sunt

354 2834 615 2903 indagare
650 2839 859 2902 pergat,
886 2831 1046 2901 longe
1075 2823 1443 2894 brevioribus,
1474 2840 1636 2899 atque
1665 2830 1799 2901 ipsis
1828 2842 1945 2886 tan-

357 2934 473 2980 tum
505 2923 630 2979 ﬁdei
676 2922 970 2994 principiis
1019 2923 1163 2977 hanc
1214 2921 1481 2977 illustrari
1518 2937 1680 2994 posse
1724 2938 1945 2994 compe-

356 3018 499 3074 riet:
551 3030 729 3086 coque
760 3013 1018 3087 [facilius,
1067 3029 1179 3086 quo
1226 3014 1395 3070 Deum
1444 3016 1645 3070 talibus
1688 3014 1943 3088 auxiliari

357 3120 566 3167 certum
607 3119 713 3173 est.
746 3109 838 3180 qui
874 3123 999 3164 cum
1032 3110 1237 3179 pietate
1260 3118 1554 3177 quarunt:
1588 3107 1941 3176 Caoperator.

2037 624 2312 698 implendo
2368 643 2609 695 munus;
2671 642 2819 682 nunc
2873 635 3055 681 autem
3108 628 3399 693 docendo,
3464 640 3612 681 nunc

2036 720 2297 775 studiosis
2322 720 2467 777 illius
2491 718 2868 786 consulendo;
2901 734 3049 773 nunc
3076 718 3406 774 revineendo
3425 720 3617 773 adver-

2036 812 2214 867 sarios
2242 831 2256 880 ;
2289 821 2456 883 atque
2500 813 2727 867 omnino
2770 821 3089 867 sanctorum
3135 811 3237 867 hac
3272 814 3338 866 de
3385 812 3618 865 veritate

2037 903 2369 972 doctrinam,
2403 907 2587 975 'quam
2640 920 2669 958 a
2729 903 2988 959 Patribus
3036 904 3245 960 nostris
3278 903 3613 972 accepimus,

2036 1010 2312 1067 quamque
2360 996 2438 1051 illi
2490 1012 2519 1050 a
2570 997 2875 1066 majoribus
2908 997 3024 1051 suis
3057 1011 3153 1066 per
3205 996 3616 1050 successionem

2035 1100 2357 1158 acceperant
2414 1090 2793 1159 proponendo,
2865 1099 3032 1159 atque
3070 1089 3256 1143 omnia
3304 1088 3517 1142 honesti
3565 1097 3618 1141 et
3709 1115 3723 1134 κ

2036 1182 2199 1250 aqui,
2235 1181 2496 1236 fraterna
2528 1182 2843 1237 dilectionis
2878 1194 3053 1236 causa
3095 1181 3507 1251 dispensando,‘
3533 1165 3618 1234 ni:

2038 1275 2227 1343 hilque
2274 1275 2505 1328 omnino
2557 1275 2864 1329 omittendo
2914 1274 3233 1345 diligentia.
3282 1271 3402 1327 Non
3434 1275 3618 1341 itaque

2036 1365 2224 1434 gloria
2271 1366 2457 1436 cupidi
2508 1366 2821 1430 scribimus,
2870 1367 2964 1421 sed
3008 1366 3167 1420 amici
3218 1367 3358 1421 votis
3407 1380 3614 1418 rnorem

2035 1466 2314 1525 gerentes,
2346 1473 2540 1513 eorum
2571 1472 2692 1527 qua
2724 1456 3097 1527 pradiximus,
3134 1457 3326 1528 gratia,
3374 1456 3618 1510 laborem

2038 1549 2185 1603 hunc
2216 1551 2582 1617 suscepimus.
2628 1548 2739 1605 Nec
2774 1561 2967 1606 nostra
3014 1551 3273 1616 dicimus,
3312 1550 3407 1604 sed
3441 1564 3561 1618 qua
3590 1563 3619 1601 a

2039 1644 2246 1697 sanctis
2276 1644 2537 1699 Pati-ibus
2580 1645 2911 1714 illorumque
2972 1643 3387 1700 successoribus
3414 1642 3621 1710 scripta

2037 1734 2291 1805 legimus.
2346 1751 2434 1801 ea,
2497 1747 2715 1792 servato
2768 1737 3160 1807 disputationis
3216 1738 3430 1800 ordine,
3493 1733 3623 1787 hinc

2040 1830 2167 1889 inde
2214 1828 2439 1883 collecta
2474 1869 2491 1895 ,
2548 1829 2790 1885 breviter
2871 1829 3217 1900 strictimque
3275 1827 3560 1898 posuimus
3602 1841 3618 1879 :

2044 1918 2229 1973 hacin
2275 1934 2331 1974 re
2376 1920 2513 1984 sola,
2569 1920 2613 1974 si
2666 1920 2748 1976 sic
2798 1919 2904 1975 dici
2956 1921 3229 1991 opertéat,
3282 1918 3620 1988 gloriantes:

2041 2013 2189 2081 quod
2235 2022 2552 2068 sanctorum
2612 2013 2681 2068 de
2737 2027 2800 2067 ea
2849 2028 2908 2068 re
2953 2013 3304 2083 Opinionem,
3356 2010 3623 2081 largiente

2044 2103 2176 2168 Deo,
2215 2118 2315 2157 nos
2350 2113 2403 2158 et
2433 2103 2595 2165 scire,
2629 2111 2683 2158 et
2718 2103 2858 2157 tueri
2912 2111 3229 2157 constanter
3259 2101 3619 2156 ostendimus.

2044 2194 2227 2266 Neque
2255 2212 2387 2253 sane
2418 2197 2733 2266 ignoramus
2765 2195 3053 2265 plurimos,
3086 2195 3137 2249 in
3168 2210 3402 2263 quorum
3427 2209 3621 2249 manus

2045 2292 2148 2344 ista
2185 2288 2324 2344 forte
2365 2288 2737 2358 pervenerint,
2794 2287 2992 2355 quibus
3034 2288 3226 2341 odiosa
3279 2298 3363 2341 est
3396 2286 3618 2350 veritas,

2045 2383 2148 2436 hac
2208 2382 2327 2452 ipsa
2389 2390 2577 2435 nostra
2658 2380 2969 2435 constantia
3042 2388 3096 2434 et
3152 2378 3499 2441 confidentia,
3552 2382 3617 2433 ad

2041 2475 2401 2548 jaeulandum
2458 2475 2512 2528 in
2565 2488 2666 2528 nos
2704 2472 2935 2529 consilia
2989 2481 3043 2527 et
3097 2474 3385 2528 maledicta
3427 2489 3623 2542 provo-

2046 2568 2287 2633 candos;
2347 2575 2650 2634 contraque
2703 2564 2920 2635 penitus
2978 2565 3245 2634 agendum
3302 2565 3460 2618 nobis
3511 2574 3619 2627 est,

2047 2660 2438 2729 contrariaque
2497 2654 2861 2713 incedendum
2924 2656 3052 2721 via,
3104 2671 3267 2725 quam
3309 2658 3354 2711 si
3408 2672 3623 2709 ramus-

2046 2757 2202 2811 culos
2231 2754 2420 2809 inanes
2446 2761 2812 2821 captaremus.
2837 2746 2972 2803 Nam
3000 2750 3043 2803 si
3070 2748 3292 2819 quidem
3324 2748 3621 2802 humanam

2047 2847 2276 2917 gratiam
2326 2854 2380 2899 et
2418 2843 2646 2915 gloriam
2711 2856 3134 2911 aucuparcmur,
3185 2855 3463 2909 nunquam
3522 2855 3624 2894 nos

2047 2939 2361 2994 auditorum
2387 2935 2531 2992 odiis
2555 2948 2960 3004 exponeremus
2985 2975 3000 3000 ,
3034 2933 3152 2998 sed,
3180 2948 3300 3003 qua
3331 2934 3438 2989 illis
3466 2945 3621 3003 grata

2047 3029 2165 3087 fore
2195 3040 2541 3101 putaremus,
2568 3044 2636 3084 ea
2671 3029 3044 3099 loqueremur.

2119 3118 2352 3175 Constat
2376 3133 2530 3189 ergo,
2558 3133 2686 3182 nos,
2710 3117 2815 3172 nisi
2845 3116 3127 3171 veritatem
3160 3115 3336 3171 rebus
3365 3115 3624 3170 omnibus

357 3203 557 3273 inquit,
589 3200 730 3256 Deus
762 3210 839 3255 est
875 3201 1021 3255 omni
1048 3201 1308 3270 quaerenti
1342 3200 1534 3254 bonum
1562 3202 1606 3254 ⁸.
1656 3199 1817 3273 Isque
1845 3203 1940 3272 qui

2050 3211 2502 3285 pratulissemus,
2540 3224 2820 3275 nunquam
2865 3208 2918 3263 in
2977 3210 3121 3261 hunc
3161 3208 3446 3262 verborum
3476 3223 3627 3262 cam-

361 3295 684 3365 Scripturas
750 3294 1003 3348 hortatur
1061 3294 1296 3347 scrutari
1347 3293 1399 3358 ⁸,
1459 3308 1630 3364 seque
1688 3295 1943 3350 daturum

359 3385 659 3456 petentibus
726 3384 1162 3455 pulsantibusth
1196 3383 1215 3415 ⁷
1285 3392 1600 3454 aperturum
1668 3386 1945 3456 pollicitus

358 3489 464 3547 est,
521 3493 631 3535 non
680 3478 964 3550 permittet
1008 3475 1322 3547 huiusmodi
1370 3476 1587 3548 longius
1638 3494 1678 3537 a.
1718 3479 1945 3536 veritate

363 3574 555 3628 aberra
566 3586 644 3626 re.

435 3660 706 3728 Quoniam
736 3658 901 3729 igitur
928 3657 1136 3715 dictum
1163 3668 1247 3714 est
1274 3676 1289 3712 :
1330 3657 1414 3712 Da
1445 3658 1675 3727 sapienti
1710 3662 1947 3717 occasio-

362 3770 502 3820 nem,
529 3763 578 3807 et
605 3751 896 3821 sapientior
918 3751 1017 3805 erit
1047 3749 1108 3816 ⁸;
1138 3750 1354 3820 qualem
1382 3758 1435 3805 te
1461 3765 1585 3806 esse
1612 3753 1747 3818 scio,
1780 3769 1945 3825 quem

364 3847 503 3902 nihil
554 3859 655 3915 pro
705 3843 1083 3908 contentione,
1119 3841 1257 3898 nihil
1307 3848 1405 3912 pro
1450 3845 1695 3902 vanitate
1745 3849 1944 3913 facere,

364 3936 654 4005 solamque
690 3946 872 3988 rerum
904 3931 1189 3987 veritatem
1223 3933 1502 4002 sapienter
1562 3948 1623 3989 ac
1653 3935 1949 4004 prudenter

365 4025 647 4098 inquirere
695 4039 797 4096 pro
855 4031 1141 4094 comperto
1195 4023 1412 4079 habeo:
1470 4026 1773 4095 promptius
1808 4026 1945 4097 jam,

365 4118 514 4191 quod
558 4118 845 4188 quaritur,
896 4116 1172 4187 explicare
1219 4116 1526 4187 aggrediar.
1579 4116 1768 4189 Neque
1816 4133 1949 4175 sane

366 4215 594 4283 ignarus
627 4225 774 4276 sum,
819 4209 1135 4279 complures
1182 4209 1291 4280 iam
1338 4210 1609 4279 plurimos
1655 4210 1725 4267 de
1752 4213 1855 4268 hac
1886 4228 1949 4269 re

364 4304 656 4376 scripsisse
704 4302 923 4368 libros,
977 4303 1098 4372 qui,
1151 4301 1280 4357 licet
1343 4302 1548 4357 veritas
1599 4303 1949 4372 paucioribus

298 4433 309 4444 ο
366 4397 641 4468 indigeret
686 4394 897 4461 verbis,
935 4392 1123 4449 multis
1156 4400 1340 4449 tamen
1387 4391 1527 4463 ipsis
1571 4392 1949 4464 indiguerunt,

2049 3322 2181 3377 pum
2216 3307 2621 3367 descensuros,
2670 3301 2725 3356 in
2775 3315 2908 3371 quo,
2958 3301 3163 3356 laboris
3213 3301 3508 3371 plurimum
3560 3314 3625 3355 ac

2046 3397 2384 3454 diﬁicultatis
2411 3438 2425 3463 ,
2460 3395 2715 3450 humana
2750 3409 2880 3449 vero
2910 3395 3097 3463 gratia
3135 3394 3444 3450 minimum.

2120 3489 2303 3560 ipsum
2353 3488 2536 3558 itaque
2584 3496 2839 3542 sanctum
2881 3485 3169 3555 Spiritum,
3217 3486 3285 3540 de
3333 3501 3444 3555 quo
3477 3501 3625 3540 nunc

2046 3578 2208 3633 nobis
2261 3590 2445 3632 sermo
2495 3575 2827 3640 instituitur,
2886 3574 3123 3645 primum
3177 3575 3513 3639 invocantes,
3549 3576 3622 3629 ita

2048 3669 2292 3733 demunt,
2329 3681 2451 3738 qua
2499 3666 2910 3736 proposuimus,
2952 3666 3361 3736 aggrediamur.
3398 3666 3625 3723 Utemur

2048 3772 2232 3819 autem
2269 3776 2368 3832 pro
2421 3758 2769 3814 documentis
2834 3757 2967 3825 ipsis
3012 3757 3185 3813 initiis
3227 3758 3372 3822 ﬁdei,
3414 3768 3468 3813 et
3505 3775 3628 3829 qua

2048 3873 2113 3914 ex
2166 3856 2246 3911 eis
2292 3863 2580 3923 assumpta
2634 3866 2698 3907 ac
2744 3851 2990 3906 derivata
3050 3861 3201 3917 sunt,
3248 3862 3513 3922 quantum
3569 3856 3635 3925 in,

2050 3948 2162 4003 Deo
2224 3946 2540 4016 divinisque
2584 3944 2770 4010 rebus,
2822 3944 3237 4013 probationibus
3280 3946 3357 4000 uti
3406 3944 3489 4001 fas
3515 3954 3622 4011 est,

2049 4041 2138 4096 his
2187 4041 2374 4105 etiam,
2423 4053 2546 4109 qua:
2590 4051 2623 4092 a
2677 4036 2961 4092 catholicis
3037 4036 3297 4092 Ecclesia
3347 4040 3626 4110 magistris

2048 4136 2192 4191 dicta
2227 4141 2378 4189 sunt.

2127 4228 2193 4281 Et
2242 4224 2526 4296 quoniam,
2565 4222 2766 4292 quibus
2792 4220 3033 4275 maxime
3080 4222 3385 4281 rationibus
3412 4224 3627 4284 ostendi

2052 4320 2231 4392 possit
2256 4319 2442 4388 ejusce
2476 4314 2800 4385 quastionis
2835 4314 3059 4378 veritas,
3093 4315 3328 4383 primum
3356 4317 3621 4387 inquiris:

2051 4411 2265 4475 deinde.
2310 4425 2430 4479 qua
2467 4408 2573 4463 illis
2599 4406 2955 4475 objieiantur,
2993 4406 3215 4476 exponi,
3268 4421 3333 4462 ac
3366 4409 3622 4480 deinceps

367 4499 427 4542 ut
474 4503 607 4557 eam
650 4496 843 4542 contra
898 4484 1023 4540 illos
1074 4494 1385 4551 tuerentur,
1442 4484 1536 4555 qui
1579 4486 1940 4544 contentionis

2054 4501 2139 4556 vel
2191 4499 2400 4566 objecta
2454 4495 2654 4562 refelli,
2708 4495 2793 4549 vel
2842 4509 2964 4562 qua
3008 4493 3261 4564 ambigua
3312 4495 3621 4564 videantur,

367 4579 553 4636 studio
587 4579 734 4633 illam
768 4578 1039 4635 lacessere
1071 4575 1373 4631 tentabant.

432 4671 728 4738 (laterum,
763 4670 909 4727 sicut
954 4670 1342 4741 unusquisque
1388 4668 1630 4725 ﬁdelium
1668 4669 1790 4725 ﬁdei
1816 4687 1947 4742 pro-

367 4766 473 4820 fert
521 4762 969 4818 confessionem:
1023 4759 1193 4817 Corde
1225 4763 1363 4816 enim
1394 4763 1631 4818 creditur
1672 4764 1743 4819 ad
1782 4765 1948 4834 justi-

372 4860 547 4921 giam:
590 4872 678 4910 ore
740 4865 917 4909 autem
952 4855 1212 4925 confessio
1256 4855 1317 4926 ﬁt
1360 4856 1429 4910 ad
1479 4856 1706 4912 salutem
1734 4862 1787 4913 ἐ
1818 4859 1950 4929 quid

366 4949 621 5021 prohibet
650 4948 794 5004 hanc
823 4946 990 5003 etiam
1037 4949 1314 5003 communi
1352 4950 1457 5005 ﬁde
1493 4950 1946 5021 comprehensam

368 5043 679 5111 veritatem,
709 5040 856 5099 sictr.
885 5055 916 5097 a
942 5042 1148 5097 sanctis
1174 5040 1433 5100 Patribus
1457 5043 1796 5114 accepimus,
1828 5059 1940 5114 pro-

472 5224 494 5257 '
522 5223 682 5281 Rom.
716 5238 832 5293 vni,
862 5222 955 5279 28.
1069 5225 1093 5257 ⁸
1121 5222 1277 5284 Joan.
1311 5240 1365 5292 v,
1410 5225 1497 5282 59.
1536 5262 1537 5265 η
1578 5225 1766 5299 '.Luc.
1801 5242 1874 5294 si,
1909 5228 1962 5284 9.

2040 5230 2059 5260 ⁸
2096 5228 2256 5285 Prov.
2297 5246 2372 5299 rx,
2405 5230 2461 5288 9.

2055 4589 2323 4647 declarari
2380 4587 2667 4658 postulas,
2729 4600 2855 4640 eum
2910 4593 2964 4639 et
3020 4599 3119 4637 nos
3164 4584 3219 4637 in
3270 4587 3625 4655 sequentibus

2056 4682 2433 4759 ordiuemper
2470 4677 3051 4733 omnia-servabimus.
3098 4674 3172 4729 Ex
3207 4690 3335 4745 quo,
3368 4677 3413 4731 si
3459 4681 3629 4747 proli-

2058 4776 2241 4830 xiores
2291 4774 2527 4829 fortasse
2561 4773 2788 4834 erimus,
2820 4786 2988 4840 quam
3036 4775 3304 4838 suscepta
3350 4769 3628 4828 brevitatis

2060 4868 2199 4922 ratio
2228 4867 2509 4937 poscebat,
2545 4864 2861 4920 necessitati
2906 4848 3300 4931 indulgendum
3332 4867 3457 4917 erit.
3491 4863 3628 4919 llinc

2056 4969 2240 5016 autem
2274 4958 2490 5015 initium
2526 4948 2863 5014 suntemus.‘

2574 5231 2593 5263 ’
2630 5228 2789 5286 Rom.
2822 5246 2873 5299 ι,
2913 5232 3000 5290 10.
