3984 6560
336 405 407 473 t7
1456 437 1859 506 ADVERSUS
1899 447 2215 512 caecos
2257 454 2383 515 LIB
2422 458 2473 521 Ι.
2660 428 2665 431 ’
3519 485 3593 550 .18

368 567 2237 633 ξ-ξ--ξ-ᾑξ

1162 785 1974 933 MANUELIS
2076 718 2737 953 CALECZE

2241 622 3552 665 ———.___._.______________

3172 1075 3230 1095 ἃ..

1491 1104 1854 1201 LIBER
1930 1116 2385 1214 PRIMUS

725 1303 1067 1384 001mm
1102 1311 1493 1403 amcos
1566 1284 1687 1384 DE
1749 1325 2345 1403 PROCESSIONE
2405 1341 2620 1412 SANC
2631 1349 2722 1413 TI
2779 1353 3203 1425 manus.

386 1646 521 1701 Cum
556 1647 828 1708 Dominus
878 1667 1067 1713 noster
1110 1659 1270 1718 Jesus
1304 1663 1560 1725 Christus
1610 1669 1892 1742 discipulis
1918 1672 1969 1733 A
1995 1679 2147 1737 illum
2181 1692 2235 1739 et
2263 1686 2329 1743 ad
2370 1676 2493 1743 erea

315 1735 558 1793 dixerit:
593 1741 795 1797 Euntes
828 1746 883 1800 in
911 1752 1164 1806 mundum
1210 1751 1536 1824 universum,
1575 1761 1754 1817 docete
1783 1780 1898 1818 om-

317 1844 407 1881 nes
453 1842 655 1900 gentes,
708 1836 1039 1904 baptizantes
1087 1860 1175 1897 eos
1228 1845 1282 1900 in
1333 1852 1543 1904 nomine
1596 1851 1796 1920 Patris,
1849 1868 1897 1912 et
1948 1894 1955 1902 -

315 1915 470 1983 Filii,
497 1933 548 1977 et
582 1926 824 1995 Spiritus
856 1937 1029 1990 sancti
1058 1936 1122 2000 ιθ,
1157 1952 1287 1994 num
1324 1941 1460 1998 ordo
1501 1944 1702 2015 aliquis
1727 1958 1813 2004 est
1841 1951 1894 2006 iu

313 2014 638 2072 nominibus
659 2034 723 2074 ac
757 2022 924 2079 rebus
943 2037 1147 2084 sanctae
1174 2029 1465 2090 Trinitatis
1487 2014 1663 2105 ipsius
1693 2039 1894 2109 Patris,

308 2112 366 2155 et
427 2103 579 2173 Filii,
641 2119 699 2166 et
748 2110 983 2181 Spiritus
1036 2121 1240 2188 sancti,
1311 2126 1407 2194 qui
1465 2103 1777 2188 necessario
1832 2149 1897 2190 ac

309 2210 535 2265 semper
587 2199 643 2253 in
692 2203 876 2272 seipso
935 2208 1078 2263 idem
1127 2213 1201 2267 sit
1250 2230 1317 2289 ex
1369 2218 1504 2288 ipsis
1581 2225 1895 2285 nominibus

312 2287 636 2348 insinuatus
661 2309 677 2346 :
707 2306 872 2364 atque
907 2308 964 2353 ut
994 2316 1054 2357 se
1084 2304 1151 2359 ad
1175 2287 1409 2364 invicem
1468 2311 1672 2370 habent
1700 2332 1898 2374 secun-

308 2378 441 2433 dum
500 2389 1008 2451 pronuntiationem
1061 2410 1123 2450 ea
1173 2400 1436 2468 nomina,
1489 2405 1563 2461 ita
1609 2411 1775 2464 etiam
1826 2414 1895 2468 ad

309 2469 547 2527 invicem
587 2476 787 2534 divina:
828 2496 1077 2551 persona:
1104 2491 1369 2548 ordinatae
1414 2496 1570 2552 sint?
1601 2498 1774 2566 Quem
1804 2518 1897 2558 or-

306 2561 496 2617 dinem
560 2580 845 2627 servantes
919 2585 1086 2647 atque
1150 2581 1527 2653 honorantes,
1582 2596 1896 2651 necessario

308 2653 546 2712 immota
598 2662 759 2715 etiam
816 2664 1216 2727 ltmc’nomina
1270 2677 1516 2744 prnl'erre
1570 2681 1890 2755 debeamus,

306 2747 447 2800 nihil
501 2766 567 2804 ex
622 2756 823 2811 tradito
877 2764 1164 2819 nominum
1218 2770 1412 2826 ordine
1498 2789 1565 2830 ac
1615 2779 1894 2847 positione

302 2836 693 2911 immutantes,
734 2849 779 2903 si
822 2852 1052 2910 velimus
1084 2859 1245 2916 nobis
1294 2861 1427 2932 ipsis
1459 2863 1513 2919 in
1546 2869 1893 2926 confessione

301 2939 517 2984 rectam
562 2931 850 2996 Trinitatis
882 2959 1102 3000 servare
1147 2931 1463 3009 rationem?
1498 2958 1578 3011 An
1618 2960 1755 3015 ordo
1782 2960 1893 3017 illic

300 3022 497 3077 nullus
523 3038 630 3091 est,
659 3045 833 3101 eaque
873 3037 1097 3094 nomina
1131 3051 1337 3099 temere
1383 3050 1559 3116 posita
1608 3060 1738 3107 sunt
1767 3069 1780 3107 :
1812 3062 1895 3109 at-

300 3128 413 3181 que
465 3118 520 3170 in
576 3131 763 3176 nostra
816 3136 1084 3194 potestate
1119 3144 1223 3204 est,
1279 3147 1337 3192 ut
1373 3140 1458 3194 illa
1488 3142 1731 3212 proferre
1758 3148 1892 3202 veli-

302 3220 456 3269 mus,
512 3210 585 3265 ita
641 3222 699 3268 ut
752 3218 905 3274 nullo
957 3236 1174 3281 servato
1223 3230 1414 3285 ordine
1461 3210 1639 3289 Patris
1691 3252 1888 3295 nomen

303 3294 613 3365 aliquando
664 3319 1001 3379 praeponere,
1031 3314 1324 3385 aliquando
1383 3322 1512 3377 item
1560 3335 1889 3397 postponere

300 3388 506 3457 liceat,
558 3396 855 3467 aliquando
892 3403 1018 3458 item
1069 3408 1333 3479 Spiritum
1387 3388 1642 3484 praeferre
1688 3388 1830 3480 Pilio
1863 3464 1880 3491 ,

299 3486 465 3549 quasi
500 3488 667 3542 etiam
717 3492 917 3551 divinte
955 3498 1060 3554 illa
1100 3517 1365 3572 personae,
1422 3524 1543 3577 quia:
1590 3513 1751 3570 nobis
1799 3486 1887 3574 his

298 3579 628 3635 nominibus
674 3582 1044 3657 insinuantur,
1088 3592 1394 3654 inordinate
1425 3616 1485 3656 sc
1539 3604 1605 3657 ad
1629 3604 1885 3676 {invicem

301 3663 570 3729 habeant,
599 3680 762 3741 atque
783 3676 916 3733 alias
948 3680 1146 3737 aliter?

370 3756 443 3811 Et
470 3764 761 3832 quoniam,
810 3785 931 3838 qua:
978 3777 1360 3849 proponimus,
1426 3794 1741 3852 sanctorum
1801 3790 1885 3846 di-

299 3844 509 3908 ctis'ac
545 3860 833 3916 sententiis
859 3875 1107 3921 astruere
1157 3884 1220 3925 ac
1272 3872 1489 3930 lirmare
1521 3876 1881 3952 instituimus,

299 3944 448 3997 alsit
479 3962 629 4003 nunc
658 3966 886 4021 magnus
918 3955 1175 4027 Basilius,
1228 3978 1439 4033 nosque
1467 3971 1595 4036 quid
1637 3972 1725 4027 hic
1754 3989 1883 4029 sen-

302 4035 554 4090 tiendum
586 4039 679 4101 sit,
710 4044 924 4099 doceat.
957 4047 1045 4101 Ait
1068 4050 1215 4104 enim
1251 4054 1303 4106 in
1337 4035 1579 4125 Epistola
1610 4059 1676 4114 ad
1710 4062 1884 4118 Cano-

299 4125 481 4189 nicas,
533 4129 692 4197 cujus
742 4133 956 4191 initium
1005 4150 1126 4195 est:
1178 4161 1195 4195 ‹
1227 4143 1440 4211 Quanto
1494 4164 1611 4205 nos
1645 4167 1881 4209 mmrore

297 4217 599 4273 confecerit
620 4222 773 4291 prius
802 4225 945 4283 fama
979 4231 1318 4298 subtristior,
1341 4253 1463 4306 quae
1485 4242 1711 4299 auribus
1735 4246 1882 4303 inso-

2502 1699 2639 1746 turre
2673 1694 2922 1751 ordinem
2965 1698 3235 1759 deducere
3264 1745 3279 1769 ,
3320 1716 3375 1761 et
3405 1706 3580 1775 Patri,

2000 1785 2095 1829 aut
2123 1774 2285 1842 Filio,
2315 1788 2559 1851 tempore
2586 1786 2667 1840 vel
2697 1788 2887 1843 ordine
2912 1807 3255 1862 praeponere.
3291 1816 3309 1849 ι

2068 1864 2215 1920 Idem
2245 1868 2298 1922 in
2326 1872 2506 1938 primo
2526 1873 2620 1930 lib.
2652 1875 3020 1942 Quwstionum
3053 1884 3153 1955 (l),
3180 1889 3338 1957 cujus
3362 1892 3578 1947 initium

1997 1962 2122 2009 est:
2155 1957 2428 2029 Siquidem
2458 1980 2641 2021 omnes
2662 1969 2872 2039 vellent,
2897 1989 3023 2029 cum
3060 1983 3579 2051 praeupposuisset,

1998 2043 2269 2112 duplicem
2299 2064 2425 2106 esse
2469 2055 2745 2123 ordinem,
2781 2043 3089 2120 naturalem
3142 2069 3404 2136 alterum,
3442 2074 3578 2129 alte-

1996 2154 2119 2193 rum
2170 2141 2494 2201 inventum:
2550 2161 2721 2220 atque
2770 2158 3078 2218 naturalem
3132 2163 3377 2231 quidem,
3432 2167 3579 2223 sicut

1997 2239 2081 2285 est
2108 2242 2659 2297 creaturarum‘ordo
2690 2243 3007 2304 Conditoris
3041 2254 3255 2309 ratione
3305 2256 3577 2321 instituta,

1998 2325 2326 2396 numerique
2361 2329 2585 2398 locatio,
2619 2350 3029 2411 causarumque
3056 2344 3123 2398 ad
3153 2349 3397 2403 causalia
3427 2351 3581 2406 babi-

1996 2421 2123 2480 tus;
2189 2418 2472 2476 inventum
2529 2440 2661 2481 vero
2701 2439 2864 2499 atque
2914 2435 3298 2501 artificiosum,
3348 2441 3492 2497 sicut
3522 2444 3576 2499 in

1996 2506 2235 2573 artibus,
2269 2516 2322 2564 et
2356 2511 2689 2584 disciplinis,
2726 2534 2790 2575 ac
2818 2520 3117 2590 similibus,
3147 2526 3385 2597 adjecit:
3420 2549 3440 2582 ο
3468 2532 3599 2599 llos

1994 2612 2117 2652 rum
2165 2614 2297 2668 ergo
2342 2605 2521 2673 primo
2571 2624 2893 2679 suppresso,
2944 2615 3243 2675 Eunomius
3322 2624 3580 2680 secunda:

1995 2691 2194 2760 speciei
2228 2695 2476 2753 ordinem
2525 2714 2815 2770 memerat,
2852 2706 3137 2777 dicitque:
3172 2727 3278 2765 non
3325 2729 3579 2782 oportere

1994 2780 2048 2834 in
2084 2780 2194 2837 Deo
2233 2784 2340 2841 dici
2373 2790 2621 2847 ordinem
2651 2834 2668 2860 ,
2702 2811 2826 2849 cum
2852 2800 2988 2852 ordo
3014 2802 3291 2857 secundus
3333 2803 3402 2858 ab
3425 2805 3579 2859 ordi-

1994 2884 2185 2928 natore
2230 2880 2324 2932 sit.
2376 2878 2512 2934 Illud
2546 2893 2728 2938 autent
2762 2887 2847 2940 vel
2889 2904 3000 2942 non
3060 2891 3214 2956 vidit,
3264 2894 3346 2946 vel
3397 2896 3577 2953 sciens

1996 2965 2346 3037 prudensque
2388 2974 2666 3041 prreteriit,
2717 2992 2839 3032 esse
2892 2980 3104 3035 ordinis
3150 2984 3411 3050 speciem.
3462 3001 3573 3041 non

1993 3071 2061 3111 ex
2090 3067 2275 3113 nostra
2306 3062 2579 3129 positione
2610 3078 2987 3135 constantem,
3040 3072 3134 3127 sed
3185 3073 3302 3141 ipsa
3337 3077 3573 3130 naturali

1994 3151 2387 3220 consequentia
2439 3155 2887 3225 contingentem:
2939 3160 3084 3214 sicut
3125 3162 3259 3231 igni,
3312 3165 3380 3218 ad
3428 3182 3573 3233 eam,

1992 3254 2116 3309 quae
2137 3255 2202 3294 ex
2238 3252 2533 3309 semanat,
2566 3244 2764 3301 lucem.
2799 3247 2853 3302 In
2883 3249 2967 3305 his
2993 3252 3139 3305 enim
3171 3252 3410 3322 primunt
3442 3272 3575 3311 eau—

1992 3345 2109 3384 sam
2161 3331 2423 3398 dicimus,
2474 3338 2777 3393 secundum
2830 3342 2972 3410 quod
3009 3358 3074 3397 ex
3106 3358 3172 3398 eo
3203 3348 3404 3415 prodit.
3462 3352 3571 3403 non’

1992 3422 2284 3479 intervallo
2311 3427 2415 3481 ista
2446 3427 2514 3483 ab
2544 3428 2774 3485 invicem
2818 3431 3248 3503 disseparantes,
3281 3438 3379 3491 sed
3419 3439 3571 3507 cogi-

1992 3514 2195 3569 tatione
2230 3514 2383 3584 prius
2420 3531 2650 3572 causam
2685 3520 2865 3585 nobis,
2901 3536 3066 3589 quam
3105 3526 3327 3580 causale
3358 3526 3569 3596 [ingene

1993 3614 2095 3659 tes.
2145 3603 2432 3672 Quomodo
2478 3609 2645 3679 igitur
2676 3610 2761 3667 fas
2805 3623 2890 3667 est
2944 3614 3017 3668 ibi
3061 3630 3260 3685 negare
3288 3617 3563 3683 ordinem,

1990 3698 2081 3752 ubi
2114 3701 2387 3756 secundus
2431 3710 2487 3757 et
2535 3704 2731 3760 tertius
2771 3712 2895 3760 est:
2935 3721 3042 3760 non
3089 3722 3155 3762 ex
3202 3716 3389 3762 nostra
3417 3710 3566 3777 posi-

1990 3792 2160 3857 tione,
2225 3792 2322 3847 sed
2388 3808 2450 3847 ex
2518 3794 2843 3850 naturaliter
2908 3797 3072 3851 insita
3133 3800 3569 3868 consequentia?

1984 3878 2157 3949 Cujus
2180 3894 2310 3949 ergo
2334 3880 2413 3935 rei
2440 3882 2617 3951 gratia
2639 3885 2889 3941 ordinem
2912 3886 2967 3940 in
3002 3886 3112 3943 Deo
3142 3889 3308 3957 recipi
3342 3889 3567 3943 abnuit?

1994 3968 2333 4036 Arltitratur,
2383 3972 2429 4027 si
2466 3972 2691 4041 {edicere
2740 3984 2907 4045 atque
2942 3975 3339 4054 demonstrare
3392 3979 3566 4047 possit

1988 4056 2225 4124 primum
2282 4059 2333 4112 in
2388 4059 2497 4115 Deo
2547 4063 2698 4117 nullo
2733 4066 2898 4119 modo
2939 4064 3049 4119 alio
3096 4067 3323 4137 intelligi
3377 4082 3562 4137 posse,

1984 4147 2257 4217 reliquum
2286 4150 2401 4219 jam
2439 4152 2545 4206 sibi
2586 4152 2703 4208 fore
2748 4155 3070 4212 substantiae
3118 4158 3291 4227 ipsius
3321 4159 3566 4230 inatqna-

1986 4239 2192 4295 litatcm
2224 4252 2387 4313 atque
2416 4246 2769 4301 eminentiam
2797 4250 3107 4305 ostendere.
3144 4249 3257 4306 Nos
3283 4262 3463 4307 autem
3494 4267 3560 4306 eo

296 4320 500 4363 nuerat
526 4314 746 4368 nostris.
776 4314 1009 4384 Spiritus
1033 4331 1210 4378 autem
1228 4336 1452 4383 sanctus
1484 4331 1630 4387 Patri
1656 4337 1874 4404 quidem
1906 4361 1910 4392 ‹

296 4408 349 4446 (ξι
386 4399 530 4446 Filii)
565 4419 996 4446 Dnnnnmnrqtnn
1086 4418 1210 4446 ηυξ..
1262 4427 1310 4446 ,η
1366 4438 1524 4446 -..-_.-
1571 4438 1780 4446 unum,

1992 4335 2203 4400 quidem
2234 4337 2450 4402 ordine,
2501 4353 2612 4408 quo
2645 4355 2846 4406 causa,
2894 4342 3244 4398 manantibus
3282 4358 3349 4397 ex
3378 4358 3439 4398 se
3469 4360 3561 4398 re-

296 4408 349 4453 ct
385 4399 530 4455 Filio
565 4419 996 4477 connumeratur
1021 4453 1038 4478 ,
1085 4418 1212 4484 quia
1260 4427 1314 4474 et
1365 4438 1528 4493 supra
1564 4438 1874 4485 creaturam

1992 4399 2102 4490 tius,
2134 4399 2567 4498 praeponuntur,
2600 4430 2738 4487 l-‘ilio
2784 4399 3000 4493 Patrem
3036 4434 3387 4505 praepositum
3422 4434 3564 4495 dici:

293 4498 422 4543 est:
470 4493 667 4548 tertius
713 4509 892 4553 autem
939 4502 1134 4560 ordine
1183 4507 1394 4566 locatus
1445 4522 1551 4581 est,
1612 4517 1756 4573 sicut
1813 4535 1879 4576 ex

295 4581 599 4653 Evangelio
659 4588 959 4660 docemur,
1042 4599 1257 4656 dicente
1316 4602 1549 4662 Domino
1603 4627 1615 4663 :
1680 4609 1880 4668 Euam

295 4672 571 4743 baptizata
622 4679 679 4733 in
724 4685 933 4740 nomine
983 4686 1200 4757 Patris,
1246 4703 1296 4747 et
1344 4695 1495 4761 Filii,
1546 4710 1596 4753 et
1644 4701 1881 4770 Spiritus

290 4769 498 4821 sancti.
546 4768 651 4835 Qui
705 4783 883 4829 autem
935 4778 1083 4834 illum
1135 4783 1215 4836 vel
1263 4789 1528 4857 praeponit
1550 4768 1734 4858 ‘Filio,
1788 4797 1871 4850 vel

295 4852 461 4909 Patre
503 4859 779 4917 seniorem
827 4865 999 4932 dicit,
1038 4869 1128 4925 bic
1177 4852 1478 4932 reluctatur
1521 4882 1740 4948 quidem
1779 4884 1874 4941 Dei

291 4947 657 5019 ordinationi,
701 4964 863 5025 atque
919 4974 948 5012 a
998 4946 1131 5018 sana
1186 4966 1290 5022 [ide
1340 4968 1550 5026 alienus
1603 4983 1708 5038 est,
1762 4991 1872 5031 non

291 5054 448 5101 eum,
476 5058 640 5112 quem
674 5052 905 5120 accepit,
938 5053 1349 5123 gloriﬁcationis
1376 5063 1594 5117 modqu
1627 5082 1875 5136 servans,

292 5131 391 5183 sed
434 5134 536 5188 sibi
571 5152 763 5193 vocum
792 5144 1091 5202 novitatem
1115 5152 1181 5205 ad
1208 5152 1529 5221 placendum
1564 5156 1879 5216 hominibus

292 5224 636 5293 exmgitans.
676 5247 697 5279 ι
806 5220 815 5235 “

364 5313 431 5369 Et
457 5320 645 5386 paucis
668 5324 1023 5395 interpositis,
1050 5331 1211 5387 veluti
1237 5338 1569 5395 concludens
1586 5343 1659 5397 ait
1686 5362 1698 5397 :
1735 5365 1751 5397 ι
1775 5346 1879 5400 lta-

292 5421 400 5473 que
438 5408 561 5465 ﬁdei
597 5413 884 5487 abnegatio
932 5433 1048 5483 est;
1102 5441 1258 5496 teque
1309 5430 1455 5485 enim
1514 5433 1741 5504 imp’um
1793 5446 1876 5491 est

364 5614 408 5646 "
438 5614 606 5672 Marc.
638 5634 752 5684 xvt,
784 5621 870 5677 15.

1979 4538 2124 4586 mus,
2157 4533 2367 4580 natura:
2394 4535 2579 4582 autem
2612 4528 2921 4603 diilerentia
2950 4546 3237 4599 negamus.
3271 4549 3291 4583 ι

2049 4611 2196 4667 Idem
2231 4613 2284 4667 in
2318 4616 2477 4670 tertio
2512 4617 2881 4681 Quwstionum
2909 4635 2929 4673 :
2966 4639 2984 4671 ι
3017 4620 3177 4675 Sicut
3206 4621 3350 4675 enim
3383 4618 3557 4675 Filius

1980 4700 2174 4753 ordine
2207 4700 2429 4770 quidem
2460 4707 2740 4760 secundus
2770 4723 2798 4760 a
2832 4706 3017 4774 Patre,
3049 4710 3176 4778 quia
3208 4725 3272 4763 ex
3298 4710 3401 4764 ‘lllo
3427 4719 3511 4765 est
3536 4752 3553 4774 ,

1982 4797 2037 4841 et
2092 4788 2397 4857 dignitate,
2462 4793 2722 4860 quoniam
2783 4794 2999 4849 initium
3086 4805 3138 4849 et
3188 4811 3352 4852 causa
3407 4798 3556 4853 illius

1980 4880 2233 4935 essentia:
2282 4881 2441 4938 Pater
2472 4892 2593 4944 est,
2641 4892 2695 4938 et
2728 4884 2865 4952 quia
2911 4901 3005 4954 per
3046 4886 3224 4955 ipsum
3267 4904 3553 4945 accessum

1984 4971 2246 5026 habemus
2297 4973 2363 5027 ad
2426 4974 2592 5029 Deum
2643 4984 2699 5030 et
2734 4974 2977 5040 Patrem,
3018 4986 3212 5031 natura
3263 4995 3393 5034 vero
3444 4997 3554 5036 non

1968 5062 2080 5131 jam
2111 5066 2387 5120 secundus
2414 5076 2518 5129 est,
2554 5067 2680 5137 quia
2727 5067 2909 5123 Deitas
2952 5068 3006 5123 in
3042 5079 3275 5138 utroque
3308 5088 3437 5139 una,
3479 5074 3554 5127 ita

1971 5156 2183 5211 scilicet
2235 5168 2290 5213 et
2332 5168 2558 5216 sanctus
2608 5160 2882 5231 Spiritus,
2935 5164 3036 5219 etsi
3068 5164 3206 5219 Filio
3263 5166 3551 5233 subjicitur

1972 5246 2164 5302 ordine
2200 5256 2254 5301 et
2298 5248 2582 5318 dignitate,
2612 5266 2720 5304 non
2796 5260 2978 5329 tamen
3011 5254 3224 5318 alienat,
3255 5254 3349 5310 sed
3384 5254 3548 5309 unius

1971 5339 2327 5411 ejusdemque
2372 5350 2579 5397 naturae
2632 5359 2758 5398 cum
2800 5342 2961 5400 Patre
3011 5355 3066 5402 et
3116 5344 3250 5401 Filio
3320 5346 3546 5405 omnino

1970 5443 2073 5488 est.
2108 5454 2125 5487 ι

340 5792 440 5866 (1)
473 5799 547 5853 lla
575 5817 734 5863 vocat
773 5804 965 5864 Calcca
1000 5810 1165 5868 libros
1204 5811 1265 5869 S.
1300 5812 1482 5874 Basilii
1527 5827 1718 5877 contra
1762 5819 2089 5886 Eunomium
2128 5846 2191 5887 ex
2228 5849 2459 5904 quorum
2523 5837 2698 5906 primo
2767 5836 2870 5892 hoc
2957 5841 3327 5895 testimonium
3399 5832 3544 5909 peti.

340 5885 405 5909 IIII
436 5883 514 5909 ne!

180 5896 201 5913 ,ρ
289 5875 405 5922 tum
436 5883 539 5928 est.
