4010 6548
326 356 387 417 2i
1451 357 1861 421 ADVERSUS
1897 357 2214 421 GRAECOS
2240 361 2385 424 LIB.
2417 362 2465 423 Ῑ.
3514 369 3585 432 22

328 463 596 518 ordinem.
626 464 725 530 Qui
761 467 905 519 enim
966 465 1086 520 Filii
1115 475 1168 523 et
1203 463 1440 538 Spiritus
1466 471 1531 526 ad
1567 470 1783 524 Patrem
1810 484 1902 539 οε·
1933 473 1980 530 Α
2010 478 2069 523 ιιι
2122 470 2419 528 Eunomius
2462 472 2694 535 volebat,
2732 473 2782 526 in
2815 481 3002 528 sancta
3063 474 3327 534 Trinitate
3365 493 3585 538 sanctos

327 557 508 609 dinem
541 558 739 622 reddit,
778 558 899 612 Filii
956 569 1136 613 autem
1191 569 1246 615 et
1278 555 1527 632 Spiritus
1561 563 1628 618 ad
1671 564 1903 618 invicem

329 651 644 715 entil'undit,
680 654 894 709 ordinis
954 655 1160 709 bonum
1216 654 1324 711 Deo
1351 673 1413 712 ex
1445 658 1675 713 dimidio
1708 659 1904 713 reddit.

329 744 535 799 Bonum
567 748 712 800 enim
751 749 889 802 ordo
915 759 1018 812 est,
1059 759 1226 820 atque
1257 751 1571 807 ordinatum
1603 767 1740 808 esse.
1769 752 1904 819 Quia

326 837 473 889 enim
505 839 560 890 in
588 839 693 902 his,
737 855 858 907 quze
891 847 1018 893 sunt
1071 843 1227 906 ordo,
1261 845 1582 912 pra‘clarum
1643 845 1904 914 quiddam

325 938 380 981 et
418 931 687 997 optimum
723 942 826 995 est,
856 933 1000 1001 quod
1030 941 1084 988 et
1113 935 1362 1009 caelestia
1393 937 1554 991 simul
1609 946 1664 991 et
1695 946 1909 991 terrena

326 1020 598 1080 continet,
657 1035 822 1074 omne
879 1031 1062 1076 autem
1115 1023 1380 1092 optimum
1429 1040 1460 1080 a
1527 1025 1637 1080 Deo
1682 1035 1908 1081 manat:

329 1107 505 1160 multo
552 1119 736 1163 autem
797 1113 975 1178 magis
1030 1113 1083 1167 in
1139 1112 1272 1180 Deo,
1318 1115 1468 1169 velut
1531 1116 1586 1171 in
1620 1118 1909 1188 principali

328 1213 522 1260 causa,
553 1200 756 1253 bonum
803 1201 934 1256 illud
976 1204 1336 1261 excellentius
1383 1207 1565 1264 inesse
1604 1209 1910 1280 intelligen-

325 1290 454 1343 dum
493 1303 600 1347 est.
630 1291 787 1358 Nam,
825 1304 885 1349 ut
907 1296 980 1348 ait
1009 1293 1070 1351 D.
1099 1296 1392 1369 Dionysius
1418 1300 1471 1354 in
1504 1299 1601 1357 lib.
1658 1301 1732 1357 De
1781 1303 1911 1358 divi-

328 1385 408 1458 nis
437 1386 742 1441 nominibus
779 1401 798 1439 :
831 1407 849 1440 ι
889 1386 1016 1454 Quae
1045 1391 1098 1444 in
1132 1392 1444 1448 causalibus
1469 1369 1598 1449 situt
1624 1395 1913 1464 perfectio-

325 1490 444 1536 nes,
471 1491 568 1531 eas
595 1478 648 1530 in
683 1480 867 1534 causis
901 1481 1033 1554 Ipsis
1062 1482 1220 1555 longe
1256 1485 1438 1554 potius
1466 1502 1531 1543 ac
1558 1487 1710 1558 prius
1731 1488 1912 1548 inesse

327 1568 688 1623 manifestum
715 1581 819 1625 est.
856 1589 876 1624 ι

393 1656 532 1723 Quis
591 1677 722 1714 vero
752 1663 864 1732 jam
905 1665 1171 1722 adversus
1218 1678 1324 1722 tam
1373 1670 1602 1727 eximios
1653 1673 1920 1728 Ecclesia!

322 1751 621 1817 magistros
685 1757 1015 1811 contendere
1064 1755 1398 1829 prmsumat,
1432 1773 1620 1832 aperte
1683 1764 1738 1818 in
1801 1763 1909 1819 Deo

320 1843 491 1894 trium
527 1845 594 1896 ad
628 1861 687 1900 se
716 1845 949 1901 invicem
978 1865 1335 1917 personarum
1375 1856 1621 1911 ordinem
1658 1857 1908 1914 cientes?

323 1930 513 2001 Itaque
545 1937 671 1990 licet
703 1940 924 2007 quidem
977 1943 1230 1998 absolute
1282 1960 1345 2001 ac
1385 1947 1728 2018 simpliciter,
1783 1968 1906 2008 cum

322 2025 395 2076 ita
454 2036 569 2080 tres
626 2043 892 2094 personas
956 2043 1333 2101 num‘cramus,
1371 2039 1701 2111 tertiamque
1735 2045 1906 2099 solam

321 2115 612 2172 insinuare
635 2123 908 2185 volumus,
943 2124 1104 2178 aliam
1136 2143 1482 2197 praeponere,
1516 2133 1678 2188 aliam
1735 2138 1909 2208 Suhjl-

323 2224 475 2273 cere,
511 2219 570 2262 ut
603 2222 686 2266 est
713 2213 846 2266 illud
880 2215 1126 2283 Apostoli
1159 2236 1176 2271 :
1224 2237 1241 2271 ι
1274 2219 1457 2275 Gratia
1495 2222 1708 2280 Domini
1735 2229 1904 2283 nostri

317 2299 447 2356 Jesu
481 2301 708 2366 Christi,
744 2315 795 2360 et
827 2307 1071 2365 charitas
1135 2311 1227 2367 Dei
1265 2322 1320 2368 et
1353 2316 1550 2382 Patris,
1576 2327 1630 2373 'et
1665 2335 1910 2377 commu-

316 2393 529 2448 nicatio
571 2399 746 2452 sancti
787 2399 1028 2472 Spiritus
1077 2402 1155 2470 ";
1202 2423 1221 2457 ι
1253 2417 1348 2460 aut.
1410 2413 1905 2484 quomodocunque

319 2485 506 2539 aliter.
557 2485 732 2543 Porro
780 2493 1092 2549 volentibus
1137 2497 1473 2554 divinarum
1541 2517 1902 2572 personarum

316 2575 545 2628 nomina
605 2593 672 2630 eo
723 2579 915 2635 ordine
969 2587 1366 2656 pronuntiare,
1416 2607 1524 2661 quo
1585 2604 1788 2652 aeterne
1840 2615 1905 2654 ac

316 2681 548 2736 semper
575 2669 834 2726 similiter
856 2674 923 2727 ad
956 2675 1190 2733 invicem
1221 2679 1445 2750 habent,
1483 2695 1537 2740 et
1581 2704 1691 2757 quo
1723 2690 1902 2746 Trini-

317 2759 450 2814 tatis
493 2760 760 2828 perfectio
811 2765 1150 2837 designatur,
1192 2774 1338 2827 nulla
1401 2779 1613 2835 ratione
1645 2787 1902 2840 concedi-

316 2861 426 2906 tttr.
460 2851 728 2918 Quocirca
763 2873 990 2926 magnus
1007 2861 1240 2921 Basilius
1264 2867 1316 2921 in
1337 2869 1431 2922 lib.
1462 2888 1510 2926 tv
1536 2872 1902 2937 Qua'stionum

307 2945 388 2996 ait
424 2959 439 2998 :
484 2965 503 2996 ι
545 2945 665 3001 Non
686 2959 872 3004 tamen
915 2954 1041 3022 quia
1086 2957 1264 3025 primo
1301 2959 1391 3016 hic
1437 2967 1612 3020 sancti
1663 2966 1901 3036 Spiritus

310 3037 620 3104 Apostolus
669 3044 943 3111 meminit,
991 3051 1232 3104 secundo
1273 3049 1416 3116 Filii,
1476 3059 1637 3114 tertio
1700 3060 1794 3118 Dei
1845 3075 1901 3119 et

2009 561 2233 616 omnino
2256 564 2524 632 almegare
2558 583 2572 619 :
2607 580 2731 619 eum
2770 580 2898 619 vero
2928 581 3035 636 quo
3086 583 3333 637 persona:
3383 573 3586 629 discer-

2011 663 2236 716 nuntur,
2292 656 2591 709 scentulum
2623 671 2782 726 quem
2830 673 2994 712 causa
3031 659 3103 728 (6)
3150 670 3314 732 atque
3368 667 3587 724 causale

2012 761 2135 800 cum
2171 756 2442 801 eoa-terno
2499 759 2554 802 et
2598 750 3045 806 consubstantiali
3083 755 3378 824 inducitur,
3414 767 3466 814 et
3493 760 3588 816 do-

2009 856 2151 905 cere,
2179 849 2233 894 et
2264 848 2320 894 ut
2352 840 2520 909 pium,
2551 854 2615 895 ac
2643 845 2980 915 religiosum,
3013 850 3264 919 amplecti
3308 867 3371 906 ac
3406 855 3587 908 susci-

2010 949 2158 1004 pere,
2191 949 2366 1002 neque
2395 934 2533 988 idem
2564 943 2751 990 contra
2779 938 2914 992 idem
2951 955 3194 996 asserere
3227 952 3392 1018 atque
3420 945 3588 1003 dene-

2013 1042 2161 1098 gare.

2083 1118 2283 1175 Przeter
2317 1124 2427 1179 haec
2455 1133 2657 1189 autem,
2697 1139 2817 1195 quae
2857 1125 3000 1182 dicta
3035 1137 3184 1196 sunt,
3242 1147 3584 1206 nequaquam

2013 1222 2158 1268 esset
2181 1212 2423 1270 Trinitas
2457 1215 2619 1281 Deus,
2653 1219 2757 1273 nisi
2793 1219 2892 1274 tria
2931 1220 3159 1276 invicem
3185 1233 3587 1280 connectcrcn-

2014 1313 2104 1358 tttr
2129 1348 2144 1371 ,
2193 1322 2256 1361 ac
2289 1311 2588 1363 secundum
2622 1311 2870 1365 ordinem
2926 1327 3084 1368 suum
3118 1314 3404 1368 unirentnr
3437 1331 3452 1369 :
3491 1317 3586 1371 scd

2013 1401 2114 1454 tria
2170 1400 2489 1472 simpliciter
2521 1419 2585 1459 ac
2619 1413 2819 1459 temere
2858 1404 3080 1477 (quippe
3107 1407 3320 1462 sublata
3354 1409 3585 1481 upitate.

2011 1510 2176 1562 quam
2211 1497 2346 1549 ordo
2379 1496 2431 1550 in
2468 1497 2653 1551 tnultis
2703 1497 2890 1568 eiiicit)
2919 1499 3225 1554 inordinata
3281 1511 3488 1565 essent,
3525 1517 3588 1556 ac

2012 1586 2271 1656 plurima,
2333 1588 2442 1643 imo
2496 1591 2677 1659 potius
2719 1590 2872 1644 nihil.
2908 1590 3094 1661 Neque
3126 1593 3270 1647 enim
3330 1591 3410 1646 vel
3462 1593 3585 1655 tria.

2013 1680 2096 1735 vel
2129 1691 2367 1751 quatuor
2391 1665 2517 1737 esse
2553 1682 2663 1735 ullo
2696 1683 2857 1736 modo
2891 1692 3132 1751 possent,
3183 1684 3286 1738 nisi
3317 1682 3586 1747 Trinitas.

2015 1771 2468 1844 vel—quaternitas
2504 1775 2689 1828 animo
2731 1783 2858 1828 ante
2891 1776 3291 1846 conciperetur.
3315 1775 3584 1842 Quoniam

2015 1867 2178 1936 igitur
2217 1867 2377 1919 trium
2437 1881 2598 1920 unam
2625 1867 3025 1920 connexionem
3060 1869 3408 1932 conlitemur,
3442 1868 3587 1924 sicut

2013 1975 2178 2014 unam
2245 1961 2410 2012 etiam
2458 1950 2775 2024 essentiam,
2811 1959 3097 2032 primoque
3130 1959 3251 2016 loco
3301 1958 3461 2014 Pater
3503 1971 3588 2018 est

2009 2066 2198 2116 causa,
2231 2059 2452 2106 necesse
2483 2059 2566 2103 est
2592 2066 2711 2104 esse
2752 2058 2805 2104 et
2841 2052 3084 2104 tertium.
3127 2050 3356 2114 Sublato
3385 2053 3587 2126 quippe

2011 2146 2193 2209 tertio,
2226 2161 2324 2200 nec
2365 2146 2601 2215 primum
2626 2143 2754 2198 erit.
2806 2143 2861 2198 in
2893 2144 3144 2215 plurimis
3174 2145 3318 2200 enim
3352 2145 3442 2200 ubi
3474 2147 3586 2214 pri-

2009 2253 2158 2290 rnum
2187 2245 2290 2301 cst,
2327 2237 2660 2302 necessario,
2690 2251 2812 2304 qua:
2844 2245 2966 2306 post
3001 2237 3236 2306 prinmm
3272 2246 3420 2300 sunt,
3453 2252 3585 2292 con-

2009 2330 2260 2385 nexionis
2295 2330 2435 2383 serie
2486 2329 2552 2382 ad
2604 2328 2839 2398 primum
2873 2328 3203 2383 referuntur.
3246 2327 3424 2400 Atque
3481 2329 3584 2388 hoc

2007 2423 2244 2477 maxime
2277 2423 2330 2475 in
2377 2433 2568 2476 sancta
2605 2417 2893 2486 Trinitate,
2927 2422 3017 2476 ubi
3054 2422 3216 2475 triutn
3250 2438 3412 2476 unam
3447 2420 3583 2477 fat-e-

2005 2528 2132 2566 mur
2158 2500 2573 2575 connexiouE’m,

2000 2599 2021 2618 “
2078 2605 2336 2668 liursnm,
2388 2608 2644 2673 quoniam
2697 2604 2915 2659 tert'um
2977 2619 3006 2658 a
3075 2602 3242 2660 Patre
3313 2603 3580 2676 Spiritum

2005 2711 2253 2752 sanctum
2283 2698 2532 2751 doctores
2563 2697 2875 2766 praedicant,
2925 2695 3167 2767 profecto
3220 2700 3412 2752 tertius
3472 2714 3582 2752 non

2003 2796 2152 2843 esset
2182 2789 2356 2858 primo
2385 2789 2622 2842 sublato.
2647 2789 2890 2842 Tertium
2921 2791 3064 2842 enim
3095 2790 3300 2842 idcirco
3323 2789 3582 2851 dicimus.

2005 2883 2134 2952 quia
2190 2881 2424 2936 refertur
2455 2881 2521 2935 ad
2583 2883 2842 2951 primum.
2880 2879 2944 2934 Et
2986 2881 3087 2934 hoc
3120 2882 3302 2934 itidem
3353 2897 3460 2935 non
3509 2881 3581 2936 ita

2003 2984 2169 3040 esset,
2205 2975 2305 3027 nisi
2333 2984 2385 3028 et
2418 2975 2653 3046 primum
2716 2973 2783 3027 ad
2818 2973 3123 3027 secundum
3155 2972 3384 3026 haberet
3429 2974 3582 3026 ordi-

2006 3084 2150 3121 nem.
2180 3068 2325 3122 Alias
2385 3068 2586 3137 quippe
2621 3082 2798 3135 neque
2854 3065 3021 3120 trintn
3083 3065 3356 3119 connexio
3411 3075 3579 3130 esset,

311 3124 518 3191 Patris,
551 3135 816 3189 continuo
846 3138 1149 3206 putandum
1192 3152 1294 3205 est,
1323 3160 1641 3213 perversum
1679 3164 1775 3209 aut
1798 3155 1900 3210 im-
1927 3158 1971 3213 ο
2006 3176 2180 3229 neque
2215 3124 2443 3214 unitas-z
2479 3159 2571 3214 sed
2610 3159 2735 3218 tria,
2762 3169 2820 3212 ut
2853 3156 3112 3220 diximus,
3145 3157 3485 3228 sitt'plicilcr,
3517 3173 3582 3213 ac

307 3233 590 3277 mutatum
642 3239 767 3282 esse
795 3229 1071 3288 ordinem.
1134 3231 1209 3288 Ex
1259 3247 1449 3292 nostro
1494 3241 1694 3314 quippe
1750 3261 1902 3302 more

309 3316 538 3370 initium
593 3321 851 3389 sumpsit.
906 3320 1136 3388 Quando
1171 3328 1315 3382 enim
1359 3329 1501 3386 dona
1539 3338 1895 3407 suscipimus.

307 3408 494 3475 primo
517 3409 872 3467 distribuenli
907 3416 1295 3486 congredimur
1318 3461 1332 3484 ,
1371 3423 1566 3481 deinde
1594 3429 1896 3487 mittentem

305 3501 660 3567 concipimus
727 3504 932 3566 animo.
999 3517 1108 3562 tum
1144 3511 1211 3564 ad
1259 3511 1434 3582 ipsum
1478 3519 1741 3576 b'onorum
1776 3523 1897 3578 fon-

304 3599 410 3646 tem
439 3609 784 3667 causamque
824 3600 1149 3670 cogitatione
1172 3609 1564 3666 convertimur.
1597 3632 1614 3666 ι

371 3685 536 3752 Quod
563 3691 610 3742 si
645 3706 712 3744 ex
741 3708 892 3746 more
922 3681 1112 3748 nostro
1143 3699 1357 3754 initium
1392 3717 1690 3772 sumentes,
1721 3713 1896 3779 primo

305 3780 671 3834 meminimus
698 3783 956 3850 Spiritus,
1008 3802 1035 3838 a
1085 3805 1194 3856 quo
1227 3790 1280 3844 in
1317 3808 1416 3847 nos
1465 3811 1752 3854 munerum
1786 3802 1895 3857 lar-

304 3871 444 3934 gitas
478 3881 696 3934 manat;
723 3874 918 3931 deinde
971 3871 1119 3945 Filii,
1162 3896 1223 3934 ac
1262 3884 1422 3938 tertio
1457 3902 1553 3956 per
1578 3889 1775 3947 Filium
1825 3897 1890 3950 ad

303 3959 532 4016 Patrem
593 3966 890 4032 tendimus,
931 3969 1120 4040 liquet,
1181 3975 1326 4045 quod
1383 3977 1491 4033 illic
1545 3981 1888 4052 incipientes.

300 4055 491 4122 primo
521 4055 726 4120 Patris,
753 4057 954 4115 deinde
983 4060 1104 4116 Filii
1136 4079 1199 4120 ac
1233 4071 1392 4146 tertio
1435 4071 1674 4144 Spiritus
1716 4079 1889 4133 sancti

301 4148 611 4202 secundum
681 4141 969 4208 Trinitatis
1038 4141 1344 4226 proprium‘
1379 4177 1441 4217 ac
1475 4141 1888 4236 sempiternum

301 4241 558 4318 ordinem
606 4243 980 4302 meminimus.
1028 4248 1238 4320 itaque,
1309 4237 1356 4309 si
1403 4272 1561 4324 quem
1631 4263 1888 4320 sacerdos

303 4333 633 4401 laptizarct,
664 4347 829 4405 atque
857 4341 928 4394 ita
965 4342 1250 4412 baptizans
1277 4351 1694 4414 promintiaret:
1733 4371 1751 4404 ι
1787 4355 1887 4408 Ba-

303 4428 452 4495 ptizo
478 4437 528 4482 te
564 4429 618 4482 in
653 4433 880 4485 nomine
938 4432 1137 4501 Patris,
1168 4448 1220 4492 et
1265 4438 1500 4505 Spiritus
1523 4452 1575 4497 et
1602 4441 1746 4511 Filii,
1781 4446 1882 4503 lic-

301 4519 472 4574 clesia
526 4523 836 4592 bnjusmoii
889 4527 1216 4596 baptizatum
1280 4535 1380 4603 (5),
1411 4537 1566 4606 quasi
1614 4538 1887 4608 baptismo

2004 3258 2209 3304 temere
2261 3248 2570 3313 inordinate
2624 3263 2682 3302 se
2713 3247 2992 3310 habentia,
3023 3256 3187 3316 atque
3221 3248 3290 3301 ab
3348 3248 3579 3302 invicem

2003 3339 2300 3408 disparata.
2361 3338 2469 3392 Sed
2524 3339 2628 3392 hoc
2661 3339 2744 3393 his
2773 3354 2893 3407 qua:
2933 3352 2960 3391 a
2995 3339 3275 3409 magistris
3324 3336 3580 3394 Ecclesia:

2001 3432 2285 3498 dicuntur,
2338 3433 2727 3500 communique
2783 3431 3117 3487 confessioni
3183 3432 3306 3494 lidei
3359 3443 3579 3487 contra-

2000 3525 2141 3580 rium
2195 3526 2420 3580 omnino
2477 3535 2582 3580 est.
2616 3524 2857 3578 Primum
2887 3526 3058 3587 enim,
3089 3533 3140 3579 et
3174 3524 3498 3591 secundum,
3526 3535 3581 3580 et

2001 3622 2218 3675 tertium
2272 3619 2526 3686 fatentur,
2596 3634 2871 3680 unamque
2931 3617 3322 3675 connexionetn
3376 3630 3580 3674 sancta:

1999 3711 2306 3777 Trinitatis,
2340 3728 2510 3782 caque
2533 3711 2639 3768 sibi
2691 3711 2922 3765 invicem
2957 3711 3212 3782 conjungi
3241 3725 3294 3770 et
3325 3714 3577 3767 conm-eti

1997 3807 2157 3871 serie,
2185 3821 2348 3875 supra
2381 3805 2493 3876 jam
2527 3804 2729 3860 dictum
2759 3813 2861 3859 est.
2901 3802 3029 3864 llzec
3059 3814 3237 3862 autem
3269 3817 3454 3874 aperte
3485 3822 3579 3860 or.

1995 3899 2179 3954 dinem
2241 3898 2650 3953 commendant.
2706 3895 2901 3966 Liquet
2970 3897 3137 3965 igitur
3187 3913 3251 3952 ex
3294 3897 3404 3960 liis,
3458 3914 3580 3968 qua:

1993 3991 2136 4044 dicta
2166 3996 2314 4052 sunt,
2373 3985 2817 4057 quandoquidem
2847 3987 2983 4040 ordo
3015 3987 3252 4040 discreta
3288 3988 3576 4056 signilieat,

1992 4081 2086 4150 qui
2123 4079 2614 4135 consubstantialis
2672 4077 2918 4132 ordinem
2957 4093 3079 4133 esse
3109 4080 3318 4145 dicunt,
3377 4095 3474 4133 eos
3523 4081 3579 4134 in

1991 4171 2194 4226 divinis
2227 4185 2478 4242 peccare.
2519 4169 2598 4223 ita
2632 4170 2776 4224 enim
2812 4169 3079 4224 unitatem
3113 4170 3342 4225 reddent
3369 4173 3580 4240 potius,

1992 4281 2153 4335 quam
2201 4264 2472 4320 ordinem.
2531 4261 2662 4316 Nam
2721 4279 2968 4332 personae
3005 4275 3140 4328 tres,
3195 4265 3248 4320 in
3303 4279 3572 4334 quantum

1991 4365 2119 4409 sunt
2152 4355 2382 4410 invicem
2427 4352 2944 4414 consubstantiales.
2972 4353 3126 4424 juxta
3161 4355 3403 4425 ejusdem
3435 4358 3571 4412 sub-

1993 4445 2207 4500 S'taltlite
2261 4444 2528 4496 tationem
2589 4459 2757 4496 unutn
2795 4449 2950 4496 sunt.
2995 4441 3169 4496 Porro
3217 4444 3376 4498 unius
3405 4447 3470 4499 ad
3515 4463 3580 4502 se

1997 4533 2198 4601 ipsum,
2236 4532 2535 4586 secundum
2580 4547 2716 4598 rem,
2761 4531 3179 4599 ordincmesse,
3244 4534 3580 4606 impossibile

302 4626 713 4679 consecratum,
772 4635 1048 4703 npnquam
1094 4623 1408 4680 admitteret
1481 4644 1546 4682 eo
1591 4633 1734 4700 quod
1777 4647 1884 4686 non
1947 4635 2092 4678 ‘05!-

297 4704 458 4773 juxta
485 4706 699 4764 Domini
754 4711 1102 4765 traditionem
1151 4714 1457 4784 baptizatus
1492 4729 1658 4780 esset.
1691 4737 1888 4775 sccun-
1972 4761 1977 4765 ι

299 4797 428 4851 dum
496 4817 660 4870 quam
709 4804 993 4858 nominum
1051 4823 1116 4861 ac
1164 4825 1343 4861 rerum
1395 4809 1659 4877 Trinitas,
1712 4815 1887 4870 Patris

299 4886 534 4949 scilicet,
565 4898 617 4943 et
640 4889 784 4954 Filii,
817 4904 867 4946 et
898 4900 1073 4950 sancti
1099 4897 1354 4967 Spiritus,
1393 4911 1447 4954 ut
1481 4918 1536 4956 se
1560 4905 1625 4956 ad
1651 4904 1883 4960 invicem

300 4981 488 5046 habet,
525 4985 724 5037 tradita
768 4995 849 5039 est.
879 4988 1056 5052 nobis,
1089 5007 1251 5058 quam
1289 4993 1577 5049 iuunutare
1604 5012 1708 5050 non
1735 4998 1878 5053 licet.

301 5072 513 5140 Quippe
545 5089 660 5136 eos,
723 5077 814 5145 qui
857 5079 1210 5136 imrnutarent
1258 5095 1481 5140 sanctus
1523 5085 1757 5144 Basilius
1788 5107 1882 5146 ca-

301 5163 476 5218 rendo
506 5167 742 5233 monuit,
777 5179 963 5240 utpote
996 5173 1244 5241 pietatem
1269 5188 1453 5244 aperte
1481 5193 1881 5251 oppugnantes,

297 5264 349 5306 et
409 5273 588 5324 neque
641 5259 695 5313 in
771 5261 1038 5317 'l‘rinitate
1087 5264 1448 5335 baptizantes,
1516 5287 1690 5341 neque
1742 5274 1882 5328 hanc

295 5345 444 5411 juxta
488 5347 704 5402 Domini
772 5353 1115 5408 traditionem
1141 5360 1495 5433 conﬁtentes.
1553 5362 1791 5433 Apparet
1828 5365 1878 5420 id

297 5451 518 5506 quoque
546 5453 671 5493 eum
725 5443 996 5512 ordinem,
1055 5464 1166 5520 quo
1199 5459 1406 5506 natura:
1464 5453 1875 5523 discernuntur,

369 5607 411 5638 υ
442 5605 483 5658 ΙΙ
519 5607 648 5663 Cor.
677 5623 799 5676 xtn,
840 5611 929 5667 13.

297 5752 722 5893 1’a(psijmtgiiiserva
782 5756 921 5816 hanc
960 5759 1271 5832 opinionem
1312 5760 1519 5820 Calccaa
1569 5765 1635 5820 de
1696 5762 1868 5822 l‘m'tua

2060 4714 2351 4769 Prretcrea.
2385 4723 2437 4769 rt
2490 4731 2518 4768 a
2581 4714 2740 4769 Patre
2787 4730 2930 4778 esse,
2963 4717 3230 4772 ambobus
3286 4731 3578 4774 commune

1992 4821 2113 4860 tum
2149 4807 2242 4888 sit,
2278 4806 2492 4859 ttnionis
2525 4810 2733 4876 potius,
2782 4821 2944 4875 quam
2978 4807 3329 4862 discretionis
3381 4809 3444 4862 ad
3489 4811 3575 4863 iu-

1989 4900 2166 4954 vicem
2225 4915 2388 4954 causa
2448 4908 2550 4956 est.
2599 4899 2700 4952 nisi
2764 4898 2907 4952 aliud
2967 4900 3172 4969 aliquid
3262 4902 3573 4972 adjiciatur.

1995 4992 2206 5062 Quippe
2240 5000 2292 5046 et
2351 5005 2540 5044 omnes
2569 4988 2818 5044 homines
2870 5005 2936 5042 co
2977 4991 3102 5059 ipso
3138 4992 3379 5064 quidem,
3425 4995 3572 5062 quod

1993 5103 2057 5142 ex
2096 5085 2266 5139 Adam
2323 5084 2585 5152 originem
2623 5082 2868 5146 traimnt,
2931 5082 3160 5136 invicem
3201 5085 3337 5138 uniti
3391 5095 3564 5152 sunt,

1934 5177 1946 5186 ’
1993 5178 2159 5232 certis
2188 5192 2315 5231 vero
2354 5174 2662 5229 rationibus
2716 5182 2772 5228 et
2821 5175 3252 5252 proprietatibus
3294 5177 3364 5230 ab
3394 5194 3452 5231 se
3485 5179 3572 5230 di-

1994 5271 2372 5340 stinguuntur.
2406 5259 2598 5337 itaque
2629 5275 2926 5333 utrumque
2961 5266 3210 5320 exl'atre
3242 5282 3360 5320 esse
3421 5267 3570 5320 dice-

1992 5375 2072 5423 re,
2144 5360 2278 5416 satis
2309 5375 2434 5421 non
2478 5369 2562 5412 est
2601 5361 2667 5410 ad
2727 5357 3144 5426 exprimendum
3210 5373 3332 5410 eum
3407 5373 3567 5428 quem

1994 5452 2198 5508 habent
2235 5455 2302 5506 ad
2369 5451 2630 5513 invicem,
2673 5448 2942 5503 ordinem.
2978 5448 3082 5503 Sed
3125 5449 3270 5502 enim
3313 5448 3570 5524 hyposra—

2063 5763 2138 5830 (6)
2180 5763 2327 5817 More
2357 5763 2672 5817 Graecorum
2714 5765 2933 5820 Patrum
2967 5779 3030 5820 ac
3075 5765 3402 5835 scriptorum
3433 5779 3560 5818 cau-

1993 5852 2106 5890 sam
2129 5850 2236 5905 pro
2258 5836 2520 5906 principio
2550 5846 2792 5906 usurpat.
