4010 6564
422 399 493 458 23
1686 412 2083 479 MANUELiS
2118 419 2422 483 CALEC/E
3603 430 3674 496 24

416 529 556 590 smn
599 530 695 569 seu
736 530 1094 587 personarum
1129 521 1196 576 ad
1233 538 1291 578 se
1326 520 1561 579 invicem
1591 527 1744 597 juxta
1778 530 1981 585 incom-

2166 531 2403 589 Sanetus
2459 536 2585 591 item
2645 536 2889 608 Cyrinus
2927 538 2978 591 in
3031 557 3045 595 ι
3104 536 3491 594 Tliesaurorum
3535 542 3611 596 ait
3654 551 3669 587 ε

423 604 662 667 mistam,
695 617 861 676 atque
898 611 1236 667 inconfnsam
1273 616 1562 680 rationem.
1593 621 1842 675 ordinem
1873 638 1995 678 esse

417 700 618 762 direre,
655 700 1026 759 irrationabile
1056 708 1284 763 omnino
1309 719 1413 765 est.
1447 710 1579 768 Esse
1608 715 1753 769 enim
1788 716 1995 771 incom-

417 791 614 847 niistas
647 795 711 847 ad
747 794 1002 865 invicem,
1039 810 1322 858 servantes
1357 804 1459 860 sibi
1486 821 1706 862 suarum
1750 812 1991 879 proprie-

416 892 587 938 tatum
642 887 929 954 terminos,
987 907 1207 949 necesse
1255 905 1386 950 est:
1444 886 1814 969 nequeenim
1856 903 1993 959 alias

414 977 550 1030 ordo
581 991 893 1035 servaretur
924 1000 938 1049 ;
978 999 1084 1039 non
1119 997 1299 1042 tamen
1332 989 1455 1045 ideo
1496 1006 1718 1047 necesse
1749 1002 1854 1055 est.
1906 994 1992 1049 in-

414 1071 856 1138 commiSIarum,
898 1076 950 1130 in
985 1088 1248 1147 quantum
1282 1079 1631 1137 incommista
1661 1090 1812 1148 sunt,
1844 1087 1991 1139 ordi-

415 1174 539 1213 nem
570 1164 635 1215 ad
693 1163 922 1221 invicem
997 1182 1305 1233 servantes,
1367 1174 1471 1226 nisi
1556 1174 1719 1228 etiam
1775 1174 1990 1228 habitus

414 1255 480 1307 al
543 1253 772 1312 invicem
853 1260 1075 1328 quidam
1128 1262 1236 1318 illis
1306 1263 1485 1320 inesse
1548 1265 1822 1321 videatur.
1908 1264 1987 1320 Ex

414 1361 526 1414 quo
563 1363 695 1404 sane
756 1351 947 1407 ordine
984 1354 1048 1408 ad
1089 1354 1317 1410 invicem
1389 1364 1442 1411 et
1496 1356 1706 1423 habitu,
1760 1374 1986 1414 suarum

414 1438 579 1492 etiam
610 1443 1004 1533 proprietatum
1075 1447 1291 1501 termini
1346 1448 1605 1505 confundi
1660 1450 1988 1522 miscerique

414 1548 525 1587 non
567 1545 817 1604 possunt.
875 1536 996 1604 Quo
1061 1541 1226 1595 etiam
1285 1553 1514 1608 remoto,
1577 1545 1984 1601 incommistnm

352 1660 353 1665 η
414 1626 548 1681 illud
602 1630 904 1685 secundum
980 1648 1059 1698 se,
1095 1634 1520 1692 inordinationis
1575 1638 1785 1707 p0tius,
1819 1654 1983 1709 quam

413 1718 621 1773 ordinis
640 1718 792 1775 fieret
818 1737 1009 1778 causa.
1034 1723 1415 1789 ~Qumrendnm
1463 1727 1628 1796 igitur
1656 1730 1706 1782 in
1735 1733 1984 1799 personis

411 1808 633 1875 divinis,
694 1829 941 1880 quaenam
996 1816 1068 1869 sit
1113 1817 1319 1871 ordinis
1369 1835 1555 1874 earum
1632 1821 1698 1875 ad
1752 1822 1981 1877 invicem

409 1916 599 1968 causa,
633 1905 899 1974 quasitem
923 1907 1377 1967 iucommistionis
1402 1912 1701 1967 secundum
1732 1914 1980 1983 proprie-

410 2002 551 2049 tates
622 2012 772 2052 suas.
814 1997 963 2055 Alias
1018 2001 1187 2067 enim,
1241 2010 1599 2074 praeterquam
1647 2006 1791 2075 quod
1843 2006 1977 2060 nihil

410 2085 719 2153 conficitur,
752 2090 1040 2159 imperitiae
1078 2111 1296 2165 quoque
1342 2098 1566 2150 evidens
1597 2109 1978 2166 argumentum

409 2191 518 2246 est,
554 2184 781 2239 causale
807 2186 967 2254 quasi
1018 2202 1239 2249 causam
1274 2203 1495 2257 ponere.
1526 2189 1697 2260 Igitur
1729 2204 1981 2261 oportere

409 2272 632 2341 quidem
694 2276 1007 2331 necessario
1069 2278 1315 2333 ordinem
1376 2279 1432 2335 in
1478 2281 1681 2338 divinis
1732 2284 1981 2353 personis

406 2363 742 2420 immobilem
778 2366 959 2433 fateri,
990 2385 1169 2439 neque
1190 2386 1314 2427 esse
1345 2373 1399 2427 in
1452 2383 1636 2429 nostra
1690 2383 1981 2444 potestate,

409 2468 470 2512 ut
500 2457 747 2524 libuerit,
799 2463 1058 2518 traditum
1120 2464 1411 2521 immutare
1434 2468 1704 2530 Ordinem.
1753 2485 1980 2540 eosque,

407 2549 502 2615 qui
540 2550 855 2617 immutant,
890 2563 950 2610 ut
981 2569 1092 2624 quo
1128 2566 1313 2625 aperte
1356 2570 1670 2627 oppugnant
1701 2561 1981 2629 pietatem.

406 2641 661 2698 vitandos
718 2659 857 2709 esse,
895 2648 1029 2701 satis
1064 2662 1127 2702 ex
1162 2649 1536 2717 superioribus
1561 2662 1840 2707 ostensum
1877 2663 1978 2708 est.

481 2733 750 2800 Quoniam
818 2752 948 2791 vero
983 2740 1247 2793 unitatem
1313 2755 1377 2796 ac
1437 2742 1755 2798 Trinitatem
1815 2744 1981 2799 Deum

409 2824 757 2893 confitemur,
786 2843 850 2882 ac
876 2828 1031 2898 juxta
1063 2833 1326 2887 unitatem
1358 2835 1577 2903 quidem
1611 2852 1785 2907 neque
1826 2839 1983 2905 ordo,

408 2932 585 2986 neque
612 2934 921 2989 processus,
972 2938 1147 2992 neque
1182 2940 1541 2992 personarum
1575 2946 1838 2986 numerus
1903 2932 1987 2986 in-

409 3010 681 3078 spicitur:
717 3027 823 3066 una
865 3014 1007 3068 enim
1043 3031 1127 3069 res
1154 3020 1389 3071 essentia
1421 3028 1507 3075 est
1534 3020 1760 3077 omnino
1808 3022 1984 3077 indis-

406 3110 581 3168 creta,
650 3104 924 3174 nniusqne
954 3106 1018 3160 ad
1056 3108 1295 3177 scipsum
1333 3112 1633 3165 secundum
1696 3128 1812 3168 rem
1850 3116 1986 3168 ordo

2105 644 2123 676 ι
2159 623 2338 694 Gignit
2374 626 2570 682 Filium
2612 630 2773 683 Pater
2805 630 2953 683 nullo
2987 630 3187 685 medio.
3224 648 3242 682 ι

2169 711 2315 766 Idem
2340 728 2506 783 super
2534 716 2830 787 Evangelia
2860 715 3110 782 Joannis,
3157 734 3278 773 cum
3335 718 3388 773 id
3445 720 3671 775 verbum

2094 813 2389 871 exponeret
2431 822 2445 857 :
2505 804 2621 860 Hoc
2671 816 2786 861 erat
2839 809 2895 861 in
2940 809 3198 878 principio
3264 812 3405 880 apud
3462 811 3667 874 Deum,

2096 893 2169 947 ita
2196 894 2272 949 ait
2301 911 2315 948 :
2350 913 2371 948 ι
2409 896 2542 953 Esse
2591 909 2774 955 autem
2809 915 2931 955 cum
2983 902 3122 957 Filio
3168 902 3381 958 Patrem
3416 903 3673 973 intelligi-

2094 1000 2236 1051 mus,
2273 998 2496 1060 propter
2521 992 2843 1049 substantiae
2896 995 3497 1051 incomnmtabilitatem
3534 1015 3548 1053 :
3586 1009 3671 1051 at-

2092 1092 2199 1145 que
2230 1078 2369 1145 ideo,
2398 1082 2543 1150 quod
2575 1084 2800 1139 omnino
2822 1086 3111 1155 contiguus
3144 1085 3236 1151 sit,
3290 1087 3441 1142 nullo
3463 1088 3666 1154 medio,

2091 1167 2164 1230 ei,
2197 1170 2340 1237 quod
2369 1187 2434 1225 ex
2467 1188 2526 1227 se
2555 1175 2881 1230 naturaliter
2912 1178 3198 1247 processit.
3239 1197 3260 1231 ι

2164 1259 2394 1332 Magnus
2443 1263 2585 1319 idem
2621 1264 2879 1333 Basilius,
2912 1269 2965 1322 in
3019 1270 3179 1339 epist.
3234 1270 3299 1325 ad
3346 1270 3666 1341 Gregorium

2091 1350 2314 1409 fratrem
2376 1356 2443 1410 de
2491 1356 2797 1413 difierentia
2855 1362 3109 1416 essentia:
3181 1372 3347 1432 atque
3408 1363 3667 1419 substan-

2090 1447 2178 1501 tiae
2211 1447 2311 1518 (7),
2344 1450 2420 1504 ait
2456 1467 2483 1522 τ,
2511 1468 2529 1502 ι
2578 1451 2751 1509 Filius
2786 1463 2968 1508 autem
3009 1455 3185 1520 solus,
3219 1456 3313 1525 qui
3348 1457 3666 1525 unigenitus

2087 1537 2154 1594 de
2186 1540 2429 1617 ingenito
2451 1544 2654 1600 effulsit
2682 1546 2909 1612 lumine,
2942 1547 3143 1601 nullam
3171 1548 3326 1617 juxta
3365 1551 3669 1617 proprieta-

2088 1636 2194 1698 tem
2229 1612 2587 1703 personarum
2615 1636 3058 1690 communionem
3093 1634 3257 1688 habet
3308 1634 3374 1687 ad
3430 1635 3666 1695 Patrem,

2084 1731 2169 1785 vel
2200 1728 2265 1783 ad
2298 1728 2564 1797 Spiritum
2596 1734 2869 1782 sanctum.
2904 1745 2923 1778 ι
2961 1726 3261 1797 Gregorius
3302 1726 3431 1780 item
3470 1725 3669 1796 Nyssc-

2088 1839 2189 1880 nus
2220 1838 2382 1893 super
2420 1819 2681 1877 Oratione
2715 1818 2996 1875 Dominica
3029 1861 3045 1885 ,
3104 1822 3158 1873 in
3187 1835 3252 1874 eo
3282 1828 3545 1881 tractatu,
3572 1821 3663 1888 qui

2084 1916 2274 1985 incipit
2314 1933 2327 1968 :
2391 1912 2643 1967 Umbram
2673 1912 2941 1966 continens
2996 1911 3297 1981 futurorum
3335 1912 3440 1975 lex;
3484 1930 3503 1962 ι
3538 1910 3667 1966 Uni-

2082 2007 2324 2078 genitus,
2352 2004 2553 2075 inquit,
2605 2002 2777 2057 Filius
2809 2018 2871 2057 ex
2910 2003 3069 2057 Patre
3101 2018 3131 2056 a
3166 2000 3227 2056 S.
3256 2001 3543 2071 Scriptura
3571 2018 3668 2055 no-

2083 2101 2357 2165 minatur;
2402 2107 2566 2168 atque
2599 2097 2871 2151 hactenus
2904 2098 3025 2165 ejus
3059 2098 3373 2166 proprietas
3403 2096 3599 2152 fertur.
3640 2116 3658 2148 ι

2154 2190 2391 2247 Sanctus
2422 2206 2640 2261 quoque
2667 2191 2995 2245 Anastasius
3022 2189 3325 2245 Antiochia:
3377 2190 3663 2260 episcopus

2084 2285 2138 2340 in
2170 2285 2265 2339 lib.
2298 2298 2399 2338 suo
2429 2283 2503 2337 De
2524 2283 2862 2351 dogmatibus
2898 2281 3003 2351 (8),
3056 2281 3215 2351 cujus
3268 2282 3485 2336 initium
3535 2292 3620 2337 est
3648 2299 3662 2337 :

2084 2376 2338 2434 Salubris
2366 2377 2493 2446 ﬁdei
2526 2384 2725 2430 nostra
2774 2375 3031 2428 rationem
3054 2416 3069 2439 ,
3108 2375 3186 2428 ait
3217 2390 3233 2429 :
3270 2391 3289 2425 ι
3319 2374 3575 2443 Spiritus,
3605 2385 3664 2430 tit

2083 2473 2220 2537 dixi,
2250 2471 2451 2525 dicitur
2492 2467 2654 2533 Deus,
2703 2476 2760 2523 et
2816 2478 3041 2523 sanctus
3075 2466 3241 2522 Dens.
3309 2466 3433 2522 llaec
3474 2476 3659 2521 autem

2084 2563 2245 2616 ambo
2277 2560 2574 2629 composita
2601 2559 2825 2619 nomina
2849 2559 2896 2612 ei
2930 2568 3243 2628 congruunt
3268 2599 3282 2620 .
3319 2559 3411 2626 qui
3446 2560 3661 2629 proprie

2088 2655 2328 2724 Spiritus
2374 2664 2598 2708 sanctus
2654 2653 2981 2722 appellatur,
3022 2652 3165 2707 sicut
3198 2662 3250 2706 et
3288 2650 3467 2707 Patris
3506 2667 3661 2705 vora-

2083 2748 2271 2802 bulum
2304 2761 2509 2809 causae,
2545 2753 2596 2799 et
2627 2744 2771 2810 Filii,
2802 2745 2850 2798 ei
2882 2745 2976 2813 qui
3004 2760 3066 2800 ex
3113 2760 3279 2800 causa
3344 2746 3493 2800 nullo
3548 2762 3661 2800 tne-

2085 2836 2176 2892 dio
2203 2837 2401 2906 prodit,
2438 2836 2909 2891 accommodatur.
2951 2856 2970 2888 ι

2157 2930 2233 2984 ita
2268 2931 2432 3000 igitur
2464 2928 2584 2983 Filii
2616 2945 2681 2984 ex
2723 2929 2883 2984 Patre
2913 2930 3285 3001 [processum
3318 2932 3655 2988 nativita'em

2088 3024 2298 3079 scilicet
2330 3023 2702 3078 immediatam
2733 3023 3021 3086 discimus,
3078 3025 3380 3081 secundum
3411 3042 3573 3094 quam
3603 3036 3657 3080 et

2088 3117 2426 3187 unigenitus,
2460 3124 2514 3171 et
2534 3116 2683 3171 solus
2712 3115 2776 3170 de
2802 3116 2920 3171 solo
2942 3115 3169 3179 dicitur.
3204 3119 3656 3187 personalemqne

408 3202 505 3247 aut
531 3193 787 3249 discretio
819 3210 925 3251 non
962 3206 1087 3253 est:
1150 3199 1420 3269 reliquum
1475 3211 1581 3265 est,
1611 3212 1670 3257 ut
1722 3204 1969 3258 ordinem
2004 3214 2049 3272 (ἶ
2081 3222 2235 3262 suam
2289 3220 2352 3259 ac
2391 3205 2809 3260 substantialcm
2867 3204 3249 3274 proprietatem
3284 3203 3411 3259 hinc
3434 3204 3654 3273 accipit,

409 3303 813 3360 numerumque
842 3305 1201 3360 personarum
1237 3293 1392 3363 juxta
1422 3310 1711 3365 processus
1741 3311 1872 3353 suos
1904 3296 1982 3353 fa-

410 3390 642 3436 teamur.

484 3474 601 3527 Duo
632 3474 858 3531 omnino
885 3490 1177 3546 processus
1211 3475 1264 3531 in
1298 3474 1407 3534 Deo
1438 3478 1594 3534 nobis
1627 3480 1807 3535 traditi
1829 3488 1976 3545 sui-t,

408 3564 565 3633 alter,
616 3568 913 3622 secundum
950 3568 1327 3637 nativitatem,
1359 3569 1518 3637 alter,
1564 3573 1717 3641 juxta
1756 3586 1979 3643 proces-

408 3656 641 3730 siopem.
705 3655 873 3713 Deum
929 3659 1131 3729 quippe
1194 3676 1259 3715 ex
1321 3661 1432 3715 Deo
1465 3662 1641 3727 nasci,
1701 3662 1982 3733 Deumque

406 3756 537 3806 item
570 3765 633 3804 ex
696 3750 808 3805 Deo
847 3750 1161 3819 procedere,
1194 3750 1393 3807 divinis
1424 3752 1643 3810 Litteris
1696 3756 1976 3811 docemur.

405 3848 585 3915 Atque
602 3842 724 3898 Filii
745 3843 963 3912 quidem
992 3858 1024 3899 a
1052 3843 1214 3900 Patre
1242 3844 1614 3901 immediatum
1636 3864 1977 3919 processum,

408 3947 632 3994 sanctus
666 3938 926 4005 Basilius,
971 3938 1024 3994 in
1076 3939 1172 3994 lib.
1207 3938 1471 3995 Adversus
1521 3939 1876 4010 Ειιηοιιιῑιιιη.⁸
1906 3943 1975 3998 ita

408 4031 758 4086 commendat
792 4048 807 4086 :
846 4050 866 4082 ι
923 4031 1141 4086 Initium
1177 4031 1397 4101 quidem
1434 4032 1612 4088 Patris
1657 4034 1977 4105 nullumque

407 4123 603 4179 horum
656 4124 917 4181 medium.
978 4144 997 4178 ι
1040 4127 1389 4197 Rursumque
1455 4128 1508 4182 in
1569 4128 1759 4184 eodem
1798 4147 1812 4185 :
1845 4148 1865 4182 ι
1910 4128 1981 4187 Ut

406 4216 553 4269 enim
602 4216 767 4270 stulta
814 4226 900 4273 est
954 4216 1311 4286 interrOgatio
1342 4218 1397 4272 in
1423 4232 1512 4283 eo,
1542 4218 1636 4287 qui
1676 4218 1795 4273 sine
1826 4221 1977 4287 prin-

407 4307 549 4377 cipio
582 4315 744 4375 atque
800 4307 1072 4376 ingenitus
1102 4316 1204 4370 est,
1238 4309 1492 4376 superius
1534 4308 1738 4377 aliquid
1765 4324 1975 4379 quaere-

406 4416 509 4456 re:
544 4409 598 4454 et
654 4400 742 4453 hic
797 4399 850 4452 in
881 4413 967 4464 eo,
1000 4399 1091 4468 qui
1150 4398 1479 4468 sempiterne
1510 4414 1634 4455 cum
1671 4399 1828 4455 Patre
1874 4410 1979 4469 est,

406 4492 725 4561 nullumque
758 4491 918 4546 habet
949 4491 1188 4545 medium
1219 4492 1360 4546 inter
1390 4506 1448 4547 se
1472 4500 1526 4547 et
1554 4492 1874 4560 genitorem.
1912 4512 1931 4545 ι

479 4585 625 4639 Idem
685 4600 878 4639 rursus
905 4584 959 4639 in
993 4600 1079 4648 ea,
1133 4600 1296 4655 quam
1340 4599 1505 4653 supra
1562 4586 1983 4642 memoravimus

407 4677 473 4731 ad
503 4674 809 4731 Canonicas
858 4674 1098 4745 Epistola
1156 4692 1171 4730 :
1226 4694 1244 4727 ι
1289 4674 1346 4729 Si
1392 4677 1538 4730 enim
1573 4674 1681 4731 Deo
1733 4676 1984 4746 superior

405 4776 492 4823 est
520 4766 781 4837 Spiritus,
808 4780 916 4820 non
946 4767 1058 4836 jam
1092 4781 1156 4821 ex
1206 4766 1314 4821 Deo
1344 4774 1448 4829 est,
1480 4766 1524 4821 si
1562 4775 1741 4821 autem
1783 4782 1845 4821 cx
1878 4769 1983 4824 Deo

404 4872 514 4927 est,
546 4861 822 4933 quomodo
888 4862 1167 4931 antiquior
1197 4868 1284 4916 est
1324 4860 1443 4924 illo,
1496 4874 1560 4913 ex
1594 4874 1703 4929 quo
1732 4861 1862 4916 est?
1913 4862 1984 4915 At

406 4971 476 5010 ne
504 4955 794 5025 Unigenito
825 4954 1044 5025 quidem
1080 4955 1230 5025 prior
1267 4964 1375 5022 est,
1406 4953 1617 5008 nullum
1666 4955 1811 5009 enim
1844 4954 1984 5007 inter

405 5044 621 5099 Patrem
650 5060 713 5100 ac
736 5044 933 5100 Filium
971 5044 1207 5099 medium
1237 5053 1340 5100 cst.
1388 5064 1407 5097 ι

477 5137 776 5207 Gregorius
802 5139 966 5194 etiam
992 5136 1273 5208 Nyssenus
1326 5139 1379 5192 in
1439 5152 1457 5201 ι
1512 5137 1774 5193 adversus
1800 5137 1980 5194 Euno-

406 5233 577 5286 mium
608 5232 769 5299 libro,
801 5232 880 5286 sic
909 5232 984 5285 ait
1022 5250 1036 5285 :
1066 5248 1085 5283 ι
1125 5229 1287 5286 Pater
1316 5230 1536 5299 quidem
1562 5232 1678 5287 sine
1713 5234 1981 5303 principio

406 5333 571 5393 atque
603 5323 876 5394 ingenitus
937 5323 1287 5393 intelligitur.
1323 5322 1400 5377 Ex
1442 5324 1559 5393 ipso
1592 5335 1798 5390 autem,
1826 5326 1980 5393 juxta

406 5416 650 5486 contigui
680 5416 969 5480 rationem,
999 5415 1439 5483 inseparabiliter
1466 5417 1780 5488 unigenitus
1807 5418 1982 5476 Filius

406 5522 531 5560 cum
563 5504 723 5559 Patre
762 5506 921 5560 simul
964 5505 1307 5575 intelligitur.
1346 5524 1364 5557 ι

480 5652 555 5721 (7)
596 5650 782 5706 Graece
834 5660 917 5705 est
950 5652 1321 5714 ὑποστάσειιις.
1358 5650 1510 5717 Quod
1533 5651 1715 5721 potius
1747 5652 1982 5705 retinen-

407 5723 536 5776 duni
568 5725 646 5777 vel
674 5737 910 5791 persona:
942 5723 1263 5778 vocabulum
1309 5722 1671 5777 adhibendum
1696 5732 1755 5777 ut
1784 5722 1981 5776 vitetur

408 5793 785 5862 requivocatio.

481 5864 558 5933 (8)
600 5863 679 5918 Ex
720 5872 858 5919 orat.
912 5865 1031 5920 lex
1075 5862 1185 5920 illis
1233 5863 1475 5935 quinque
1520 5862 1587 5920 de
1638 5862 1799 5920 rectis
1852 5863 1974 5919 fidei

2088 3300 2233 3371 quod
2264 3308 2317 3355 et
2346 3300 2563 3364 genitus
2588 3306 2691 3360 est.
2739 3305 2792 3351 et
2822 3311 2850 3349 a
2884 3296 3040 3351 Patre
3092 3294 3408 3367 Spirituque
3458 3297 3659 3351 distin-
3722 3316 3733 3319 -

2090 3393 2289 3461 guitur.
2322 3390 2531 3459 Quippe
2560 3393 2699 3441 hanc
2726 3386 2845 3455 ejus
2874 3386 3147 3455 propriam
3188 3386 3523 3456 agnitionem
3558 3400 3656 3439 no—

2090 3485 2175 3541 bis
2209 3481 2461 3551 magistri
2489 3478 2853 3542 tradiderunt,
2885 3477 3029 3547 quod
3059 3478 3210 3533 solus
3242 3478 3357 3546 ipse
3404 3478 3657 3547 unigeni-

2095 3585 2179 3630 tus
2210 3575 2277 3627 de
2307 3570 2550 3641 ingenito
2616 3570 2819 3624 lumine
2846 3569 3093 3638 prodeat.
3143 3567 3354 3623 Dicttuu
3386 3580 3468 3623 est
3510 3570 3656 3623 enim

2089 3646 2337 3722 veritatis
2402 3662 2695 3717 terminum
2762 3670 2815 3715 et
2882 3661 3150 3713 rationem
3219 3660 3484 3714 hactenus
3583 3660 3657 3713 illi

2091 3762 2478 3831 proprietatem
2502 3756 2718 3820 sistere,
2757 3760 2816 3807 ut
2847 3752 3057 3806 scilicet
3088 3752 3416 3813 immediate,
3445 3761 3495 3805 et
3527 3768 3660 3805 cnn-

2092 3853 2348 3914 tinenter,
2378 3863 2442 3902 ac
2496 3846 2677 3915 genite
2707 3859 2773 3899 ex
2830 3842 2992 3899 Patre
3037 3842 3128 3903 sit,
3187 3841 3415 3895 ulterius
3478 3850 3656 3895 autem

2093 3944 2407 3998 nullatenus
2457 3939 2729 4009 progredi.
2782 3935 2993 4004 Quippe
3046 3944 3261 3989 cumet
3307 3935 3548 4002 Spiritus
3590 3952 3654 3989 ex

2090 4039 2247 4095 Patre
2280 4036 2496 4108 quidem
2532 4034 2623 4099 sit,
2682 4046 2783 4085 nec
2812 4040 2991 4083 tamen
3042 4031 3306 4083 hactenus
3366 4044 3659 4097 processus

2088 4132 2233 4187 illius
2258 4130 2561 4199 pr0prietas
2594 4134 2756 4195 atque
2785 4121 2993 4190 agnitio
3027 4120 3310 4175 subsistat.

2163 4222 2372 4275 Dictum
2402 4228 2487 4273 est
2513 4229 2716 4280 autem,
2744 4223 2799 4269 et
2845 4211 2964 4266 Filii
2998 4210 3324 4265 vocabulum
3357 4209 3406 4264 ei
3436 4210 3656 4280 praprie

2090 4327 2407 4383 c0ngruere,
2438 4310 2529 4379 qui
2560 4310 2632 4363 sit
2660 4322 2724 4361 ex
2758 4306 2935 4367 Patre,
2971 4304 3421 4371 nullointerjecto
3457 4303 3656 4357 medio.

2090 4405 2410 4474 Quanquam
2457 4410 2650 4471 pra’ler
2706 4400 2838 4460 hac,
2872 4406 2925 4451 et
2960 4397 3150 4457 Patris,
3181 4405 3236 4452 et
3286 4395 3407 4450 Filii
3462 4414 3656 4452 nomen

2090 4497 2334 4550 habitum
2401 4494 2465 4547 ad
2526 4490 2755 4543 invicem
2808 4503 2872 4543 ac
2947 4489 3266 4542 relationem
3324 4488 3656 4543 individuam

2019 4563 2059 4618 θ
2091 4586 2287 4642 reddit.
2349 4581 2506 4635 Aliud
2565 4580 2708 4633 enim
2772 4590 3023 4641 causam,
3075 4576 3222 4631 aliud
3271 4592 3401 4633 vero
3439 4593 3570 4633 caus
3610 4581 3657 4633 lc

2084 4675 2454 4735 commendat.
2488 4675 2662 4742 Atque
2724 4673 2824 4727 ista
2864 4671 3084 4742 quidem
3120 4672 3196 4726 ita
3252 4688 3310 4728 se
3356 4673 3560 4728 habent
3591 4676 3657 4729 de

2084 4772 2241 4827 Filio.

2157 4862 2342 4917 Sancti
2378 4876 2507 4916 vero
2536 4860 2773 4930 Spiritus
2835 4872 3155 4927 processum
3185 4872 3215 4912 a
3250 4857 3411 4913 Patre
3439 4874 3533 4929 per
3567 4858 3658 4914 Fi-

2087 4957 2217 5009 lium
2278 4971 2400 5011 esse
2446 4954 2761 5016 didicimus,
2835 4968 2900 5006 ex
2955 4968 3067 5019 quo
3118 4954 3370 5008 videlicet
3420 4964 3656 5017 constat,

2084 5048 2214 5116 quia
2250 5062 2356 5105 non
2417 5047 2535 5099 sine
2585 5045 2765 5098 medio
2800 5059 2864 5097 ex
2919 5043 3081 5098 Patre
3113 5045 3314 5113 prodit.
3371 5046 3459 5099 Ait
3510 5048 3655 5100 enim

2084 5135 2708 5208 GregoriusNyssenus
2770 5136 2823 5190 in
2888 5136 3026 5189 libro
3065 5152 3226 5206 quem
3252 5136 3320 5191 ad
3371 5139 3655 5192 Alilavium

2083 5230 2306 5299 scripsit
2356 5229 2454 5299 (9),
2508 5228 2666 5298 cujus
2728 5228 2941 5281 initium
2998 5236 3130 5282 est:
3180 5226 3394 5283 Iustum
3449 5231 3654 5298 quidem

2082 5324 2260 5393 fuerat
2312 5336 2431 5384 vos,
2484 5320 2573 5389 qui
2630 5320 2771 5371 omni
2832 5320 3022 5372 virtute
3073 5319 3319 5386 polletis,
3382 5335 3656 5388 pugnare,
3710 5390 3721 5402 _

2082 5415 2163 5470 sic
2212 5415 2288 5468 ait
2340 5430 2404 5468 τι
2470 5412 2976 5465 [inmutabilitatem
3035 5422 3245 5465 natm-te
3302 5412 3653 5474 confitentes,

2084 5518 2264 5560 causa:
2294 5503 2363 5557 ad
2398 5501 2621 5557 causale
2654 5499 3018 5555 differentiam
3048 5515 3157 5555 non
3192 5500 3567 5569 abnegamus;
3598 5501 3652 5554 in

2089 5652 2432 5714 dogmatibus
2462 5664 2582 5714 qua
2611 5656 2829 5703 exstant
2860 5656 2989 5700 tom.
3026 5645 3069 5702 1.

2160 5724 2235 5788 (9i
2282 5720 2415 5775 Vide
2463 5720 2591 5774 Bell.
2632 5722 2666 5773 Ι.
2721 5735 2754 5771 ιι
2810 5717 2885 5770 De
2919 5717 3152 5788 Christo,
3190 5729 3241 5788 ς.
3276 5714 3369 5781 25,
3415 5715 3509 5770 ubi
3554 5717 3656 5771 hoc

2088 5785 2460 5846 testimonium
2498 5789 2704 5857 profert
2735 5797 2787 5842 et
2815 5786 3072 5851 explicat.
3098 5787 3164 5843 Et
3187 5785 3526 5845 Gennadium
3552 5802 3654 5857 pro

2086 5861 2320 5918 concilio
2352 5859 2687 5926 Florentino,
2720 5866 2853 5916 sect.
2888 5858 2943 5913 ‘5.
