3984 6570
258 435 341 500 95
1391 444 1790 507 ADVERSUS
1832 442 2146 509 GRAECOS
2184 449 2329 515 LIB.
2370 450 2417 511 Ι.
3468 456 3539 519 26

261 568 381 620 quo
414 554 528 607 solo
564 551 799 606 alterum
825 554 897 607 ab
931 552 1105 609 altero
1156 553 1421 626 distingui
1455 556 1834 627 intelligimus.
1874 560 1917 618 Δ
1946 561 2198 628 quamvis
2224 579 2407 619 causae
2457 565 2816 637 causalisque
2846 565 3079 633 ratione,
3110 583 3398 638 processus
3435 571 3539 626 dif-

263 644 390 711 qui,
424 643 652 697 alterum
685 643 933 712 quidem,
957 658 1181 699 causam
1229 660 1352 701 esse
1374 686 1390 711 ,
1426 648 1658 702 alterum
1689 662 1843 713 vero,

261 750 330 787 ex
370 749 535 789 causa
564 735 871 789 credimus.
911 735 1085 809 Atque
1109 737 1230 806 ejus
1261 740 1405 808 quod
1443 755 1509 793 ex
1541 753 1708 794 causa
1728 749 1845 803 est,

262 825 431 879 aliam
465 841 657 880 rursus
683 825 1049 881 diﬂ'erentiam
1098 830 1466 898 agnoscimus.
1501 830 1662 885 Aliud
1695 830 1841 884 enim

260 925 373 975 est.
404 917 544 987 quod
576 934 643 973 ex
676 917 859 987 primo
881 921 1225 975 rantincnler
1248 934 1471 989 manat;
1504 920 1675 987 aliud,
1702 921 1848 991 quod

260 1020 371 1074 per
400 1006 500 1060 hoc
533 1005 717 1075 ipsum
791 1021 856 1062 ex
891 1008 1067 1075 primo
1122 1009 1327 1077 prodit,
1362 1011 1433 1064 ita
1471 1018 1531 1065 ut
1576 1009 1846 1080 Unigeniti

262 1109 466 1147 nomen
498 1094 711 1163 absque
772 1095 876 1149 ulla
917 1096 1276 1165 ambiguitate
1312 1096 1453 1153 Filio
1510 1106 1761 1161 maneat,
1795 1108 1849 1154 et

261 1196 328 1234 ex
364 1179 525 1234 Patre
560 1181 826 1249 Spiritum
862 1199 1005 1244 esse.
1046 1182 1409 1239 dubitandum
1439 1202 1543 1241 non
1580 1188 1686 1253 sit;
1725 1203 1849 1242 cum

263 1277 319 1320 et
362 1267 481 1321 Filii
515 1270 799 1336 mediatio,
863 1279 922 1325 ut
967 1272 1039 1325 ita
1072 1273 1275 1336 dicam,
1330 1283 1383 1326 et
1417 1274 1526 1328 sibi
1585 1276 1851 1344 unigt-niti

265 1361 534 1417 honorem
568 1373 774 1430 servet,
820 1373 877 1420 et
936 1365 1202 1436 Spiritum
1250 1368 1488 1424 naturali
1527 1370 1594 1424 ad
1634 1368 1849 1424 Patrem

264 1455 455 1510 habitu
491 1472 599 1512 non
627 1459 903 1515 excludat.
953 1479 974 1514 ι

332 1549 605 1614 Quoniam
661 1542 830 1621 igitur
886 1554 1155 1622 theoiogia
1226 1564 1413 1611 nostra
1462 1556 1661 1625 duplex
1717 1566 1845 1623 est,

262 1642 421 1694 unita
486 1642 722 1709 scilicet,
778 1656 943 1715 atque
977 1646 1241 1703 discreta.
1275 1649 1344 1702 At
1386 1648 1476 1701 illa
1508 1647 1726 1718 quidem
1763 1654 1855 1703 se;

260 1733 505 1786 cundum
536 1735 703 1798 unius
726 1738 978 1793 essentia:
1008 1740 1297 1800 unitatem.
1357 1740 1471 1794 haec
1495 1749 1675 1794 autem
1698 1739 1856 1808 juxta

260 1820 609 1888 personalem
648 1838 1006 1892 processuum
1041 1827 1474 1885 distinctionem.
1512 1829 1689 1884 Unum
1721 1812 1852 1897 qui;

258 1912 388 1965 dem
415 1912 584 1966 Deum
616 1914 1120 1971 incommutabilem
1182 1918 1236 1972 in
1296 1919 1503 1988 seipse.
1542 1929 1709 1989 atque
1760 1920 1851 1975 ἰη-

259 2004 563 2059 diseretum
656 2009 961 2063 secundum
1034 2014 1332 2065 essentiam
1423 2022 1519 2068 aut
1592 2022 1846 2069 naturam

258 2094 576 2159 confessus,
602 2098 768 2153 unius
812 2099 958 2154 enim
992 2100 1058 2157 ad
1082 2104 1352 2172 seipsum.
1385 2104 1532 2159 nulla
1562 2114 1620 2159 ut
1641 2107 1846 2162 dictum

259 2193 368 2243 est.
418 2190 719 2244 secundum
774 2207 886 2246 rem
949 2193 1212 2249 discretio
1268 2212 1393 2251 esse
1444 2205 1657 2266 potest;
1718 2214 1844 2255 eum

258 2276 545 2349 deinceps,
611 2291 672 2336 nt
715 2299 839 2340 sese
885 2285 950 2341 ad
1016 2287 1251 2343 invicem
1311 2289 1547 2347 habeant
1598 2292 1849 2363 personae

258 2368 461 2423 divinae
493 2372 706 2426 ratione
765 2389 1059 2444 processus
1088 2379 1379 2435 enucleare
1404 2381 1593 2448 vellet;
1637 2385 1690 2438 in
1721 2400 1849 2442 cau-

258 2471 403 2523 sam,
430 2470 483 2513 et
513 2462 734 2515 causale
751 2461 1077 2538 [causamin]
1098 2466 1276 2537 primo
1300 2469 1582 2527 discrevit.
1607 2474 1845 2531 Causam

259 2547 515 2612 Patrem.
578 2558 801 2612 eausale
842 2574 972 2615 vero
1010 2564 1288 2618 communi
1325 2567 1692 2636 appellatione
1754 2569 1847 2625 Fi-

257 2642 393 2701 lium
445 2664 509 2704 ac
542 2647 809 2717 Spiritum
865 2667 1091 2718 vocans,
1125 2671 1248 2725 quae
1304 2658 1491 2725 etiam,
1526 2676 1594 2717 ex
1652 2674 1841 2729 causa.

257 2742 519 2808 appellat.
552 2743 741 2810 aitque
776 2745 955 2799 solum
1005 2746 1164 2816 juxta
1228 2765 1454 2806 causam
1514 2764 1568 2810 et
1618 2759 1846 2815 causale

254 2832 471 2888 divinas
496 2834 762 2906 distingui
792 2852 1078 2906 personas.

328 2923 561 2989 Deinde,
596 2944 720 2982 cum
777 2931 1019 2986 causalis
1061 2934 1201 3003 haec,
1230 2937 1428 2996 Filium
1459 2952 1515 2997 et
1571 2943 1840 3014 Spiritum

255 3026 507 3073 sanctum
541 3036 744 3087 causae,
787 3024 1105 3095 causalique
1159 3030 1371 3088 ratione
1408 3039 1778 3097 communiter
1809 3059 1838 3098 a

254 3110 415 3165 Patre
441 3113 845 3179 discernerent,
883 3117 1085 3187 quippe
1112 3135 1239 3176 cum
1273 3128 1521 3183 causalia
1554 3132 1657 3205 sibi
1696 3134 1840 3188 invi-

256 3217 374 3257 cem
404 3205 846 3269 communicent,
889 3209 1004 3265 haec
1035 3227 1229 3268 rursus
1258 3215 1326 3270 ab
1348 3216 1580 3275 invicem
1633 3223 1835 3279 distin-

254 3295 372 3361 guit
408 3296 676 3353 varietate
710 3313 1215 3375 proeessus.atque
1238 3307 1311 3363 ita
1336 3308 1509 3366 ferme
1538 3314 1653 3370 ait:
1684 3334 1703 3368 r
1736 3317 1836 3373 Et-

254 3386 297 3440 si
333 3389 482 3442 enim
527 3390 693 3443 ambo
729 3405 756 3443 a
801 3390 964 3447 Patre
993 3408 1120 3451 cum
1155 3401 1288 3462 sint,
1325 3415 1391 3454 eo
1418 3401 1653 3460 invicem
1687 3423 1840 3463 com-

256 3479 560 3543 municent,
593 3480 739 3549 quod
776 3485 1019 3538 causalia
1072 3496 1241 3554 sunt;
1276 3490 1399 3545 inde
1440 3501 1620 3549 tamen
1683 3497 1838 3553 diﬂ'e-

256 3580 436 3624 renter
469 3588 596 3626 esse
636 3573 855 3629 habent.
892 3574 1159 3641 Quocirca
1185 3578 1362 3649 jaiiam
1405 3599 1601 3643 rursus
1641 3588 1834 3645 horum

256 3665 621 3719 diﬂ‘erentiam
674 3669 1043 3736 agnoscimus.
1088 3690 1106 3724 ι
1145 3672 1390 3744 Denique
1444 3678 1639 3734 horum
1706 3683 1839 3738 alte-

258 3773 402 3822 rum,
434 3759 692 3813 videlicet
755 3760 927 3815 Filius
957 3777 1022 3816 ex
1064 3764 1261 3831 primo,
1300 3768 1352 3821 id
1424 3780 1530 3833 est,
1557 3787 1625 3827 ex
1676 3774 1838 3830 Patre

256 3852 609 3905 continenter
650 3862 771 3914 cst;
818 3855 1076 3920 alterum,
1116 3858 1367 3915 videlicet
1441 3862 1704 3934 Spiritus,
1740 3885 1839 3939 per

258 3943 590 4010 hoeipsum,
626 3945 768 4011 quod
804 3962 869 3999 ex
897 3949 1080 4015 primo
1136 3954 1481 4010 continenter
1507 3968 1610 4024 est,
1648 3961 1698 4013 id
1730 3971 1835 4027 est,

256 4051 351 4104 per
386 4035 614 4100 Filium,
648 4041 743 4103 qui
775 4054 842 4093 ex
900 4036 1084 4105 Patre,
1132 4045 1282 4100 nullo
1315 4048 1601 4119 interjecto
1634 4055 1834 4117 medio.

255 4144 375 4183 esse
404 4130 593 4183 habet.
629 4129 875 4186 Primum
920 4134 1165 4203 quidem,
1217 4148 1403 4208 utpote
1433 4158 1683 4210 causam,
1740 4144 1837 4202 Pa-

255 4233 392 4275 trem
432 4225 750 4290 nominans,
805 4227 951 4294 quod
987 4238 1168 4284 autem
1216 4234 1475 4304 contigue
1524 4237 1607 4291 vel
1658 4242 1834 4296 conti-

255 4321 471 4373 neuter.
500 4328 599 4381 pro
638 4328 724 4373 eo.
762 4315 907 4383 quod
936 4327 1018 4372 est
1058 4319 1389 4384 immediate,
1423 4326 1608 4394 posuit
1636 4346 1651 4393 ;
1676 4390 1681 4395 I
1710 4329 1837 4399 Spi-

254 4403 419 4456 ritum
448 4420 597 4464 vero.
623 4421 687 4459 ex
724 4404 887 4460 Patre
915 4423 1011 4477 per
1043 4412 1282 4467 medium
1325 4414 1546 4473 Filium.
1581 4418 1649 4474 Ut
1675 4420 1834 4477 Pater

252 4496 500 4563 quidem,
521 4499 613 4566 qui
645 4514 709 4553 ex
741 4500 891 4556 nullo
934 4513 1037 4567 est,
1063 4518 1127 4558 eo
1156 4506 1274 4575 ipso
1307 4522 1337 4562 a
1370 4507 1513 4564 Filio
1546 4512 1829 4569 discerna-

1949 652 2181 711 ferentia
2205 658 2532 727 generaliter
2577 676 2925 732 nequaquam
2948 662 3130 718 ditiert

2019 746 2111 809 At,
2142 763 2207 802 ne
2238 747 2376 803 forte
2398 751 2669 820 quispiam
2719 754 2789 807 ob
2825 755 2926 810 hoc
2952 754 3073 809 Filii
3105 756 3367 823 medium,
3403 772 3543 814 con-

1952 838 2218 895 fusionem
2242 841 2481 911 aliquam
2505 846 2881 911 personalium
2914 848 3315 918 proprietatum
3342 866 3539 905 conse-

1949 932 2041 1001 qui
2069 933 2451 999 arbitraretur,
2479 944 2807 1008 putaretque
2835 935 3030 993 Filium
3068 942 3296 995 naturali
3333 942 3397 996 ad
3434 942 3535 997 Pa.

1951 1009 2086 1077 trem
2114 1024 2302 1080 habitu
2339 1027 2574 1083 alienum
2612 1046 2753 1091 esse.
2805 1048 2910 1087 non
2958 1033 3035 1086 ait
3079 1034 3237 1102 (10);
3278 1037 3373 1089 sed
3425 1038 3540 1091 haec

1952 1114 2133 1181 potius
2177 1112 2298 1171 Filii
2353 1117 2632 1184 mediatio,
2690 1137 3179 1194 personarumque
3230 1128 3535 1181 secundum

1954 1222 2310 1278 processuum
2394 1210 2755 1269 diﬂ’erentiam
2840 1215 3142 1281 discretio,
3223 1218 3537 1275 inconfusus

1959 1303 2317 1370 proprietates
2339 1314 2540 1370 servat,
2571 1307 2709 1362 alias
2745 1309 2951 1363 servari
2988 1325 3093 1363 non
3122 1310 3384 1366 valentes.
3421 1310 3535 1366 Hoc

1954 1394 2099 1447 enim
2135 1396 2326 1450 ordine
2387 1398 2587 1466 positu,
2626 1398 2790 1452 etiam
2824 1397 3100 1470 Unigeniti
3138 1402 3315 1457 honor
3373 1404 3535 1458 indu—

1956 1485 2197 1540 bitanter
2238 1498 2421 1543 manet
2472 1489 2524 1543 in
2583 1487 2745 1546 Filio.
2780 1490 2939 1545 Solus
2971 1492 3117 1547 enim
3151 1510 3218 1548 ex
3260 1496 3378 1549 solo
3430 1506 3533 1559 est,

1957 1585 2120 1646 atque
2145 1577 2265 1647 ejus
2324 1579 2646 1635 substantiae
2680 1583 2994 1652 proprietas
3029 1586 3291 1642 hactenus
3319 1586 3533 1652 fertur;

1960 1667 2311 1739 Spiritusque
2342 1685 2438 1737 per
2463 1668 2660 1724 Filium
2690 1674 3034 1729 connectitur
3066 1673 3234 1742 Patri,
3271 1678 3536 1745 quemad-

1959 1762 2184 1819 modum
2207 1763 2330 1817 etin
2356 1764 2631 1829 omnibus,
2662 1765 2713 1818 in
2742 1765 2943 1835 quibus
2965 1777 3047 1822 est
3073 1767 3267 1830 series,
3292 1779 3533 1824 extrema

1894 1897 1933 1951 Β
1960 1857 2154 1927 primis
2189 1871 2285 1926 per
2312 1856 2488 1911 media
2538 1858 2878 1928 junguntur;
2912 1860 3144 1951 ideoque
3204 1861 3483 1932 subiungit
3516 1879 3532 1917 :

1959 1948 2095 2004 Cum
2128 1948 2251 2003 Filii
2307 1949 2587 2016 mediatio,
2650 1959 2704 2005 et
2753 1951 2986 2020 sibiipsi
3028 1949 3304 2020 Unigeniti
3353 1962 3535 2007 servet

1954 2038 2247 2104 honorem,
2281 2048 2337 2095 et
2395 2040 2659 2111 Spiritum
2711 2041 2946 2095 naturali
2977 2041 3045 2094 ad
3099 2040 3314 2096 Patrem
3343 2043 3533 2099 habitu

1951 2146 2062 2184 non
2091 2131 2368 2188 excludat.
2400 2134 2577 2203 Atque
2617 2132 2721 2187 ista
2765 2132 2985 2204 quidem
3024 2131 3299 2203 Nyssenus
3324 2133 3534 2207 Grego~

1950 2241 2093 2280 1⁵1118.

2022 2316 2153 2384 Quae
2174 2329 2305 2371 vero
2334 2312 2575 2371 secundo
2602 2313 2654 2368 in
2684 2311 2865 2368 Nicaea
2882 2316 3136 2370 convenit
3189 2325 3380 2372 sancta
3441 2330 3533 2388 sy-

1948 2415 2127 2470 nodus
2179 2410 2506 2466 universalis
2548 2409 2660 2463 ait:
2701 2427 2720 2460 (
2766 2406 2944 2463 Credo
2994 2408 3047 2461 in
3102 2409 3365 2478 Spiritum
3397 2427 3533 2465 san-

1947 2514 2095 2562 ctum
2140 2517 2207 2558 ex
2240 2501 2399 2556 Patre
2442 2515 2539 2572 per
2582 2499 2782 2555 Filium
2811 2498 3194 2570 prodeuntem,
3239 2500 3531 2574 ipsumque

1947 2597 2116 2653 Deum
2151 2612 2272 2654 esse
2294 2596 2561 2667 agnitum.
2598 2614 2618 2648 ι

2017 2692 2075 2746 Id
2108 2692 2287 2762 ipsum
2325 2690 2435 2762 (li)
2468 2699 2524 2745 et
2559 2700 2787 2750 sanctus
2820 2693 3105 2760 Tarasius,
3141 2694 3531 2750 Constantino-

1944 2782 2224 2853 politanus
2288 2780 2602 2852 episcopus,
2667 2783 2761 2853 (ιιιί
2824 2784 3069 2854 ejusdem
3140 2786 3332 2859 synodi
3404 2801 3531 2857 pars

1945 2865 2139 2943 magna
2190 2871 2313 2937 fuit,
2363 2873 2418 2927 in
2469 2874 2722 2943 epistola,
2791 2891 2953 2945 quam
3004 2878 3071 2932 ad
3137 2878 3425 2948 episcopos
3475 2888 3530 2935 et

1943 2966 2255 3022 sacerdotes
2279 2963 2604 3029 Antiochiae.
2644 2967 3009 3036 Alexandriae,
3047 2985 3111 3029 ac
3163 2982 3365 3027 sancta
3395 2972 3528 3028 civi-

1941 3058 2073 3114 tatis
2115 3058 2356 3128 scripsit,
2392 3058 2550 3128 cujus
2601 3058 2814 3114 initium
2879 3070 3013 3117 est:
3059 3060 3316 3118 Plurimis
3361 3071 3528 3134 atque

1940 3150 2158 3206 eximiis
2187 3149 2690 3220 dispensationibus
2717 3153 2996 3207 hominum
3037 3155 3205 3209 vitam
3251 3156 3393 3211 Deus
3461 3170 3527 3210 ac

1863 3247 1906 3304 c
1940 3239 2205 3297 Dominus
2271 3251 2460 3298 noster
2516 3241 2834 3311 disponens,
2893 3259 2959 3300 ac
3006 3245 3269 3317 dirigens,
3320 3260 3441 3316 qure
3472 3261 3528 3301 e.

1942 3340 2198 3403 suscepta
2249 3340 2304 3388 et
2359 3332 2581 3387 laudata
2648 3330 2751 3396 est,
2812 3348 2876 3389 ac
2915 3348 3013 3403 per
3069 3334 3276 3399 omnia,
3333 3334 3437 3390 rite
3464 3350 3526 3389 se

1941 3421 2165 3487 habere,
2198 3437 2267 3477 ex
2303 3422 2585 3497 rescriptis
2619 3437 2809 3477 eorum
2830 3424 3206 3493 comprobata,
3245 3434 3366 3493 post
3400 3426 3526 3495 plu-

1948 3511 2087 3566 rima
2122 3512 2199 3566 ait
2238 3528 2253 3566 :
2285 3531 2303 3565 ι
2345 3511 2407 3567 Ει
2432 3512 2486 3565 in
2513 3511 2779 3581 Spiritum
2807 3525 3083 3579 sanctum,
3114 3515 3207 3582 qui
3254 3531 3321 3571 ex
3363 3513 3526 3571 Patre

1939 3618 2037 3673 per
2066 3602 2266 3659 Filium
2324 3602 2593 3675 procedit,
2638 3603 2864 3676 ipseque
2889 3602 3034 3660 Deus
3082 3619 3206 3661 esse
3235 3606 3528 3676 cegnosci-

1942 3704 2050 3750 tur.
2086 3713 2105 3745 ι

2011 3806 2248 3863 Sanctus
2302 3804 2675 3876 Sophronius,
2710 3803 3250 3876 Hierosolymitanus
3302 3806 3522 3877 episco-

1938 3914 2064 3969 pus,
2102 3898 2455 3970 Expositione
2476 3898 2597 3952 tidei
2626 3913 2739 3952 sua:
2762 3898 2837 3952 ait
2870 3915 2927 3953 :r
2965 3898 3140 3953 Credo
3168 3902 3220 3954 in
3257 3900 3523 3970 Spiritum

1938 4002 2213 4057 sanctum,
2249 4006 2311 4048 ex
2346 3991 2505 4047 Patre
2526 4000 2580 4046 et
2610 3990 2717 4046 Deo
2741 3992 3076 4061 sempiterno
3101 3995 3480 4063 procedentem
3504 4035 3520 4060 ,

1935 4081 2027 4150 qui
2054 4092 2108 4134 et
2130 4080 2246 4151 ipse
2278 4081 2461 4135 lumen
2500 4080 2834 4151 agnoscitur,
2870 4088 2928 4134 ct
2964 4095 3088 4138 vere
3113 4080 3262 4139 Patri
3295 4100 3360 4140 ac
3381 4083 3521 4140 Filio

1936 4180 2243 4226 coaeternus
2275 4180 2378 4226 εει.
2422 4192 2441 4224 ι

2006 4282 2238 4355 Magnus
2280 4282 2411 4339 item
2444 4284 2801 4351 Athanasius,
2834 4287 2888 4342 in
2926 4303 2991 4343 eo
3026 4287 3167 4343 libro
3207 4288 3299 4358 qui
3323 4288 3523 4344 inscri-

1933 4378 2085 4435 bitur
2131 4377 2489 4447 Reprehensio
2539 4378 2901 4436 simulationis
2953 4380 3152 4451 Meletii
3185 4391 3235 4435 et
3280 4380 3516 4447 Eusebii,

1936 4472 2093 4541 cujus
2119 4472 2333 4527 initium
2370 4481 2454 4527 est
2485 4488 2500 4526 :
2531 4471 2705 4526 Homo
2736 4474 2806 4527 ad
2854 4473 3257 4529 similitudinem
3296 4474 3393 4529 Dei
3437 4476 3524 4543 {a-

254 4596 362 4650 ιιιιι,
387 4598 443 4643 οι
475 4589 705 4659 spiritu,
734 4593 878 4661 (μιοά
938 4593 1102 4652 ρειει.
1144 4566 1263 4667 uase
1296 4612 1461 4673 atque
1490 4566 1702 4662 iuili‘u'm
1732 4566 1829 4666 ξι.
1867 4594 1911 4649 D
1939 4576 2057 4673 itus
2080 4575 2211 4673 “est,
2267 4568 2341 4620 ita
2362 4657 2375 4673 9
2396 4566 2473 4673 ait
2558 4566 2790 4673 tulisset
2813 4567 3400 4673 autcmmimposstbtle,
3464 4584 3517 4621 Ill

251 4679 428 4735 Filius
452 4691 635 4737 autem
667 4699 733 4738 ex
787 4684 881 4739 illo
923 4687 1235 4745 immediate
1278 4697 1519 4761 genitus,
1583 4715 1648 4753 eo
1709 4703 1831 4771 ipso

250 4771 639 4841 disc-eruatur;
700 4791 729 4830 a
763 4777 921 4835 Patre
971 4782 1212 4851 quidem,
1270 4789 1413 4856 quod
1446 4794 1725 4846 nascendo
1762 4811 1828 4849 ex

252 4864 345 4917 illo
378 4867 621 4933 prodiit;
655 4884 685 4923 a
722 4869 927 4941 Spiritu
964 4890 1119 4941 vero,
1153 4880 1299 4949 quod
1337 4880 1452 4950 ipse
1476 4885 1693 4953 quidem
1726 4888 1831 4941 imo

255 4958 490 5013 mediate
560 4970 616 5014 et
682 4961 1090 5022 incontinenter
1145 4987 1209 5025 ex
1304 4976 1518 5044 primo;
1588 4977 1830 5049 Spiritus

1943 4658 2227 4713 Trinitatis
2268 4657 2553 4726 majestate
2586 4658 2847 4729 Spiritum
2878 4659 3171 4729 gloriﬁcari
3194 4700 3210 4726 ,
3239 4662 3285 4715 si
3317 4676 3423 4716 non
3452 4676 3517 4715 ex

1940 4752 2050 4806 Deo
2082 4765 2178 4821 per
2206 4749 2402 4805 Filium
2462 4752 2804 4820 procederet,
2860 4753 2955 4807 sed
2990 4767 3054 4807 ex
3092 4751 3203 4808 Deo
3234 4752 3410 4808 factus
3464 4762 3520 4809 et

1940 4852 2159 4899 creatus
2184 4852 2350 4908 esset,
2380 4851 2439 4896 ut
2473 4843 2716 4898 haeretici
2752 4843 2968 4898 dicunt.
3007 4862 3044 4894 ι·

2009 4953 2244 5008 Sanctus
2268 4968 2487 5023 quoque
2514 4952 2769 5018 Basilius,
2805 4952 3040 5022 quodam
3099 4952 3368 5021 capitulo.
3414 4969 3515 5007 cu-

256 5066 382 5104 vero
422 5067 517 5120 per
554 5067 613 5107 se
674 5069 736 5108 ex
777 5058 956 5127 primo
1031 5041 1315 5119 ...αηρνης
1349 5041 1588 5125 Sanctus
1631 5041 1827 5128 'amem
1925 5046 2019 5116 jus
2060 5045 2342 5125 inscriptio
2372 5053 2498 5100 est:
2534 5045 2644 5100 Cur
2670 5056 2715 5099 et
2743 5043 2979 5115 Spiritus
3014 5041 3146 5097 Filii
3191 5060 3295 5097 non
3334 5041 3513 5098 Filius

255 5138 496 5211 Spiritus
535 5158 565 5197 a
630 5144 792 5201 Patre
839 5151 1057 5217 quidem
1121 5153 1512 5226 distinguatur,
1575 5163 1703 5230 quia
1765 5180 1830 5219 ex

258 5247 369 5300 .pso
396 5241 518 5297 est;
549 5248 578 5286 a
630 5234 767 5289 Filio
816 5247 1019 5302 autem,
1078 5244 1207 5310 quia
1265 5260 1373 5298 non
1419 5246 1730 5305 immediate
1764 5267 1833 5305 ex

260 5324 430 5387 primo
456 5333 559 5385 est.
591 5335 650 5379 ut
681 5325 877 5394 Filius,
911 5331 1003 5385 sed
1032 5346 1127 5401 per
1161 5334 1335 5403 illum,
1368 5339 1461 5408 qui
1492 5340 1833 5397 continenter

262 5425 396 5467 esset
421 5431 486 5470 ex
515 5418 712 5486 primo.

323 5507 483 5561 Unde
507 5518 562 5562 et
620 5510 819 5565 merito
872 5512 1037 5568 aliam
1066 5516 1204 5571 dixit
1256 5535 1379 5577 esse
1438 5522 1831 5581 dili'erentiam.

263 5596 407 5661 Quod
442 5600 587 5654 enim
614 5601 937 5660 immediate
968 5623 1033 5662 ex
1074 5612 1250 5679 primo
1282 5623 1384 5677 est,
1430 5617 1688 5686 quodque
1736 5633 1832 5687 per

263 5692 491 5747 .nedium
552 5707 620 5748 ex
669 5697 871 5764 primo,
929 5714 1221 5769 processus
1262 5706 1473 5765 ratione
1522 5707 1829 5766 ditiorum:

321 5870 435 5944 (ιο)
476 5870 700 5947 Aliquid
739 5876 955 5936 videtur
985 5880 1196 5941 deesse.

1935 5147 2040 5203 est,
2071 5138 2147 5193 ait
2177 5154 2190 5191 :
2231 5135 2380 5191 «Non
2416 5136 2544 5205 quia
2571 5153 2677 5192 non
2704 5137 2777 5192 sit
2804 5152 2868 5192 ex
2896 5136 3006 5190 Deo
3037 5151 3134 5205 per
3166 5135 3383 5199 Filium,
3418 5136 3511 5190 sed

1936 5242 2003 5282 ne
2054 5227 2296 5282 Trinitas
2358 5226 2717 5282 existimetur
2809 5228 3101 5282 multitudo
3144 5226 3378 5288 inﬁnita,
3426 5242 3515 5292 ac,

1938 5318 2083 5372 sicut
2137 5317 2193 5371 in
2251 5318 2568 5374 hominibus
2598 5320 2888 5390 contingit,
2920 5320 3063 5376 filios
3093 5336 3211 5375 eam
3267 5336 3332 5375 ex
3392 5321 3518 5377 [iliis

1938 5413 2293 5469 arbitremur.
2340 5431 2360 5466 ι

2004 5529 2135 5585 Item
2166 5530 2273 5584 alio
2295 5529 2350 5583 in
2386 5529 2541 5591 loco,
2563 5531 2658 5602 qui
2694 5531 3020 5587 inscribitur
3050 5548 3064 5584 :
3094 5528 3218 5585 Nisi
3244 5529 3514 5600 quispiam

1938 5619 2205 5694 Spiritum
2232 5636 2298 5675 ea:
2352 5620 2463 5675 Dea
2493 5639 2603 5676 esse
2644 5624 2790 5689 dicit,
2864 5642 2924 5679 ne
2975 5622 3199 5678 Verbum
3252 5624 3514 5694 quidem:

1948 5732 1967 5765 ς
2015 5692 2287 5780 Quonam,
2325 5714 2524 5783 inquit,
2557 5726 2713 5784 pacto
2749 5728 3072 5787 separentur
3106 5716 3516 5789 inSt-parabilia,

2019 5892 2130 5964 (ιι)
2168 5892 2414 5950 Gennad.
2465 5902 2598 5950 scel.
2631 5894 2684 5950 3.
