4010 6554
273 401 406 466 29’
1408 428 1815 493 ADVERSUS

1951 434 2172 497 LECOS
2196 439 2345 502 LIB.
2393 443 2421 501 Ι
2433 490 2444 504 ,
3478 448 3548 509 30

277 521 696 631 sia-propriam.
728 526 966 598 Spiritus
1001 531 1331 602 agnitionem
1394 543 1584 596 doctor
1617 560 1737 599 esse
1768 543 1864 598 ait.
1897 553 1943 604 Α
1972 552 2150 605 medio
2181 562 2238 608 et
2267 556 2613 612 continenter
2654 571 2718 612 ex
2781 557 2958 627 primo
2985 566 3087 613 est.
3145 556 3225 620 Et,
3275 572 3396 625 quae
3451 579 3545 631 ge-

353 607 554 669 "erum
603 619 731 686 quia
781 630 1096 692 utrumque,
1157 637 1210 681 et
1258 628 1494 698 Spiritus
1545 636 1777 701 scilicet,
1811 646 1866 690 et

278 716 556 769 creatura,
594 725 716 764 esse
757 727 855 780 per
887 714 1084 769 Filium
1137 719 1356 786 dicitur,
1390 727 1665 792 quomodo
1712 728 1867 782 intel-

278 795 557 862 ligendum
589 803 677 858 sit.
713 801 929 872 adjecto
963 809 1238 864 differenti
1302 829 1658 878 processuum
1699 822 1864 872 modo

277 885 553 944 definivit.
611 893 875 949 Sanctum
916 905 1060 952 enim
1127 900 1389 970 Spiritum
1450 908 1567 961 sine
1625 920 1864 979 unnpme

275 979 530 1034 Stabiiem
596 994 762 1055 atque
796 987 1328 1058 incommutabilem,
1377 999 1504 1066 quia
1539 1014 1634 1068 per
1663 1001 1860 1056 Filium

274 1073 626 1138 naturaliter,
682 1089 734 1132 et
792 1083 1206 1147 essentialiter,
1268 1104 1322 1141 et
1377 1089 1530 1158 juxta
1589 1092 1858 1162 insignem

272 1163 674 1236 Athanasium,
714 1188 777 1224 ex
822 1173 934 1230 Deo
970 1179 1340 1246 procedendo,
1374 1186 1862 1244 consubstantialis

271 1265 359 1307 est
388 1252 535 1311 Patri
589 1276 654 1315 ac
708 1260 869 1329 Filio,
926 1280 1305 1339 creaturteque
1347 1276 1552 1342 pariter
1609 1280 1861 1336 conditor

269 1359 396 1400 cum
437 1346 600 1404 Patre
630 1369 694 1406 ac
728 1350 885 1420 Filio,
919 1369 1105 1427 utpote
1139 1377 1285 1418 unus
1326 1376 1568 1431 creator,
1603 1380 1857 1423 creatura

269 1452 403 1493 vero
457 1447 796 1512 temporalis,
877 1454 1287 1511 commutabilis
1353 1467 1519 1528 atque
1579 1463 1860 1518 variabilis

267 1540 402 1594 est;
438 1548 535 1601 per
566 1533 762 1590 Filium
807 1541 948 1593 enim
993 1545 1248 1603 tictiouis.
1268 1549 1708 1620 conditionisque
1768 1571 1857 1610 ra-

268 1621 421 1675 tione
455 1625 726 1692 producta
767 1643 868 1693 est,
904 1633 1223 1705 longissime
1257 1654 1286 1692 a
1314 1642 1623 1717 substantia
1653 1646 1854 1714 Patris,

268 1725 324 1766 et
358 1715 480 1769 Filii
513 1729 569 1772 et
607 1725 784 1776 sancti
825 1719 1062 1794 Spiritus
1115 1741 1343 1786 remota.
1399 1751 1418 1784 ι
1447 1715 1520 1788 ὐι
1565 1737 1733 1800 enim,
1778 1740 1858 1793 in-

268 1809 390 1877 quit
441 1809 836 1874 Damascenus,
890 1830 1140 1873 creatura
1213 1825 1562 1890 postmodum
1628 1842 1735 1880 non
1786 1845 1849 1881 ex

267 1901 544 1956 creatoris
592 1906 901 1961 substantia
957 1918 1042 1963 est
1103 1909 1269 1975 facta,
1340 1933 1360 1966 ι
1423 1916 1612 1970 nullus
1670 1917 1854 1989 itaque

267 2004 455 2046 mente
519 2010 584 2049 ac
621 2000 833 2052 ratione
881 2002 1162 2069 praeditus,
1218 2021 1512 2078 commune
1540 2010 1746 2078 aliquid
1787 2013 1852 2065 ad

268 2085 416 2141 hanc
463 2087 670 2144 habere
721 2092 1080 2150 arbitrabitur
1133 2076 1396 2168 Spiritum
1445 2111 1699 2158 sanctum
1735 2122 1747 2158 :
1789 2121 1853 2160 ex

267 2193 358 2243 eo,
390 2184 541 2249 quod
577 2185 798 2248 dicitur,
831 2188 1007 2257 ipsum
1041 2200 1204 2260 atque
1231 2204 1542 2249 creaturam
1583 2198 1856 2272 prodiisse

265 2290 366 2344 per
419 2275 619 2331 Filium
661 2281 810 2334 :nisi
867 2294 1128 2348 quantum
1176 2293 1359 2340 creata
1406 2288 1473 2342 ad
1528 2302 1852 2352 creatorem.

264 2378 319 2420 et
370 2366 517 2423 facta
567 2370 634 2426 ad
689 2375 952 2428 factorem
983 2379 1297 2433 communia
1328 2391 1502 2436 sunt:
1560 2400 1578 2434 ι
1651 2383 1850 2438 Stabili

262 2461 438 2526 enim,
464 2463 666 2534 inquit,
694 2477 857 2532 atque
914 2470 1343 2525 incominutabili
1377 2473 1587 2527 ratione
1617 2473 1854 2543 Spiritus

261 2572 291 2609 a
326 2567 586 2611 creatura
617 2560 971 2615 disrernitur.
1014 2579 1032 2611 ι
1078 2560 1236 2617 Nunc
1262 2573 1444 2618 autem
1471 2566 1849 2623 arbitrantium

259 2660 345 2703 est
375 2651 454 2716 id,
487 2653 636 2721 quod
663 2652 889 2714 dicitur,
923 2655 1217 2723 prodiisse.
1244 2657 1330 2712 vel
1367 2673 1655 2725 manasse,
1697 2670 1854 2716 οἰοβ-

259 2760 392 2798 nam
419 2757 547 2798 ante
564 2746 748 2800 omnia
773 2749 967 2800 saecula
1006 2750 1366 2804 substantiam
1405 2753 1576 2807 sancti
1611 2754 1852 2823 Spiritus

257 2855 373 2891 non
420 2838 759 2906 significare.
790 2837 1038 2893 Primum
1081 2843 1226 2896 enim
1273 2859 1398 2898 cum
1454 2845 1656 2900 docere
1695 2847 1854 2903 insti—

259 2938 469 2991 tueret,
513 2947 624 2999 quo
674 2943 837 3000 pacto
892 2933 1035 2988 Deus
1073 2933 1314 2990 Trinitas
1347 2938 1398 2991 in
1445 2940 1626 3008 seipsa
1663 2955 1853 3008 perso-

255 3024 464 3078 naliter
496 3034 627 3080 ante
656 3026 858 3080 saecula
901 3026 1356 3094 distingueretur,
1412 3045 1520 3086 non
1573 3033 1850 3100 quomodo

257 3131 318 3169 se
343 3115 582 3170 haberet
630 3119 695 3170 ad
727 3129 1058 3181 creaturam,
1092 3120 1197 3174 hoc
1228 3121 1390 3175 dixit.
1432 3123 1610 3189 Atque
1637 3126 1846 3178 utinam

1971 643 2105 705 nita,
2139 643 2254 699 hate
2319 647 2594 712 unigeulta
2643 657 2746 703 est.
2783 648 3045 712 Rursum,
3098 663 3217 718 qua
3275 652 3541 719 procedit,

1967 735 2082 789 haec
2104 735 2339 804 Spiritus
2367 746 2471 802 est,
2531 748 2583 791 et
2607 753 2730 808 qna‘.
2783 741 3038 804 mediate,
3072 739 3187 794 haec
3223 756 3331 794 non
3365 744 3544 796 conti-

1968 837 2200 893 "aliter;
2231 845 2350 897 qua:
2379 841 2562 884 autem
2597 847 2702 885 non
2747 835 3116 896 continenter,
3160 835 3274 887 lucc
3306 850 3413 888 non
3448 851 3538 910 ge-

1967 922 2104 984 nita,
2165 925 2260 978 sed
2315 926 2613 992 procedens
2637 935 2738 979 est.
2795 924 2965 981 Porro
3018 943 3138 996 quae
3199 939 3296 996 per
3342 925 3538 981 Filium

1963 1016 2290 1082 proeeditex
2324 1015 2508 1078 Patre.
2544 1032 2605 1070 ea
2635 1033 2741 1071 non
2777 1016 2949 1073 Filius
2999 1028 3106 1073 est.
3150 1017 3272 1072 llaec
3303 1036 3541 1088 namque

1964 1107 2277 1163 Nativitatis
2311 1110 2556 1164 deﬁnitio
2584 1119 2686 1172 est,
2729 1124 2796 1164 ex
2854 1109 3036 1178 primo
3064 1095 3378 1165 immediate
3411 1127 3538 1178 pro-

1963 1199 2102 1262 dire,
2173 1201 2544 1270 processionis
2595 1210 2779 1256 autem
2813 1241 2828 1267 ,
2877 1217 2945 1256 ex
2995 1202 3170 1272 primo
3245 1219 3342 1272 per
3423 1219 3536 1257 tne-

1961 1275 2134 1345 dium.

2037 1385 2100 1438 Et
2127 1385 2387 1453 quoniam
2418 1385 2724 1439 divinarum
2770 1399 3128 1454 personarum
3170 1387 3538 1443 subsistentize

1960 1485 2174 1529 aeternre
2218 1488 2381 1546 atque
2415 1479 2786 1531 immutabiles
2811 1489 3219 1548 sunt;semper
3241 1475 3387 1533 enim
3421 1489 3540 1533 erat.

1961 1567 2201 1622 Trinitas
2233 1570 2375 1622 Deus
2410 1569 2589 1632 Pater,
2631 1578 2685 1624 et
2714 1569 2902 1635 Filius,
2934 1581 2985 1625 et
3019 1571 3259 1640 Spiritus
3291 1583 3539 1639 sanctus,

1957 1653 2303 1718 definitiones
2335 1665 2502 1717 etiam
2531 1667 2896 1734 personalium
2931 1667 3365 1720 substantiarum
3393 1666 3539 1739 [hy-

1959 1765 2248 1825 postaseon
2269 1756 2312 1827 ].
2343 1758 2473 1827 ipsa:
2499 1757 2890 1812 substantiales
2910 1757 3329 1832 [hyposmticae]
3351 1774 3537 1812 earum

1887 1888 1926 1942 Β
1958 1849 2320 1918 proprietates
2343 1864 2567 1918 prorsus
2592 1863 2808 1906 aeterna:
2863 1861 3027 1920 atque
3057 1851 3538 1905 incommutabiles

1937 1950 2107 1994 sunt.
2139 1942 2201 1995 Et
2230 1941 2362 1996 illud
2412 1942 2552 1995 idem
2588 1951 2823 2007 censtat,
2853 1944 3007 2012 quia,
3039 1943 3082 1996 si
3113 1943 3379 1997 tollantur
3411 1957 3544 2012 pro-

1954 2031 2251 2097 cessiones,
2307 2034 2671 2103 proprietates
2712 2034 2875 2088 etiam
2947 2050 3010 2088 ac
3063 2023 3314 2104 persona:
3369 2035 3535 2088 simul

1953 2138 2076 2180 esse
2103 2125 2374 2179 desinent.
2409 2123 2566 2187 Nam,
2596 2126 2639 2178 si
2671 2126 2926 2180 nascendi
2963 2127 3206 2193 quidem,
3233 2135 3325 2180 aut
3359 2126 3530 2196 geniti

1953 2232 2016 2270 ea
2053 2219 2230 2286 primo
2289 2232 2408 2271 esse
2449 2218 2655 2286 absque
2705 2217 2905 2283 medio,
2941 2201 2946 2207 ’
2991 2218 3132 2271 ratio
3175 2234 3239 2271 ac
3294 2218 3540 2278 deﬁnitio

1953 2319 2040 2365 est
2080 2326 2095 2362 :
2128 2310 2454 2378 procedendi
2481 2325 2633 2373 vero,
2666 2325 2762 2363 seu
2802 2310 3171 2380 procedentis,
3207 2326 3300 2378 per
3329 2308 3528 2363 Filium

1951 2417 2074 2457 esse
2108 2404 2375 2455 :omnino
2401 2413 2580 2456 autem
2634 2418 2824 2455 verum
2859 2411 2962 2467 est,
2996 2403 3228 2457 sublatis
3255 2403 3536 2456 definitio-

1953 2495 2116 2549 nil'ns
2143 2509 2327 2547 rerum
2357 2494 2559 2562 quibus
2577 2495 2699 2565 sine
2743 2494 3079 2556 subsistunt,
3112 2505 3166 2546 et
3220 2493 3339 2546 illas
3371 2493 3540 2548 simul

1953 2583 2184 2638 auferri.
2217 2583 2353 2638 Nam
2391 2586 2488 2654 qui
2522 2587 2794 2640 rationale
2829 2586 3034 2640 homini
3079 2586 3282 2650 tulerit,
3311 2598 3434 2640 esse
3463 2585 3538 2640 si-
3583 2617 3588 2623 -

1954 2676 2068 2730 tnui
2098 2677 2370 2730 hominem
2401 2677 2647 2730 abstulit.

2023 2768 2086 2822 Et
2120 2769 2244 2822 hinc
2275 2768 2484 2837 liquido
2544 2777 2782 2833 constat,
2832 2771 3063 2826 sublatis
3099 2767 3266 2839 geniti
3305 2785 3367 2824 ac
3403 2784 3536 2838 pro-

1947 2861 2202 2934 cedentis
2225 2861 2556 2926 rationibus,
2589 2862 3224 2930 hujusmodi'ablatione,
3279 2863 3537 2916 nativita-

1949 2965 2059 3010 tem
2097 2969 2160 3009 ac
2196 2956 2603 3023 processioncm
2651 2956 2790 3018 tolli,
2817 2956 3093 3025 simulque
3125 2957 3315 3014 etiam,
3347 2953 3533 3008 Trini-

1949 3051 2117 3098 tatem
2172 3043 2340 3096 Deum
2375 3057 2517 3099 esse.
2555 3027 2862 3113 Exquibtts
2893 3045 2996 3098 hoc
3022 3042 3181 3097 etiam
3221 3043 3534 3106 coniicitur,

1949 3144 2011 3188 ut
2038 3136 2130 3205 qui
2170 3149 2231 3190 ex
2275 3137 2434 3190 Patre
2468 3137 2586 3190 solo
2622 3139 2921 3206 procedere
2971 3139 3235 3207 Spiritum
3282 3146 3534 3192 sanctum

255 3210 360 3272 sic,
400 3217 461 3262 ut
525 3208 635 3274 hic,
694 3209 839 3277 quod
887 3209 1086 3264 dicitur
1119 3212 1396 3279 prodiisso
1462 3214 1514 3267 in
1568 3227 1844 3280 creatura,

1951 3237 2248 3292 asseverat,
2317 3231 2631 3284 necessario
2681 3231 2832 3284 illum
2886 3248 2952 3286 ex
3019 3232 3181 3286 Patre
3237 3247 3358 3286 esse
3413 3232 3535 3286 sine

255 3301 683 3355 subsistentiam
748 3314 813 3354 ex
883 3298 1035 3367 Deo,
1095 3313 1470 3373 creaturaeque
1547 3310 1842 3363 essentiam

255 3404 453 3461 aperte
481 3393 758 3462 significat
788 3409 804 3447 :
833 3394 906 3447 ita
937 3402 992 3447 et
1025 3395 1079 3448 in
1105 3396 1318 3464 Spiritu
1352 3408 1568 3462 sancto,
1597 3416 1721 3454 cum
1767 3403 1847 3455 di-

256 3488 430 3548 citur,
497 3486 620 3556 ejus
655 3496 782 3541 ante
826 3487 1012 3542 omnia
1061 3488 1259 3543 saicnla
1312 3504 1635 3559 processum
1691 3509 1847 3548 cum-

257 3581 535 3635 mcndat:
575 3590 743 3650 atque.
789 3595 856 3634 eo
902 3580 1100 3648 magis,
1148 3597 1259 3651 quo
1288 3584 1450 3639 etiam
1507 3592 1714 3639 interno
1751 3597 1848 3653 per

257 3674 462 3727 Filium
506 3682 561 3726 et
589 3688 735 3733 esse.
771 3681 826 3726 et
860 3674 1103 3742 prodire,
1137 3689 1203 3728 ac
1239 3677 1535 3742 procedere
1567 3690 1595 3729 ιι
1635 3679 1845 3732 theolo-

255 3768 340 3837 gis
371 3767 662 3819 asseritur.
689 3765 894 3819 Deinde
930 3767 1222 3835 inagistros
1255 3768 1382 3821 item
1414 3770 1605 3821 audire
1639 3768 1720 3825 fas
1740 3781 1842 3836 est,

258 3873 313 3911 nt
351 3860 479 3922 hee,
511 3858 660 3928 quod
699 3859 921 3923 dicitur,
975 3859 1245 3928 prodisse,
1277 3869 1517 3917 cternos
1552 3877 1846 3931 processus

254 3949 380 4004 Filii
431 3950 790 4021 Spiritusque
819 3950 1195 4017 commendat,
1227 3951 1373 4022 quod
1401 3951 1458 4007 in
1484 3955 1844 4024 sequentibus

255 4033 607 4106 probabitur.

323 4129 630 4200 Gregorius
665 4128 1012 4200 Theologus,
1073 4131 1443 4212 infermone
1503 4134 1578 4190 De
1626 4135 1839 4206 Spiritu

253 4234 442 4275 sancto
474 4223 586 4290 (Η)
639 4223 720 4276 sic
753 4222 829 4276 ait
859 4239 874 4276 :
917 4241 936 4274 ι
975 4223 1381 4289 Emanationis,
1409 4213 1739 4299 habitusque
1773 4231 1840 4286 ad

253 4313 491 4367 invicem
522 4313 850 4378 differentia,
901 4315 1286 4384 appellationis
1332 4334 1555 4388 quoque
1615 4323 1837 4376 illorum

254 4406 627 4460 diil‘erentiam
662 4404 812 4460 fecit.
855 4425 874 4458 ο
912 4407 1007 4461 llic
1033 4391 1448 4466 emanationem
1486 4412 1632 4469 idem
1678 4415 1840 4469 intel-

255 4501 347 4571 ligi
385 4500 584 4563 voluit,
627 4500 773 4569 quod
807 4514 1166 4568 pret-essum.
1212 4502 1602 4562 Processioues
1656 4520 1834 4564 autem

254 4566 575 4645 differentes
607 4601 737 4643 sunt
799 4578 1058 4644 nativitas
1109 4602 1276 4661 atque
1329 4609 1637 4660 processus.
1670 4597 1837 4654 Recte
1872 4566 1912 4622 θ

255 4700 388 4753 ergo
417 4685 630 4736 dictum
663 4693 747 4736 est
778 4679 1098 4738 differentes
1149 4687 1534 4754 processiones
1568 4705 1832 4758 persona-

254 4791 374 4828 rum
406 4775 458 4827 id
494 4773 761 4830 eiii-cisse.
782 4783 843 4825 ut
885 4772 1030 4826 aliud
1056 4775 1329 4842 genitum,
1353 4777 1501 4830 aliud
1534 4783 1836 4846 procedens

252 4875 308 4919 et
333 4868 425 4922 sit.
465 4877 520 4919 et
573 4865 811 4918 dicatur.
851 4864 1045 4935 Liquet
1077 4867 1241 4935 igitur
1273 4881 1336 4921 ex
1371 4868 1472 4922 his:
1505 4886 1627 4940 qua:
1686 4873 1832 4926 dicta

255 4965 404 5020 sunt,
439 4956 582 5008 idem
615 4970 758 5016 esse,
793 4970 918 5010 cum
959 4957 1196 5013 dicimus
1245 4957 1445 5014 Filium
1474 4976 1600 5017 esse
1629 4973 1684 5017 et
1713 4965 1838 5018 uni-

253 5049 523 5119 genitum,
555 5057 608 5101 et
638 5048 756 5102 sine
782 5049 1098 5104 uliomedio
1147 5065 1211 5104 ex
1254 5051 1437 5117 Patre,
1484 5056 1835 5127 genitumque

251 5157 393 5205 esse,
439 5156 536 5195 seu
589 5157 882 5209 personam
941 5158 1009 5196 ex
1044 5159 1279 5212 persona
1327 5147 1518 5216 gigni;
1576 5146 1836 5220 idemque

252 5247 395 5295 esse,
430 5248 555 5286 cum
588 5233 848 5296 dicimus,
881 5231 1148 5302 Spiritum
1207 5253 1350 5296 esse.
1405 5249 1459 5294 ct
1489 5243 1788 5308 procedere
1820 5261 1833 5298 :

255 5336 414 5394 atque
441 5342 508 5379 ex
540 5330 722 5397 primo
759 5343 855 5396 per
890 5329 1128 5383 medium
1172 5347 1293 5386 esse
1332 5346 1384 5387 et
1437 5351 1500 5388 ex
1532 5334 1692 5392 Patre
1743 5354 1837 5406 per

254 5417 450 5475 Filium
488 5419 790 5490 procedere
825 5439 840 5476 :
875 5438 1049 5492 neque
1081 5424 1202 5478 sine
1234 5428 1432 5493 medio,
1469 5444 1645 5499 neque
1677 5431 1836 5484 unice

251 5528 390 5577 esse,
425 5529 598 5583 neque
632 5514 983 5570 continenter
1012 5533 1075 5570 ex
1111 5517 1314 5586 primo.
1369 5518 1491 5572 llaec
1524 5522 1670 5574 enim
1701 5537 1834 5576 con-

255 5616 329 5657 tra
379 5606 637 5659 eumdem
689 5608 839 5661 dit-ta
880 5619 1306 5662 convertuntur.
1356 5609 1486 5676 Quae
1531 5611 1675 5665 enim
1712 5627 1835 5682 per-

254 5708 380 5750 srina
440 5712 496 5750 in
563 5708 754 5754 sancta
812 5697 1078 5754 Trinitate
1153 5700 1326 5756 Filius
1380 5711 1504 5767 est,
1551 5704 1664 5762 haec
1715 5708 1833 5764 sine

324 5871 434 5946 (Η)
479 5874 572 5933 Est
605 5876 783 5932 oratio
818 5877 850 5932 3
883 5879 944 5932 de
982 5877 1287 5950 Tlicologia.

1953 3320 2129 3374 medio
2183 3320 2530 3376 conﬁteatur.
2565 3321 2739 3376 Porro
2817 3324 3128 3393 huiusmodi
3184 3325 3535 3379 confessione

1950 3413 2338 3482 proprietatem
2364 3415 2693 3468 substantiae
2732 3415 2900 3475 illius,
2935 3431 2998 3468 ac
3044 3431 3336 3484 personam
3377 3415 3530 3469 illum

1943 3516 2069 3557 esse
2131 3501 2184 3556 in
2247 3513 2437 3556 sancta
2497 3502 2770 3557 Triuitate
2817 3520 2924 3558 una
2982 3505 3157 3559 tollet.
3196 3503 3373 3574 Atque
3408 3506 3534 3558 hinc

1948 3605 2126 3664 neque
2161 3594 2382 3648 tertium
2412 3611 2441 3648 ιι
2485 3593 2647 3650 Patre
2697 3593 2999 3650 secundum
3033 3611 3178 3649 sanae
3208 3597 3326 3648 fidei
3366 3597 3534 3649 ratio-

1947 3699 2074 3742 nem
2122 3700 2188 3740 ac
2213 3686 2558 3740 traditionem
2601 3684 2705 3740 SS.
2755 3685 2980 3740 Patrum
3031 3683 3394 3740 confitebitur.
3450 3684 3528 3738 ita

1950 3779 2085 3834 nihil
2117 3779 2428 3848 prohibebit
2461 3781 2626 3833 etiam
2661 3779 2860 3834 Filium
2918 3795 3039 3834 esse
3068 3779 3314 3834 conﬁteri
3351 3777 3529 3846 Spiri-

1947 3877 2063 3923 tum
2093 3877 2374 3933 sanctum,
2399 3869 2520 3924 sine
2573 3872 2755 3925 medio
2781 3885 2847 3924 ex
2894 3870 3054 3924 Patre
3118 3869 3528 3940 procedentem.

1945 3957 2066 4014 Filii
2125 3961 2330 4031 quippe
2382 3962 2675 4031 appellatio
2755 3962 3058 4017 secundum
3129 3961 3413 4029 theologos
3479 3961 3529 4013 ci

1943 4053 2163 4121 proprie
2201 4055 2474 4124 congruit,
2511 4055 2601 4122 qui
2634 4053 2755 4110 sine
2785 4057 2967 4110 medio
3006 4071 3069 4107 ex
3109 4053 3270 4109 Patre
3315 4064 3420 4106 est.
3448 4051 3528 4107 Ex

1943 4159 2057 4212 quo
2085 4145 2358 4214 sequitur,
2393 4153 2452 4199 ut
2497 4145 2646 4214 quod
2681 4146 2834 4201 illinc
2865 4147 2984 4201 sine
3016 4145 3196 4199 medio
3229 4154 3332 4207 est,
3357 4143 3528 4198 Fil'us

1943 4235 2036 4290 sit.
2065 4233 2462 4305 Proprietatctn
2496 4237 2643 4291 enim
2668 4235 2794 4291 Filii
2863 4226 2984 4290 eam
3016 4249 3136 4292 esse
3161 4236 3531 4306 deprehendi-

1944 4342 2088 4390 lius,
2117 4345 2182 4383 ex
2219 4328 2380 4382 Patre
2405 4344 2526 4383 esse
2559 4329 2679 4384 sine
2739 4329 2938 4392 medio,
2977 4329 3124 4399 quod
3180 4344 3305 4382 eum
3360 4328 3525 4382 etiam

1942 4422 2181 4488 genitum
2233 4419 2418 4474 facit:
2471 4420 2659 4486 sicque
2715 4422 3086 4488 personalium
3123 4422 3524 4489 proprietatum

1941 4510 2192 4564 confusio
2215 4512 2319 4564 erit
2341 4520 2431 4573 ,et
2465 4520 2560 4565 aut
2592 4511 2702 4565 duo
2735 4511 2860 4565 Filii
2893 4525 2955 4566 ex
2985 4511 3145 4564 Patre
3179 4517 3342 4564 erunt
3366 4510 3528 4563 ambo

1941 4603 2059 4656 sine
2091 4600 2291 4666 medio,
2322 4610 2488 4670 atque
2518 4603 2644 4656 ideo
2680 4613 2872 4657 neuter
2929 4603 3328 4673 primogenitus
3373 4639 3388 4664 ,
3433 4609 3530 4654 aut

1941 4694 2050 4750 duo
2092 4692 2330 4762 Spiritus
2358 4696 2552 4747 sancti.
2608 4693 2740 4760 Quae
2785 4695 2931 4748 enim
2988 4705 3180 4762 urgeat
3229 4694 3529 4748 necessitas

1942 4796 1996 4838 et
2034 4785 2370 4848 distributio,
2421 4786 2464 4838 si
2521 4787 2819 4839 sintambo
2871 4803 2934 4840 ex
2977 4787 3140 4840 Patre
3170 4785 3288 4840 sine
3323 4785 3527 4846 medio,

1944 4877 2106 4931 aliam
2137 4891 2436 4947 personam
2471 4894 2592 4933 esse
2624 4879 2847 4944 Filium,
2881 4881 3044 4933 aliain
3087 4879 3354 4948 Spiritum
3403 4896 3528 4932 san-

1945 4980 2117 5032 atum,
2153 4985 2216 5025 ac
2239 4986 2347 5025 non
2379 4972 2562 5040 potius
2594 4972 2673 5026 vel
2710 4974 2850 5028 duos
2883 4969 3022 5027 ﬁlios
3076 4987 3197 5028 esse
3233 4975 3287 5028 in
3337 4983 3523 5026 sancta

1941 5063 2238 5126 Trinitale,
2267 5065 2350 5118 vel
2376 5068 2514 5118 duos
2545 5065 2808 5132 spiritus?

2015 5155 2282 5208 Praeterea
2319 5173 2494 5224 neque
2548 5157 2769 5210 habitus
2818 5155 3156 5230 [habitudo]
3208 5157 3352 5211 ullus
3407 5155 3526 5210 Filii

1941 5262 2006 5301 ac
2041 5247 2285 5316 Spiritus
2317 5250 2383 5300 ad
2418 5247 2652 5302 invicem
2687 5265 2810 5305 esse
2864 5250 3166 5314 diceretur,
3205 5265 3378 5318 neque.
3434 5249 3530 5301 ba-

1942 5337 2197 5393 berentus
2225 5354 2329 5407 qtta
2363 5339 2720 5408 proprietate,
2747 5357 2842 5397 seu
2887 5341 3260 5403 confessione,
3323 5339 3524 5391 Filium

1942 5445 1973 5485 a
2003 5431 2210 5499 Spiritu
2259 5432 2751 5500 distinguet-emus.
2808 5435 2886 5489 Ex
2937 5435 3144 5505 quibus
3196 5441 3526 5502 sequeretur

1942 5525 2278 5588 necessario,
2315 5539 2365 5578 Ili
2405 5540 2474 5580 ne
2501 5524 2833 5580 Trinitatem
2867 5529 3089 5594 quidem
3129 5526 3523 5581 conﬁteremur

1941 5631 2060 5672 esse
2082 5617 2276 5681 Deum,
2309 5619 2403 5672 sed
2437 5619 2540 5672 tria
2572 5619 2916 5688 simpliciter,
2951 5633 3015 5672 ac
3041 5619 3218 5674 solute
3270 5634 3521 5674 seorsum

1941 5709 2168 5780 singula.
2194 5710 2408 5781 Quippe
2443 5711 2662 5766 sublato
2688 5712 2898 5780 ordine,
2933 5711 3194 5782 primum,
3234 5726 3298 5767 ac
3327 5717 3533 5832 $061213
