4010 6558
468 415 532 481 31
610 384 613 387 ‘
1622 454 1623 457 γ
1728 418 2125 482 MANUELIS
2166 421 2471 484 ωηερε
3652 422 3723 487 32

473 537 603 592 dum
632 544 684 591 ct
712 537 925 591 tertium
952 550 1060 590 non
1093 535 1398 591 diceremus
1435 536 1565 592 :sed
1611 536 2042 606 unumquodque
2068 529 2116 588 A
2142 535 2345 605 quippe
2386 536 2633 606 producti
2667 551 2862 591 nomen
2898 547 3117 606 propter
3147 537 3531 606 productorem
3559 538 3723 594 intel-

472 631 734 697 primnm,
787 635 1039 694 essrtque
1090 628 1501 683 convenienttus
1568 643 1633 683 ac
1687 629 1860 699 magis
1915 642 2045 698 pro-

471 719 652 788 prium
678 718 988 771 dualitatem
1019 716 1186 771 Deum
1214 718 1418 785 dicere,
1469 719 1686 773 Patrem
1720 720 1929 775 scilicet
1982 733 2046 773 ac

475 808 699 870 Filium,
718 807 798 862 vel
827 806 1043 863 Patrem
1073 817 1127 862 et
1155 808 1422 879 Spiritum
1452 830 1466 865 :
1495 826 1670 880 eoque
1692 810 1849 866 Pater
1877 825 2047 866 causa

473 901 691 955 illorum
716 900 836 955 sine
872 900 1073 964 medio,
1117 902 1417 971 eademque
1448 903 1657 957 ratione
1694 913 1860 967 esset,
1896 904 2047 959 ordi-

476 1006 711 1059 nemque
726 992 902 1047 solum
916 1007 1094 1048 causa!
1136 1007 1197 1047 ac
1214 992 1455 1049 causalia
1473 993 1790 1063 simpliciter
1805 994 2046 1050 haberet.

548 1087 703 1141 Esset
739 1084 1003 1156 praeterea
1028 1086 1343 1142 iudiﬁ'erens
1386 1102 1675 1143 numerare
1720 1085 1959 1152 Patrem,
1997 1097 2052 1142 et

479 1178 710 1243 Filium,
739 1189 793 1235 et
822 1180 1114 1249 Spiritum,
1162 1182 1280 1235 sive
1312 1181 1555 1242 Patrem,
1579 1190 1633 1235 et
1665 1180 1951 1251 Spiritum,
1999 1190 2053 1237 et

478 1272 679 1327 Filium
710 1291 725 1328 :
772 1275 901 1336 imo,
931 1275 1074 1329 sicut
1104 1274 1341 1343 Spiritus
1393 1274 1512 1328 Filii
1547 1274 1751 1331 dicitur
1778 1275 2048 1365 Spiritus,

478 1374 528 1417 et
566 1362 766 1432 imago,
808 1364 1186 1433 naturalisque
1224 1375 1278 1417 et
1304 1365 1421 1418 viva
1471 1364 1665 1427 virtus,
1704 1378 1758 1419 et
1786 1362 2053 1436 Operatio,

482 1464 537 1509 et
563 1470 683 1524 quae
715 1456 768 1509 in
811 1457 1164 1525 sequentibus
1197 1457 1492 1511 dicentur:
1544 1460 1616 1513 ita
1649 1459 1814 1513 etiam
1857 1459 2053 1527 Filius,

484 1546 720 1615 Spiritus
747 1546 919 1601 Filius
973 1548 1309 1616 aequabiliter
1348 1558 1512 1615 atque
1555 1550 1927 1606 lndillerenter
1967 1566 2055 1606 se-

483 1640 724 1694 cundum
775 1640 890 1694 haec
934 1641 1118 1695 omnia
1165 1657 1196 1695 a
1246 1642 1419 1698 sacris
1475 1642 1695 1697 Litteris
1738 1643 2057 1713 sanctisque

483 1731 738 1788 Patribus
770 1733 1060 1787 diceretur.
1095 1730 1225 1785 Nam
1257 1733 1301 1788 si
1340 1735 1592 1789 similiter
1622 1749 1684 1790 se
1722 1734 1787 1789 ad
1821 1734 2052 1789 invicem

483 1824 771 1889 haberent,
802 1839 955 1894 aeque
985 1826 1195 1891 scilicet
1248 1843 1315 1881 ex
1345 1826 1504 1882 Patre
1542 1828 1659 1883 sine
1700 1828 1883 1884 medio
1928 1829 2057 1884 sub-

482 1915 760 1979 sistentes,
790 1917 1001 1986 sibique
1041 1918 1275 1972 invicem
1327 1919 1830 1977 consubstantiales
1868 1930 1923 1975 et
1957 1937 2056 1975 no-

484 2008 629 2063 mina
661 2008 908 2075 profecto
941 2010 1105 2065 simili
1142 2012 1354 2067 ratione
1383 2028 1446 2068 ex
1497 2014 1673 2068 altero
1716 2015 1781 2069 ad
1820 2015 2054 2071 alterum

483 2110 886 2157 converterent.
919 2102 1051 2170 Qua>
1088 2105 1233 2159 cnim
1266 2106 1759 2163 consubstantialia
1810 2118 1959 2172 sunt,
1993 2124 2058 2165 ac

483 2193 587 2247 sibi
613 2195 933 2263 coaequalia,
984 2207 1384 2251 convertuntur
1426 2200 1493 2254 ad
1539 2200 1790 2255 invicem.
1844 2202 1911 2256 At
1954 2202 2059 2258 hoc

486 2285 713 2340 minime
746 2287 1008 2342 hactenus
1044 2288 1348 2355 inventum,
1413 2291 1779 2346 imo‘oinnino
1832 2291 2059 2365 interdi-

484 2386 630 2430 ctum
661 2387 763 2432 est.
794 2378 1039 2449 Namque
1070 2379 1365 2450 Gregorius
1411 2382 1689 2451 Nyssenus
1739 2399 1906 2452 super
1932 2400 2055 2439 ora.

483 2471 628 2524 tione
660 2470 963 2535 Dominica,
988 2471 1066 2525 sic
1096 2472 1173 2525 ait
1206 2490 1219 2528 :
1256 2492 1273 2523 (
1316 2472 1485 2531 Filius
1513 2484 1694 2528 autem
1728 2476 1903 2529 sancti
1933 2476 2061 2545 Spi-

486 2563 628 2618 ritus
659 2578 837 2633 neque
865 2574 950 2619 est
991 2580 1167 2634 neque
1188 2565 1413 2629 dicitur,
1445 2585 1464 2619 ι
1496 2581 1672 2635 neque
1723 2568 2060 2623 convertitur

486 2655 777 2709 habitualis
802 2655 938 2721 haec,
980 2667 1037 2709 ut
1074 2658 1145 2711 ita
1180 2657 1383 2722 dicam,
1418 2660 1831 2728 consequentia.

557 2745 825 2799 Praeterea
855 2747 1155 2809 absurdum
1182 2757 1284 2815 est,
1307 2764 1372 2803 ex
1394 2748 1514 2803 solo
1535 2748 1694 2803 Patre
1720 2758 1913 2818 putare
1936 2764 2059 2807 esse

487 2835 753 2906 Spiritum
791 2846 1065 2904 sanctum,
1093 2853 1157 2892 ac
1192 2838 1441 2893 eumdem
1482 2854 1581 2908 per
1621 2837 1818 2893 Filium
1872 2855 2061 2905 proce-

485 2928 634 2983 dere.
674 2928 797 2983 llaec
834 2930 981 2983 enim
1012 2930 1356 2998 apertissime
1383 2930 1484 2985 sibi
1516 2931 1747 2986 invicem
1780 2935 2059 2987 contraria

486 3029 640 3082 sunt,
671 3035 735 3074 ac
766 3035 826 3075 se
881 3021 1111 3074 invicem
1149 3021 1463 3081 destruunt.
1494 3021 1626 3076 Nam
1662 3024 1806 3090 quod
1856 3023 2060 3078 dicitur

488 3110 852 3181 perFilium,
905 3110 1179 3165 mediante
1238 3110 1396 3175 Filio,
1449 3127 1571 3166 esse
1611 3112 1863 3167 dicitur:
1910 3116 2058 3184 quod

2150 629 2342 700 ligitur
2391 633 2669 701 primum,
2727 640 2892 699 atque
2945 616 3345 699 consequenter
3408 628 3604 684 Filium
3655 646 3725 685 ex

2165 725 2493 793 productore
2524 740 2616 793 per
2648 727 2972 795 productum
3019 724 3190 778 nasci.
3225 720 3371 777 Nihil
3403 724 3548 777 enim
3597 739 3726 791 pro-

2152 815 2321 879 hibet,
2346 817 2622 887 inquiunt,
2646 818 2812 871 etiam
2852 818 2955 871 hoc
2984 816 3091 871 dici
3120 832 3134 882 ;
3162 816 3283 872 sine
3308 816 3489 871 medio
3519 816 3729 872 scilicet

2152 909 2417 976 Spiritum
2447 925 2510 966 ex
2544 908 2724 974 Patre,
2761 909 2918 980 quasi
2950 924 3012 964 ex
3042 909 3371 977 productore
3387 910 3680 979 procedere
3702 948 3721 974 ,

2151 999 2351 1055 Filium
2375 1018 2505 1057 vero
2542 1018 2610 1057 es
2660 1003 3011 1072 productore,
3043 1002 3139 1073 qui
3167 1011 3240 1074 _et
3275 1000 3436 1057 Pater
3476 1010 3581 1066 est,
3631 1017 3727 1072 per

2153 1090 2414 1161 Spiritum
2446 1092 2618 1147 nasci.
2657 1110 2677 1144 ι

2225 1179 2330 1235 Sed
2363 1182 2531 1251 liquet
2560 1182 2821 1250 profecto,
2851 1197 2967 1249 cos,
2997 1184 3087 1253 qui
3122 1181 3366 1250 Spiritus
3398 1196 3493 1250 per
3523 1179 3725 1234 Filium

2154 1275 2557 1342 processionem
2611 1274 2682 1328 ita
2737 1282 3079 1344 pervertunt,
3140 1272 3429 1327 Trinitatis
3478 1273 3727 1327 ordinem

2155 1366 2363 1428 tollere,
2392 1365 2883 1437 conl‘nsionemque
2911 1368 3307 1435 preprietatnm
3340 1366 3727 1434 personalium,

2155 1459 2381 1514 sublatis
2438 1459 2565 1512 item
2602 1459 2875 1528 personis,
2907 1458 3279 1512 introducere.
3315 1455 3512 1526 Liquet
3564 1457 3729 1512 simul

2138 1563 2249 1606 ‘eos
2269 1550 2472 1606 sanctis
2497 1548 2770 1614 Patrihus,
2793 1548 3047 1603 Eci‘lesize
3080 1549 3375 1618 magistris,
3402 1562 3730 1617 repugnare,

2157 1646 2284 1699 dum
2337 1644 2455 1699 sine
2514 1642 2692 1698 medio
2742 1642 3005 1712 Spiritum
3042 1657 3106 1696 ex
3140 1640 3302 1695 Patre
3344 1656 3466 1696 esse
3517 1643 3729 1708 volunt,

2158 1736 2532 1808 Spiritumque
2564 1734 2701 1789 Filio
2765 1740 3105 1803 prmponunt,
3164 1733 3410 1801 nihilque
3442 1732 3732 1801 prohibere

2157 1829 2369 1893 dicunt,
2401 1827 2565 1882 etiam
2597 1825 2795 1881 Filium
2824 1842 2889 1881 ex
2926 1825 3255 1896 productore
3286 1840 3380 1892 per
3403 1826 3729 1892 productum

2159 1919 2350 1983 nasci;
2383 1936 2449 1975 ex
2487 1934 2596 1988 quo
2624 1918 2819 1973 Filium
2862 1918 3166 1979 secundum
3221 1917 3469 1971 ordinem
3509 1915 3734 1970 tertium

2158 2026 2190 2065 a
2219 2010 2378 2064 Patre
2408 2008 2762 2075 conﬁtentur,
2786 2017 3040 2079 putantes
3066 2024 3126 2063 se
3170 2018 3389 2078 propter
3419 2008 3738 2077 pronuntia-

2160 2103 2363 2156 tionem
2387 2100 2689 2165 nominnm,
2716 2114 3016 2169 eorumque
3045 2099 3420 2169 intelligentiae
3447 2099 3738 2153 subtilita—

2162 2200 2292 2253 tem,
2341 2201 2402 2244 ut
2454 2190 2751 2253 voluerint,
2802 2189 3047 2243 divinum
3106 2190 3291 2253 etiam,
3333 2198 3388 2243 et
3447 2199 3744 2255 axternum,

2160 2292 2326 2352 atque
2385 2282 2722 2337 immobilem
2791 2290 3003 2335 mutare
3051 2281 3296 2334 ordinem
3361 2296 3543 2350 posse,
3589 2282 3734 2351 quod

2162 2387 2339 2443 neque
2365 2372 2415 2425 in
2448 2374 2717 2426 creaturis
2748 2372 2865 2426 lieri
2933 2371 3196 2442 possibile
3233 2382 3339 2427 est.
3369 2370 3558 2442 Neque
3584 2373 3733 2427 cnim

2162 2465 2217 2517 in
2256 2462 2363 2528 bis,
2421 2463 2468 2519 si
2494 2462 2714 2517 causale
2767 2478 2946 2518 causa:
2991 2463 3392 2533 praetulerimus
3425 2464 3479 2517 in
3519 2466 3738 2531 ordine,

2160 2573 2246 2621 ac,
2299 2558 2366 2613 de
2397 2558 2581 2614 calore
2622 2556 2974 2623 disserentes,
3013 2559 3152 2628 ignis
3179 2559 3355 2627 primo
3401 2560 3733 2613 mentionem

2161 2650 2479 2713 fecerimus,
2527 2652 2638 2719 jam
2690 2653 2851 2705 etiam
2907 2652 3172 2731 continuo
3203 2652 3351 2705 calor
3378 2652 3517 2721 ignis
3570 2667 3737 2707 causa

2160 2743 2287 2808 erit,
2321 2754 2415 2798 aut
2442 2743 2573 2799 solis
2597 2744 2814 2808 radius;
2845 2758 3020 2812 neque
3040 2742 3298 2797 dictionis
3319 2752 3519 2798 nostra:
3565 2743 3740 2814 gratia

2162 2847 2253 2887 res
2303 2834 2469 2886 etiam
2510 2848 2672 2887 suum
2734 2832 2984 2886 ordinem
3022 2832 3333 2886 intmutant.
3383 2833 3488 2887 Sed
3541 2834 3612 2886 ita
3648 2833 3737 2887 isti

2162 2926 2391 2979 nimium
2424 2926 2592 2995 inepti
2661 2936 2715 2979 ct
2757 2914 2962 2995 garruli
3011 2925 3436 2980 ratiocinatores
3478 2927 3738 2979 sentiant.

2229 3018 2301 3073 At
2355 3032 2485 3072 vero
2534 3017 2706 3071 sancti
2740 3017 2930 3070 Patres
2979 3014 3195 3068 ordinis
3220 3017 3377 3069 iSIam
3418 3016 3740 3081 novitatem,

2163 3109 2338 3178 ipsius
2395 3108 2718 3164 substantiae
2772 3108 3157 3174 privationem,
3198 3107 3366 3160 totius
3401 3105 3523 3160 tidei
3575 3122 3740 3176 nega-

486 3214 667 3257 autem
698 3218 762 3256 ex
796 3202 933 3265 solo,
969 3202 1087 3257 sine
1116 3201 1295 3257 medio
1340 3203 1608 3271 Spiritum
1653 3220 1717 3259 ex
1741 3204 1903 3260 Patre
1927 3223 2056 3276 pro-
2084 3205 2128 3265 C.
2168 3201 2366 3255 tionem
2391 3214 2515 3255 esse
2547 3200 2732 3261 aiunt,
2769 3198 3210 3267 Eunomiumque
3251 3208 3570 3260 causentur,
3598 3199 3741 3270 quod

484 3294 677 3348 cedere
708 3293 996 3363 significat.
1031 3293 1139 3349 Sed
1172 3295 1274 3349 ista
1303 3306 1489 3363 postea
1523 3294 1847 3353 videbimus.

558 3384 693 3439 lllud
731 3385 893 3441 modo
923 3402 987 3441 ex
1022 3386 1267 3456 his,qu:e
1290 3402 1453 3456 supra
1482 3387 1739 3454 diximus,
1774 3397 2057 3444 ostensum

393 3494 402 3499 '
485 3485 595 3540 est,-
655 3478 798 3546 quod
834 3478 909 3541 hi,
937 3479 1029 3547 qui
1063 3488 1287 3548 propter
1334 3480 1838 3549 pronuntiationem
1889 3481 2064 3536 nomi-

488 3584 644 3633 num,
697 3584 919 3638 suaaque
975 3570 1174 3624 mentis
1228 3572 1741 3640 praesumptionem,
1806 3574 1856 3629 id
1914 3572 2062 3644 quod

488 3662 689 3713 dictum
710 3667 817 3723 est,
836 3674 933 3728 per
957 3659 1160 3714 Filium
1182 3662 1475 3730 procedere
1498 3664 1761 3733 Spiritum
1782 3672 2060 3733 sanctum,

490 3769 598 3807 non
657 3754 875 3823 proprie
917 3768 983 3809 ac
1029 3754 1466 3812 substantialiter
1520 3758 1722 3814 dictum
1758 3771 2060 3828 exponunt,

490 3846 728 3914 solis-que
762 3846 947 3901 verbis
963 3846 1267 3901 divinarum
1300 3847 1369 3902 ad
1418 3864 1477 3905 sc
1508 3849 1740 3906 invicem
1793 3866 2063 3922 persona-

488 3954 608 3992 rum
632 3938 876 3992 ordinem
907 3954 1026 3994 esse
1059 3949 1332 4002 asserunt,
1365 3950 1610 4009 peccant.
1652 3942 1821 3997 Aiunt
1848 3946 1993 3999 enim
2042 3962 2057 4001 :

495 4048 514 4081 ι
544 4028 812 4096 Quoniam
840 4030 1011 4098 prima
1040 4046 1288 4100 persona,
1336 4031 1496 4087 Pater
1559 4034 1787 4095 scilicet,
1827 4044 1879 4089 et
1908 4037 2075 4091 Patcr‘

490 4132 545 4178 et
586 4122 881 4192 productor
928 4123 1153 4191 dicitur,
1184 4134 1238 4180 et
1282 4124 1455 4181 Filius
1492 4127 1713 4196 quidem
1746 4128 1810 4182 ad
1846 4129 2062 4183 Patrem

491 4216 791 4271 secundum
816 4231 877 4271 ea
905 4232 1026 4286 qua:
1048 4217 1113 4270 ad
1141 4217 1346 4289 aliquid
1367 4218 1648 4285 dicuntur,
1675 4222 2067 4283 convvnieutcr

493 4306 771 4373 redditur;
829 4306 1028 4361 Filium
1079 4308 1225 4362 enim
1273 4308 1542 4374 dicentes,
1597 4320 1652 4364 et
1702 4310 1915 4365 Patrem
1956 4327 2064 4366 una

490 4401 864 4471 intelligimus.
924 4400 1163 4470 Spiritus
1221 4411 1427 4470 autem,
1488 4404 1589 4465 etsi
1634 4421 1665 4459 a
1720 4405 1883 4460 Patre
1946 4420 2067 4462 esse

488 4492 711 4559 dicitur,
736 4492 800 4547 ad
829 4492 1212 4563 productorem
1246 4501 1425 4550 tamen
1462 4497 1678 4565 proprie
1700 4535 1715 4560 ,
1745 4498 1812 4552 ad
1846 4497 2064 4553 Patrem

2168 3292 2417 3347 ordinem
2459 3293 2513 3346 in
2548 3291 2657 3346 Deo
2682 3306 2790 3346 non
2824 3292 3138 3361 suscipiat;
3194 3306 3450 3362 eumque,
3489 3291 3579 3362 qui
3635 3295 3743 3347 im-

2164 3394 2341 3439 mutat
2416 3384 2826 3449 substantiam,
2896 3382 2988 3438 Dei
3060 3383 3395 3437 ordinationi
3480 3384 3744 3454 refragari

2161 3476 2450 3541 deﬁniunt,
2512 3478 2687 3545 ipsum
2724 3476 3017 3529 Dominum
3067 3476 3360 3529 tradidisse
3393 3477 3641 3530 ordinem
3687 3478 3742 3532 in

2163 3570 2421 3625 salutaris
2449 3568 2708 3639 baptismi
2744 3569 3041 3623 traditione
3068 3579 3401 3633 asserentes,
3436 3572 3739 3625 secundum

2164 3679 2323 3734 quem
2388 3664 2493 3718 alia
2528 3678 2591 3717 ex
2628 3663 2881 3733 personis
2927 3664 3126 3733 prima,
3174 3663 3281 3717 alia
3335 3666 3594 3729 secunda,
3636 3665 3744 3719 alia

2164 3755 2321 3810 tertia
2350 3755 2621 3825 personali
2657 3754 2849 3810 ordine
2873 3764 2955 3809 est
2986 3770 3001 3808 :
3032 3754 3277 3823 nihilque
3313 3754 3532 3810 differre
3564 3758 3742 3822 aiunt,

2165 3856 2351 3902 utrum
2382 3850 2507 3919 quis
2540 3849 2808 3920 Spiritum
2842 3861 3092 3909 sanctum
3124 3855 3190 3909 ad
3232 3865 3539 3910 creaturam
3572 3857 3746 3910 dedu-

2165 3948 2272 4005 cat,
2306 3955 2375 3995 an
2404 3940 2555 3996 illum
2592 3940 2753 4009 Filio,
2780 3944 2861 3998 vel
2894 3945 3043 3999 Patri
3094 3946 3369 4015 praeferat,
3411 3964 3519 4002 non
3565 3948 3743 4004 selum

2170 4032 2433 4101 temporis
2488 4035 2721 4098 ratione,
2762 4035 2856 4090 sed
2886 4037 3116 4092 ordinis.
3161 4038 3431 4103 Quocirca
3472 4038 3575 4092 rite
3630 4055 3748 4092 ma-

2166 4124 2333 4194 gister
2376 4125 2490 4195 (15)
2543 4140 2639 4180 eos
2688 4125 2974 4195 fugiendos
3041 4128 3135 4195 ait,
3204 4128 3297 4197 qui
3358 4140 3414 4183 et
3471 4130 3743 4194 ordinem,

2166 4230 2327 4285 quem
2383 4216 2609 4270 tradidit
2662 4218 2820 4273 nobis
2877 4218 3162 4283 Dominus,
3212 4221 3528 4285 immutant,
3563 4229 3619 4274 ut
3649 4221 3745 4291 qui

2167 4308 2458 4364 manifeste
2487 4310 2703 4365 veritati
2739 4310 3102 4377 reluctantur,
3134 4322 3189 4369 et
3223 4313 3420 4368 Filium
3448 4313 3748 4384 praeferunt

2166 4399 2335 4465 Patri,
2378 4401 2459 4456 vel
2494 4400 2631 4458 Filio
2668 4413 2994 4474 praeponunt
3024 4405 3292 4475 Spiritum
3330 4417 3601 4462 sanetum.

2239 4491 2563 4564 Quanquam
2624 4495 2775 4562 juxta
2832 4499 3169 4563 superiorem
3229 4497 3747 4573 ratiocinationem,

489 4598 670 4644 autem
722 4585 1016 4656 improprie
1049 4585 1315 4651 refertur,
1371 4603 1495 4642 cum
1541 4586 1702 4644 Pater
1750 4592 1910 4646 etiam
1942 4608 2066 4662 pro.
2090 4610 2143 4670 ι)
2170 4588 2429 4656 quoniam
2464 4600 2561 4656 per
2588 4584 2787 4640 Filium
2821 4588 3003 4641 onmia
3039 4587 3181 4641 facta
3213 4587 3511 4656 Scripturae
3542 4599 3749 4643 sancta:

487 4682 682 4736 ductor
709 4680 801 4743 sit,
832 4687 886 4734 et
920 4678 1277 4749 intelligatur.
1301 4678 1394 4734 Est
1430 4680 1575 4734 enim
1602 4680 1768 4747 idem,
1798 4682 1853 4736 et
1880 4682 2060 4741 Pater.

486 4782 541 4828 et
574 4773 891 4842 productor.
932 4788 950 4821 ι

558 4863 654 4917 llis
710 4871 894 4917 autem
942 4863 1012 4917 ita
1049 4861 1263 4931 positis,
1320 4863 1393 4918 ita
1445 4863 1688 4920 inferunt
1736 4885 1750 4921 :
1812 4884 1832 4919 ι
1872 4867 2061 4939 Itaque

486 4956 931 5025 quandoquidem
988 4955 1256 5025 Spiritum
1300 4971 1364 5010 ex
1406 4955 1564 5031 Patre
1616 4958 1873 5023 dicimus,
1914 4977 2059 5031 quo-

488 5049 632 5102 niam
668 5048 882 5103 Patrem
917 5048 1184 5111 dicentes,
1218 5058 1273 5103 et
1302 5047 1496 5103 Filium
1536 5066 1641 5104 una
1677 5050 2055 5124 intelligimus,

488 5142 693 5197 idcirco
723 5142 921 5195 dicitur
966 5141 1204 5211 Spiritus
1236 5158 1332 5213 per
1365 5144 1603 5199 medium
1642 5144 1865 5211 Filium,
1892 5158 2060 5219 atque

488 5251 584 5305 per
617 5234 811 5288 Filium
837 5251 899 5288 ex
937 5232 1098 5288 Patre
1120 5235 1436 5302 procedere.
1469 5233 1605 5291 Cum
1644 5248 1826 5294 autem
1862 5257 2058 5297 rursus

488 5330 727 5397 primum
792 5328 1177 5396 productorem
1243 5325 1499 5390 dicimus,
1559 5330 1748 5384 eadem
1816 5332 2062 5397 ratione,

490 5420 749 5490 quoniam
787 5420 1169 5489 productorem
1193 5419 1460 5482 dicentes,
1496 5434 1602 5473 una
1630 5421 1791 5475 etiam
1818 5421 1892 5484 id,
1917 5424 2065 5492 quod

491 5513 768 5585 producit,
789 5514 1126 5581 cogitamus:
1148 5510 1433 5581 siquando
1456 5510 1627 5567 Filius
1649 5526 1712 5566 ex
1740 5500 2068 5582 productore

492 5608 732 5669 dicatur,
788 5614 919 5658 tunc
972 5603 1143 5659 Filius
1202 5619 1297 5673 per
1354 5603 1594 5659 medium
1630 5603 1917 5674 Spiritmn,
1969 5623 2065 5663 seu

492 5696 826 5768 productum
888 5711 954 5751 ex
1020 5696 1521 5765 productoreresse
1577 5698 1792 5769 proprie
1829 5697 2061 5775 dicetur,

571 5884 694 5959 (l5)
740 5888 795 5942 ὃ.
832 5886 1064 5947 Βῖιδίιυδ

2164 4679 2367 4733 inducti
2400 4680 2726 4733 auctoritate
2751 4678 3027 4734 credimus
3057 4699 3069 4734 :
3108 4678 3475 4734 Filium'vern
3502 4696 3628 4735 cum
3659 4682 3743 4735 di-

2162 4772 2365 4834 cimus,
2389 4771 2605 4825 Patrem
2635 4784 2853 4840 quoque
2887 4787 2995 4825 una
3043 4772 3425 4843 intelligimus,
3460 4774 3593 4828 nihil
3620 4791 3749 4845 pro-

2168 4862 2375 4918 hibebit
2402 4862 2608 4926 dicere,
2645 4878 2675 4915 a
2712 4860 2852 4916 Filio
2878 4877 2975 4932 per
3001 4862 3219 4918 Patrem
3244 4874 3528 4920 creaturas
3558 4881 3749 4920 mana-

2161 4954 2325 5017 visse,
2365 4964 2425 5008 ut
2455 4954 2769 5009 necessario
2817 4954 2928 5024 jam
2964 4964 3017 5010 et
3045 4956 3205 5011 Pater
3231 4956 3352 5011 Filii
3421 4965 3476 5012 et
3511 4958 3749 5028 Spiritus

2160 5048 2374 5104 medius
2427 5047 2520 5104 sit.
2574 5046 2641 5100 Et
2686 5048 2948 5118 quoniam
3001 5064 3029 5103 a
3072 5047 3215 5104 Filio
3247 5050 3566 5105 Paracletus
3607 5051 3748 5106 mitti

2161 5141 2481 5212 perhibetur
2507 5158 2521 5195 :
2548 5138 2671 5194 Filii
2697 5149 2879 5193 autem
2908 5141 3240 5195 mentionem
3264 5140 3548 5207 facientes,
3568 5152 3750 5197 mente

2162 5234 2325 5291 simul
2353 5244 2407 5288 et
2437 5233 2653 5287 Patrem
2685 5232 3236 5299 comprehendimus;
3294 5234 3486 5289 eadem
3537 5234 3749 5287 ratione

2164 5335 2218 5381 et
2254 5342 2347 5395 per
2373 5326 2591 5381 Patrem
2629 5324 2770 5379 mitti
2811 5321 3046 5393 Spiritus
3085 5324 3315 5379 dicetur.
3367 5325 3545 5394 Atque
3598 5325 3737 5379 idem

2172 5422 2343 5476 ferme
2389 5421 2511 5486 erit,
2559 5435 2624 5475 ac
2666 5421 2709 5475 si
2760 5420 2884 5489 quis
2915 5420 3196 5475 architecti
3241 5418 3533 5485 cujuslibet
3576 5420 3745 5473 lilium

2173 5526 2235 5565 es
2271 5512 2571 5566 architecto
2599 5527 2694 5580 per
2727 5512 2948 5565 domum
2979 5510 3189 5565 diceret
3223 5520 3435 5574 natum,
3500 5512 3628 5577 quia
3663 5526 3751 5564 ar-

2176 5605 2444 5662 chitectus
2489 5604 2553 5657 ad
2592 5604 2815 5656 domum
2847 5600 3098 5663 refertur.
3133 5599 3264 5654 Nam
3294 5600 3455 5656 simul
3480 5610 3642 5670 atque
3662 5618 3750 5657 ar-

2180 5698 2473 5755 chitectum
2496 5692 2839 5765 cogitaveris,
2871 5699 2925 5748 ct
2952 5692 3149 5748 domus
3184 5693 3351 5748 simul
3384 5692 3641 5749 occurrit.
