4010 6590
214 407 274 471 33
944 350 951 351 ί
1196 442 1199 445 ν
1331 400 1729 465 ADVERSUS
1761 398 2077 461 cumcos
2118 400 2244 460 LlB
2308 400 2356 462 Ι.
3405 407 3476 472 st

283 524 338 578 Id
371 529 558 576 autem
592 520 809 576 illorum
847 519 1241 577 absurditatem
1290 522 1344 577 in
1378 523 1570 592 primis
1597 510 1796 591 arguit.
1828 522 1874 577 Α
1906 516 2142 569 medium
2198 514 2394 569 Filium
2450 527 2515 569 ex
2555 512 2716 569 Patre
2761 528 2878 569 esse
2910 515 3091 581 habet.
3138 498 3306 587 liquet
3338 494 3477 591 pro-

218 615 355 686 quod
379 613 622 680 theologi
649 614 949 667 secundum
980 626 1043 666 ea
1064 628 1186 681 quae
1213 628 1377 682 supra
1406 611 1781 681 exposuimus,

220 702 522 773 aliquando
565 718 634 756 cx
678 700 789 756 Deo
820 717 915 772 per
946 702 1207 769 Verbum,
1240 703 1535 773 aliquando
1571 716 1664 771 per
1701 697 1790 753 Fi-

217 795 342 849 lium
376 810 445 848 ex
484 794 595 848 Deo
627 792 891 863 Spiritum
913 807 1034 848 esse
1054 793 1229 846 aiunt.
1249 793 1384 845 Nam
1407 792 1454 845 si
1479 786 1789 857 hujnsmodi

217 883 700 939 ratiocinationem
769 896 953 936 veram
1008 895 1131 935 esse
1177 880 1604 937 arbitrarentur,
1664 889 1787 929 cum

216 976 507 1035 dixissent,
542 989 637 1043 per
684 971 944 1037 Verbum,
975 987 1255 1041 nunquam
1288 988 1351 1023 ex
1389 969 1498 1023 Deo
1524 968 1789 1030 dicerent,

217 1067 306 1119 sed
342 1080 438 1133 per
472 1062 730 1127 Verbum,
760 1078 825 1118 es
860 1070 1061 1115 mente.
1094 1060 1333 1115 Verbum
1370 1058 1596 1127 quippe,
1636 1056 1792 1126 juxta

225 1158 493 1208 rationem
526 1154 788 1218 nominis.
838 1169 945 1208 non
993 1153 1059 1208 ad
1098 1152 1288 1219 Deum,
1316 1152 1409 1207 sed
1442 1150 1508 1204 ad
1556 1157 1791 1203 mentrm

217 1248 474 1302 refertur.
526 1246 629 1301 Per
688 1245 885 1301 Filium
931 1256 1110 1300 autem
1163 1262 1287 1299 cum
1340 1245 1609 1303 dicerent.
1654 1256 1796 1295 nnn—

219 1353 381 1407 quam
438 1337 778 1406 adjecissent
828 1353 844 1390 :
898 1337 974 1389 Ex
1031 1336 1137 1391 Deo
1180 1350 1273 1404 per
1317 1334 1537 1397 Filium,
1573 1331 1667 1385 sed
1702 1345 1796 1399 per

229 1444 565 1487 creaturam.
599 1431 773 1499 llujus
796 1433 995 1502 quippe
1015 1431 1178 1497 Deus,
1211 1429 1352 1484 Deus
1381 1439 1501 1493 est;
1531 1428 1639 1481 imo
1668 1441 1795 1481 vero

231 1537 410 1590 neque
456 1521 507 1574 id
554 1522 835 1591 quidpiam
871 1522 1183 1589 prohiberet
1222 1519 1331 1573 dici
1362 1517 1559 1573 Filium
1587 1532 1650 1570 ex
1690 1517 1798 1569 Deo

220 1626 311 1680 per
340 1620 632 1665 creaturas
659 1611 836 1665 nasci.
865 1609 1008 1666 Deus
1038 1611 1185 1664 enim
1218 1609 1282 1661 ad
1311 1618 1596 1662 creaturas
1629 1605 1800 1659 refer-

219 1712 323 1754 tur.
356 1699 507 1754 idem
540 1711 722 1753 autem
758 1699 925 1765 Deus,
952 1713 1006 1756 et
1044 1699 1205 1755 Pater
1235 1699 1359 1753 Filii
1388 1714 1510 1753 esse
1541 1696 1798 1765 intelligi-

221 1803 327 1845 tur.
354 1792 464 1845 Sed
497 1790 814 1860 hujusmodi
874 1807 1049 1861 nugas
1102 1802 1266 1862 atque
1304 1790 1540 1860 ineptias
1566 1787 1708 1842 absit
1742 1795 1800 1841 ttt

223 1882 547 1937 doctoribus
587 1883 761 1938 sacris
799 1897 1037 1952 unquam
1069 1883 1121 1936 in
1149 1891 1385 1936 mentem
1411 1880 1620 1935 venisse
1653 1888 1809 1947 pute-

222 1991 377 2039 mus,
462 1989 531 2028 ne
582 1976 757 2045 magis
800 1976 1072 2045 sapitistas
1121 1976 1242 2029 illos
1298 1988 1458 2043 quam
1514 1973 1804 2042 magistros

223 2066 442 2136 pietatis
497 2066 884 2129 ostendamus.
917 2066 1023 2121 alia
1052 2081 1149 2135 per
1182 2065 1288 2119 alia
1324 2066 1591 2127 dicentes,
1639 2072 1803 2132 atque

222 2170 286 2209 es
333 2170 397 2209 ea
445 2166 605 2225 parte
638 2166 887 2224 nostram
936 2157 1354 2225 intelligentiam
1397 2154 1803 2217 obnubilautes,

229 2261 367 2316 quos
396 2246 695 2316 oportebat
728 2249 966 2303 obscura
991 2248 1303 2303 clucidandi
1341 2247 1634 2315 magistros
1661 2260 1804 2309 esse,

226 2350 283 2391 ut
315 2352 511 2392 revera
544 2347 700 2393 sunt.
737 2338 925 2409 Neque
951 2355 1083 2395 sane
1114 2339 1274 2395 nobis
1300 2338 1544 2408 expedit,
1577 2351 1698 2406 qua:
1736 2337 1805 2390 ab

229 2428 338 2484 illis
366 2440 562 2498 aperte
616 2441 671 2485 et
690 2430 895 2486 utiliter
913 2431 1058 2486 dicta
1083 2439 1228 2494 sunt,
1253 2444 1507 2500 perverse
1528 2428 1801 2497 accipere:

229 2536 293 2576 es
327 2537 441 2591 quo
472 2534 529 2576 et
566 2522 676 2577 illis
708 2522 1016 2596 irrogamus
1055 2522 1310 2591 injurias,
1363 2532 1417 2577 ct
1463 2519 1624 2576 nobis
1672 2518 1806 2590 ipsis

229 2613 575 2684 dispendium
608 2615 804 2670 salutis
831 2615 1184 2685 acquirimus.
1394 2662 1397 2667 .

302 2704 467 2759 Certe
498 2703 743 2759 lucidius
776 2706 1083 2775 promenda:
1114 2703 1359 2759 veritatis
1404 2702 1650 2772 magistri
1682 2699 1807 2755 aliis

230 2809 350 2850 cum
387 2804 601 2861 essent,
636 2796 909 2851 dixissent
943 2796 1150 2865 utique.
1187 2796 1233 2850 si
1288 2796 1360 2849 ita
1392 2794 1658 2849 veraciter
1685 2807 1807 2847 esse

232 2887 620 2957 putavissent,
677 2886 943 2957 Spiritum
999 2902 1062 2941 ex
1112 2887 1270 2942 Patre
1317 2902 1411 2957 per
1444 2885 1640 2940 Filium
1698 2881 1806 2937 dici

236 2981 641 3044 tantummodo,
705 2995 814 3033 non
851 2988 1031 3034 tamen
1067 2993 1185 3033 esse
1220 2994 1285 3035 ac
1315 2979 1629 3049 procedere.
1661 2976 1808 3043 Quo-

234 3071 382 3125 niam
428 3086 564 3125 vero
601 3071 655 3126 id
703 3086 813 3125 non
850 3072 1128 3137 dixerunt,
1176 3072 1571 3141 expositionem
1616 3071 1807 3140 hujus-

234 3162 377 3218 modi
433 3162 664 3216 omnino
719 3162 963 3216 tenuisse
1014 3161 1460 3231 comprobantur.
1504 3160 1707 3229 Nempe
1754 3166 1807 3211 et

235 3250 610 3307 Damascenus
626 3251 692 3306 de
709 3250 871 3306 Patre
901 3252 977 3305 ait
994 3249 1132 3321 (l6):
1159 3270 1176 3302 ι
1198 3249 1314 3321 Ipse
1328 3252 1542 3321 quidem
1558 3260 1640 3305 est
1663 3265 1815 3306 mens

235 3344 384 3397 verbi
432 3343 690 3411 abyssns,
729 3342 878 3397 verbi
930 3344 1163 3413 genitor,
1198 3352 1254 3397 et
1284 3357 1382 3413 per
1405 3338 1641 3396 iverbum
1688 3340 1816 3410 Spi-

236 3440 373 3493 ritus
422 3438 745 3509 productor.
788 3454 808 3490 s
866 3436 1058 3492 Dicere
1108 3437 1273 3507 igitur
1324 3436 1621 3512 secundum
1683 3436 1820 3491 istos

234 3532 525 3596 debuerat,
561 3532 713 3587 verbi
756 3541 1179 3597 commentator,
1210 3533 1375 3587 tacito
1415 3532 1668 3601 genitoris
1716 3546 1819 3584 no-

238 3626 404 3678 mine.
443 3621 686 3687 Verbum
733 3626 879 3679 enim
912 3624 977 3677 ad
1030 3633 1264 3678 mentem
1299 3624 1559 3687 refertur,
1593 3638 1701 3678 non
1749 3621 1820 3677 ad

237 3718 568 3785 genitorem.
600 3715 897 3787 Oportebat
943 3716 1093 3783 item,
1120 3732 1245 3772 eum
1288 3717 1668 3787 productorem
1700 3716 1822 3786 Spi-

238 3809 374 3862 ritus
421 3824 520 3879 per
574 3822 633 3863 se
686 3810 864 3863 solum
895 3809 1098 3877 dicere,
1153 3824 1489 3880 suppresso,
1524 3811 1667 3879 quod
1722 3810 1818 3875 ait,

244 3917 264 3951 ι
302 3898 410 3955 Per
444 3902 697 3957 verbum.
739 3920 760 3955 ι
799 3900 1042 3971 Spiritus
1070 3902 1273 3972 quippe
1318 3902 1385 3957 ad
1434 3905 1818 3972 productorem

238 3995 493 4051 refertur.
523 3995 682 4051 Nunc
712 4012 859 4061 vero,
896 3998 1114 4068 quando
1142 3996 1521 4067 productorem
1564 4012 1658 4065 per
1686 4011 1823 4064 ,τοι--

238 4088 389 4148 hum.
413 4090 492 4143 ait
530 4105 547 4142 :
578 4086 817 4143 Verbum
855 4098 1035 4143 autem
1074 4103 1253 4158 neque
1288 4087 1355 4142 ad
1377 4095 1609 4158 patrem,
1648 4102 1823 4156 neque

241 4178 303 4231 ad
329 4177 720 4247 productorem
754 4177 1040 4231 relativum
1060 4185 1166 4241 est,
1194 4176 1477 4244 solamque
1500 4172 1733 4227 refertur
1753 4170 1819 4224 ad

241 4279 521 4332 mentem;
552 4284 773 4321 onmem
807 4266 1054 4337 profecto
1102 4265 1416 4337 hujusmodi
1452 4264 1821 4320 curiositatem

242 4371 299 4416 ut
318 4361 561 4414 maxime
583 4359 865 4414 ridendam
892 4374 957 4413 ac
982 4360 1344 4428 perniciosam
1378 4368 1609 4412 resecat.

321 4453 600 4513 Praeterea
631 4465 783 4515 vero,
819 4458 872 4505 et
906 4450 1051 4520 quod
1081 4450 1301 4515 dicitur,
1331 4450 1566 4519 preprie,
1615 4457 1667 4503 et
1717 4462 1822 4501 non

1906 605 2069 670 feeto,
2122 607 2352 661 sublatis
2413 608 2863 664 substantialibus
2902 608 3303 685 [hypostaticis]
3344 631 3477 685 pro-

1901 698 2187 763 cessib‘us,
2244 713 2507 766 personas
2568 714 2789 769 quoque
2874 702 3042 755 simul
3105 701 3475 772 auferendus,

1898 802 2073 857 neque
2099 789 2209 859 jam
2242 789 2488 843 ordinent
2518 790 2707 856 ullum,
2746 808 2921 861 neque
2949 791 3273 849 Trinitatem
3318 799 3477 851 nobis

1900 880 2168 949 reliquam
2222 895 2363 935 esse.
2404 881 2672 947 Quocirca
2725 886 2827 937 rite
2869 886 3076 940 dictum
3126 896 3212 942 est
3263 892 3475 945 ordinis

1897 969 2085 1041 ejusce
2133 970 2429 1025 novitatem
2495 971 2663 1041 ipsius
2697 988 2818 1028 esse
2852 975 3169 1031 substantia:
3216 978 3465 1035 abolitio-

1900 1078 2044 1127 nem,
2077 1066 2353 1132 totiusque
2380 1063 2503 1117 fidei
2536 1064 2976 1133 abuegationem.

1921 1175 1939 1195 -
1973 1153 2156 1225 Neque
2205 1171 2336 1210 vero
2371 1158 2475 1212 iSta
2527 1159 2725 1224 solum,
2772 1175 2895 1229 quae
2929 1160 3189 1226 diximus,
3227 1163 3473 1218 ordinem

1902 1244 1956 1299 in
2001 1256 2188 1300 sant-ta
2236 1246 2502 1302 Triuitate
2544 1253 2951 1315 commendant,
3011 1267 3477 1324 personarumque

1903 1349 2243 1404 processum.
2292 1353 2386 1405 per
2462 1355 2626 1408 quem
2663 1338 2834 1395 Filius
2869 1344 3084 1411 quidem
3128 1346 3250 1400 sine
3299 1346 3478 1399 medio

1902 1439 1968 1477 ex
2023 1426 2198 1493 primo
2241 1437 2352 1491 est;
2404 1426 2643 1498 Spiritus
2678 1441 2858 1484 autem
2896 1441 3123 1488 sanctus
3168 1449 3236 1489 ex
3298 1435 3475 1503 primo

1903 1529 1999 1583 per
2040 1516 2301 1583 medium,
2327 1520 2420 1573 sed
2448 1536 2513 1573 ex
2544 1520 2666 1573 aliis
2689 1521 2963 1590 plurimis,
2990 1539 3110 1592 quae
3140 1539 3170 1577 a
3204 1524 3479 1593 itiagistris

1904 1603 2047 1659 dicta
2083 1616 2236 1671 sunt,
2267 1610 2528 1666 discimus
2568 1619 2623 1664 et
2649 1610 2769 1665 Filii
2805 1614 3286 1681 nu~diatiunern,et
3304 1618 3479 1672 sancti

1907 1695 2144 1765 Spiritus
2170 1702 2468 1755 naturalem
2508 1704 2965 1774 essentialemque
2994 1721 3335 1776 processum.

1976 1785 2205 1858 Magnus
2232 1791 2430 1860 quippe
2466 1792 2803 1848 Athanasius
2832 1795 2887 1849 in
2917 1812 2990 1861 ,ιιι
3022 1796 3225 1850 Contra
3250 1799 3479 1851 Arianos

1843 1880 1886 1936 Β
1915 1877 2073 1942 libro,
2122 1880 2278 1949 cujus
2315 1882 2528 1936 initium
2567 1894 2650 1937 est
2682 1902 2697 1938 :
2728 1886 2835 1951 Qui
2880 1888 2999 1940 Arii
3033 1899 3306 1943 sectantur
3336 1891 3483 1942 insa-

1908 1970 2073 2030 niam.
2105 1983 2159 2023 ut
2188 1969 2414 2043 intelligi
2443 1976 2628 2038 datur,
2661 1978 2997 2032 decreverunt
3024 1981 3186 2033 semel
3218 1991 3481 2046 apostatre

1905 2060 2047 2129 ﬁeri.
2107 2072 2627 2135 transgressoresque
2683 2069 2939 2133 veritatis,
2991 2069 3063 2123 ita
3111 2070 3187 2122 ait
3229 2085 3243 2122 :
3286 2088 3304 2121 ι
3363 2070 3483 2124 Non

1910 2152 2146 2221 spiritus
2188 2152 2421 2211 Verbum
2450 2158 2735 2229 conjungit
2782 2157 2951 2225 Patri,
2983 2160 3076 2214 sed
3105 2160 3207 2215 hoc
3245 2177 3274 2213 a
3306 2162 3483 2216 Verbo

1909 2245 2093 2313 potius
2125 2248 2325 2314 accipit
2375 2248 2638 2318 Spiritus.
2696 2270 2716 2302 ι
2769 2250 2833 2305 Et
2866 2262 2989 2322 post
3021 2268 3239 2322 pauca:
3281 2271 3300 2305 ι
3343 2255 3480 2320 Quia

1906 2335 2054 2389 enim
2108 2337 2345 2392 Verbum
2399 2340 2451 2393 in
2495 2339 2657 2395 Patre
2721 2351 2827 2406 est,
2900 2345 3139 2413 Spiritus
3186 2354 3367 2400 autem
3416 2362 3486 2403 ex

1910 2424 2087 2481 Verbo
2121 2430 2307 2495 datur,
2347 2432 2468 2485 ideo
2501 2447 2600 2487 nos
2634 2434 2746 2487 vult
2776 2435 3027 2504 accipere
3060 2436 3347 2506 Spiritum,
3406 2452 3483 2505 ut,

1908 2533 2033 2572 cum
2074 2521 2224 2575 illum
2268 2510 2671 2593 acceperimus,
2709 2536 2838 2581 tunc
2864 2529 3133 2586 habentes
3171 2532 3329 2587 Verbi
3358 2532 3487 2602 Spi-

1911 2612 2101 2677 ritum,
2136 2616 2280 2683 quod
2314 2616 2468 2670 estin
2502 2617 2680 2682 Patre,
2698 2630 2752 2673 et
2784 2635 2883 2675 nos
2902 2637 3069 2675 unum
3089 2623 3205 2677 lieri
3235 2626 3286 2677 in
3316 2625 3490 2679 Verbo

1910 2713 2133 2772 propter
2204 2704 2508 2774 Spiritum,
2565 2722 2630 2763 ac
2688 2725 2786 2779 per
2854 2712 3027 2781 ipsum
3084 2714 3137 2768 itt
3196 2714 3355 2771 Patre
3413 2716 3492 2771 vi-

1906 2794 2151 2851 deamur.
2187 2814 2205 2849 ι

1982 2886 2130 2941 ldem
2160 2887 2214 2941 in
2268 2888 2500 2959 epistola
2528 2890 2594 2943 ad
2641 2888 2994 2962 Serapionem
3028 2894 3095 2949 de
3122 2904 3313 2951 saneto
3358 2897 3489 2965 Spi-

1910 2977 2039 3042 ritu,
2069 2993 2189 3048 qua:
2225 2978 2414 3051 incipit
2445 2998 2461 3036 :
2497 2980 2713 3037 Litterre
2762 2986 2906 3038 sacri
2939 2989 2994 3038 in
3023 3002 3114 3039 nos
3143 2989 3365 3056 affectus
3413 2992 3492 3042 uti
3550 2980 3557 2981 ί

1908 3068 2038 3120 mihi
2060 3069 2113 3121 in
2148 3085 2319 3124 eremo
2343 3071 2564 3125 redditi:
2590 3082 2735 3138 sunt,
2754 3074 2827 3128 ita
2853 3076 2928 3127 ait
2956 3093 2971 3129 :
3004 3092 3023 3125 ι
3056 3076 3334 3144 Ignorant,
3359 3093 3497 3146 quo.
3536 3082 3551 3091 ’

1843 3198 1887 3258 ο
1920 3156 2065 3258 niam
2115 3167 2174 3212 ut
2220 3159 2314 3228 qui
2358 3160 2604 3215 dividunt
2647 3176 2678 3216 a
2717 3161 2881 3217 Patre
2916 3162 3138 3229 Filium,
3171 3182 3337 3220 unum
3371 3183 3496 3224 esse

1920 3248 2086 3303 Deum
2115 3250 2340 3305 tollunt:
2378 3253 2473 3317 ita,
2496 3252 2638 3321 quod
2670 3270 2700 3306 a
2728 3254 2906 3323 Verbo
2926 3257 3184 3313 dirimunt
3207 3260 3489 3327 Spiritum,

1919 3355 2025 3395 non
2049 3341 2162 3409 jam
2197 3357 2359 3396 unam
2398 3345 2452 3397 in
2476 3343 2747 3399 Trinitate
2779 3343 3041 3402 Deitatem
3079 3360 3319 3404 servant.
3364 3370 3384 3403 s

1988 3430 2133 3485 ldrm
2166 3448 2357 3489 rursus
2395 3433 2448 3487 in
2488 3435 2593 3489 alia
2662 3437 2726 3491 de
2765 3449 2957 3493 sancto
2989 3440 3193 3509 Spiritu
3237 3442 3304 3496 ad
3343 3459 3495 3498 eum-

1920 3524 2040 3579 dem
2077 3526 2331 3594 epistola,
2377 3526 2536 3595 cujus
2588 3528 2803 3583 initium
2842 3543 2927 3586 est
2968 3548 2984 3585 :
3030 3531 3285 3588 Fortasse
3325 3539 3496 3589 mira-

1928 3617 2063 3671 beris
2100 3634 2120 3672 :
2164 3637 2182 3670 ι
2231 3618 2349 3673 Non
2396 3621 2580 3686 enim,
2642 3625 2854 3690 inquit,
2904 3634 3058 3678 extra
3124 3624 3357 3681 Verbum
3414 3640 3499 3684 est

1923 3710 2177 3781 Spiritus.
2207 3712 2300 3766 sed
2342 3711 2397 3765 in
2444 3712 2621 3767 Verbo
2662 3728 2787 3769 cum
2828 3714 2924 3779 sit.
2952 3715 3009 3769 in
3046 3716 3155 3771 Deo
3188 3733 3281 3787 per
3320 3721 3496 3789 ipsum

1920 3812 2025 3860 est.
2076 3822 2095 3855 ι
2134 3802 2199 3856 Et
2232 3813 2354 3873 post
2421 3820 2592 3873 pauca
2635 3822 2649 3859 :
2690 3823 2710 3858 ι
2768 3804 2905 3862 Cum
2945 3819 3128 3862 autem
3168 3808 3404 3879 Spiritus
3443 3812 3499 3865 in

1924 3895 2101 3951 Verbo
2126 3897 2221 3963 sit,
2255 3898 2424 3966 liquet
2452 3898 2719 3967 profecto,
2750 3900 2805 3955 in
2833 3899 2944 3955 Deo
2975 3916 3073 3971 per
3100 3899 3335 3958 Verbum
3377 3916 3499 3959 esse

1924 3987 2208 4059 Spiritum.
2252 4008 2271 4041 ι

1999 4078 2235 4135 Sanctus
2294 4082 2481 4135 autem
2532 4079 2765 4137 Basilius
2827 4082 2882 4137 in
2940 4083 3175 4153 quodam
3235 4083 3497 4154 capitulo,

1924 4174 2080 4241 cujus
2106 4173 2388 4241 inscriptio
2415 4181 2499 4228 est
2536 4191 2550 4228 :
2588 4174 2996 4243 Cangloriﬁcari
3052 4191 3171 4227 cum
3224 4174 3333 4228 Deo
3377 4174 3502 4244 Spi-

1928 4266 2108 4330 ritum,
2165 4263 2241 4318 ait
2277 4283 2289 4320 :
2329 4284 2345 4315 ι
2381 4264 2532 4330 Quod
2596 4274 2778 4320 autem
2817 4268 2870 4320 itt
2900 4266 3103 4320 eisdem
3137 4266 3339 4319 divinis
3373 4283 3505 4335 ope-

1926 4359 2078 4411 ribus
2138 4355 2380 4410 Trinitas
2422 4356 2781 4427 glorillcatur,
2812 4359 2974 4412 unius
3007 4358 3306 4412 divinitatis
3348 4362 3502 4412 testi-

1928 4450 2172 4503 monium
2215 4459 2424 4503 certum
2464 4456 2586 4515 est,
2640 4450 2781 4519 quod
2843 4464 3014 4519 neque
3067 4451 3186 4504 sine
3236 4448 3373 4503 Filio
3406 4450 3506 4504 Pa-

249 4548 497 4617 proprie,
532 4554 586 4599 et
614 4545 758 4615 quod
785 4544 1084 4599 seetindum
1118 4558 1178 4599 se
1229 4552 1284 4598 et
1322 4543 1576 4597 accidens
1606 4545 1657 4598 in
1685 4542 1823 4596 tliri-
1852 4549 1907 4609 ο
1938 4553 2019 4597 ter
2049 4550 2331 4611 Operatur,
2357 4557 2536 4611 neque
2572 4542 2692 4596 sine
2721 4542 2928 4611 Spiritu
2962 4540 3149 4595 Filius.
3183 4559 3202 4593 ι

246 4640 334 4693 nis
376 4638 632 4709 personis
684 4636 911 4691 habebit
960 4638 1160 4692 locum.
1207 4633 1437 4705 Proprie
1488 4636 1635 4689 enim
1683 4633 1827 4703 quod

249 4734 511 4788 dicuntur
547 4743 600 4786 et
648 4731 952 4787 secundum
986 4745 1067 4796 se,
1115 4729 1183 4785 ad
1221 4730 1475 4785 accidens
1516 4730 1830 4800 opponitur.

250 4824 504 4896 Insuper,
555 4832 611 4878 et
663 4812 810 4893 quod
858 4838 889 4876 a
938 4821 1099 4877 Patre
1145 4837 1253 4878 non
1296 4822 1513 4893 proprie
1567 4822 1831 4891 Spiritum

252 4932 377 4973 esse
397 4927 690 4985 asserunt,
713 4932 742 4969 a
765 4916 923 4970 Patre
939 4916 1126 4985 utique
1152 4931 1260 4970 non
1288 4916 1709 4971 discerneretur.
1731 4914 1837 4969 Sed

256 5012 385 5088 ista,
418 5023 481 5067 ut
505 5012 770 5076 diximus.
806 5011 1181 5081 intelligentia;
1206 5010 1581 5079 theologorum
1611 5010 1839 5064 omnino

254 5104 646 5168 adversantur,
702 5105 797 5175 qui
831 5103 1204 5167 monumentis
1246 5103 1364 5159 suis
1403 5103 1618 5158 divinas
1654 5116 1840 5172 perso-

255 5212 358 5253 nas
398 5198 803 5253 discreverunt.
831 5196 989 5263 Quod
1034 5210 1165 5267 ergo
1186 5195 1298 5267 jam
1329 5196 1537 5251 dictum
1569 5202 1672 5260 est,
1706 5210 1838 5249 eort-

258 5302 368 5349 stat
410 5307 477 5348 ex
516 5291 621 5357 his,
651 5306 776 5362 qua
808 5292 1201 5369 praediximus;
1246 5286 1628 5360 qui‘ordinem
1676 5287 1836 5349 tollit.

268 5401 395 5441 eum
425 5388 609 5456 ipsum
646 5400 867 5455 quoque
900 5399 1253 5455 personarum
1285 5388 1621 5454 proceSsum.
1655 5396 1719 5436 ac
1746 5395 1840 5451 per

268 5492 642 5547 consequens,
679 5490 949 5547 personas
995 5478 1158 5531 etiam
1206 5475 1353 5545 ipsas
1381 5471 1842 5530 sustulisse.Nam

274 5569 577 5622 secundum
631 5579 927 5636 processus
982 5565 1066 5620 sui
1112 5564 1411 5624 rationem.
1461 5564 1565 5617 alia
1621 5562 1840 5632 quidem

296 5660 382 5715 ine
448 5659 629 5714 medio
685 5658 933 5728 procedit
1008 5673 1076 5713 ex
1140 5656 1336 5725 Patre,
1385 5655 1489 5712 alia
1558 5671 1683 5712 vero
1747 5669 1841 5724 per

342 5872 454 5942 (ιδ)
505 5870 577 5924 Dc
602 5870 708 5940 ﬁde
744 5867 951 5922 ert/rod.
986 5882 1032 5922 ς.
1064 5866 1118 5919 εί.

1964 4627 1971 4634 ’
2007 4636 2147 4689 ldern
2210 4634 2264 4687 in
2307 4634 2415 4687 alio
2461 4633 2725 4703 capitulo,
2759 4634 2900 4703 quod
2938 4632 3256 4687 inscribitur
3292 4650 3304 4687 :
3350 4633 3503 4698 Quod

1934 4744 1999 4784 ex
2025 4730 2206 4782 diuina
2242 4736 2441 4781 natura
2485 4725 2764 4780 Trinitatis
2812 4728 2989 4780 unitas
3023 4727 3346 4791 insinuatur,
3380 4728 3455 4780 ait
3488 4741 3503 4780 ε

1945 4837 1963 4871 ι
2002 4818 2290 4887 Nunquam
2330 4806 2433 4872 fuit
2469 4814 2630 4871 Pater
2662 4817 2780 4872 sine
2808 4815 2968 4882 Filio,
3000 4830 3178 4883 neque
3215 4817 3333 4872 sine
3383 4817 3509 4885 Spi-

1938 4911 2049 4965 ritu
2086 4907 2272 4963 Filius.
2317 4927 2337 4960 s

2012 5004 2155 5058 Idem
2192 5006 2245 5055 in
2276 5016 2399 5069 cap.
2438 5000 2525 5064 l6,
2559 5000 2623 5055 ad
2654 4999 3090 5071 Amphilochium
3123 5017 3136 5053 :
3172 5018 3191 5052 ί
3229 5000 3301 5055 Ut
3346 5000 3513 5070 igitur

1943 5110 2003 5152 se
2035 5093 2199 5148 habet
2223 5093 2289 5145 ad
2331 5091 2545 5147 Patrem
2578 5090 2765 5155 Filius,
2798 5092 2872 5145 ita
2908 5102 2962 5145 et
2995 5092 3061 5146 ad
3098 5090 3296 5147 Filium
3341 5092 3515 5162 Spiri-

1945 5198 2057 5251 tus.
2096 5187 2250 5255 juxta
2291 5186 2583 5242 verborum
2627 5184 3046 5248 conuersionem,
3084 5184 3248 5239 nobis
3289 5185 3343 5237 in
3384 5186 3516 5254 bap-

1948 5284 2110 5339 tismo
2146 5283 2425 5337 tradilatn.
2454 5278 2608 5344 Quod
2644 5279 2687 5332 si
2728 5276 2964 5347 Spiritus
3003 5276 3142 5331 Filio
3192 5278 3332 5332 serie
3379 5293 3514 5330 con-

1946 5375 2219 5437 nectitur,
2274 5371 2425 5427 Patri
2476 5382 2655 5425 autem
2711 5366 2903 5436 Filius,
2951 5375 3004 5422 et
3060 5366 3325 5437 Spiritus,
3367 5365 3520 5422 Patri

1949 5469 2181 5524 scilicet.
2226 5485 2246 5520 ι

2022 5561 2169 5617 Idem
2201 5561 2289 5616 ubi
2332 5574 2497 5630 supra
2541 5576 2555 5613 :
2596 5574 2613 5607 ι
2646 5554 2803 5611 Unus
2830 5559 3011 5608 autem
3042 5561 3097 5608 et
3127 5550 3363 5622 Spiritus
3395 5566 3526 5607 san-
3592 5604 3597 5619 ,η

1953 5667 2071 5713 ctus
2096 5654 2344 5710 uuiPatri
2364 5668 2460 5724 per
2486 5666 2650 5706 unutn
2675 5645 2869 5701 Filium
2888 5647 3250 5704 connectitur.
3278 5662 3296 5697 ι
3327 5644 3528 5715 EtpOst
