4010 6550
258 383 327 447 37
1382 397 1787 459 ADVERFUS
1824 406 1831 448 ε

1939 395 2147 460 ίΈῦΟΞ
2190 399 2342 466 LIB.
2381 401 2432 465 Ι.
3451 407 3520 472 38

259 495 361 590 tio.
399 512 418 546 ι
467 493 524 550 Si
567 495 730 590 igitur
771 513 829 554 se
861 499 1094 557 invicem
1142 505 1428 560 continere
1458 511 1558 564 hoc
1587 519 1692 574 est,
1727 521 1830 567 ter-
1861 511 1904 568 Α
1938 526 2059 567 stus
2096 512 2321 570 Iudaeos
2367 513 2672 587 alloquens.
2705 514 2766 573 Si
2804 499 3011 583 autem,
3035 517 3226 588 inquit.
3267 521 3322 574 in
3353 519 3519 590 digito

257 587 394 639 tium
424 597 493 640 ex
523 589 704 657 primo
733 607 827 660 per
854 593 1090 647 medium
1120 609 1280 664 esse;
1311 599 1467 653 aliter
1503 603 1700 670 quippe
1730 620 1835 658 non

255 685 403 730 esset
450 676 695 733 Trinitas
734 682 902 749 Deus,
943 699 1120 755 neque
1153 689 1434 744 individua
1481 692 1694 762 Deitas;
1730 713 1835 752 una

253 770 397 821 enim
424 777 510 824 est
529 770 750 826 latninis
779 781 1208 846 contetnperatio
1229 781 1398 852 liquet
1419 783 1657 853 proiecto
1689 803 1702 843 :
1729 804 1834 842 uua

252 873 376 912 cum
406 865 993 924 consubsmntialitate
1021 873 1185 926 etiam
1223 889 1582 942 personarum
1625 881 1832 936 servari

251 949 528 1017 ordinem,
567 958 868 1012 secundum
909 971 1072 1030 quem
1108 965 1264 1020 tertia
1311 980 1393 1024 est
1432 983 1496 1024 ex
1533 972 1707 1041 prima
1741 989 1836 1045 per

251 1045 516 1101 mediam.

320 1138 614 1207 Nyssenus
641 1144 805 1199 etiam
838 1147 889 1200 in
918 1145 1059 1203 libro
1095 1151 1168 1206 De
1204 1165 1386 1208 sancto
1415 1155 1614 1227 Spiritu
1651 1170 1833 1217 contra

245 1230 680 1300 Macedonicum,
731 1238 1232 1298 incommutabilem
1291 1255 1648 1315 personarum
1696 1253 1833 1308 divi-

247 1335 446 1377 narum
486 1331 790 1383 secundum
839 1335 1133 1389 essentiam
1197 1339 1560 1411 ordinemque
1613 1343 1829 1399 illarum

248 1417 314 1469 ad
339 1419 581 1473 invicem
615 1422 862 1488 tradens,
893 1439 1096 1496 eosque
1123 1429 1468 1496 insimulatis,
1493 1437 1584 1504 qui
1613 1449 1832 1508 propter

248 1513 596 1578 personaletn
634 1517 906 1582 ordinem,
939 1521 1147 1590 ﬁliique
1186 1525 1594 1595 mediationem,
1653 1531 1834 1583 immi-

251 1605 538 1660 nutionem
573 1607 919 1667 introducere
953 1616 1235 1676 auderent.
1269 1619 1477 1674 addidit
1518 1641 1531 1676 :
1580 1640 1601 1675 ι
1648 1623 1827 1679 Veluti

246 1693 292 1748 si
325 1695 451 1762 quis
487 1695 542 1749 in
575 1697 750 1752 tribus
801 1701 1103 1764 luminibus
1145 1705 1376 1760 divisam
1408 1707 1626 1765 intuens
1669 1711 1829 1768 ﬂam-

246 1801 685 1853 ma.n;causam
742 1807 870 1846 vero
920 1795 1064 1849 tertii
1114 1795 1336 1852 luminis
1381 1802 1610 1869 primam
1673 1803 1826 1858 ﬂam-

246 1893 389 1931 mam
417 1894 546 1936 esse
574 1895 984 1952 supponamus;
1028 1903 1148 1957 quae
1207 1905 1269 1945 ex
1307 1892 1692 1951 distributione
1731 1913 1827 1967 per

246 1972 491 2025 medium
540 1988 858 2042 supremum
907 1979 1221 2036 intenderit.
1275 1981 1509 2050 Deinde,
1558 1987 1608 2041 in
1657 1992 1828 2058 prima

245 2060 470 2117 ﬂamma
502 2063 746 2120 calorem
785 2068 1065 2124 abundare
1093 2081 1283 2141 parat;
1333 2075 1384 2128 in
1423 2079 1670 2146 Sequenti
1699 2096 1830 2136 vero

247 2154 598 2220 decrescere,
650 2173 881 2228 eamque
914 2161 1355 2220 immutationem
1397 2169 1449 2222 in
1496 2171 1678 2226 minus
1709 2189 1831 2227 ver-

247 2265 410 2321 gere;
443 2252 663 2305 tertiam
697 2268 766 2307 ne
817 2254 994 2325 ignem
1047 2255 1265 2327 quidem
1309 2261 1422 2330 jam
1453 2262 1582 2329 dici,
1615 2265 1828 2322 etiamsi

247 2341 504 2397 similiter
557 2343 768 2411 ardeat,
816 2355 869 2401 et
919 2347 1121 2412 luceat,
1173 2360 1224 2405 et
1271 2361 1471 2408 cuneta
1519 2372 1640 2426 qua:
1698 2368 1831 2413 sunt

246 2429 392 2501 ignis
431 2442 716 2500 operetur.
764 2453 782 2486 ι

319 2521 384 2576 ﬁ
412 2537 476 2576 ex
512 2524 615 2578 hoc
651 2524 814 2596 igitur
843 2528 1090 2600 exemplo
1110 2529 1302 2601 liquet,
1329 2535 1548 2590 tertium
1567 2552 1628 2593 ex
1654 2541 1830 2610 primo

247 2626 349 2680 per
397 2613 637 2668 medium
682 2620 1052 2675 essentialiter
1090 2637 1212 2677 esse
1259 2625 1481 2682 habere.
1515 2625 1591 2684 Ex
1640 2632 1829 2686 distri-

249 2701 482 2789 butione
513 2705 658 2758 enim
691 2708 856 2763 medii
884 2725 1206 2780 supremum
1237 2714 1456 2771 incendi
1492 2718 1692 2775 dictum
1714 2731 1825 2789 est;

247 2787 418 2865 atque
489 2814 597 2853 una
645 2801 865 2869 quidem
918 2799 1150 2862 ﬂamma:
1202 2810 1508 2865 substantia
1556 2821 1668 2879 est;
1721 2787 1825 2868 non

248 2895 457 2954 tamen,
507 2891 650 2958 quod
709 2896 1006 2951 secundum
1061 2900 1420 2956 substantiam
1485 2914 1566 2959 est
1617 2905 1672 2958 in
1720 2906 1829 2961 ullo

249 2981 418 3034 trium
465 2984 648 3040 minus
686 2985 1002 3058 inspicitur.

320 3071 589 3135 Summus
640 3079 802 3134 etiam
847 3079 1276 3153 Chrysostomns
1317 3087 1371 3141 in
1400 3088 1610 3158 psalmo
1651 3107 1824 3146 xcut:

255 3185 288 3260 :
312 3163 546 3223 Fentem
571 3173 797 3238 quidem
844 3173 1078 3243 appellat
1121 3176 1362 3243 Patrem,
1397 3179 1596 3236 ilumen
1643 3197 1824 3241 autem
1855 3203 1898 3260 α

247 3257 474 3316 Filium.
507 3276 703 3329 aquam
737 3279 865 3317 vero
907 3265 1151 3320 [luminis
1199 3266 1460 3337 Spiritum
1490 3278 1765 3340 sanetum’,
1803 3292 1822 3325 ι

251 3354 632 3408 testimonium
665 3369 956 3412 assumens
997 3359 1233 3422 Domini,
1280 3363 1370 3431 qui
1411 3363 1486 3416 ait
1519 3381 1531 3417 :
1565 3364 1666 3430 Qui
1693 3365 1832 3420 bibe-
1885 3420 1894 3432 ,

255 3444 322 3494 rit
338 3457 404 3495 ea:
423 3459 758 3514 nqan.qnam
777 3463 870 3516 ego
891 3448 1026 3502 dabo
1045 3451 1113 3514 ei,
1136 3467 1235 3505 non
1254 3454 1392 3507 sitiet
1418 3457 1469 3507 in
1488 3465 1742 3510 retentum
1764 3457 1828 3514 ¹³.

251 3532 408 3598 Quod
468 3551 758 3616 exponens
805 3539 1178 3610 Evange’iista,
1227 3542 1338 3597 Hoc
1388 3555 1582 3612 autem,
1632 3548 1829 3616 inquit,

252 3626 462 3679 dicebat
489 3627 553 3680 de
580 3611 786 3698 S'piritu
829 3631 980 3701 quem
1016 3637 1281 3702 accepturi
1310 3645 1459 3690 erant
1485 3611 1749 3693 credentes
1775 3611 1831 3695 in

253 3733 368 3770 eum
397 3721 464 3773 ".
495 3719 650 3776 Sicut
674 3740 803 3794 ergo
843 3740 982 3792 aqua
1016 3723 1181 3781 fontis
1228 3743 1324 3797 per
1356 3731 1574 3786 ﬁuvium
1611 3741 1806 3787 natura

255 3810 376 3864 liter
403 3825 658 3878 manans,
696 3825 794 3884 per
837 3816 1016 3886 ipsum
1056 3817 1418 3873 substantiam
1450 3821 1632 3884 habet,
1667 3833 1830 3892 atque

253 3917 376 3960 eum
421 3906 618 3961 ordine
649 3923 756 3962 una
815 3917 866 3964 et
898 3899 1085 3964 cad‘em
1118 3921 1271 3980 aquae
1296 3912 1623 3978 substantia,
1659 3931 1830 3984 quau-

211 3996 214 3997 ⁷
260 4009 372 4051 tum
407 3998 462 4051 in
497 3998 760 4056 humanis
817 3999 1210 4071 fragiiibnsqne
1242 4003 1403 4058 rebus
1437 4005 1698 4074 possibile
1725 4016 1828 4070 est,

203 4133 205 4135 .
258 4101 521 4155 apparere
556 4081 819 4153 cernitur,
862 4090 935 4142 ita
957 4095 1010 4144 et
1047 4088 1113 4144 de
1147 4084 1291 4145 Filio
1313 4104 1376 4144 ac
1404 4099 1596 4146 saneto
1625 4090 1828 4162 Spiritu

256 4178 572 4235 dicendum.

322 4271 427 4326 Alii
455 4282 640 4327 autem
685 4281 1001 4328 sanctorum
1045 4268 1270 4327 Patrum
1313 4274 1516 4344 ignem,
1553 4275 1826 4331 ilammam

257 4375 309 4420 et
355 4366 560 4430 lucem,
611 4364 664 4418 in
695 4364 930 4435 imagine
965 4363 1247 4419 Trinitatis
1286 4377 1719 4437 assumpserunt,
1762 4384 1828 4422 ex

259 4457 454 4526 intibus
485 4459 679 4510 eadem
705 4456 964 4526 colligere
1002 4457 1146 4512 licet.
1173 4453 1372 4511 Beatus
1412 4457 1538 4512 item
1567 4458 1825 4530 Cyrillus,

256 4545 308 4600 in
357 4545 646 4600 Thesaurie
686 4545 828 4613 suis,
882 4547 1140 4609 radicem,
1213 4561 1425 4600 ramum
1483 4536 1906 4618 iruetumqueD
1935 4539 2184 4609 Ρτοιίηιιε
2215 4538 2428 4592 addit"!
2480 4555 2493 4592 ε

258 4653 352 4706 pro
394 4638 760 4692 similitudine
824 4641 1098 4706 stitiips‘t;
1147 4645 1307 4708 atque
1356 4637 1573 4694 Patrem
1619 4652 1829 4709 rosam,

257 4728 442 4784 tibi-em
503 4729 734 4795 Filium,
812 4731 1109 4799 odorisque
1164 4731 1519 4798 ﬂagrantiam
1563 4731 1828 4802 Spiritum

255 4832 504 4877 sanctum
525 4821 855 4891 appellavit;
893 4821 1124 4891 Filiique
1155 4821 1420 4892 Spiritum
1443 4825 1512 4877 ita
1532 4840 1650 4880 esse
1672 4825 1832 4892 dixit,

255 4914 411 4983 quasi
443 4929 701 4982 vaporem
748 4930 812 4969 ex
862 4927 1023 4983 aqua,
1057 4931 1121 4970 ac
1154 4915 1318 4969 Veluti
1344 4916 1658 4984 qualitatem
1692 4919 1829 4986 ejus.

259 5005 414 5060 Sicut
441 5005 609 5074 igitur
645 5005 856 5060 fructus
885 5019 951 5060 ex
981 5006 1170 5061 radice
1201 5023 1296 5076 per
1321 5022 1533 5060 ramum
1567 5009 1834 5062 naturali-

257 5105 337 5152 ter
381 5098 664 5168 prodiens,
705 5099 1083 5154 substantiam
1125 5115 1188 5154 es
1245 5099 1428 5155 radice
1465 5117 1567 5171 per
1615 5116 1827 5155 ramum

256 5190 480 5258 accipit,
536 5204 642 5243 non
677 5203 744 5244 ex
787 5192 1005 5252 radice,
1052 5193 1172 5246 sine
1205 5195 1417 5257 medio;
1458 5193 1668 5246 sublata
1704 5207 1831 5246 vero

259 5283 391 5335 rami
441 5282 777 5336 mediatiane
806 5322 820 5348 ,
900 5283 1110 5337 fructus
1158 5293 1420 5338 constare
1467 5299 1571 5338 non
1607 5285 1828 5353 poterit,

259 5385 419 5443 atque
469 5390 578 5428 una
644 5385 696 5430 et
745 5375 1012 5429 naturalis
1061 5375 1297 5446 qualitas
1344 5385 1399 5430 et
1445 5377 1576 5430 ordo
1617 5377 1827 5442 elucet;

263 5467 445 5520 itidem
479 5475 536 5520 et
566 5467 634 5521 de
666 5476 857 5522 sancto
889 5465 1092 5535 Spiritu
1123 5469 1437 5531 dicendum,
1471 5469 1522 5523 in
1562 5480 1826 5538 quantum

261 5559 491 5628 exempli
529 5559 791 5627 permittit
819 5560 1128 5616 inﬁrmitas.

323 5649 530 5704 Beatus
564 5651 705 5705 idem
753 5651 991 5722 Cyrillus
1025 5653 1075 5706 in
1128 5651 1410 5708 Thesauris
1451 5655 1565 5709 ait:
1610 5673 1628 5707 ι
1667 5654 1830 5711 Chri-

333 5829 378 5860 ¹³
405 5827 565 5883 Joan.
604 5844 679 5894 tv,
713 5829 800 5883 i5.
881 5832 923 5871 υ
954 5829 1112 5884 Joau.
1142 5843 1239 5892 vn,
1276 5828 1363 5885 '59.

1449 5833 1489 5865 "
1525 5830 1656 5884 Luc.
1691 5848 1749 5895 ιι,
1793 5833 1875 5899 i9,
1926 5832 2017 5889 ρο.

1943 599 2038 657 Dei
2066 604 2220 672 ejicio
2247 605 2532 672 daemonia,
2590 610 2825 678 profecto
2848 611 3077 678 pervenit
3107 612 3158 663 in
3188 628 3518 681 vos-regnum

1942 689 2034 748 Dei
2065 695 2132 750 λη.
2168 696 2403 766 Digitum
2444 697 2549 753 hoc
2584 701 2636 754 in
2680 702 2798 757 loco
2830 704 3092 773 Spiritum
3132 716 3382 757 sanctum
3416 705 3513 768 ait,
3578 733 3582 736 -

1940 787 2353 868 quodammodo
2400 789 2586 844 divina
2633 793 2869 846 essentia
2925 805 3198 851 exortum,
3239 804 3400 862 atque
3449 801 3516 848 ex

1935 889 1995 928 ea
2031 877 2353 931 naturaliter
2382 877 2705 946 pendentem
2735 921 2750 942 ,
2778 925 2796 950 ,
2824 882 2964 935 sicut
3004 891 3053 936 et
3085 881 3291 950 digitus
3321 897 3382 934 ex
3415 881 3517 934 litt-

1937 978 2100 1018 mana
2143 965 2342 1035 pendet
2371 980 2559 1020 manu.
2595 965 2886 1021 Brachium
2919 971 3119 1037 quippe
3151 967 3266 1032 Dei,
3298 980 3344 1022 et
3383 967 3518 1022 dex-

1936 1061 2131 1116 teram,
2193 1050 2389 1108 Filium
2447 1068 2618 1110 sacra:
2673 1052 2896 1110 Litterae
2950 1056 3255 1124 appellant,
3309 1064 3370 1110 ut
3431 1063 3568 1129 est'

1936 1143 2066 1198 illud
2113 1160 2128 1198 :
2173 1141 2410 1199 Salvarit
2455 1146 2553 1198 sibi
2593 1147 2809 1200 dextera
2840 1147 2977 1214 ejus,
3004 1156 3052 1199 et
3097 1145 3365 1198 brachium
3395 1162 3518 1200 san-

1935 1243 2076 1290 ctum
2121 1237 2239 1305 ejus
2271 1236 2337 1291 ".
2377 1238 2455 1293 Ac
2507 1251 2728 1292 rursum
2781 1256 2795 1292 :
2849 1236 3088 1299 Domine,
3134 1238 3398 1291 excelsum
3438 1247 3514 1294 est

1936 1329 2210 1383 brachium
2253 1338 2421 1396 tuum,
2456 1341 2506 1385 et
2556 1331 2850 1385 nescierunt
2883 1349 2900 1386 :
2935 1335 3154 1386 scientes
3185 1343 3357 1384 autem
3392 1349 3517 1386 con-

1935 1421 2224 1492 fundentur
2265 1425 2329 1477 ".
2368 1423 2521 1480 Sicut
2548 1439 2684 1495 ergo
2723 1425 3011 1482 brachium
3061 1424 3378 1478 naturaliter
3415 1423 3511 1478 toti

1934 1510 2148 1581 corpori
2183 1519 2494 1582 eoaptatum
2537 1520 2642 1574 est,
2711 1523 2910 1568 cuneta
2967 1527 3232 1583 Operans,
3284 1525 3514 1581 qtneque

1933 1607 2104 1660 menti
2135 1606 2247 1661 visa
2291 1594 2522 1670 fuerint,
2578 1607 2733 1673 ungit
2780 1616 2984 1668 autem,
3035 1618 3296 1659 consuete
3342 1605 3514 1674 d’gito

1934 1697 2001 1753 ad
2050 1696 2155 1752 hoc
2209 1707 2399 1763 utens;
2451 1702 2523 1750 ita
2572 1707 2626 1752 et
2672 1684 2908 1751 Verbum
2943 1699 3035 1752 Dei
3072 1686 3312 1767 ex'ipso,
3354 1707 3406 1750 et
3456 1693 3510 1749 in

1935 1788 2059 1857 ipso
2104 1789 2428 1858 naturaliter
2469 1797 2634 1859 atque
2694 1789 3059 1844 essentialiter
3085 1800 3419 1860 coaptalum,
3456 1779 3516 1839 ut

1933 1880 2005 1934 ita
2037 1879 2289 1945 dixerim,
2333 1891 2497 1949 atque
2556 1891 2804 1936 exertum
2833 1883 3168 1951 'eogitamus
3209 1901 3222 1936 :
3268 1883 3320 1935 in
3371 1878 3514 1935 Filio

1933 1981 2116 2030 autem
2154 1972 2476 2026 naturaliter
2523 1974 2674 2039 item,
2716 1983 2768 2028 et
2811 1974 3184 2028 essentialiter
3219 1982 3515 2042 penetran-

1930 2047 2042 2116 tem
2081 2077 2109 2116 a
2151 2060 2314 2116 Patre
2369 2062 2635 2132 Spiritum
2680 2051 2956 2124 sanctum,
2999 2081 3092 2132 per
3121 2079 3281 2133 quem
3324 2065 3511 2118 omnia

1933 2153 2205 2225 inungens
2231 2154 2554 2208 sanctiﬁcat.
2582 2148 2698 2207 Non
2729 2154 2898 2232 igitur"
2917 2155 3127 2207 alienus
3170 2167 3233 2207 ac
3271 2162 3512 2208 remotus

1932 2258 1962 2298 a
2001 2243 2182 2296 divina
2229 2243 2466 2297 essentia
2509 2243 2725 2296 videtur
2761 2243 3003 2310 Spiritus
3047 2251 3293 2306 sanctus,
3325 2239 3417 2294 sed
3451 2241 3506 2294 in

1931 2331 2071 2401 ipsa,
2102 2340 2264 2401 atque
2291 2348 2354 2386 ex
2392 2332 2507 2400 ipsa
2555 2331 2884 2386 naturaliter
2926 2338 3011 2386 est
3043 2348 3056 2384 :
3096 2330 3240 2385 sicut
3274 2343 3450 2398 neque
3479 2344 3511 2382 a

1931 2439 2165 2494 corpore
2213 2424 2417 2494 digitus
2457 2424 2560 2494 ipsi
2617 2423 2809 2478 manui
2866 2424 3140 2490 ingenitus
3189 2432 3355 2490 atque
3399 2436 3509 2476 una

1933 2528 2180 2573 exortus.
2214 2517 2278 2570 Et
2297 2531 2496 2571 manus
2529 2531 2750 2572 rursum
2779 2517 2832 2568 in
2853 2529 3086 2585 corpore
3113 2527 3222 2568 non
3256 2513 3510 2580 alterius,

1930 2625 2094 2682 quam
2119 2607 2292 2679 ipsius
2323 2609 2642 2663 substantia:
2678 2607 2970 2662 exsisteus.
2993 2624 3012 2658 ι

2003 2700 2115 2755 Hoc
2161 2702 2212 2754 in
2249 2701 2513 2770 loco.per
2564 2698 2865 2769 Scriptura
2917 2699 3206 2774 imaginem
3255 2695 3512 2752 Ecclesiae

1931 2795 2193 2864 magister
2223 2793 2488 2856 ostendit,
2521 2801 2572 2846 et
2606 2807 2964 2861 personarum
3001 2791 3269 2854 ordinem,
3306 2804 3414 2858 quo
3443 2803 3511 2844 ex

1941 2886 2175 2940 invicem
2236 2885 2508 2956 pendent,
2563 2896 2687 2954 puta
2742 2898 2938 2938 manus
2990 2884 3245 2952 corpori,
3300 2881 3510 2950 digitus

1929 2988 2110 3032 autem
2163 2978 2347 3032 manui
2423 2977 2505 3030 vel
2559 2975 2786 3030 brachio
2825 2975 3100 3030 mitterent
3159 2974 3508 3029 :secundum

1931 3087 2092 3141 quem
2124 3072 2370 3125 ordinem
2405 3070 2573 3124 etiam
2613 3068 2811 3123 tertius
2839 3084 2901 3123 ex
2931 3067 3112 3137 primo
3139 3081 3235 3136 per
3268 3065 3507 3119 medium

1930 3172 2034 3228 est,
2071 3161 2533 3232 quemadmodum
2570 3170 2624 3213 et
2659 3159 2882 3230 digitus,
2915 3158 3153 3213 naturali
3187 3157 3250 3211 ad
3284 3171 3341 3211 se
3373 3171 3510 3210 cons

1942 3255 2196 3318 nexione,
2234 3261 2288 3307 et
2316 3251 2650 3314 substantia,
2693 3265 2756 3305 ac
2789 3250 2994 3304 virtute
3033 3248 3382 3319 pertingente
3414 3262 3512 3316 per

1939 3347 2253 3403 brachium.
2286 3343 2439 3398 Sicut
2469 3352 2523 3397 et
2551 3357 2784 3412 magnus
2805 3344 2889 3395 ait
2921 3342 3177 3404 Basilius,
3204 3339 3509 3394 naturalem

1939 3439 2239 3495 bonitatem
2308 3435 2621 3504 regiamque
2693 3433 3014 3502 dignitatem
3071 3447 3136 3485 ex
3196 3428 3355 3484 Patre
3411 3442 3514 3498 per

1939 3527 2287 3599 l‘nigenitum
2305 3526 2372 3579 ad
2393 3523 2661 3595 Spiritum
2684 3526 3010 3592 pertingere.
3043 3521 3228 3591 Neque
3263 3521 3365 3576 hoc
3415 3535 3512 3576 so-

1939 3622 2075 3682 lum,
2107 3620 2200 3673 sed
2241 3629 2294 3672 et
2328 3617 2510 3670 omnia
2549 3631 2612 3671 es
2653 3613 2814 3669 Patre
2848 3629 2946 3684 per
2985 3613 3183 3668 Filium
3229 3614 3281 3667 in
3319 3603 3511 3668 sancto

1939 3713 2145 3781 Spiritu
2189 3720 2245 3764 et
2289 3709 2557 3778 producta
2613 3723 2756 3769 esse.
2799 3715 2860 3762 et
2905 3716 3180 3770 constare,
3233 3706 3508 3776 theologia

1937 3803 2141 3860 docuit.
2197 3803 2376 3872 Ipsum
2423 3815 2555 3871 ergo
2602 3813 2959 3871 personarum
3013 3798 3262 3854 ordinem
3317 3786 3533 3854 doctor.

1937 3895 2194 3958 ostendit,
2215 3908 2523 3963 eartnnque
2542 3893 3009 3946 ‘cnnsuhstantiale
3039 3891 3166 3945 hinc
3195 3891 3512 3944 necessario

1939 3989 2262 4043 insinuavit.
2312 3985 2426 4040 Una
2474 3987 2623 4039 enim
2663 3993 2746 4039 est
2795 3985 3070 4055 corporis,
3105 3993 3160 4038 et
3197 3984 3428 4048 brachii,
3457 3993 3513 4040 et

1938 4079 2096 4148 digiti
2157 4061 2872 4146 naturalis-essentialisque
2916 4076 3222 4131 substantia
3265 4090 3279 4127 :
3315 4089 3511 4144 quam-

1937 4175 2022 4228 vis
2047 4183 2221 4242 neque.
2258 4187 2451 4226 manus
2478 4171 2550 4226 sit
2575 4172 2799 4240 digitus,
2829 4185 3010 4239 neque
3045 4169 3252 4239 digitus
3289 4184 3510 4232 manus.

1939 4269 2068 4340 quia
2103 4282 2286 4337 neque
2337 4279 2533 4321 manus
2581 4278 2680 4336 per
2711 4265 2940 4336 digitum
2989 4268 3204 4334 corpori
3257 4275 3514 4334 coaptata

1936 4369 2039 4416 est.
2085 4358 2362 4425 Quocirca
2401 4365 2632 4412 ostenso
2686 4357 2849 4411 etiam
2893 4369 2994 4427 per
3025 4356 3167 4410 hanc
3217 4355 3510 4423 imaginem

1937 4459 2296 4517 personarum
2323 4447 2388 4500 ad
2427 4449 2756 4502 se-lnvicem
2786 4448 3002 4508 ordine,
3039 4445 3512 4501 consubstantiaie

2545 4535 2664 4592 Non
2693 4537 2880 4609 igitur,
2921 4537 3119 4608 inquit,
3152 4537 3363 4591 alienus
3419 4552 3514 4590 ne-
3564 4580 3577 4594 .

1930 4644 2035 4700 que
2075 4640 2315 4685 remotus
2347 4645 2376 4684 a
2429 4629 2613 4685 divina
2682 4631 2920 4686 essentia
2981 4639 3062 4684 est
3099 4629 3336 4700 Spiritus
3383 4645 3513 4685 san-

1931 4731 2071 4776 ctus.
2121 4739 2142 4774 ι

2003 4834 2162 4888 Certe
2195 4843 2249 4889 et
2288 4835 2480 4890 beatus
2537 4835 2894 4901 Augustinus,
2935 4849 3095 4904 quem
3147 4851 3416 4898 summum
3461 4847 3516 4890 et

1933 4925 2456 4980 excellentissimum
2486 4925 2763 4979 doctorem
2791 4924 3129 4978 universales
3159 4925 3345 4993 synodi
3373 4940 3512 4992 prte-

1941 5017 2280 5080 dicarernnt,
2336 5017 2478 5070 sicut
2527 5032 2592 5070 ex
2642 5017 2811 5086 gestis
2858 5017 3212 5087 synodalibus
3273 5024 3511 5076 constat,

1940 5109 2233 5162 humanam
2293 5117 2524 5163 mentem
2561 5124 2658 5180 pro
2710 5109 2866 5164 Patre
2916 5113 2965 5163 in
3017 5110 3250 5177 imagine
3299 5113 3510 5173 smnit;

1946 5196 2181 5252 Verbum
2229 5208 2435 5259 autem,
2474 5201 2615 5268 quod
2643 5199 2867 5253 insitum
2926 5210 3089 5268 atque
3137 5200 3386 5251 intimum
3424 5198 3509 5252 di-

1941 5290 2106 5350 citur,
2146 5304 2244 5358 pro
2264 5289 2427 5355 Filio;
2456 5291 2546 5360 qui
2578 5300 2630 5344 et
2656 5291 2796 5360 apud
2830 5291 3090 5346 Joannem
3120 5292 3510 5358 evangelistam

1941 5384 2032 5438 Dei
2093 5381 2328 5437 Verbum
2385 5383 2564 5438 dictus
2629 5393 2713 5438 est
2753 5383 3086 5454 :i‘alrisque
3161 5383 3424 5447 deﬁnitio,
3459 5392 3514 5438 et

1941 5473 2196 5537 Vt-rbum,
2227 5482 2280 5525 et
2312 5489 2529 5542 germen
2583 5487 2635 5530 et
2701 5477 2951 5530 voluntas
2991 5486 3040 5529 et
3087 5477 3428 5544 signaculum
3481 5489 3511 5530 a

1935 5567 2194 5638 Gregorio
2218 5568 2487 5637 Theologo
2521 5570 2818 5637 appellatus
2867 5580 2946 5624 est
3002 5571 3297 5624 sccumlum
3349 5584 3514 5640 quam

1951 5661 2184 5715 maxime
2245 5660 2533 5729 imaginem
2565 5663 2616 5713 in
2650 5663 2868 5716 homine
2899 5662 2996 5716 Dei
3024 5665 3201 5732 imago
3247 5675 3514 5719 servetur.

2133 5835 2175 5864 ¹⁶
2217 5834 2358 5888 l‘sal.
2399 5854 2561 5899 χίινιι,
2613 5838 2656 5890 i.
2773 5843 2814 5871 "’
2850 5841 2990 5895 i‘sal.
3037 5857 3186 5900 xtstt,
3234 5840 3286 5894 ι.
