3984 6578
417 342 557 431 29'

3002 304 3031 313 ,τη
3057 304 3062 308 .

1692 357 2090 422 MANUELIS
2112 357 2417 419 CALEC/E
3242 406 3248 411 .
3626 352 3696 417 40

425 479 784 534 Voluntatem‘
806 487 1087 545 veroqute
1115 468 1441 529 naturaliter
1463 470 1719 528 omnibus
1755 472 2005 527 ratioua-
2042 476 2084 536 Α
2117 469 2263 525 (linis
2295 470 2345 524 in
2377 470 2455 526 eis
2504 475 2607 535 est,
2646 467 2697 523 id
2732 466 2839 524 Deo
2888 467 3047 540 longe
3074 467 3293 541 dignius
3344 469 3695 530 ascribimus.

419 574 564 628 libus
614 577 668 625 et
688 566 1147 623 intellectualibus
1183 567 1345 631 inest,
1389 563 1577 618 divino
1616 562 1844 633 Spiritui
1882 563 2017 616 assio

419 644 791 731 gual,partim
821 658 1039 728 quidem
1069 674 1136 713 ex
1159 656 1361 712 divinis
1388 655 1632 723 Litteris,
1655 654 1889 725 exempli
1917 655 2022 707 hu-

414 757 506 827 jus
547 754 864 811 occasiones
890 764 1138 814 sumens,
1171 748 1392 818 partim,
1446 738 1574 816 quia
1618 746 2021 810 intellectualis,

420 858 476 901 et
501 846 805 909 rationalis,
836 858 899 898 ac
923 842 1115 899 volens
1142 839 1287 895 Deus
1313 849 1367 894 et
1401 839 1601 895 dicitur
1622 846 1674 894 et
1699 846 1803 894 est.
1837 836 2023 907 Neque

422 939 565 993 enim
609 938 818 992 ratione
873 943 926 989 et
977 935 1258 990 voluntate
1289 932 1511 1003 praedita
1566 948 1804 1001 unquam
1830 941 2023 1001 protu-

423 1026 604 1095 lisset,
656 1027 761 1083 nisi
818 1026 933 1081 haec
959 1025 1112 1097 prius
1158 1024 1211 1079 in
1243 1038 1301 1079 se
1359 1023 1516 1095 longe
1566 1022 2023 1080 excellentissime

429 1120 680 1175 haberet.

499 1210 973 1279 Quemadmodum
995 1227 1124 1269 vero
1140 1210 1319 1266 Patris
1333 1208 1594 1275 deﬁnitio,
1620 1207 1925 1265 etVerbum
1941 1208 2024 1263 in-

425 1301 613 1365 situm,
641 1300 936 1355 essentiale
978 1316 1041 1356 ac
1072 1299 1432 1356 snbstantiale
1474 1308 1596 1356 est:
1630 1301 1703 1355 ita
1734 1310 1790 1355 et
1823 1299 2022 1369 hujus-

428 1392 579 1446 modi
639 1391 898 1446 voluntas
928 1399 1036 1455 est,
1057 1391 1359 1447 secundum
1385 1408 1554 1460 quam
1581 1392 1725 1447 Deus
1781 1392 2022 1463 seipsum

431 1483 569 1547 vult,
623 1482 767 1537 sicut
798 1491 853 1537 et
909 1485 1210 1538 secundum
1262 1482 1502 1538 Verbum
1551 1498 1736 1546 suum,
1779 1483 2021 1553 seipsum

426 1573 698 1641 intelligit.
725 1569 945 1627 Nullum
981 1574 1130 1629 enim
1189 1573 1354 1629 estin
1403 1573 1513 1628 Deo
1560 1572 1842 1629 accidens.
1891 1571 2024 1628 Ver-

425 1666 554 1719 bum
596 1665 762 1734 igitur
786 1666 905 1720 sine
924 1653 1112 1720 'medio
1136 1681 1199 1720 ex
1226 1673 1408 1720 mente
1438 1680 1453 1720 :
1478 1665 1734 1720 voluntas
1748 1669 1926 1719 autem
1956 1679 2020 1719 ex

425 1766 609 1813 mente
634 1773 729 1828 per
751 1755 989 1812 Verbum
1017 1767 1119 1812 est.
1149 1756 1489 1829 Impossibile
1514 1766 1598 1814 est
1618 1759 1764 1812 enim
1789 1757 2024 1828 quemli-

2127 562 2265 617 llinc
2300 563 2444 616 enim
2476 561 2944 617 consubstantiale
2975 562 3283 635 divinarum
3314 578 3696 631 personarum,

2124 653 2485 723 ordinemque
2516 653 2582 707 ad
2616 654 2845 708 invicem
2867 668 3057 709 earum
3091 653 3229 708 clam
3263 655 3527 720 tollimus,
3553 659 3699 712 sicut

2124 746 2179 802 in
2213 745 2383 810 fonte,
2418 755 2472 800 et
2500 745 2694 805 ﬂuvio.
2730 754 2783 801 et
2814 746 2933 800 viva
2962 760 3103 815 aqua
3160 745 3342 801 habet.
3382 745 3521 802 llinc
3549 730 3701 803 ordi-

2127 839 2211 895 nis
2239 838 2541 904 immobile,
2577 838 2894 893 nullatenus
2952 839 3335 907 personalibus
3393 840 3700 910 proprieta-

2124 933 2271 988 tibus
2302 933 2486 998 motis;
2520 946 2700 1002 neque
2726 931 2870 986 enim
2900 931 3065 988 fontis
3087 931 3299 996 oculus,
3326 931 3448 988 fons
3473 933 3698 999 dicitur;

2124 1038 2302 1093 neque
2332 1024 2476 1085 l’ons.
2514 1023 2736 1078 ﬂuvius.
2773 1021 2962 1093 Neque
3012 1039 3205 1079 rursus
3233 1025 3336 1092 sol,
3371 1025 3557 1080 radius
3606 1041 3701 1080 vo-

2124 1124 2323 1179 catur;
2385 1131 2564 1181 neque
2620 1116 2804 1171 radius
2864 1130 2929 1170 ea
2971 1130 3091 1184 qua:
3155 1132 3251 1186 per
3301 1116 3447 1171 hunc
3514 1124 3704 1171 manat

2064 1250 2067 1251 ν
2125 1205 2634 1278 atquediﬂ'unditur
2660 1207 2770 1272 lux,
2833 1223 2956 1263 cum
3014 1216 3067 1262 et
3113 1208 3228 1275 ipse
3257 1216 3405 1262 certe
3464 1207 3538 1263 sit
3582 1207 3699 1261 lux.

2126 1289 2390 1354 Servandi
2447 1309 2626 1353 tamen
2694 1299 2904 1355 ordinis
2960 1314 3151 1362 causa,
3208 1300 3421 1370 singula
3470 1302 3704 1371 singulis

2125 1391 2347 1445 nomina
2379 1390 2671 1445 distributa
2729 1398 2785 1446 et
2814 1399 3064 1461 separata
3121 1400 3270 1447 sunt.
3310 1392 3465 1446 Sicut
3523 1408 3704 1462 neque

2124 1481 2284 1538 Pater
2314 1482 2489 1537 Filius
2522 1492 2626 1547 est,
2659 1498 2837 1553 neque
2892 1482 3062 1539 Filius
3093 1482 3273 1551 Pater,
3306 1500 3484 1555 neque
3526 1485 3703 1555 Spirio

2128 1586 2215 1633 tus
2239 1588 2465 1633 sanctus
2491 1574 2652 1632 Pater
2685 1588 2779 1633 aut
2809 1578 3003 1635 Filius.

2196 1672 2373 1740 Atque
2429 1671 2647 1728 aliunde
2706 1672 2928 1742 quidem
2983 1688 3338 1741 personarum
3399 1674 3529 1727 unio
3566 1674 3703 1730 insi-

2125 1769 2353 1815 nuatur.
2401 1761 2638 1818 Basilius
2698 1763 2900 1833 quippe
2958 1764 3195 1818 eximius
3270 1763 3423 1820 iridis
3454 1765 3703 1833 exemplo

428 1850 518 1903 bet
567 1850 847 1921 quodlibet
896 1860 988 1906 aut
1032 1850 1444 1921 quomodolibet
1498 1850 1634 1905 velle
1660 1890 1675 1915 ,
1719 1850 1824 1904 nisi
1876 1848 2025 1919 prius
2060 1855 2102 1911 Β
2133 1869 2266 1909 usus
2294 1864 2399 1909 est.
2434 1851 2490 1907 in
2520 1870 2646 1923 qua,
2674 1870 2797 1910 cum
2824 1854 2998 1911 unilio
3053 1856 3424 1925 discretioque
3451 1857 3701 1910 colorum

431 1941 757 2012 cogitaverit
811 1940 942 2011 quid
996 1942 1148 1999 velit.
1183 1941 1370 2011 Itaque
1400 1941 1656 1997 voluntas
1679 1956 1777 2013 per
1801 1943 2024 1996 verbum

440 2043 489 2088 et
524 2046 589 2087 ex
626 2033 795 2088 verbo
828 2034 1094 2103 procedit.
1143 2031 1268 2119 idcp
1311 2041 1362 2089 et
1394 2034 1549 2089 bruta
1584 2034 1864 2101 animalia,
1898 2024 2037 2103 quia'

425 2125 596 2179 verbo
649 2134 702 2179 et
736 2125 946 2180 ratione
967 2133 1172 2190 carent,
1205 2139 1381 2194 neque
1407 2124 1618 2189 volunt,
1658 2140 1837 2196 neque
1890 2125 2027 2181 velle

419 2216 704 2280 dicuntur,
732 2217 827 2272 sed
892 2217 1127 2272 naturali
1190 2226 1341 2272 motu
1383 2215 1832 2272 irrationabiliter
1863 2216 2024 2274 ferri.

426 2308 695 2376 Quoniam
745 2308 908 2382 igitur
953 2309 1174 2364 verbum
1198 2311 1266 2364 ad
1336 2320 1573 2365 mentem
1634 2306 1887 2372 refertur,
1927 2321 2023 2359 vo-

427 2407 721 2474 luntasque
753 2404 1061 2459 necessario
1115 2418 1181 2457 ex
1215 2410 1394 2457 mente
1436 2416 1533 2471 per
1564 2401 1788 2455 verbum
1822 2400 2022 2469 prodit,

435 2499 581 2568 quod
613 2496 957 2567 propositum
980 2503 1119 2561 erat,
1143 2495 1271 2550 hinc
1294 2497 1459 2550 etiam
1490 2502 1772 2549 ostensum
1798 2503 1905 2547 est.

497 2593 677 2658 Atque
728 2588 976 2659 exempla
1022 2587 1272 2657 quidem,
1322 2601 1442 2657 qua:
1511 2586 1686 2641 sancti
1735 2591 2025 2640 assumunt

426 2680 737 2751 huiusmodi
770 2690 919 2735 sunt.
973 2678 1126 2734 Sicut
1156 2687 1337 2732 autem
1389 2677 1594 2732 ﬂuvius
1623 2676 1737 2748 (l8)
1790 2690 1897 2730 non
1938 2682 2025 2730 est

426 2774 546 2828 sine
567 2772 745 2828 medio
783 2786 847 2828 ex
872 2772 1055 2835 oculo,
1091 2785 1269 2839 neque
1323 2769 1415 2823 lux
1446 2782 1568 2825 esse
1600 2768 1756 2823 aliter
1817 2776 2023 2838 posset,

427 2866 529 2920 nisi
557 2879 625 2919 ex
644 2863 755 2918 sole
778 2878 872 2933 per
893 2865 1125 2927 radium,
1147 2876 1325 2928 neque
1352 2863 1473 2915 viva
1499 2875 1639 2931 aqua
1660 2874 1725 2915 ex
1742 2859 1887 2914 fonte
1908 2859 2026 2913 sine

428 2956 629 3021 medio,
654 2956 751 3011 sed
781 2971 874 3027 per
922 2954 1145 3010 ﬂuvium
1213 2963 1433 3021 manat,
1492 2968 1671 3023 neque
1701 2952 1911 3008 fructus
1954 2967 2023 3007 ex

429 3048 615 3103 radice
680 3047 801 3104 sine
820 3048 955 3103 rami
976 3047 1173 3102 medio.
1206 3047 1320 3102 Hoc
1348 3047 1504 3127 enin;
1536 3062 1718 3103 rerum
1773 3046 2021 3101 ordinem

424 3154 494 3195 ac
554 3137 879 3193 substantiae
952 3152 1272 3209 processum
1332 3137 1617 3193 confundit
1664 3146 1719 3192 et
1776 3135 2019 3205 perimit,

2129 1944 2373 2002 suaviter
2423 1952 2479 1999 et
2505 1945 2718 2001 modice
2744 1956 3029 2016 appareal,
3055 1962 3162 2002 non
3196 1956 3376 2003 tamen
3410 1962 3702 2016 processus

2130 2037 2236 2092 ulla
2275 2038 2326 2092 iu
2361 2038 2447 2093 his
2474 2038 2617 2094 ratio
2653 2040 2966 2106 Inspicitur.
2998 2040 3236 2096 Aliunde
3265 2048 3447 2096 autem
3479 2055 3702 2109 proces-

2128 2145 2225 2185 sus
2259 2145 2381 2184 cum
2415 2130 2610 2185 ordine
2675 2132 2979 2187 diﬂerentia
3039 2133 3337 2203 colligitur,
3405 2132 3486 2187 vel
3543 2132 3699 2203 plura

2125 2234 2247 2274 esse
2278 2234 2345 2274 ex
2387 2234 2520 2285 uno,
2562 2219 2667 2274 alia
2697 2235 2821 2277 esse
2869 2236 2933 2276 ex
2971 2220 3099 2287 alio,
3159 2220 3213 2275 in
3251 2235 3414 2275 unam
3458 2220 3699 2291 aliquam

2126 2310 2371 2366 veritatis
2407 2310 2827 2389 similitudinem
2858 2312 3147 2381 phantasia
3178 2312 3490 2381 colligente.
3522 2311 3701 2382 Opor-

2128 2410 2204 2456 tet
2231 2401 2376 2456 enim
2406 2417 2527 2467 nos,
2557 2402 2803 2472 quandiu
2856 2402 2909 2457 in
2963 2404 3172 2459 umbris
3211 2411 3264 2458 et
3317 2405 3699 2483 mnigmatibus

2127 2494 2385 2559 vivimus,
2420 2495 2505 2551 his
2532 2495 2719 2561 rebus,
2757 2511 2878 2566 quae
2902 2497 3059 2553 nobis
3104 2499 3348 2554 notiores
3388 2510 3534 2565 sunt,
3584 2501 3701 2554 vel-

2127 2589 2203 2640 uti
2267 2586 2591 2656 quibusdam
2654 2587 3003 2645 adminiculis
3049 2589 3114 2645 ad
3177 2590 3346 2645 Deum
3389 2590 3529 2646 niti:
3586 2606 3701 2646 cre-

2126 2679 2318 2731 dentes
2382 2678 2603 2748 quidem
2658 2678 3034 2750 principaliter
3074 2696 3139 2737 ac
3204 2682 3535 2746 necessario,
3614 2682 3700 2737 his

2126 2783 2246 2838 quae
2282 2767 2410 2822 inde
2437 2778 2681 2835 manant,
2711 2771 3037 2840 sententiis;
3103 2773 3529 2828 consolationem
3565 2790 3698 2829 vero

2097 2860 2288 2913 ~etiam
2314 2873 2380 2913 ex
2429 2859 2513 2921 his
2548 2874 2669 2930 quae
2693 2861 2969 2929 videntur,
2995 2871 3261 2932 quantum
3295 2865 3444 2931 licet,
3481 2866 3700 2935 capien-

2128 2957 2229 3015 tes,
2281 2960 2658 3023 quantumque
2717 2965 2983 3010 creatura:
3035 2956 3088 3011 in
3129 2972 3187 3012 se
3217 2957 3351 3027 ipsis
3395 2970 3696 3014 creatorem

2125 3043 2340 3098 exiliter
2384 3044 2665 3101 insinuare
2732 3056 3004 3115 possunt:
3059 3048 3404 3121 visibiliaque
3453 3050 3700 3104 invisibi-

2128 3133 2230 3187 lem
2274 3135 2526 3191 vehicula
2559 3135 2809 3207 quaedam
2850 3137 2916 3193 ad
2947 3138 3179 3209 primam
3209 3141 3493 3196 veritatem
3543 3141 3697 3197 exhi-

426 3231 489 3285 ln
523 3232 631 3297 bis,
691 3238 745 3284 et
777 3231 833 3289 in
897 3201 1113 3286 caeteris
1154 3245 1284 3300 quas
1322 3229 1728 3301 proposuimus,
1757 3229 2020 3298 exemplis
2052 3201 2093 3257 Ο
2129 3226 2330 3282 bentia.

430 3323 620 3377 eadem
668 3320 910 3391 profecto
937 3324 1149 3378 ratione
1169 3331 1223 3377 et
1267 3330 1491 3377 sanctus
1518 3319 1753 3392 Spiritus
1777 3320 2022 3375 rationa-

427 3412 612 3467 biliter
669 3426 732 3467 ex
776 3413 939 3469 Patre
968 3412 1087 3468 sine
1142 3413 1321 3469 medio
1377 3429 1485 3469 non
1532 3414 1753 3469 dicitur.
1803 3413 2021 3468 Tertius

428 3506 573 3562 enim
605 3521 635 3559 a
665 3504 836 3561 Patre
869 3506 1175 3562 secundum
1239 3506 1584 3576 personalem
1646 3506 1891 3561 ordinem
1927 3520 2027 3575 po-

422 3599 600 3664 nitur,
630 3608 912 3668 atqueper
944 3596 1144 3652 Filium
1198 3611 1320 3652 esse
1344 3612 1409 3652 ac
1433 3596 1732 3666 procedere
1755 3610 1786 3650 a
1814 3595 2021 3651 theolo-

420 3694 510 3763 gis
533 3702 903 3748 asset-eretur.
938 3693 1132 3748 Dicere
1158 3700 1350 3747 autem
1380 3706 1447 3745 ex
1481 3691 1641 3746 Patre
1664 3691 1783 3747 sine
1835 3690 2020 3745 medio

420 3801 555 3842 esse
583 3785 851 3856 Spiritum
884 3794 1134 3840 sanetum
1162 3799 1357 3839 eorum
1381 3793 1488 3848 est,
1524 3784 1616 3855 qui
1668 3798 1830 3838 unam
1880 3784 2019 3840 lucis

431 3878 958 3948 contemperantiam
992 3878 1275 3943 dividunt;
1323 3877 1580 3948 quodque
1636 3877 1856 3938 dicitur.
1907 3884 2018 3932 tres

428 3986 695 4042 personas
722 3985 781 4025 se
806 3970 1039 4025 invicem
1064 3971 1370 4037 continere,
1422 3979 1737 4041 catenaque
1775 3969 2015 4025 Trinita-

430 4071 539 4118 tem
564 4061 880 4124 assimilari,
911 4076 976 4116 ac
998 4069 1192 4118 caetera
1223 4060 1533 4133 hujuSmodi
1569 4063 1816 4132 exempla
1851 4079 1867 4117 :
1894 4078 2016 4132 quin

438 4155 673 4226 quadam
724 4153 1053 4208 rectitudine
1132 4154 1381 4210 ordinem
1430 4154 1485 4209 in
1504 4165 1694 4209 sancta
1747 4151 2016 4209 Trinitate

430 4246 660 4317 intelligi
717 4247 931 4313 volunt,
967 4261 1145 4316 neque
1168 4246 1313 4301 enim
1367 4246 1525 4302 aliter
1568 4257 1865 4310 constaret;
1893 4261 2013 4300 om-

427 4342 559 4395 nino
598 4349 797 4410 negant
818 4337 1024 4403 omnia,
1057 4350 1219 4407 atque
1244 4352 1278 4392 θ
1300 4336 1435 4391 Filio
1459 4336 1725 4405 Spiritum
1744 4340 1895 4407 juxta
1913 4336 2013 4390 tri-

424 4430 615 4499 anguli
645 4428 970 4498 positionem
1005 4424 1278 4481 dirimunt
1321 4424 1475 4493 cujus
1534 4424 1706 4479 latera
1746 4424 1799 4477 in
1829 4424 1959 4478 base
1981 4437 2011 4477 a

2198 3316 2353 3374 Unde
2388 3326 2443 3373 et
2497 3318 2792 3391 Gregorius
2841 3319 3153 3393 Theologus
3193 3322 3357 3377 ait:t
3415 3320 3559 3377 Nihil
3611 3332 3698 3379 est

2123 3408 2269 3478 quod
2294 3410 2426 3464 mihi
2466 3412 2707 3466 animam
2743 3412 2904 3468 sistat
2958 3412 3272 3484 inspicienti
3310 3416 3365 3470 in
3428 3416 3695 3486 exemplis

2126 3500 2201 3567 id,
2258 3503 2404 3572 quod
2469 3502 2756 3574 imaginari
2812 3514 2867 3561 et
2930 3507 3232 3575 conSpicari
3295 3522 3478 3579 pergo,
3530 3528 3547 3562 ι
3587 3508 3694 3563 nisi

2122 3592 2247 3662 quis
2279 3610 2449 3649 unum
2490 3596 2695 3665 aliquid
2730 3612 2954 3653 sumens
3004 3612 3115 3668 prae
3140 3600 3475 3669 gratitudine
3526 3602 3695 3672 proji-

2121 3684 2229 3738 ciat
2260 3685 2491 3756 reliqua.
2527 3687 2585 3742 Si
2645 3689 2791 3743 enim
2825 3698 3046 3760 propter
3086 3690 3199 3759 illa,
3245 3707 3367 3762 quae
3406 3694 3693 3748 materiam

2119 3787 2282 3848 atque
2322 3778 2710 3835 universaliler
2746 3792 2927 3836 creata
2985 3793 3333 3852 sequuntur:
3384 3801 3560 3854 neque
3591 3803 3694 3842 es-

2119 3868 2308 3922 sentiae
2371 3869 2738 3937 identitatem,
2774 3886 2978 3941 neque-
3010 3873 3285 3939 ordinem,
3324 3890 3389 3930 ex
3429 3876 3513 3932 his
3571 3892 3692 3946 quae

2117 3959 2263 4015 dicta
2293 3970 2441 4029 sunt,
2491 3963 2761 4033 exemplis
2805 3963 2861 4018 in
2911 3964 3021 4020 Deo
3049 3967 3303 4034 aequabili
3341 3969 3691 4038 proportione

2117 4066 2432 4108 sumemus:
2486 4068 2834 4124 nequaquam
2882 4054 3064 4111 dicere
3130 4058 3401 4128 quispiam
3465 4061 3689 4129 poterit,

2117 4144 2253 4199 nihil
2285 4145 2399 4200 haec
2419 4145 2580 4200 nobis
2612 4146 2857 4216 exempla
2884 4149 3168 4218 prodesse,
3220 4152 3376 4220 quasi
3426 4150 3628 4208 l‘rustra
3660 4170 3690 4209 a

2115 4236 2318 4318 sanctis
2349 4235 2555 4291 iuerint
2587 4251 2652 4291 ac
2686 4237 2806 4294 sine
2850 4249 3000 4295 certa
3030 4240 3243 4297 ratione
3266 4254 3542 4312 suscepta.

2185 4325 2277 4380 Sic
2319 4326 2482 4396 igitur
2510 4327 2709 4385 divina
2738 4329 3025 4387 Trinitatis
3056 4331 3269 4399 ordine,
3303 4331 3534 4405 Filiique
3575 4351 3690 4392 me-

2114 4417 2226 4503 dio,
2263 4419 2643 4488 multipliciter
2672 4436 2703 4476 a
2722 4422 3093 4505 sanctissimae
3118 4423 3380 4481 Ecclesiae
3410 4429 3689 4498 magistris

404 4537 490 4593 se
513 4519 998 4576 disterminantur.
1061 4517 1165 4570 Sed
1224 4518 1331 4571 hoc
1372 4516 1692 4586 praedictum
1751 4515 2013 4590 pervertit
2050 4545 2089 4599 υ
2118 4514 2400 4581 roborato,
2427 4524 2685 4583 constat,
2713 4518 2864 4586 quia,
2894 4519 2938 4573 si
2970 4519 3062 4589 qui
3102 4516 3415 4577 sanctorum
3459 4539 3688 4594 usquam

427 4611 704 4677 ordinem;
729 4617 785 4663 et
810 4624 931 4679 quae
948 4607 1018 4661 de
1062 4607 1165 4661 hoc
1207 4622 1239 4661 a
1282 4607 1489 4661 sanctis
1516 4604 1770 4662 Patribus
1818 4605 2013 4660 dicun-

433 4714 545 4769 tur,
566 4686 744 4758 aufert
767 4703 973 4755 omnia.
999 4700 1074 4755 Ita
1103 4698 1251 4753 enim
1283 4691 1552 4769 cogitare'
1588 4698 1793 4763 licebit,
1814 4698 2017 4753 sectio-

431 4811 554 4849 nem
603 4810 667 4849 ac
719 4794 1041 4849 divisionem
1078 4792 1201 4847 Filii
1245 4791 1654 4861 etSpiritus,ac
1700 4789 1896 4845 Filium
1928 4805 2015 4844 eo.

429 4887 603 4956 gitare
628 4885 745 4940 sine
776 4884 983 4954 Spiritu
1009 4900 1026 4951 ;
1052 4892 1109 4938 et
1149 4899 1273 4939 cum
1318 4881 1519 4936 Filium
1554 4880 1820 4944 dicemus,
1840 4895 2018 4950 neque

430 4979 667 5034 invicem
697 4978 965 5033 contineri
1000 4994 1013 5032 :
1053 4986 1107 5031 et
1145 4974 1420 5030 contraria
1450 4974 1672 5028 omnino
1708 4982 2011 5043 sequentur

427 5071 613 5126 omnia
648 5070 733 5125 his
758 5085 879 5140 quae
917 5084 948 5124 a
981 5069 1186 5124 sanctis
1218 5068 1360 5122 dicta
1391 5074 1555 5133 sunt;
1612 5064 1708 5121 sed
1758 5065 1811 5120 id
1871 5079 2005 5121 sane

433 5166 699 5235 ineptum,
729 5163 999 5218 insulsum
1029 5171 1191 5230 atque
1221 5162 1469 5230 impium.

502 5256 580 5313 Ne
604 5266 813 5325 tamen)
833 5257 885 5312 id
931 5256 1237 5327 quempiam
1289 5253 1595 5319 conturbet,
1650 5252 1854 5319 nullus,
1890 5267 2011 5323 quae

432 5351 487 5405 in
522 5349 751 5404 materia
785 5352 1133 5418 contingunt,
1166 5346 1276 5401 Deo
1302 5347 1511 5401 tribuit.
1540 5346 1759 5400 Localia
1805 5345 2005 5415 quippe

433 5441 866 5510 tcmporaliaque
900 5438 1203 5503 intervalla,
1256 5447 1310 5492 et
1340 5452 1460 5508 qua:
1508 5436 1676 5492 ﬂuxui
1733 5451 1796 5491 ac
1861 5452 2004 5490 mor-

432 5533 630 5588 talitati
664 5546 792 5589 sunt
819 5533 1077 5599 obnoxia,
1110 5531 1350 5586 materia:
1378 5530 1756 5600 relinquimus.
1791 5527 1847 5583 Si
1875 5526 2004 5597 quid

431 5636 613 5682 autem
647 5626 1015 5696 perfectionis,
1072 5636 1235 5697 atque
1265 5625 1333 5681 ad
1392 5624 1701 5681 Creatorem
1757 5621 2010 5679 similitu-

414 5880 421 5891 .
505 5813 639 5886 (18).
663 5812 742 5867 lla
774 5812 937 5868 habet
970 5828 1072 5868 ms.

2120 4606 2307 4685 dixere
2342 4610 2624 4679 geminum
2664 4612 2901 4679 radium,
2930 4628 2995 4669 ac
3016 4614 3228 4681 gemina
3260 4615 3465 4671 lumina
3487 4615 3685 4683 Patris,

2120 4697 2342 4766 Filium,
2388 4717 2457 4756 ac
2484 4703 2787 4773 Spiritum:
2825 4721 3147 4776 ramumque
3178 4708 3469 4778 duplicem,
3516 4724 3580 4764 ac
3605 4727 3691 4766 se-

2120 4791 2298 4846 cunda
2324 4793 2520 4861 Patris,
2550 4796 2599 4850 id
2632 4799 2774 4867 quod
2798 4813 2828 4851 a
2871 4798 3135 4868 Gregorio
3161 4788 3437 4873 Theologo
3468 4804 3689 4872 quidam

2121 4885 2373 4941 versibus
2397 4886 2599 4941 dictum
2631 4889 2892 4956 referunt,
2920 4906 3031 4945 non
3062 4893 3423 4948 adversantur
3452 4895 3535 4948 his
3569 4911 3691 4963 quae

2121 4976 2267 5031 dicta
2291 4987 2457 5043 sunt,
2512 4995 2687 5050 neque
2734 4982 2835 5036 sibi
2873 4984 3027 5053 ipsis,
3070 5000 3245 5054 neque
3292 4986 3521 5041 invicem
3551 5002 3690 5041 con-

2118 5072 2289 5125 traria
2320 5080 2469 5127 sunt.
2502 5070 2688 5144 Neque
2707 5074 2852 5129 enim
2880 5075 2961 5130 illi
2990 5077 3295 5132 divinarum
3332 5093 3688 5147 personarum

2116 5165 2180 5217 ad
2215 5164 2444 5218 invicem
2470 5166 2740 5233 ordinem,
2776 5183 3076 5238 earumque
3117 5184 3434 5237 processum
3475 5173 3687 5225 tradere

2118 5255 2677 5323 iustituebant,-cum
2737 5260 2842 5313 ista
2876 5261 3145 5327 dicerent,
3204 5261 3299 5315 sed
3362 5261 3687 5330 simpliciter

2119 5356 2231 5401 tres
2269 5358 2481 5401 tantum
2519 5364 2639 5403 esse
2694 5365 2975 5419 personas.
3035 5352 3388 5421 causaliaque
3433 5367 3465 5406 a
3524 5352 3688 5409 Patre

2112 5452 2233 5491 esse
2278 5435 2476 5492 Filium
2519 5450 2572 5493 et
2600 5440 2861 5510 Spiritum
2888 5452 3161 5507 sanctum,
3187 5458 3515 5513 causamque
3543 5446 3690 5501 unde

2115 5540 2312 5584 cuncta
2348 5532 2647 5586 tnanarint.
2676 5530 2777 5586 Per
2805 5534 2919 5587 haec
2948 5536 3094 5588 enim
3129 5534 3367 5589 indicant
3401 5537 3583 5590 omnia
3615 5540 3683 5592 ad
3732 5553 3741 5565 ‘

2120 5621 2335 5677 Patrem
2408 5621 2621 5678 referri.
2682 5622 2928 5697 Namque
2977 5626 3080 5680 sub
3126 5626 3355 5682 causalis
3410 5628 3684 5695 deﬁnitio-
