3984 6548
252 369 308 431 Η
1364 383 1764 446 ADVERSUS
1800 384 2118 450 GRAECOS
2162 392 2306 452 LIB.
2347 395 2399 454 Ι.
2946 442 2949 443 ν
3413 412 3482 474 42

254 505 390 552 nem,
425 496 662 560 utraque
711 491 990 550 deducunt
1017 495 1173 567 juxta
1223 498 1462 570 priorem
1522 505 1810 559 discretio--
1844 507 1886 566 Α
1916 510 2384 567 consubstantiale
2410 514 2722 585 signiﬁcare
2752 517 2889 573 velle
2919 532 3212 587 asscveret,
3250 525 3484 594 primum

247 596 387 635 nem.

311 693 461 759 Quod
500 703 556 749 et
592 694 878 767 Nyssenus
914 699 1045 756 fecit
1077 701 1395 775 Gregorius,
1436 724 1606 764 unum
1642 709 1813 766 Deum

247 785 295 838 in
320 800 548 843 causam
613 797 669 843 et
694 792 917 847 causale
956 795 1291 862 discernens,
1321 800 1435 856 sive
1484 801 1539 856 in
1571 817 1812 871 causam,

243 887 293 931 et
340 880 488 946 quod
530 870 616 934 'ex
676 896 865 938 causa.
920 882 1124 942 Deinde
1182 889 1502 961 subjiciens,
1562 893 1812 966 ejusque,

242 970 378 1037 quod
408 987 477 1024 ex
503 986 671 1027 causa
697 982 799 1039 ρει,
826 974 991 1031 aliam
1028 994 1221 1036 rursus
1253 981 1613 1039 diﬁerentiam
1648 985 1811 1041 intel-

243 1062 461 1130 ligentia
506 1064 889 1133 assequimur.
940 1068 1184 1125 Alterum
1235 1074 1381 1128 enim
1422 1076 1810 1144 continenter;

243 1154 468 1207 alterum
534 1171 672 1211 vero
728 1172 826 1227 per
873 1174 998 1214 eum
1048 1161 1227 1231 ipsum
1291 1167 1387 1236 qui
1441 1168 1809 1237 continenter,

239 1254 395 1312 atque
444 1247 685 1303 alterum
719 1252 989 1321 genitum,
1028 1259 1329 1325 procedens
1363 1260 1616 1329 alterum,
1661 1273 1716 1318 et
1766 1264 1809 1319 si

239 1338 361 1403 quid
390 1340 720 1406 bujusmodi
751 1344 989 1413 perfecte
1016 1348 1454 1407 discernentibus
1475 1352 1679 1408 dictum
1705 1363 1805 1410 est.

235 1426 386 1483 Juxta
420 1446 593 1497 quam
646 1449 781 1489 sane
812 1438 1107 1505 rationem,
1140 1450 1196 1495 et
1225 1442 1318 1511 qui
1356 1436 1594 1500 secunda
1630 1444 1811 1503 Patris

236 1518 365 1571 dixit
393 1518 629 1587 Filium,
656 1534 707 1577 et
741 1523 1006 1593 Spiritum
1040 1540 1290 1585 sanctum
1341 1532 1391 1587 id
1431 1534 1605 1590 solum
1640 1536 1812 1605 signi-

236 1610 391 1665 ﬁcare
420 1612 625 1680 voluit,
674 1630 705 1668 a
759 1615 922 1673 Patre
953 1620 1058 1674 ista
1111 1623 1349 1677 eausalia
1384 1636 1525 1691 esse,
1574 1643 1812 1699 utraque

236 1701 330 1756 sub
360 1705 609 1760 causalis
641 1706 928 1765 includens
958 1711 1293 1770 deﬁnitione.
1320 1715 1453 1771 Nam
1476 1719 1631 1789 juxta
1660 1722 1807 1791 quod

1920 598 2141 667 quidem
2190 605 2494 660 secundum
2534 608 3002 667 consubstantiale
3056 616 3237 672 nullus
3289 618 3339 672 in
3377 618 3489 675 Deo
3562 614 3569 623 ’

1919 703 2278 759 personarum
2309 698 2446 753 ordo
2466 710 2569 754 est.
2598 699 2733 773 Nam
2758 717 2818 757 ea
2853 704 3084 771 ratione,
3109 722 3214 778 qua
3243 713 3487 766 consub-

1921 784 2203 841 stantiales
2268 797 2430 854 sunt,
2500 804 2606 845 una
2673 808 2762 848 res
2826 802 2911 850 est
2996 796 3177 852 divina
3244 803 3483 859 essentia

1919 874 2196 932 individua
2270 881 2595 947 omnino,et
2640 883 2953 942 indiscreta.
3008 888 3487 952 Consubstantiale

1918 975 2123 1034 autem,
2177 970 2383 1026 nullam
2444 989 2670 1043 prorsus
2722 977 3106 1037 discretionem
3156 984 3483 1043 introducit.

1917 1057 2077 1115 Juxta
2101 1076 2231 1116 vero
2259 1078 2548 1132 processus
2581 1067 2869 1135 rationem,
2889 1082 3053 1143 atque
3082 1090 3205 1130 eum
3234 1078 3327 1147 qui
3360 1078 3484 1134 inde

1916 1151 2186 1220 sequitur,
2220 1154 2492 1220 ordinem,
2524 1174 2884 1228 personarum
2945 1179 3210 1223 numerus
3240 1169 3486 1226 invectus

1915 1254 1971 1298 et
1994 1246 2271 1304 admissus
2299 1260 2401 1305 est.
2430 1250 2617 1322 Itaque
2641 1256 2731 1324 qui
2754 1258 3245 1318 consubstantialis
3272 1266 3488 1322 ratione

1914 1337 2123 1394 dictum
2170 1352 2345 1413 putat,
2377 1360 2439 1398 ex
2480 1343 2639 1401 Patre
2677 1362 2773 1417 per
2816 1347 3012 1407 Filium
3050 1352 3319 1425 Spiritum
3359 1374 3490 1428 pro-

1916 1434 2129 1499 cedere,
2181 1437 2396 1491 unicam
2452 1438 2597 1493 illam
2644 1443 2965 1507 essentiam,
3016 1460 3238 1501 causam
3275 1450 3489 1506 discre-

1918 1522 2078 1579 tionis
2109 1526 2280 1593 ponit,
2310 1526 2451 1594 quod
2490 1530 2705 1597 proprie
2761 1531 3085 1587 Arianorum
3143 1546 3265 1603 est;
3324 1548 3488 1607 atque

1913 1615 2114 1672 omissa
2170 1618 2503 1673 discretione
2567 1623 2839 1688 personali
2871 1664 2887 1686 ,
2941 1634 3054 1681 tres
3103 1629 3373 1685 essentias
3418 1630 3487 1685 ab

1915 1706 2145 1763 invicem
2192 1709 2396 1765 divisas
2457 1714 2766 1769 necessario
2821 1715 3107 1786 fatebitur,
3162 1735 3226 1776 ac
3292 1732 3487 1791 praeter

234 1797 471 1849 causalia
506 1807 664 1861 sunt,
695 1801 931 1855 secunda
963 1803 1129 1858 etiam
1163 1820 1342 1861 causa:
1362 1807 1517 1877 juxta
1550 1825 1800 1881 persona-

1915 1814 2132 1855 omnem
2183 1803 2447 1858 rationem
2521 1808 2741 1862 causale
2815 1812 2971 1878 quasi
3024 1828 3243 1869 causam
3297 1824 3483 1885 ponet.

235 1887 332 1941 lem
364 1888 624 1945 ordinem
657 1895 1026 1950 communiter
1052 1896 1159 1951 dici
1203 1911 1454 1968 possunt.

299 1996 403 2049 Sed
437 1997 590 2052 enim
627 1999 717 2053 hic
748 2000 866 2070 ipse
910 2002 962 2057 in
994 2002 1117 2058 aliis
1157 2004 1261 2059 ista
1292 2006 1587 2076 perfectius
1606 2012 1805 2069 distin-

232 2102 421 2157 guens,
477 2088 565 2142 ait
602 2093 975 2147 emanationis
1062 2094 1396 2167 habitusque
1452 2103 1518 2155 ad
1574 2100 1805 2159 invicem

232 2179 621 2246 diﬂ‘crentiam,
678 2184 1095 2254 appellationem
1138 2204 1356 2260 quoque
1404 2189 1600 2249 fecisse
1647 2193 1808 2250 dill‘e-

234 2283 457 2326 rentem.
493 2274 868 2345 Rursumque
891 2278 942 2331 in
980 2280 1228 2337 versibus
1262 2283 1338 2337 ait
1376 2301 1437 2338 τι
1473 2281 1650 2339 Unum
1686 2302 1806 2344 esse

232 2359 395 2414 Deum
430 2378 495 2416 ex
535 2363 699 2421 Patre
752 2380 847 2436 per
892 2367 1087 2423 Filium
1125 2373 1177 2427 in
1225 2386 1476 2451 sanctum
1514 2376 1802 2447 Spiritum,

230 2462 479 2507 manente
514 2454 729 2512 Deitate
762 2458 999 2528 perfecta
1036 2461 1091 2516 in
1137 2464 1313 2520 tribus
1348 2467 1623 2536 perfectis.
1658 2490 1677 2522 ι
1727 2471 1805 2527 Ne

229 2546 279 2599 id
314 2547 562 2614 quidem,
612 2550 759 2618 quod
813 2551 890 2606 ait
950 2553 1316 2614 Damascenus
1354 2559 1489 2630 (19)⁹
1540 2560 1803 2631 Spiritum

226 2650 471 2692 sanctum
537 2640 774 2694 medium
810 2656 931 2697 esse
979 2644 1206 2715 ingeniti
1238 2656 1293 2702 et
1315 2651 1507 2719 geniti,
1538 2655 1801 2722 praedicto

227 2729 532 2784 reluctatur
595 2732 799 2788 ordini.
854 2731 1039 2805 Neque
1085 2739 1228 2795 enim
1260 2754 1359 2810 per
1389 2741 1490 2798 hoc
1547 2744 1637 2801 ille
1678 2762 1804 2817 per-

225 2837 486 2877 sonarum
582 2824 830 2880 ordinem
892 2828 1420 2909 substantialemque
1482 2853 1803 2911 processum

227 2916 439 2969 tradere
480 2915 740 2971 intendit.

292 3032 571 3088 Caeterum
620 3051 746 3091 cum
784 3037 1025 3093 haeretici
1072 3039 1599 3096 consubstantialem
1648 3039 1800 3096 Patri

228 3124 423 3178 Filiam
456 3124 550 3178 vix
583 3129 1000 3194 conﬁterentur,
1033 3128 1298 3199 Spiritum
1334 3142 1515 3186 autem
1547 3144 1801 3187 sanctum

1913 1892 2124 1963 Quippe
2202 1895 2508 1964 hujusmodi
2601 1902 2883 1968 processio
2960 1906 3226 1991 naturalis
3320 1916 3485 1977 atque

1911 1983 2220 2040 essentialis
2264 2001 2386 2041 cum
2445 1986 2558 2052 sit,
2625 2005 2747 2057 quae
2808 1984 3183 2061 producuntur
3247 1999 3486 2053 consub-

1910 2075 2182 2130 stantialia
2238 2076 2343 2132 sibi
2407 2078 2642 2136 invicem
2691 2083 2955 2139 ostendit.

1982 2187 2205 2257 Deinde,
2235 2190 2341 2245 etsi
2396 2192 2864 2251 consubstantiale
2898 2198 3105 2269 signari
3164 2201 3251 2257 his
3298 2203 3481 2261 verbis

1912 2274 2178 2334 veraciter
2206 2278 2432 2347 dicitur,
2482 2283 2855 2352 principaliter
2901 2297 3081 2344 tamen
3120 2306 3477 2361 personarum

1909 2369 2045 2424 ordo
2092 2372 2528 2428 commendatur.
2588 2375 2709 2441 Per,
2749 2379 2918 2447 enim,
2949 2380 3237 2451 particula,
3292 2393 3350 2440 ut
3405 2386 3480 2442 ait

1908 2462 2145 2519 Basilius
2214 2465 2281 2519 ad
2358 2466 2801 2537 Amphilochium
2873 2475 3143 2541 scribens,
3218 2493 3480 2547 personas

1907 2555 2086 2627 primo
2138 2559 2421 2615 discernit.
2460 2559 2873 2632 Consequenter
2918 2576 3099 2621 atttem
3152 2571 3317 2625 etiam
3348 2589 3480 2627 con-

1907 2649 2269 2705 substantiale
2311 2652 2628 2708 introducit.
2664 2654 2819 2710 Sicut
2844 2658 2989 2711 enim
3021 2658 3215 2727 Filius,
3254 2664 3381 2732 quia
3411 2681 3476 2720 ex

1905 2741 2069 2797 Patre
2098 2752 2204 2809 est,
2246 2744 2452 2800 idcirco
2489 2746 2651 2800 etiam
2704 2748 2779 2801 illi
2825 2751 3310 2809 consubstantialis
3342 2766 3427 2811 est
3459 2775 3475 2810 :

1907 2834 1979 2888 ita
2010 2845 2063 2890 et
2109 2836 2163 2889 in
2196 2846 2386 2892 sancto
2416 2838 2645 2908 Spiritu,
2678 2841 2805 2895 dum
2838 2858 2902 2896 ex
2940 2842 3098 2899 Patre
3140 2862 3233 2914 per
3277 2847 3475 2904 Filium

1906 2929 2233 2983 naturaliter
2268 2939 2431 3001 atque
2471 2934 2838 2989 essentialitcr
2886 2950 2915 2990 a
2971 2937 3239 3010 theologis
3272 2946 3476 2998 asseri-

1907 3030 2016 3083 tur,
2090 3022 2287 3090 primo.
2343 3022 2456 3077 haec
2505 3039 2601 3093 per
2649 3023 2846 3080 Filium
2900 3032 3179 3098 processio
3248 3032 3476 3105 ejusque

1906 3112 2165 3168 discretio
2221 3112 2563 3180 insinuatur;
2604 3116 2801 3171 deinde
2843 3119 3006 3173 etiam
3037 3124 3478 3182 consubstantia-

230 3214 328 3268 ηπ
357 3215 574 3270 honore
635 3232 698 3270 ac
722 3216 985 3287 dignm“,
1046 3196 1261 3288 p'enuus
1290 3235 1398 3275 non
1427 3222 1799 3291 dignarentur,
1829 3196 1873 3255 C
1910 3203 2078 3259 litatis
2100 3213 2325 3274 apparet
2355 3206 2519 3260 ratio.
2554 3206 2834 3264 Naturalis
2868 3211 3068 3281 quippe
3091 3224 3141 3267 et
3166 3218 3475 3274 essentialis

227 3306 402 3361 sancti
467 3305 667 3362 Patres
715 3307 865 3364 hunc
909 3308 1079 3365 Deum
1133 3325 1319 3365 verum
1397 3328 1464 3367 ex
1516 3313 1629 3369 Deo
1677 3329 1804 3370 vero

225 3414 365 3466 esse,
395 3408 565 3471 atque
589 3416 657 3455 ex
686 3399 796 3455 Deo
822 3403 1127 3457 secundum
1163 3402 1479 3468 Scripturas
1508 3407 1803 3475 procedere

226 3493 481 3559 scientes,
542 3509 649 3547 non
706 3494 1009 3549 secundum
1069 3496 1380 3553 nativitatis
1425 3514 1798 3570 progressum,

225 3583 315 3636 sed
368 3586 675 3639 secundum
710 3600 1080 3655 processum:
1121 3587 1235 3656 Est,
1286 3588 1530 3657 aiebant,
1575 3591 1799 3660 quidam

225 3672 383 3727 etiam
414 3676 561 3732 alius
616 3678 938 3733 substantia:
972 3680 1183 3745 modus,
1231 3694 1523 3749 processus
1565 3684 1798 3749 scilicet,

227 3770 533 3823 secundum
586 3786 751 3840 quem
799 3772 908 3827 alia
954 3787 1187 3843 persona
1236 3789 1302 3830 ex
1352 3776 1462 3832 Deo
1493 3778 1711 3847 prodit;
1745 3788 1801 3835 et

226 3861 308 3916 hic
335 3872 445 3925 est,
504 3878 614 3930 quo
670 3866 917 3933 procedit
972 3864 1211 3935 Spiritus
1268 3879 1494 3925 sanctus
1544 3871 1793 3941 ejusdem

224 3955 478 4008 essentia!
506 3968 633 4009 cum
654 3954 815 4010 Patre
839 3965 892 4012 et
917 3957 1092 4023 Filio;
1122 3947 1237 4028 qui,
1290 3975 1466 4030 neque
1499 3960 1794 4031 ingenitus,

224 4059 395 4115 neque
423 4047 548 4102 sine
571 4061 739 4102 causa
766 4048 1090 4121 [principio]
1115 4067 1129 4103 :
1165 4066 1272 4105 non
1306 4053 1454 4107 enim
1488 4052 1648 4108 Pater
1676 4064 1793 4122 est;

225 4152 396 4208 neque
449 4154 676 4194 rursum
758 4142 995 4211 genitus,
1047 4143 1176 4213 quia
1234 4160 1335 4199 nec
1387 4142 1580 4212 Filius,
1637 4147 1794 4218 juxta

223 4228 437 4283 scilicet
490 4228 802 4284 nativitatis
847 4232 1274 4300 processionem.
1309 4232 1519 4289 Idcirco
1553 4236 1791 4291 medium

224 4317 443 4389 ingeniti
475 4327 526 4372 et
555 4319 723 4389 geniti
762 4320 1030 4389 Spiritum
1060 4331 1310 4378 sanctum
1338 4326 1529 4379 doctor
1564 4326 1676 4396 (20)
1703 4327 1793 4383 hic

222 4410 371 4465 dixit.
391 4408 724 4481 Ubicunque
740 4412 883 4466 enim
905 4412 1077 4467 tribus
1097 4414 1341 4471 terminis
1362 4416 1577 4485 positis,
1600 4419 1792 4476 tertius

223 4505 286 4554 ab
309 4514 545 4572 utroque.
575 4502 911 4569 reliquorum
945 4504 1267 4575 denegatur,
1292 4508 1596 4563 secundum
1620 4512 1789 4565 diale-
1822 4544 1864 4601 υ

222 4594 368 4648 rtira
401 4595 859 4649 consuetudinem
898 4594 1110 4652 medius
1146 4596 1201 4653 in
1228 4598 1457 4654 aliorum
1495 4602 1785 4671 negatione

222 4700 333 4737 esse
354 4684 621 4739 cernitur.
659 4684 717 4737 Si
748 4686 892 4739 enim
927 4685 1190 4755 Spiritum
1222 4703 1251 4741 a
1272 4672 1446 4745 Patre
1476 4695 1779 4748 secundum

221 4786 333 4826 esse
356 4774 655 4844 putavisset
688 4774 822 4844 (‘11),
852 4790 1132 4847 nunquam
1157 4779 1335 4848 ipsum
1362 4781 1556 4836 ibidem
1582 4798 1677 4853 per
1697 4783 1787 4840 Fi-

223 4862 344 4918 lium
367 4867 510 4920 l‘atri
542 4867 802 4938 conjungi
826 4868 1075 4925 dixisset.
1108 4870 1220 4926 Iloc
1243 4874 1387 4927 enim
1419 4880 1781 4945 quorumdam

225 4957 609 5027 malignitatem
642 4963 841 5032 arguit,
882 4962 1317 5035 magistrumque
1346 4967 1449 5023 sibi
1477 4968 1577 5038 ipsi
1621 4979 1785 5040 atque

223 5046 333 5101 aliis
358 5052 675 5106 consentire
708 5052 987 5109 evidenter
1016 5059 1275 5113 ostendit.
1315 5057 1394 5116 Ne
1427 5060 1533 5117 hoc
1561 5065 1777 5131 quidem

223 5154 451 5209 unquam
491 5144 742 5209 dixisset,
792 5147 1055 5216 Spiritum
1104 5160 1350 5207 sanctum
1390 5169 1455 5208 ex
1497 5155 1656 5212 Patre
1688 5172 1781 5228 per

223 5226 406 5286 Filium
432 5236 747 5305 procedere,
772 5238 1096 5310 Patremque
1131 5244 1516 5312 productorem
1544 5226 1780 5319 Spiritus

224 5337 310 5391 per
368 5325 602 5381 Verbum
669 5344 807 5385 esse.
875 5330 1000 5387 Haec
1064 5335 1209 5389 enim
1279 5339 1624 5406 apertissime
1674 5345 1776 5400 sibi

227 5406 444 5473 invicem
474 5426 753 5478 contraria
792 5435 941 5481 sunt.

290 5531 341 5585 Si
374 5534 496 5602 quis
552 5542 728 5590 tamen
760 5551 1082 5606 processum
1121 5555 1216 5610 per
1250 5540 1448 5597 Filium
1508 5546 1772 5615 Spiritus,

285 5760 395 5828 (l9)
434 5761 686 5818 Damase.
716 5763 753 5816 I.
775 5778 814 5818 tt
846 5760 981 5820 Fide
1005 5769 1215 5825 art/rod.
1247 5785 1302 5825 c.
1334 5771 1417 5828 l8.

288 5830 393 5901 (20)
428 5831 821 5888 Damascenus.

538 5931 806 5991 Panos.
842 5931 956 5991 Gn.
994 5930 1167 5994 CLII.

1552 5840 1577 5855 Δ

1908 3294 2010 3348 ista
2062 3296 2340 3364 processio
2390 3314 2510 3353 esse
2569 3315 2666 3369 pro
2712 3301 2964 3359 confesso
3003 3305 3254 3363 habetur.
3320 3308 3476 3367 Unde

1904 3395 1958 3443 et
1997 3403 2229 3457 magnus
2268 3389 2505 3445 Basilius
2539 3392 2593 3447 in
2649 3393 2744 3449 lib.
2801 3396 3000 3452 Contra
3052 3398 3371 3468 Sabellium,
3424 3418 3474 3460 et

1904 3480 2203 3545 Anomwos,
2246 3483 2402 3552 cujus
2430 3482 2646 3537 initium
2674 3499 2759 3539 esr
2793 3502 2806 3539 :
2840 3488 3164 3543 Adrersarur
3186 3494 3473 3560 gentilitatt'

1902 3567 2235 3634 Judaismus,
2267 3586 2288 3622 ι
2327 3569 2544 3626 Patrem
2621 3583 2677 3628 et
2730 3575 2952 3641 Filium,
3002 3580 3201 3649 inquit,
3248 3585 3475 3641 conﬁte-

1903 3675 2049 3726 mur,
2088 3670 2299 3717 natura:
2346 3672 2529 3718 autem
2578 3664 2865 3724 identitate
2902 3671 3160 3738 quoniam
3199 3688 3264 3729 ex
3313 3675 3473 3730 Patre

1904 3754 2077 3810 Filius
2127 3764 2247 3826 est;
2320 3756 2510 3811 itidem
2565 3757 2731 3827 igitur
2780 3771 2835 3815 et
2887 3761 2940 3816 in
2980 3762 3119 3818 Filio
3175 3775 3230 3818 et
3282 3775 3472 3823 sancto

1902 3847 2107 3917 Spiritu
2137 3848 2453 3906 dicendum.
2480 3869 2498 3902 ι
2527 3850 2630 3918 Qui
2657 3853 2805 3935 enim
2830 3854 3021 3923 aequali
3053 3868 3217 3912 causa
3247 3858 3469 3926 prodiit,

1900 3940 2007 3995 hoe
2045 3951 2130 3997 est
2176 3943 2500 3998 naturaliter
2540 3952 2710 4015 atque
2791 3947 3178 4014 cssentialiter,
3233 3961 3470 4017 constat,

1898 4033 2027 4099 quia
2077 4034 2320 4103 ejusdem
2357 4036 2521 4092 etiam
2572 4047 2788 4093 natura:
2840 4054 2966 4094 cum
3023 4044 3378 4111 producente,
3415 4056 3472 4099 et

1898 4140 2021 4180 cum
2059 4140 2148 4191 eo,
2182 4142 2279 4197 per
2311 4143 2474 4197 quem
2510 4129 2777 4197 procedit,
2803 4140 2904 4185 est.

1970 4241 2296 4310 Quanquam
2347 4240 2512 4295 etiam
2565 4240 2723 4309 juxta
2777 4243 3056 4311 proposita
3090 4245 3363 4312 exempla,
3417 4247 3463 4300 si

1894 4334 2019 4404 quis
2045 4348 2109 4386 ea
2138 4332 2301 4387 etiam
2326 4332 2792 4388 consubstantiale
2817 4336 3193 4391 tantummodo
3219 4336 3464 4392 indicare

1894 4424 2195 4479 arbitratur
2227 4438 2352 4478 cum
2402 4433 2773 4494 consequente
2830 4440 3194 4494 processuum
3242 4427 3458 4492 ordine,

1894 4514 2481 4572 consubstantialitatis
2541 4530 2762 4584 quoque
2819 4516 3080 4570 rationem
3142 4516 3461 4573 introducit.

1897 4608 2053 4671 Nam,
2078 4622 2206 4663 cum
2241 4606 2502 4662 unitatem
2534 4606 2590 4660 in
2621 4606 2909 4672 Trinitate,
2949 4618 3003 4663 et
3037 4607 3360 4665 Trinitatem
3408 4608 3465 4663 in

1896 4701 2103 4755 unitate
2153 4698 2377 4755 credere
2411 4714 2627 4754 summa
2680 4698 2801 4755 ﬁdei
2852 4708 3053 4755 nostra:
3099 4699 3193 4761 sit,
3222 4700 3337 4755 lucc
3369 4717 3469 4772 per

1894 4791 2100 4852 omnia,
2128 4804 2249 4859 quae
2270 4804 2301 4843 a
2333 4790 2613 4860 magistris
2642 4790 2790 4846 dicta
2834 4800 2987 4854 sunt,
3019 4791 3181 4847 simul
3215 4791 3467 4849 infcrun-
3529 4800 3541 4810 '

1892 4896 1999 4951 tur,
2027 4898 2089 4939 ac
2116 4898 2176 4939 sc
2204 4882 2437 4938 invicem
2465 4892 2674 4949 tenent,
2727 4893 2806 4948 ut,
2840 4883 2932 4953 qui
2966 4883 3194 4938 altermn
3225 4884 3465 4940 confessi

1892 4976 2117 5041 fuerint,
2169 4987 2226 5031 et
2278 4976 2548 5047 reliquum
2600 4977 2765 5031 etiam
2823 4978 3212 5037 conﬁteantur.
3266 4974 3332 5030 Et
3377 4978 3467 5031 sic

1892 5070 2265 5141 principaliter
2315 5073 2476 5135 ordo,
2528 5081 2928 5138 cmisequenter
2984 5079 3163 5123 autem
3223 5074 3463 5125 consub-

1889 5158 2239 5226 stant’nditas,
2269 5169 2326 5213 ut
2367 5158 2690 5223 dictumest,
2723 5156 2776 5213 in
2826 5158 3077 5229 personis
3130 5158 3303 5212 lucide
3363 5174 3465 5229 ap-

1890 5263 2059 5323 paret.

1957 5368 2187 5423 Constat
2227 5376 2405 5420 autem
2441 5382 2507 5419 ex
2541 5366 2629 5420 his
2679 5381 2799 5435 quae
2831 5365 2978 5420 dicta
3015 5374 3163 5431 sunt,
3212 5380 3309 5419 eos
3361 5367 3457 5436 qui

1889 5475 1983 5529 per
2022 5458 2219 5514 Filium
2257 5460 2548 5530 procedere
2582 5460 2653 5513 ita
2689 5460 2913 5529 intelligi
2946 5459 3154 5521 volunt,
3192 5459 3458 5527 exemplis

1883 5552 2000 5607 Suis
2032 5559 2270 5616 utentes,
2317 5561 2378 5607 ut
2426 5551 2517 5606 lux
2556 5567 2652 5622 per
2706 5553 2930 5615 vitrum,
2962 5558 3058 5604 aut
3093 5565 3300 5615 aerum,
3348 5551 3454 5616 vel,

1959 5784 2071 5856 (2i)
2114 5783 2228 5840 lloc
2269 5795 2372 5849 cst,
2397 5798 2518 5840 esse
2554 5780 2921 5840 existimasset
2954 5779 3276 5835 secundum.

2986 5935 3027 5993 2
