4010 6588
424 2238 425 2241 η
505 2173 645 2229 Filio
715 2171 1110 2236 attribuemus,
1168 2168 1270 2234 sic,

511 372 585 435 43
1763 377 2078 438 MANUEL

2201 380 2508 457 carne/rs
3348 458 3351 461 Α
3693 387 3759 451 η

512 494 656 548 sicut
684 506 833 562 aqua
868 507 962 563 per
1014 494 1287 556 canalem,
1337 502 1433 548 aut
1496 494 1660 549 homo
1711 509 1810 563 per
1847 497 2095 563 januaat.
2127 499 2486 569 Acontiugit.
2560 501 2711 556 Uuus
2770 502 2914 558 enim
2969 503 3193 558 Omnino
3273 519 3338 558 ac
3401 518 3615 576 semper
3673 508 3759 563 hic

513 584 788 647 contraria
855 584 1082 641 omnino
1139 585 1263 639 tidei
1324 584 1654 641 confessioni
1732 602 1797 641 ac
1887 590 2092 642 sanctis

511 672 767 738 Patribus
800 675 1028 730 sentire.
1069 673 1150 728 llli
1181 674 1327 729 enim
1365 674 1462 744 per
1492 673 1690 729 Filium
1720 675 2087 730 essentialiter

514 767 808 835 procedere
838 767 1136 821 afﬁrmant.
1178 766 1272 822 Isti
1299 776 1509 833 autem,
1541 766 1907 822 essentialiter
1939 767 2085 835 quod

510 860 737 925 dicitur,
765 868 820 914 et
849 858 1193 922 naturaliter,
1220 873 1315 929 per
1337 872 1399 914 ea
1435 874 1558 928 qua:
1583 860 1838 918 aderunt.
1866 859 2087 914 tollunt.

511 952 699 1022 Neque
735 953 883 1007 enim
942 951 1268 1007 naturaliter
1358 963 1522 1021 atque
1578 951 1965 1017 essentialiter,
2006 952 2088 1006 vel

508 1056 653 1110 aqua
686 1057 787 1111 per
819 1040 1068 1096 canalem
1102 1041 1307 1111 prodit,
1338 1042 1418 1097 vel
1474 1041 1639 1096 homo
1683 1055 1779 1110 per
1830 1041 2085 1111 ianuam,

509 1132 595 1191 vel
649 1148 757 1203 per
802 1148 1008 1199 aerem,
1067 1144 1162 1188 aut
1212 1133 1410 1188 vitrum
1450 1133 1617 1189 etiam
1671 1134 1787 1189 lux.
1827 1133 2088 1201 Quininio

507 1240 693 1294 neque
720 1226 1118 1282 ordiuemista
1151 1226 1462 1281 divinarum
1491 1241 1852 1296 personarum
1896 1227 2089 1283 subin-

507 1318 755 1385 sinuant,
823 1334 1000 1389 neque
1050 1312 1400 1390 processum.
1463 1321 1602 1374 Sunt
1654 1320 1800 1375 enim
1861 1320 2088 1377 alterius

508 1410 739 1463 omnino
784 1411 1147 1476 substantiae,
1180 1412 1274 1481 qui
1308 1410 1361 1465 in
1393 1411 1659 1479 exemplis
1709 1422 2085 1479 assumuntur,

509 1501 805 1572 nullusque
825 1504 879 1557 in
902 1505 982 1561 eis
1018 1518 1308 1574 processus
1343 1504 1609 1559 naturalis
1635 1503 1943 1574 inspicitur.

580 1616 854 1682 Quocirca
891 1632 1073 1689 neque
1105 1618 1218 1672 vlux
1268 1632 1364 1689 per
1395 1632 1577 1673 aerem
1610 1616 1848 1687 proprie,
1883 1616 1977 1672 sed
2030 1618 2082 1672 in

508 1727 636 1768 aere
684 1711 916 1767 dicenda
968 1720 1075 1766 εει.
1127 1710 1365 1766 Sanctus
1406 1718 1587 1765 autem
1640 1707 1882 1780 Spiritus
1916 1720 1973 1766 et
2030 1712 2081 1764 in

2196 605 2487 659 processus
2538 604 2639 648 est.
2700 593 2813 649 Deo
2866 596 3013 650 enim
3071 595 3206 649 nihil
3263 612 3501 666 unquam
3562 615 3760 655 novum
3824 629 3839 633 -

2193 683 2389 738 accidit
2452 700 2548 753 per
2594 701 2863 741 summam
2918 687 3064 742 illius
3120 687 3520 758 simplicitatem
3597 701 3761 762 atque

2191 772 2604 842 perfectionem.
2646 776 2927 833 Creatoris
2965 793 3117 842 vero,
3164 778 3307 833 idem
3341 780 3659 848 temporalis
3707 791 3761 837 ιι

2191 877 2436 935 apparet,
2483 880 2537 924 et
2576 870 2814 938 dicitur;
2848 886 2980 935 non,
3012 872 3157 942 quod
3191 872 3268 926 illi
3295 881 3509 943 tempus
3538 874 3761 942 adjicia:

2191 968 2299 1020 tur,
2332 961 2426 1015 sed
2476 961 2587 1017 illis
2614 963 2817 1032 potius,
2843 979 2966 1033 qua:
3000 965 3302 1035 secundum
3356 974 3567 1035 tempus
3592 982 3760 1038 agno-

2189 1061 2369 1114 scunt,
2396 1060 2560 1123 atque
2589 1055 2913 1124 suscipiunt.

2257 1162 2446 1233 Itaque
2478 1167 2777 1221 secundum
2812 1167 2862 1222 id
2893 1166 3140 1238 quidem,
3172 1168 3318 1240 quod
3354 1170 3553 1226 dicitur
3582 1192 3595 1228 :
3625 1193 3644 1227 ι
3682 1175 3757 1230 Ex

2188 1266 2368 1320 quo,»
2401 1256 2596 1312 unicus
2621 1266 2735 1323 est;
2778 1261 3076 1315 secundum
3105 1273 3308 1329 autem,
3335 1264 3483 1332 quod
3510 1264 3714 1333 dicitur
3738 1284 3755 1322 :

2193 1360 2211 1394 ι
2246 1344 2303 1399 lit
2363 1346 2532 1415 quod,
2586 1366 2606 1400 ι
2650 1349 2899 1417 geminus
2953 1359 3038 1404 est
3087 1350 3403 1421 hujusmodi
3444 1370 3754 1424 processus.

2187 1434 2367 1497 Unice
2405 1440 2551 1494 enim
2609 1454 2673 1495 ac
2707 1441 3059 1510 singulariter
3094 1446 3335 1513 procedit
3366 1461 3433 1501 ex
3468 1447 3627 1503 Patre
3664 1466 3760 1518 pt‘!‘

2185 1526 2381 1583 Filium
2402 1531 2705 1600 procedens
2724 1533 2874 1588 velut
2903 1548 2969 1589 ex
3000 1549 3110 1589 uno
3141 1536 3433 1606 principio,
3452 1539 3754 1595 secundum

2186 1620 2405 1681 unicum
2468 1622 2619 1677 illum
2718 1638 2782 1679 ac
2820 1625 3147 1704 simplicem
3214 1640 3530 1696 processum
3594 1644 3756 1683 suout

2186 1712 2482 1782 procedere
2536 1715 2792 1781 dicatur;
2852 1717 3065 1786 adjecta
3124 1727 3303 1773 tamen
3360 1730 3635 1786 creatura,
3688 1722 3756 1777 ad

506 1804 767 1870 Filioest,
789 1817 843 1861 et
861 1818 960 1874 per
981 1803 1178 1859 Filium
1197 1802 1399 1873 prodit.
1430 1800 1544 1857 Non
1571 1802 1736 1872 igitur
1762 1802 2072 1899 istiusmodi
2118 1845 2156 1899 η
2187 1821 2347 1875 quam
2409 1808 2857 1863 sanctilicandam
2899 1810 3193 1879 procedere
3241 1811 3463 1876 dicitur,
3524 1823 3654 1869 tunc
3710 1815 3757 1869 is

509 1898 783 1968 exempla,
822 1895 1249 1951 vel'divinarum
1284 1908 1642 1965 personarum
1699 1893 1970 1957 ordinem,
2000 1895 2078 1947 vel
2118 1893 2153 1899 "
2191 1896 2281 1964 qui
2312 1911 2377 1949 ex
2427 1894 2586 1951 Patre
2619 1912 2714 1967 per
2748 1897 2945 1953 Filium
2978 1900 3245 1968 procedit,
3274 1916 3338 1954 ex
3382 1901 3561 1963 Patre,
3589 1902 3753 1957 etiam

506 1988 1132 2047 consubstantialitatem
1192 1986 1459 2041 indicant.
1495 1985 1629 2062 Iuno,
1664 1986 1709 2040 si
1739 1985 1955 2054 quidem
2002 1985 2082 2040 eis

505 2083 667 2139 tidem
717 2081 918 2139 habere
975 2078 1325 2154 voluerimus,
1396 2076 1811 2132 mluistrationis
1842 2075 2077 2130 cilicium

1346 2176 1405 2222 nt
1477 2167 1640 2222 etiam
1706 2166 2079 2237 proportionis

505 2267 720 2320 ratione
777 2263 1018 2318 ministri
1070 2261 1296 2330 impleat
1351 2274 1577 2315 munus.
1643 2258 1842 2314 Verum
1891 2259 2079 2314 hocet

504 2356 753 2425 ineptum
774 2363 889 2418 est,
920 2361 977 2407 et
1013 2354 1264 2421 impium.
1304 2350 1380 2405 Ea
1414 2351 1606 2421 igitur,
1632 2350 2076 2421 quandoquidem

506 2448 569 2503 in
603 2446 743 2516 ipsis
794 2445 942 2501 nulla
996 2443 1225 2500 unitatis
1276 2445 1440 2510 ratio,
1475 2445 1656 2503 nullus
1702 2445 1838 2501 ordo
1874 2455 1978 2509 est,
2022 2457 2081 2500 ut

504 2539 693 2602 noxia,
718 2537 965 2605 nihilque
993 2538 1060 2591 ad
1117 2537 1169 2590 id
1219 2537 1366 2605 quod
1422 2538 1825 2608 proposuimus,
1863 2552 2079 2593 accom-

506 2630 723 2688 modata
757 2630 1079 2700 rejiciantur
1118 2647 1132 2683 :
1163 2628 1328 2700 idque
1356 2629 1478 2684 ideo
1520 2631 1779 2697 maxime,
1813 2630 2075 2701 quoniam

504 2722 589 2778 eis
640 2720 826 2779 nullus
884 2730 1209 2775 sanctorum
1258 2736 1391 2774 usus
1439 2732 1545 2775 εει.
1595 2718 1660 2774 Et
1708 2720 1841 2775 illud
1895 2732 2074 2777 autem

503 2815 674 2870 simul
710 2823 956 2884 apparet,
1013 2811 1275 2881 Spiritum
1316 2821 1588 2877 sanctum,
1640 2828 1748 2867 non
1802 2812 1930 2882 quia
1983 2828 2079 2882 per

506 2906 708 2962 Filium
755 2909 916 2961 datur
970 2915 1023 2960 et
1049 2907 1316 2965 mittitur,
1377 2905 1497 2958 ideo
1537 2906 1700 2960 etiam
1753 2921 1847 2976 per
1875 2903 2074 2960 Filiqu

508 2999 807 3068 procedere
863 2995 1195 3056 asseverari.
1256 2992 1377 3047 Dari
1436 2997 1606 3055 enim,
1660 2996 1802 3064 quod
1852 2995 2073 3061 dicitur,

506 3092 806 3160 temporale
855 3099 969 3156 est;
1002 3087 1300 3158 procedere
1326 3098 1532 3153 autem,
1567 3098 1854 3143 aeternum.
1887 3088 2075 3159 Neque

2189 2002 2285 2057 per
2313 1986 2510 2042 Filium
2555 1989 2696 2044 mitti
2745 1998 2911 2061 atque
2951 1990 3148 2046 donari
3194 1992 3539 2061 intelligitur.
3579 1995 3757 2064 Atque

2189 2079 2277 2135 ille
2332 2088 2480 2135 totus
2519 2097 2583 2135 ex
2646 2080 2806 2137 Patre
2869 2098 2965 2153 per
3011 2081 3209 2138 Filium
3274 2086 3453 2140 sancti
3516 2085 3755 2154 Spiritus

2188 2186 2488 2242 processus
2521 2176 2588 2228 ad
2619 2182 2949 2240 creaturam,
2985 2176 3177 2232 missio
3235 2185 3487 2241 vocatur,
3524 2192 3648 2247 quae
3700 2179 3753 2231 in

2188 2274 2430 2333 tempore
2461 2265 2518 2319 lit
2550 2274 2772 2335 propter
2808 2276 3141 2333 creaturam,
3181 2284 3300 2337 qua:
3334 2267 3621 2339 temporali
3667 2267 3751 2322 sui

2187 2354 2602 2424 participatione
2651 2355 2878 2420 fruitur,
2950 2347 3229 2425 temporali
3282 2358 3374 2412 illo
3419 2359 3595 2426 spatio
3643 2371 3753 2412 non

2186 2442 2317 2508 Deo,
2348 2446 2443 2501 sed
2471 2446 2629 2501 nobis
2674 2447 2968 2516 applicato.
2999 2446 3062 2502 Et
3091 2458 3175 2504 est
3214 2464 3356 2505 unus
3387 2450 3629 2519 quidem,
3656 2450 3752 2505 sed

2187 2538 2398 2593 ratione
2430 2539 2708 2596 diﬂ‘erens.
2764 2539 2951 2611 Neque
3005 2541 3175 2609 enim,
3208 2542 3336 2612 quia
3379 2542 3753 2610 tetnporaliter

2184 2630 2484 2699 accipimus
2539 2646 2662 2695 nos,
2716 2632 2842 2686 ideo
2905 2634 3200 2701 temporale
3257 2633 3464 2704 aliquid
3529 2636 3584 2687 in
3645 2633 3754 2689 Deo

2184 2724 2366 2776 dicere
2391 2723 2676 2786 debemus,
2722 2722 3149 2779 imbecillitatem
3182 2724 3519 2780 conditionis
3553 2735 3753 2779 nostra:

2185 2812 2260 2866 illi
2297 2813 2654 2884 applicantes.
2707 2812 2918 2883 Neque,
2967 2814 3013 2868 si
3064 2815 3189 2883 quis
3241 2816 3504 2870 hactenus
3549 2829 3750 2880 caecus,

2183 2920 2331 2959 nunc
2364 2906 2596 2975 primum
2640 2905 2911 2971 respicere
2959 2920 3024 2959 ac
3052 2906 3189 2960 solis
3220 2905 3388 2961 radiis
3411 2907 3574 2974 coepit
3606 2903 3747 2961 frui:

2185 2998 2305 3053 ideo
2340 2996 2519 3071 ,etiam
2575 2997 2658 3049 vel
2699 3013 2762 3051 ex
2799 2996 2913 3051 sole
2968 2997 3176 3060 radius,
3213 2997 3295 3051 vel
3335 3013 3399 3050 ea
3460 2998 3612 3051 radio
3658 2998 3749 3050 lux

2183 3106 2330 3145 nutic
2369 3104 2591 3154 manare
2644 3088 2831 3157 erepit.
2864 3088 3094 3142 Constat
3131 3088 3329 3158 quippe
3359 3096 3412 3143 et
3440 3095 3738 3155 antequam

506 3181 771 3252 possibi'e
820 3191 923 3243 est,
972 3179 1119 3249 quod
1169 3172 1465 3247 temporale
1513 3178 1609 3242 sit,
1656 3178 1706 3233 id
1740 3180 1880 3249 ejus,
1930 3182 2074 3249 quod
2105 3197 2149 3255 (ς
2184 3196 2360 3234 caecos
2387 3180 2685 3248 aspiceret.
2712 3177 2814 3232 soli
2845 3188 2900 3232 et
2935 3177 3148 3232 radium
3202 3186 3259 3235 ει
3292 3178 3467 3249 lucem
3498 3180 3752 3233 similiter

505 3290 672 3346 supra
707 3283 922 3341 tempus
965 3286 1073 3335 est,
1106 3287 1328 3325 causam
1368 3285 1508 3325 esse.
1548 3269 1735 3340 Itaque
1775 3273 2072 3326 secundum

506 3360 925 3422 substantialcm
953 3377 1266 3431 processum
1292 3377 1450 3416 suum
1479 3378 1543 3415 ex
1570 3360 1726 3416 Patre
1760 3377 1855 3431 per
1880 3359 2074 3431 Filium

502 3458 801 3529 procedere
855 3463 1079 3509 sanctos
1137 3452 1374 3522 Spiritus
1424 3453 1726 3519 asseritur;
1767 3420 2077 3510 substantia

506 3548 728 3620 quippe,
772 3547 917 3601 sicut
937 3555 992 3602 et
1015 3543 1320 3616 processio,
1354 3555 1556 3597 tetertta
1585 3553 1690 3600 est.

575 3662 713 3718 illud
734 3669 916 3718 autem
946 3672 1052 3712 una
1084 3658 1421 3720 insinuatur,
1453 3657 1605 3711 illum
1638 3673 1669 3712 a
1704 3657 1843 3713 Filio
1870 3660 2076 3733 idcirco

504 3756 624 3811 dari
712 3766 767 3811 et
832 3752 997 3818 mitti,
1069 3751 1220 3822 quia.
1291 3749 1597 3805 secundum
1662 3751 2074 3807 substantialem

504 3858 826 3918 processum
865 3857 1050 3906 suum,
1092 3842 1256 3895 etiam
1318 3836 1419 3909 per
1446 3841 1623 3909 ipsum
1673 3849 1775 3895 est.
1811 3839 1882 3895 Ut
1928 3845 2073 3897 enim

504 3945 707 3993 contra
728 3937 925 3989 Arium
949 3935 1201 3987 scribens
1234 3946 1463 4003 ningues
1492 3930 1829 3988 Athanasius
1856 3933 2036 4003 inquit
2063 3953 2075 3987 :

500 4038 533 4082 ἰ
580 4030 626 4083 Α
671 4042 782 4098 quo
832 4025 953 4081 dari
998 4025 1289 4093 oportebat
1344 4024 1607 4091 Spiritum
1664 4025 1767 4080 nisi
1819 4027 1888 4080 ab
1938 4029 2076 4098 ipso,

507 4119 667 4191 cujus
718 4117 842 4172 est?
893 4117 1045 4171 Alias
1097 4118 1299 4186 quippe
1332 4117 1585 4170 minister
1625 4127 1769 4172 esset
1806 4118 1996 4185 Filius,
2031 4125 2079 4177 si

506 4212 651 4282 quod
710 4225 819 4266 non
887 4224 985 4281 per
1044 4224 1105 4264 se
1152 4210 1473 4263 naturaliter
1537 4211 1884 4280 procederet,
1948 4216 2077 4269 dare

506 4308 802 4360 diceretur.
842 4320 862 4355 ι
920 4299 1099 4356 Simul
1130 4301 1293 4355 etiam
1331 4302 1486 4356 fateri
1544 4297 1890 4372 cogeremur,
1938 4303 2076 4360 Filio

507 4405 563 4451 et
597 4393 830 4467 Spiritui
883 4402 1078 4449 sancto
1130 4393 1506 4462 temporaliier
1537 4393 1745 4464 aliquid
1776 4395 2028 4451 accidere
2062 4413 2077 4450 :

508 4487 589 4543 illi
619 4485 848 4546 scilicet,
876 4484 1009 4540 dare
1027 4523 1043 4548 ,
1079 4481 1206 4539 huic
1234 4482 1372 4537 dari.

581 4602 754 4657 Porro
784 4599 860 4664 id,
891 4611 1003 4667 quo
1046 4599 1252 4667 posito,
1318 4597 1523 4665 ineptia
1554 4594 1715 4650 simul
1770 4605 1824 4650 et
1855 4598 2080 4651 menda-

507 4697 654 4752 cium
712 4684 984 4763 sequitur,
1026 4690 1271 4761 ineptnm
1338 4691 1414 4742 sit
1467 4697 1523 4741 et
1569 4689 1800 4742 mendax
1860 4703 2084 4744 necesse

508 4798 611 4844 est.
659 4786 738 4840 Ex
785 4800 896 4855 quo
949 4783 1123 4852 liquet
1156 4794 1264 4836 non
1296 4794 1418 4835 esse
1446 4780 1723 4848 geminum
1762 4794 2076 4848 processum

511 4881 790 4952 Spiritus;
883 4876 1239 4946 temporalem
1330 4873 1561 4926 alterum
1638 4873 1903 4934 alterum,
1963 4874 2081 4927 sine

511 4968 778 5041 tempore.
804 4969 1052 5025 Primum
1094 4966 1341 5036 quidem,
1371 4964 1501 5031 quia
1536 4962 1720 5016 nullus
1763 4972 2075 5017 sanctorum

509 5068 732 5121 Patrum
763 5064 867 5117 hoc
896 5058 1075 5125 dixit;
1099 5056 1313 5121 deinde,
1372 5054 1524 5122 quia,
1563 5054 1609 5106 si
1644 5052 1695 5107 id
1730 5053 1986 5108 concedat
2013 5068 2077 5116 .r,

508 5157 695 5226 inepta
752 5162 809 5208 et
841 5150 1063 5219 indigna
1110 5128 1342 5218 plurima
1374 5152 1675 5215 cmergeut.
1715 5145 1822 5199 Sed
1883 5145 2078 5198 unicus

507 5265 642 5304 sane
709 5257 1004 5316 processus
1081 5252 1246 5309 atque
1308 5248 1544 5292 aeternus
1597 5245 1715 5299 est,
1772 5237 2073 5290 secundum

504 5355 669 5413 quem
734 5355 804 5394 ex
872 5338 1039 5393 Patre
1105 5350 1204 5405 per
1268 5331 1466 5387 Filium
1539 5341 1766 5386 sanctus
1833 5337 2078 5401 procedit

506 5434 768 5506 Spiritus.
828 5428 1109 5484 Creatoris
1152 5433 1332 5480 autem
1387 5440 1510 5494 quae
1565 5435 1704 5493 apta:
1769 5439 1842 5478 ac
1898 5426 2073 5496 digna:

508 5526 734 5589 iuerint,
766 5523 834 5578 ad
875 5518 1190 5590 huiusmodi
1225 5531 1517 5588 processus
1546 5517 1866 5587 capiendam
1901 5517 2078 5571 nono-

511 5633 635 5674 nem
690 5626 855 5684 atque
907 5612 1351 5675 illustrationem,
1388 5610 1630 5678 prodire,
1662 5622 1728 5662 ac
1785 5608 1987 5672 lucere,
2021 5618 2076 5661 et

486 5692 790 5782 'prol'nndi,
824 5722 889 5763 ac
939 5705 1056 5761 dari
1088 5719 1182 5775 per
1212 5702 1412 5759 Filium
1443 5703 1663 5767 dicitur,
1703 5710 1867 5772 atque
1921 5711 2075 5767 tunc,

507 5805 652 5877 quod
702 5804 754 5860 in
789 5804 971 5874 seipse
1025 5809 1285 5855 :cternum
1338 5807 1441 5864 est,
1507 5797 1614 5853 illis
1693 5795 2073 5866 temporaiter

2183 3289 2214 3327 a
2239 3270 2451 3335 ifuissc,
2485 3271 2805 3338 radiumque
2840 3269 3096 3324 similiter
3120 3270 3508 3339 perstrinxisse
3540 3271 3752 3333 fulgore

2183 3362 2390 3417 oculos.

2255 3452 2522 3520 Quocirca
2556 3451 2720 3505 etiam
2771 3449 3098 3505 mirabilimn
3151 3459 3396 3520 patrator
3430 3450 3751 3521 Gregorius,

2186 3549 2239 3602 in
2294 3548 2453 3610 liliro,
2509 3546 2668 3614 cujus
2723 3543 2936 3598 initium
2992 3551 3073 3595 est
3110 3559 3122 3596 :
3165 3544 3533 3598 lnimicissimi
3593 3554 3752 3613 atque

2183 3639 2339 3692 alicui
2372 3638 2435 3689 ob
2489 3635 2785 3704 apostolica
2818 3635 3582 3705 confessione,processionem
3614 3639 3752 3692 lianc

2186 3746 2540 3786 emissmuem
2597 3730 2985 3797 sempiternam
3040 3728 3352 3796 appellavit.
3397 3730 3561 3798 Atqui
3621 3731 3751 3785 huic

2185 3834 2463 3889 nunquam
2491 3828 2633 3872 esset
2662 3816 2977 3885 temporalis
3008 3818 3313 3871 aeternitas.
3345 3816 3437 3870 Ait
3465 3818 3703 3887 denique
3734 3837 3749 3873 :

2192 3933 2208 3964 ‹
2248 3913 2524 3982 Iugeuitus
2556 3907 2776 3979 quidem
2824 3906 2985 3961 Pater
3020 3922 3143 3961 eum
3178 3908 3269 3970 sit,
3312 3908 3527 3977 genitus
3564 3922 3748 3966 autem

2181 4024 2248 4062 ex
2310 4006 2466 4059 Patre
2520 4001 2714 4064 Filius,
2770 4006 3106 4070 sanctusque
3145 4000 3383 4068 Spit-itus
3437 4017 3503 4057 ex
3566 4002 3747 4060 Patris

2180 4099 2411 4154 essentia
2447 4094 2781 4163 sempiterno
2815 4108 2908 4162 per
2951 4090 3145 4145 Filium
3182 4093 3495 4149 emissus..-

2254 4214 2359 4267 Sed
2415 4222 2468 4265 et
2530 4210 2814 4285 theologus
2856 4206 3174 4276 Gregorius,
3208 4208 3260 4262 in
3307 4208 3445 4264 libro
3476 4200 3637 4278 quem
3683 4211 3753 4265 ad

2186 4305 2454 4359 lleronem
2487 4302 2873 4371 philusopltum
2910 4300 3152 4370 soripsit,
3186 4301 3541 4356 emissionem
3575 4306 3749 4360 sancti

2170 4398 2418 4468 Spiritus
2463 4395 2733 4465 prepriam
2782 4393 2962 4457 dixit;
3008 4395 3305 4462 temporale
3372 4405 3556 4451 autem
3610 4412 3754 4451 nun-

2189 4505 2350 4561 quam
2383 4503 2505 4542 esse
2536 4488 2735 4556 poterit
2771 4485 2943 4540 Sancti
2979 4484 3217 4554 Spiritus
3253 4488 3554 4556 preprium.
3589 4486 3754 4542 Certe

2186 4584 2332 4636 enim
2366 4580 2433 4644 si,
2463 4580 2723 4648 quoniam
2752 4593 2781 4633 a
2808 4574 2948 4632 Filio
2984 4579 3146 4632 datur
3179 4587 3234 4632 et
3263 4579 3517 4643 mittitur,
3550 4580 3754 4635 idcirco

2184 4674 2352 4727 etiam
2404 4686 2498 4741 per
2536 4685 2661 4724 eum
2720 4670 3014 4739 procedere
3070 4667 3304 4730 dicitur,
3358 4670 3532 4725 ucstri
3587 4671 3753 4740 igitur

2182 4776 2349 4817 causa
2409 4760 2770 4813 substantiam
2814 4754 3023 4820 habet,
3091 4757 3390 4811 secundum
3451 4773 3612 4828 quam
3684 4775 3754 4815 ex

2180 4853 2342 4911 Patre
2392 4866 2484 4923 per
2533 4850 2728 4905 Filium
2764 4859 2866 4903 est.
2921 4848 3023 4902 Sed
3075 4857 3130 4903 et
3178 4864 3341 4917 quem
3397 4850 3753 4906 introducunt

2168 4943 2559 5013 temporalem,
2595 4940 2844 5011 sequitur
2876 4948 2935 4992 ut
2962 4949 3014 4992 et
3061 4939 3176 5007 ipse
3226 4948 3446 5008 propter
3494 4954 3590 4992 nos
3621 4949 3755 4992 suo-

2182 5038 2436 5094 stantiam
2496 5037 2713 5088 Itaheat.
2767 5032 2921 5099 Quod
2981 5033 3026 5085 si
3091 5030 3273 5096 detur,
3329 5041 3447 5085 erat
3531 5031 3751 5102 utique,

2183 5127 2402 5197 quando
2456 5140 2561 5178 non
2613 5132 2767 5188 erat;
2816 5112 3146 5192 rursumque
3196 5136 3321 5176 cum
3375 5121 3574 5188 fuerit,
3628 5140 3753 5178 esse

2185 5219 2432 5274 desistet.
2475 5215 2580 5270 Sed
2633 5218 2743 5269 lucc
2797 5214 2961 5283 impia
3016 5222 3163 5268 sunt.
3221 5211 3336 5267 Non
3384 5228 3555 5284 ergo,
3602 5216 3751 5282 quod

2155 5310 2528 5381 ‘proponitur,
2563 5324 2751 5361 verum
2792 5316 2894 5361 cst.
2947 5306 3213 5361 Praeterea
3246 5316 3299 5361 et
3327 5308 3564 5361 eximius
3594 5305 3751 5363 Basi-

2182 5404 2286 5457 lius
2318 5402 2369 5453 in
2414 5401 2507 5453 lib.
2540 5398 2605 5453 IV
2640 5398 3005 5464 Qttu'stionuut
3034 5397 3110 5450 ait
3142 5412 3155 5449 :
3196 5414 3214 5447 t
3250 5393 3368 5450 Non
3399 5397 3450 5449 in
3483 5408 3747 5467 tempore,

2182 5498 2327 5566 quod
2375 5493 2572 5563 prodiit
2633 5509 2696 5545 ex
2773 5491 2904 5556 Deo,
2972 5489 3200 5558 prodiit,
3231 5480 3360 5544 'etsi
3405 5488 3461 5544 in
3507 5500 3753 5561 tempore

2183 5587 2371 5643 ellicax
2405 5586 2551 5641 illius
2587 5582 2729 5639 actio
2769 5584 3059 5648 reddatur,
3098 5598 3116 5630 ι
3149 5583 3480 5636 mentionem
3535 5582 3750 5638 scilicet

2182 5681 2247 5734 de
2280 5690 2466 5735 sancto
2497 5677 2699 5745 Spirittt
2740 5673 2966 5728 faciens.

2256 5796 2519 5863 Quoniam
2575 5796 2739 5869 igitur
2788 5794 3025 5864 Spiritus
3074 5802 3299 5851 sanctus
3328 5811 3393 5853 ex
3445 5796 3600 5852 Patre
3655 5810 3750 5866 per
