4010 6582
262 408 332 469 ιδ
1385 391 1782 453 ADVERSUS
1821 387 2137 448 GRAECOS
2179 387 2319 448 LIB.
2364 387 2409 446 ι.
3442 379 3507 442 ts

262 528 454 582 Filium
488 519 836 575 naturaliter.
875 523 927 568 et
970 512 1355 571 essentialiter,
1388 520 1441 563 et
1474 519 1674 561 aeterne
1701 521 1826 575 pro-
1859 510 1900 562 Α
1933 501 2093 555 Patre
2140 510 2195 555 et
2240 500 2373 555 Filio
2406 508 2611 554 natura?
2668 507 2831 569 atque
2863 496 3113 554 essentia:
3163 506 3264 552 est.
3313 498 3383 552 At
3431 497 3506 563 id,

261 619 457 675 cedere
494 629 522 663 a
573 608 838 677 theologis
887 606 1186 666 asseritur,
1248 604 1394 672 quod
1426 610 1610 655 autem
1649 613 1835 667 proce-

275 712 397 762 dere
467 706 709 764 dicitur,
768 712 1062 768 processus
1138 696 1347 751 ratione
1425 694 1573 747 illum
1636 690 1836 744 habere

267 799 631 856 substantiam
684 796 927 859 indicat,
988 792 1133 846 sicut
1184 790 1347 843 etiam
1406 786 1578 856 gigni,
1632 783 1833 838 Filium

264 876 570 944 nativitatis
613 887 833 941 ratione
866 882 1204 946 subsistere;
1245 893 1407 933 omne
1446 886 1654 939 autem,
1688 875 1835 944 quod

260 998 356 1052 per
406 980 637 1048 aliquod
694 976 1057 1033 essentialiter
1107 972 1469 1030 substantiam
1524 971 1718 1033 habet,
1769 982 1836 1021 ex

263 1075 351 1126 illo
386 1073 554 1125 etiam
589 1081 713 1125 est:
743 1077 958 1125 constat
982 1066 1252 1137 profecto,
1287 1064 1551 1134 Spiritum
1582 1071 1832 1116 sanctum

258 1179 320 1218 ex
344 1161 497 1216 Filio
551 1175 676 1216 esse
769 1169 933 1229 atque
972 1158 1289 1229 procedere.
1321 1155 1428 1209 Aut
1487 1153 1632 1209 enim
1692 1150 1838 1222 quod

259 1254 490 1318 dicitur,
516 1269 637 1323 per,
677 1250 815 1306 nihil
865 1250 919 1303 in
974 1248 1149 1303 sancti
1201 1245 1439 1316 Spiritus
1488 1243 1838 1313 processione

256 1346 613 1400 cotnmendat
641 1384 655 1406 ,
698 1352 799 1397 aut
843 1338 1191 1395 commendat
1227 1338 1473 1408 quidem,
1509 1337 1601 1391 sed
1635 1336 1839 1405 imper-

261 1439 467 1491 fectum
502 1435 731 1504 aliquid,
763 1444 854 1487 aut
892 1432 1249 1486 instrumenti
1280 1430 1465 1498 implet
1492 1429 1692 1491 vicem,
1721 1436 1839 1490 aut,

259 1530 401 1583 sicut
426 1544 527 1597 per
559 1529 767 1592 locum,
799 1535 893 1580 aut
924 1536 1164 1591 tempus,
1200 1532 1292 1577 aut
1330 1531 1482 1577 certe
1516 1537 1611 1591 per
1641 1521 1837 1576 Filium

255 1621 612 1681 naturaliter,
642 1631 694 1674 et
728 1632 1021 1687 processus
1064 1617 1303 1679 ratione,
1336 1625 1498 1684 atque
1536 1611 1841 1668 essentiali-

262 1724 347 1767 ter
384 1714 685 1783 procedere
738 1711 1002 1781 Spiritum
1054 1719 1306 1763 sanctum
1348 1706 1649 1762 secundum
1700 1721 1843 1773 pro-

258 1808 447 1875 prium
499 1805 722 1858 modum
774 1804 1099 1859 substantiae
1152 1800 1519 1855 commendat.
1572 1797 1675 1851 Sed
1716 1811 1839 1848 cum

254 1910 455 1951 caetera
492 1897 545 1949 in
585 1904 798 1959 sancta,
830 1904 996 1964 atque
1030 1890 1572 1962 supersubstantiali,
1605 1896 1659 1942 et
1707 1888 1841 1940 sim-

262 1987 698 2057 pliri.Trinitate
744 2000 1018 2054 nusquam
1073 1984 1252 2037 locum
1312 1982 1585 2041 habeant,
1621 1980 1843 2032 omnino

263 2074 580 2127 necessario
620 2073 971 2142 relinquitur,
1003 2080 1061 2125 ut
1105 2072 1376 2132 dicamus,
1410 2084 1522 2135 per,
1569 2083 1597 2121 a
1641 2065 1843 2120 sanctis

264 2165 525 2220 l‘atribus
558 2182 668 2219 non
723 2164 925 2219 frustra
960 2164 1250 2225 insertum,
1282 2172 1443 2230 atque
1472 2161 1525 2215 id
1562 2176 1667 2214 una
1694 2174 1846 2212 com-

268 2260 545 2321 mendare,
572 2258 716 2327 quod
753 2274 818 2313 ex
849 2258 1007 2312 Patre
1036 2272 1130 2326 per
1170 2254 1370 2309 Filium
1407 2252 1846 2308 substantialiter

254 2346 413 2412 juxta
470 2362 638 2398 unam
725 2329 1087 2415 eamdemque
1143 2344 1553 2414 processionem
1601 2344 1847 2412 procedit

262 2438 504 2507 Spiritus
562 2450 809 2494 sanctus.
860 2440 1091 2494 Prorsus
1148 2439 1292 2500 enim
1327 2477 1341 2500 ,
1390 2452 1504 2505 per,
1541 2436 1595 2489 in
1644 2435 1846 2504 quibus

258 2534 589 2597 assumitur,
625 2532 952 2601 praecedenti
982 2546 1160 2586 causae
1185 2530 1470 2585 concurrit
1495 2529 1561 2583 ad
1597 2530 1843 2583 eamdem

260 2622 635 2686 efﬁcientiam,
666 2638 831 2691 quam
861 2622 954 2675 illa
983 2620 1411 2691 spectat.Atque
1437 2619 1539 2672 hoc
1567 2619 1674 2673 late
1703 2628 1848 2688 patet

261 2714 479 2784 singula
513 2714 955 2783 iuspicientibus.

335 2805 476 2860 Nam
512 2822 637 2861 cum
678 2807 889 2860 fructus
915 2820 979 2859 ex
1011 2804 1192 2859 radice
1219 2818 1312 2873 per
1348 2820 1560 2859 ramum
1597 2803 1843 2872 prodeat,

264 2912 456 2952 ramus
480 2899 640 2967 juxta
688 2898 1008 2952 seminaiem
1055 2906 1266 2951 natura:
1305 2896 1595 2959 rationem,
1638 2910 1758 2965 quae
1791 2895 1847 2948 in

262 2988 451 3042 radice
490 2999 579 3042 est
615 2990 680 3042 ad
717 2987 1062 3042 efﬁcientiam
1091 3001 1383 3057 processus
1412 2986 1689 3041 fructuum
1722 3001 1845 3039 (um

266 3082 452 3135 radice
514 3080 823 3134 contendit.
887 3080 1066 3147 Atque
1122 3079 1177 3132 in
1245 3077 1523 3147 praedictis
1591 3078 1847 3131 omnibus

264 3173 577 3240 exemplis,
614 3171 704 3240 qui
761 3172 1035 3241 ingenium
1092 3184 1351 3224 exercere
1400 3169 1651 3232 voluerit,
1706 3170 1843 3223 idem

262 3281 532 3333 apparere
562 3265 877 3335 perspiciet.
912 3263 1017 3317 Sed
1056 3263 1108 3316 in
1157 3262 1240 3316 bis
1285 3277 1528 3331 quoque,
1562 3263 1614 3313 in
1649 3262 1850 3330 quibus

266 3375 356 3411 ars
393 3368 683 3427 Operatur,
738 3374 911 3424 serra,
946 3359 1096 3413 verbi
1144 3359 1340 3428 gratia,
1376 3374 1470 3427 per
1500 3372 1662 3426 quam
1700 3355 1853 3409 faber

262 3452 499 3518 gradum
552 3451 794 3520 ligneum
849 3450 1017 3514 facit,
1055 3453 1123 3506 ad
1158 3450 1335 3515 illum,
1368 3465 1476 3504 non
1513 3451 1580 3503 ad
1622 3448 1852 3503 alterius

264 3544 486 3611 generis
546 3542 797 3608 eﬂpctum
847 3544 1044 3598 artifici
1083 3552 1433 3613 eoopcratur.
1470 3541 1657 3611 Neque
1703 3541 1849 3594 enim

270 3632 342 3683 illi
390 3634 458 3685 ad
493 3634 928 3689 calefaciendum
992 3635 1107 3688 sive
1141 3632 1853 3702 dealbandumcooperabi-

269 3733 375 3786 tur,
408 3725 574 3795 idque
606 3742 701 3795 per
736 3730 880 3797 quod
928 3729 1171 3781 trahitur
1202 3727 1480 3789 machina,
1512 3725 1749 3780 trahenti
1782 3724 1851 3778 ad

268 3818 697 3885 pertractionem
734 3820 919 3873 oneris
954 3819 1361 3889 cooperabitur.

338 3912 419 3963 Ac
454 3910 501 3964 si
545 3911 766 3980 quidem
817 3928 975 3968 serra
1000 3914 1163 3968 homo
1196 3923 1362 3978 esset,
1400 3914 1543 3969 sicut
1575 3922 1631 3967 et
1672 3913 1844 3979 faber,

272 4012 323 4056 et
356 4004 500 4058 idem
554 4007 740 4069 liouio,
771 4005 1230 4075 quemadmodum
1270 4008 1323 4060 in
1370 4005 1531 4061 Patre
1596 4015 1651 4060 et
1712 4006 1852 4061 Filio

268 4096 412 4150 idem
454 4106 543 4151 est
589 4095 755 4163 Deus,
811 4106 1026 4152 secaret
1061 4108 1113 4152 et
1165 4100 1303 4168 ipsa,
1346 4100 1492 4153 sicut
1547 4108 1601 4152 et
1649 4099 1845 4153 faber:

272 4189 530 4258 quodque
556 4203 655 4257 per
678 4203 887 4242 serram
918 4189 1087 4252 fieret,
1115 4189 1255 4243 idem
1284 4200 1450 4255 esset,
1472 4192 1619 4259 quod
1650 4206 1681 4245 a
1700 4207 1851 4247 serra

273 4282 445 4337 ﬁeret.
491 4282 550 4335 Si
575 4286 759 4335 autem
798 4282 849 4334 in
887 4282 1087 4350 quibus
1116 4292 1198 4336 est
1234 4292 1428 4338 natura
1476 4284 1753 4352 dificrens,
1787 4301 1850 4341 ea

274 4390 369 4445 per
399 4391 527 4444 qua
557 4375 767 4444 aliquid
798 4375 892 4437 fit,
928 4382 1298 4443 cooperantur
1337 4378 1421 4431 his
1453 4378 1545 4445 qui
1584 4393 1641 4433 se
1674 4378 1850 4447 primo

272 4478 519 4553 moveut,
544 4482 609 4521 ac
632 4482 729 4537 pro
757 4468 921 4521 modo
944 4482 1045 4522 suo
1070 4483 1174 4522 una
1203 4482 1368 4523 causa
1396 4469 1531 4523 fiunt
1556 4487 1569 4522 :
1599 4470 1680 4525 vel
1707 4472 1850 4527 sicut

1938 595 2085 663 quod
2115 594 2338 657 dicitur,
2377 608 2470 661 per
2520 590 2717 646 Filium
2752 590 2933 646 omnia
2971 590 3237 660 producta
3282 605 3423 652 esse,
3456 600 3513 644 et
3572 578 3576 585 ’

1938 687 2134 741 Filium
2167 699 2329 741 unam
2378 701 2499 740 cum
2535 685 2692 739 Patre
2724 699 2968 747 causam,
3011 698 3287 752 unutnque
3317 684 3513 737 condio

1940 790 2111 833 torem
2143 776 2718 846 commendat.ltaque
2738 776 2893 843 longe
2928 776 3121 841 magis.
3152 777 3293 841 quod
3314 774 3512 829 dicitur

1942 885 2036 939 per
2066 868 2263 926 Filium
2299 870 2615 938 procedere,
2647 867 2824 936 ipsum
2859 882 3078 936 quoque
3110 866 3305 923 Filium
3341 881 3511 921 unum

1936 983 2066 1023 cum
2110 966 2271 1022 Patre
2323 966 2709 1035 produ‘ctorem
2763 981 2921 1025 esse.
2972 964 3283 1019 necessario
3350 963 3510 1017 fateri

1936 1069 2095 1131 coget
2121 1079 2133 1114 :
2168 1074 2345 1128 eoque
2386 1058 2579 1127 magis,
2606 1073 2715 1126 quo
2741 1066 2795 1111 et
2826 1072 2919 1127 per
2948 1055 3188 1111 Verbum
3222 1056 3516 1125 productor

1944 1153 2185 1223 Spiritus
2239 1151 2462 1205 dicitur.
2513 1150 2647 1203 Nam
2702 1150 2748 1205 si
2804 1148 2961 1203 Pater
3009 1148 3161 1203 solus
3215 1148 3514 1215 productor

1941 1254 2109 1310 esset,
2152 1258 2216 1299 ac
2266 1244 2570 1312 producere
2620 1242 2697 1295 illi
2758 1238 3120 1295 substantiale
3173 1248 3355 1302 esset,
3406 1255 3512 1292 non

1938 1338 2242 1410 productor
2275 1353 2369 1406 per
2410 1335 2647 1391 Verbum
2696 1336 2877 1389 dictus
2913 1334 3124 1388 fuisset.
3173 1331 3307 1397 Qua:
3366 1332 3513 1387 enim

1943 1430 2321 1488 substantialia
2378 1445 2737 1499 personarum
2779 1438 2927 1491 sunt,
2961 1428 3276 1482 communia
3306 1426 3515 1481 exteris

1942 1544 2064 1583 esse
2110 1543 2215 1582 non
2274 1537 2523 1593 possunt.
2575 1525 2817 1593 Exempli
2865 1541 3074 1589 causa,
3117 1524 3162 1578 si
3213 1533 3364 1594 pater
3419 1538 3515 1591 per

1944 1619 2183 1688 aliquem
2238 1627 2396 1688 pater
2426 1628 2593 1681 esset,
2627 1616 2925 1687 paternitas
2974 1616 3120 1670 illius
3158 1614 3517 1671 substantiale

1943 1723 2065 1762 esse
2096 1721 2204 1761 non
2233 1716 2439 1776 posset.
2473 1707 2576 1761 Sed
2605 1708 2671 1761 de
2701 1707 2785 1761 his
2816 1716 3002 1775 postea
3037 1706 3269 1761 dicetur.

2018 1818 2173 1873 Nune
2200 1818 2440 1888 Cyrillus
2485 1817 2827 1871 admirabilis
2860 1818 3185 1872 auctoritate
3216 1830 3336 1880 sna,
3366 1814 3512 1885 quod

1949 1911 2376 1981 pr0posuimus,
2433 1910 2675 1965 roboret.
2730 1911 2780 1965 Is
2837 1910 2982 1965 enim
3040 1910 3093 1963 in
3145 1909 3389 1964 secundo
3446 1908 3512 1962 ad

1944 2001 2221 2056 Hermiam
2254 2001 2417 2065 libro,
2456 2002 2536 2055 sic
2570 2002 2683 2055 ait:

2023 2132 2041 2165 ι
2082 2112 2343 2168 Sanctum
2392 2124 2571 2168 autem
2619 2114 2881 2183 Spiritum
2936 2113 3107 2177 dices,
3151 2113 3240 2183 qui
3288 2128 3353 2168 ex
3404 2112 3447 2166 D
3483 2126 3517 2167 ο

1948 2204 2107 2260 Patre
2138 2221 2233 2274 per
2263 2205 2461 2260 Filium
2496 2207 2817 2283 naturaliter
2845 2204 3210 2275 profunditur,
3244 2221 3330 2273 ar,
3375 2205 3517 2261 sicut

1946 2296 2001 2349 in
2045 2296 2215 2366 figura
2248 2297 2625 2366 respirationis
2660 2297 2773 2351 oris
2800 2296 2971 2351 nostri
3006 2312 3159 2351 suam
3196 2297 3354 2351 nobis
3387 2298 3517 2351 sut-
3546 2288 3553 2295 “

1948 2388 2201 2467 stantiam
2235 2388 2459 2444 indicat.
2505 2409 2523 2440 ι

2020 2499 2075 2552 Si
2136 2499 2297 2567 igitur
2356 2500 2524 2566 figura
2590 2502 2966 2569 respirationis
3026 2500 3137 2555 oris
3194 2500 3365 2554 nostri
3419 2515 3517 2569 pro

1948 2593 2201 2659 exemplo
2257 2602 2470 2661 sumpta
2514 2604 2619 2653 est,
2657 2594 2803 2661 quod
2870 2609 2963 2658 per
3022 2593 3219 2647 Filium
3282 2593 3519 2660 Spiritus

1950 2685 2206 2754 procedat
2234 2703 2248 2738 :
2283 2700 2343 2739 os
2376 2686 2519 2738 enim
2558 2685 2735 2739 Patris
2762 2684 2953 2738 Filium
2986 2686 3157 2739 sancti
3184 2684 3369 2738 Patres
3400 2700 3521 2738 esse

1947 2777 2142 2841 aiunt;
2173 2777 2255 2830 vel
2294 2776 2457 2830 etiam
2494 2788 2713 2844 propter
2751 2779 3134 2832 insumntionis
3168 2778 3312 2831 illius
3345 2776 3519 2841 signi-

1951 2870 2294 2931 ficationem,
2346 2869 2565 2939 quando
2625 2869 2908 2924 insufﬂans
2956 2870 3218 2939 Spiritum
3268 2878 3517 2924 sanctum

1947 2959 2233 3029 discipulis
2266 2960 2529 3013 Dominus
2567 2959 2750 3015 dedit:
2792 2960 2933 3013 sicut
2961 2960 3012 3012 in
3055 2962 3521 3031 consequentibus

1949 3050 2375 3116 monstrabitur;
2414 3049 2517 3104 hoc
2548 3059 2724 3104 autem
2752 3050 3027 3120 propriam
3061 3051 3218 3105 nobis
3260 3053 3518 3106 substan-

1949 3144 2079 3196 tiam
2142 3142 2447 3215 significat:
2487 3152 2733 3203 constat,
2782 3145 2942 3212 quia,
3003 3144 3116 3197 sive
3174 3160 3268 3213 per
3325 3145 3521 3199 Filium

1873 3220 1919 3283 Ο
1953 3238 2249 3308 procedere
2314 3236 2651 3299 dixerimus,
2699 3236 2815 3291 sive
2864 3236 3244 3292 insulilationis
3295 3240 3521 3307 figuram

1952 3332 2377 3401 susceperimus,
2414 3347 2474 3384 ex
2504 3340 2735 3400 utroque
2765 3331 2960 3384 horum
2996 3331 3235 3401 Spiritus
3270 3333 3524 3387 substan-

1956 3424 2108 3486 tiam,
2155 3432 2263 3476 tam
2318 3423 2590 3491 praecipuo
2661 3422 2888 3476 doctore
2943 3427 3189 3477 tradente
3241 3424 3522 3480 docemur.

1954 3514 2047 3569 Sin
2096 3522 2278 3568 autem
2333 3514 2434 3567 ista
2487 3529 2613 3567 vero
2648 3514 3120 3569 consentientibus
3162 3515 3331 3570 initiis
3375 3516 3521 3581 fidei,

1953 3607 2387 3677 doetoribusque
2417 3608 2611 3669 sacris,
2640 3615 2693 3660 et
2724 3607 2979 3661 omnibus
3002 3608 3078 3662 ita
3112 3611 3521 3673 attestantibus,

1956 3696 2250 3769 verumque
2282 3701 2504 3753 omnino
2546 3702 2956 3769 comprobatur,
2994 3700 3139 3771 quod
3179 3717 3275 3770 per
3306 3702 3522 3772 aliquod

1953 3792 2314 3848 substantiam
2364 3792 2579 3855 habeat,
2612 3792 2660 3843 id
2693 3793 2855 3845 etiam
2904 3806 2969 3845 ex
3024 3792 3141 3859 ipso
3177 3807 3321 3860 esse,
3358 3793 3526 3863 liquet

1955 3883 2228 3949 profecto,
2277 3882 2380 3935 nisi
2429 3882 2551 3951 quis
2605 3884 2830 3937 Omnino
2882 3882 3167 3953 impudens
3216 3897 3338 3937 esse
3376 3886 3524 3942 velit.

1957 3971 2218 4041 Spiritum
2244 3981 2491 4027 sanctum
2517 3988 2582 4027 ex
2610 3971 2747 4027 Filio
2772 3988 2924 4029 esse:
2955 3975 3396 4045 quandoquidem
3433 3990 3527 4042 per

1955 4066 2133 4133 ipsum
2170 4065 2534 4119 substantiam
2574 4066 2755 4131 habet,
2781 4079 2843 4119 ac
2876 4082 2969 4135 per
3013 4068 3186 4136 ipsum
3222 4068 3486 4137 procedit.

2022 4196 2294 4250 Caeterum
2323 4211 2425 4250 nos
2460 4211 2524 4249 ex
2558 4197 2764 4251 sanctis
2796 4195 3047 4250 Patribus
3082 4198 3326 4265 apertius
3355 4199 3528 4252 doce-

1954 4288 2171 4353 bimus,
2227 4304 2339 4357 ρετ,
2390 4296 2443 4342 et
2496 4304 2583 4355 ex,
2631 4289 2684 4341 in
2720 4288 2919 4342 divinis
2977 4290 3140 4343 rebus
3183 4291 3522 4345 tantumdem

1956 4379 2160 4442 valere,
2207 4379 2300 4447 qui
2351 4378 2454 4433 ista
2508 4378 2562 4431 in
2604 4378 2689 4432 his
2740 4377 3112 4433 ittdiﬂ'erentrr
3143 4379 3412 4449 accipere,
3464 4390 3524 4435 ut

1956 4472 2127 4540 pium,
2163 4480 2531 4525 monuerunt:
2568 4472 2728 4525 aliter
2760 4481 2937 4525 autem
2986 4472 3309 4541 intelligere,
3349 4474 3522 4527 luere-

274 4558 753 4624 instrumenta,ch
772 4559 912 4614 alias
945 4559 1631 4628 quomodolibetjuvantia
1682 4570 1847 4632 atque
1883 4576 1924 4631 [)
1955 4566 2074 4618 ticaz
2123 4564 2472 4634 malignitatis
2538 4579 2657 4617 esse
2685 4564 3008 4618 docuerunt.
3050 4563 3112 4618 lii
3144 4564 3286 4618 enim
3318 4580 3527 4634 praepo-

274 4652 612 4705 eonfes‘entia
646 4671 659 4706 :
696 4650 869 4705 multo
915 4653 1087 4721 magis
1140 4654 1192 4707 in
1244 4652 1403 4707 Patre
1454 4665 1508 4706 et
1538 4654 1695 4717 Filio,
1759 4656 1851 4709 ubi

278 4744 517 4812 perfecta
566 4745 825 4797 identitas
874 4754 1039 4813 atque
1083 4744 1604 4801 ineommutabilitas
1635 4759 1688 4801 et
1729 4746 1853 4802 Filii

280 4839 341 4888 ad
379 4837 642 4903 Patrem;
684 4847 762 4901 et,
811 4852 962 4907 aequa
1004 4836 1186 4893 Deitas
1219 4838 1523 4893 secundum
1576 4844 1849 4901 eamdem.

282 4937 334 4977 rt
390 4929 610 4981 unicam
671 4931 849 4983 sancti
904 4929 1145 4999 Spiritus
1206 4945 1273 4985 ex
1318 4931 1480 4988 Patre
1515 4948 1611 5002 per
1642 4934 1843 4989 Filium

283 5019 695 5073 substantialem
728 5021 1164 5088 processioncm,
1197 5022 1310 5091 ipse
1338 5022 1509 5077 Filius
1539 5025 1849 5077 communi-

281 5113 421 5164 rabit
460 5110 633 5175 l’atri,
700 5127 809 5165 non
869 5112 1362 5167 instrumentaliter
1414 5129 1509 5169 seu
1556 5116 1847 5180 serviliter,

282 5204 371 5259 sed
402 5206 975 5272 essentialiter,atque
1006 5205 1350 5269 naturaliter,
1372 5214 1557 5275 utpote
1584 5206 1850 5261 naturalis

280 5297 323 5348 ri
351 5312 471 5364 quae
498 5296 938 5349 substantialiter
975 5296 1132 5349 insita
1164 5296 1241 5350 illi
1292 5306 1375 5352 cst
1404 5298 1597 5351 virtus.
1631 5298 1765 5351 Nam
1802 5298 1847 5350 si

279 5393 331 5443 in
366 5391 447 5443 his
474 5404 593 5456 qum
625 5391 838 5441 minora
872 5396 1016 5451 sunt,
1043 5403 1135 5455 per
1170 5390 1417 5441 eamdem
1445 5397 1608 5458 atque
1639 5392 1853 5443 unicam

282 5497 400 5535 cum
444 5480 604 5534 Patre
657 5480 767 5533 vim
821 5480 984 5533 etiam
1045 5478 1183 5531 Filio
1240 5480 1462 5533 reddere
1502 5480 1764 5544 creditur,
1804 5483 1855 5534 in

281 5576 473 5644 quibus
530 5574 721 5641 utique
793 5574 1118 5629 substantia:
1173 5581 1256 5626 est
1327 5571 1539 5625 infinita
1597 5573 1854 5637 varietas,

284 5670 445 5721 multo
496 5668 668 5735 magis
725 5669 777 5718 in
822 5676 1010 5719 saneto
1042 5663 1271 5733 Spiritu,
1310 5666 1401 5734 qui
1456 5666 1694 5735 ejusdem
1730 5684 1851 5721 cum

354 5879 396 5909 “
430 5877 565 5933 Gen,
603 5892 678 5941 tv,
720 5876 772 5928 f.
870 5879 912 5909 ι’
944 5873 1116 5929 Exod.
1149 5892 1235 5941 ιι,
1269 5875 1357 5928 25.

1956 4657 2215 4711 sitionum
2266 4656 2605 4715 diﬂerenlia.
2639 4654 2954 4711 differentes
3006 4658 3169 4711 etiam
3215 4667 3440 4713 naturas
3472 4661 3527 4711 in

1954 4758 2141 4802 Sancta
2184 4745 2456 4800 Trinitate
2507 4746 2965 4801 subintroducere
3017 4749 3402 4805 moliebantur.
3440 4751 3529 4803 Ait

1954 4839 2096 4892 enitn
2133 4836 2432 4908 praeclarus
2462 4835 2698 4890 Basilius
2732 4836 2784 4889 in
2824 4836 2927 4900 bis,
2971 4854 3092 4907 qua:
3130 4840 3195 4892 ad
3242 4840 3527 4911 Amphilo-

1954 4932 2139 4985 chium
2184 4932 2449 5000 scripsit:
2488 4947 2506 4979 ι
2556 4928 2672 4983 Non
2732 4928 2906 4983 solum
2966 4932 3018 4982 in
3071 4930 3271 4986 divinis
3302 4932 3527 4989 Litteris

1961 5038 2093 5076 usus
2124 5037 2314 5075 vocum
2349 5030 2730 5084 tmmutantur,
2759 5022 2852 5075 sed
2872 5020 2985 5091 jam
3017 5022 3136 5076 aliae
3181 5038 3278 5093 pro
3300 5026 3525 5079 aliarum

1959 5114 2363 5183 significatione
2419 5122 2700 5182 ponuntur
2737 5113 2959 5182 saepius,
3004 5122 3166 5183 atque
3217 5131 3279 5171 ex
3325 5132 3423 5171 sua
3474 5119 3525 5171 in

1959 5205 2193 5257 alienam
2232 5212 2538 5258 transeunt.
2577 5202 2819 5273 Denique
2860 5204 2911 5257 in
2949 5204 3034 5258 bis
3077 5206 3383 5275 partirulis,
3413 5225 3526 5275 per,

1957 5304 2009 5351 et
2039 5314 2123 5363 ex,
2151 5295 2316 5351 altera
2339 5298 2566 5351 alterius
2590 5312 2732 5365 smpe
2760 5296 3207 5367 significationem
3250 5302 3436 5363 sumit,
3472 5314 3531 5354 ut

1957 5401 2038 5444 est
2065 5389 2195 5444 illud
2223 5407 2238 5443 :
2278 5388 2493 5443 I’osaedi
2529 5390 2784 5444 hominem
2804 5407 2895 5459 per
2918 5389 3083 5445 Deum
3116 5391 3182 5458 ¹⁸,
3208 5392 3349 5460 quod
3389 5393 3526 5447 idem

1957 5495 2059 5551 est,
2080 5500 2142 5539 ac
2166 5485 2210 5539 si
2240 5484 2489 5547 dixisset,
2513 5499 2576 5537 ea:
2612 5484 2741 5537 Deo.
2768 5485 2945 5553 Atque
2980 5485 3105 5538 alibi
3143 5503 3155 5538 :
3193 5486 3528 5554 Qumcunque

1957 5577 2227 5631 ntaudavit
2264 5576 2469 5648 Moyses
2508 5577 2699 5632 Israefi
2728 5594 2817 5645 per
2848 5592 3165 5646 praeceptum
3212 5579 3425 5632 Domini
3461 5581 3524 5632 ¹⁹.

1956 5671 2030 5725 Ac
2065 5686 2307 5725 rursum:
2340 5669 2522 5723 Nonne
2553 5686 2644 5736 per
2675 5668 2836 5723 Deum
2863 5680 2937 5723 est
2968 5672 3152 5723 horum
3187 5671 3526 5725 declaratio.’
