3984 6556
457 379 522 439 47
1726 365 2124 429 MANUELIS
2162 364 2481 425 CALEC/E

3622 377 3721 442 λδ

460 495 565 547 Per
600 491 793 554 Deum,
845 486 1005 545 dixit.
1047 499 1146 554 pro
1196 497 1261 540 eo
1300 483 1445 553 quod
1500 480 1701 546 est,ea:
1746 484 1874 536 lico.
1912 498 1928 531 ι
1980 477 2042 532 Et
2072 480 2114 536 A
2145 477 2416 547 angelus:
2466 477 2550 531 Ne
2602 479 2793 532 timeas
2855 482 3088 547 accipere
3154 481 3385 538 Mariam
3442 492 3718 564 conjngcm

461 590 574 641 haec
594 583 823 653 quidem
853 577 1106 633 liasilins.
1198 600 1203 609 ν

536 680 774 732 Sanctus
819 683 999 726 autem
1049 668 1283 739 Cyrillus
1335 668 1387 721 in
1424 670 1616 738 quinto
1646 669 1712 724 ad
1755 667 2028 724 llermiam

463 772 531 826 ait
562 786 577 824 :
613 787 631 820 ι
671 767 812 833 Quid
840 774 1020 817 autem
1047 762 1071 815 ?
1101 761 1292 815 Nonne
1319 760 1648 815 credendum
1674 770 1758 816 est
1785 758 1984 815 dicenti
2011 775 2025 812 :

464 864 571 933 Ego
598 878 713 915 sum
745 859 848 920 ria,
868 856 1063 910 veritus
1107 862 1157 906 et
1187 854 1292 906 vita
1322 850 1367 882 “
1392 853 1420 905 ?
1441 852 1531 921 qui
1557 867 1680 905 cum
1713 852 1787 905 ita
1818 859 2023 921 aperte.

458 971 523 1009 ac
562 951 913 1023 singulariter
962 949 1202 1017 seipsnm
1245 945 1406 998 vitam
1456 959 1575 999 esse
1624 944 1789 1010 dicat,
1850 960 2030 997 nonne

400 1028 408 1035 ’
466 1051 681 1101 Putrem
742 1060 806 1098 ac
858 1042 1027 1093 Deum
1076 1040 1179 1093 hoc
1229 1033 1405 1106 ipsum
1460 1050 1687 1091 munere
1737 1037 2031 1113 equndere

462 1140 791 1199 videbimur,
808 1134 911 1191 nisi
936 1134 1128 1187 ambos
1150 1130 1312 1185 unius
1328 1144 1447 1185 esse
1472 1136 1678 1184 naturze
1697 1129 2033 1193 dederimus,

459 1250 522 1287 ac
553 1248 647 1300 per
681 1239 974 1297 utrumque
1004 1226 1059 1280 in
1111 1239 1210 1278 nos
1272 1222 1552 1311 aequaliter
1583 1222 1747 1274 vitam
1788 1237 2031 1285 manare,

461 1327 627 1394 idque
685 1338 793 1376 non
844 1319 1000 1388 quasi
1056 1333 1122 1371 ex
1177 1315 1412 1378 duobus,
1453 1314 1547 1369 sed
1589 1314 1742 1385 quasi
1798 1329 1863 1368 ex
1921 1329 2030 1368 uno

454 1417 641 1473 omnia
680 1412 986 1467 viviﬁcante
1023 1409 1150 1463 Deo.
1197 1426 1215 1459 ι

532 1506 673 1562 Idem
707 1507 759 1560 in
789 1512 946 1559 εθιιο
977 1501 1043 1554 ad
1085 1498 1357 1553 llcrmiam
1384 1514 1397 1551 :
1441 1517 1459 1550 ς
1492 1498 1871 1565 Quodcunque
1899 1512 2031 1551 sane

456 1619 487 1655 a
522 1599 684 1655 Patre
736 1605 949 1667 gestum
984 1594 1170 1657 fuerit,
1205 1595 1258 1648 id
1308 1593 1531 1647 oumiuo
1580 1590 1700 1645 Filii
1746 1590 2029 1645 cﬂicientia

457 1706 539 1750 est
570 1712 582 1746 :
613 1702 666 1749 et
699 1692 1067 1762 quodcunque
1095 1687 1302 1742 dictum
1343 1685 1509 1739 fuerit
1543 1700 1636 1753 per
1674 1682 1874 1737 Filium
1905 1700 2031 1754 per-

459 1786 569 1850 lici,
613 1785 719 1838 hoc
769 1794 997 1851 prorsus
1060 1778 1221 1832 Pater
1253 1775 1463 1830 eﬂecit:
1512 1774 1699 1829 omnia
1745 1774 1889 1827 enim
1936 1789 2033 1844 per
2067 1814 2109 1873 Β

460 1879 653 1939 ambos
684 1875 971 1945 mqualitcr
1000 1873 1154 1926 iiuut.
1195 1889 1216 1922 ι
1600 1934 1601 1937 η

532 1973 677 2027 Idem
716 1971 770 2023 in
800 1968 1033 2037 quadam
1069 1964 1134 2017 ad
1172 1961 1484 2017 Nestorium
1520 1960 1748 2031 epistola
1784 1978 1799 2014 :
1840 1979 1858 2011 ι
1894 1959 2032 2026 Quia

458 2073 589 2130 ergo
608 2072 773 2115 carne
795 2061 1034 2124 sumpta,
1067 2064 1117 2106 et
1146 2051 1321 2106 Filius
1344 2051 1579 2105 hominis
1600 2060 1683 2105 est
1709 2049 2034 2121 appellatus,

461 2150 624 2206 fateri
684 2162 907 2202 necesse
954 2154 1055 2207 est,
1110 2143 1259 2197 illum
1304 2156 1401 2211 per
1451 2157 1671 2196 carnem
1703 2156 1769 2195 ex
1806 2140 2036 2194 muliere

459 2236 762 2314 genituum
797 2237 862 2291 Et
895 2245 1016 2306 post
1048 2248 1257 2305 pauca:
1294 2252 1312 2285 α
1355 2232 1614 2296 Verbum,
1649 2232 1791 2317 quod
1826 2248 1890 2286 ex
1925 2233 2035 2286 Dco

456 2318 622 2389 Patre
656 2342 760 2396 est,
794 2346 858 2385 ex
891 2336 1077 2382 sancta
1123 2325 1344 2396 Virgine
1387 2324 1653 2379 nascitur.
1699 2342 1715 2373 ι
1752 2322 2033 2392 Itemque:

466 2444 485 2476 ο
526 2425 696 2479 Natus
732 2434 834 2488 est,
869 2423 1171 2474 secundum
1206 2433 1329 2480 nos,
1365 2432 1432 2470 ex
1466 2416 1715 2469 muliere.
1761 2433 1779 2465 ι
1816 2413 1943 2467 Item
1982 2414 2033 2465 in

461 2531 712 2573 sermone
744 2513 931 2567 habito
962 2525 1144 2565 coram
1177 2509 1501 2578 imperatore
1526 2505 1853 2571 Theodosio,
1881 2508 2037 2573 cnjtts

458 2610 676 2663 initium
738 2615 879 2659 est:
932 2602 1193 2655 "amante
1254 2599 1437 2669 gloria:
1514 2614 1816 2665 supremum
1886 2597 2039 2665 fasti-

468 2704 611 2773 gium
646 2714 663 2752 :
694 2695 962 2759 Verbum,
1014 2692 1227 2763 inquit,
1282 2691 1423 2760 quod
1468 2706 1530 2742 cx
1591 2688 1699 2743 Deo
1734 2688 1894 2744 Patre
1934 2700 2037 2755 cst,

466 2788 873 2843 manifestatum
921 2793 1005 2838 est
1054 2784 1107 2837 in
1162 2795 1347 2836 carne.
1404 2779 1600 2835 Natum
1634 2789 1717 2836 est
1753 2782 1899 2849 enim
1946 2795 2041 2849 per

467 2891 716 2936 sanctam
773 2877 868 2932 Dei
916 2874 1248 2930 Genitricem
1303 2873 1605 2944 virginem,
1661 2872 1834 2928 forma
1895 2873 2038 2928 servi

467 2983 769 3043 assumpta.
812 2989 829 3022 ι

539 3066 772 3117 Sanctus
800 3058 1180 3116 itchoanues
1213 3058 1581 3115 Dutnascentts
1611 3077 1625 3112 :
1673 3078 1691 3110 ι
1727 3059 1890 3114 Deum
1947 3075 2037 3131 ge-

2141 574 2310 632 tuam,
2338 568 2477 636 quod
2515 570 2653 624 enim
2681 571 2732 623 in
2761 585 2822 623 ea
2859 580 3042 625 natum
3067 583 3172 638 est,
3198 590 3264 628 ea:
3288 576 3494 647 Spiritu
3530 600 3717 641 sancto

2136 667 2214 713 est
2238 659 2304 713 "’.
2346 677 2364 710 ι

2216 751 2451 809 Sanctus
2483 765 2740 823 praeterea
2769 756 3005 828 Cyrillus
3023 762 3088 815 ad
3119 762 3416 821 Palladium
3440 769 3713 837 scribens,

2144 858 2241 913 per
2262 843 2745 916 interrogationem
2796 864 2858 904 ac
2878 855 3449 922 responsionem,fcre
3477 860 3531 913 in
3564 863 3719 931 prin-

2141 938 2288 1007 cipio
2315 939 2479 1005 libri,
2515 957 2677 1010 quem
2738 942 3055 1013 inscripsit,
3112 945 3189 999 De
3231 949 3501 1016 spirituali
3542 955 3717 1020 cuitu,

2141 1034 2218 1087 ait
2247 1051 2260 1087 :
2300 1052 2319 1084 ι
2358 1032 2645 1089 Variabilis
2676 1034 2922 1098 profecto
2959 1037 3196 1107 Spiritus
3226 1056 3333 1095 non
3369 1052 3479 1119 est<
3509 1045 3638 1111 Aut,
3669 1048 3716 1101 si

2130 1126 2272 1193 huic
2314 1127 2506 1181 morbo
2541 1128 2881 1184 variatiouisr
2914 1131 3188 1198 subditur,
3218 1136 3286 1187 ad
3334 1134 3510 1201 ipsam
3570 1139 3716 1194 divi—

2142 1233 2269 1270 nam
2331 1228 2583 1273 naturam
2629 1219 2747 1273 haec
2798 1223 3006 1277 macula
3060 1220 3385 1292 reflectitur,
3439 1228 3711 1297 siquidem

2148 1309 2241 1365 liei
2270 1325 2332 1365 ac
2366 1311 2543 1366 Patris
2567 1320 2672 1378 est,
2711 1315 2841 1381 quin
2867 1316 3029 1370 etiam
3061 1315 3207 1384 Filii,
3236 1331 3361 1372 cum
3393 1334 3455 1373 ex
3487 1330 3718 1392 utroque

2143 1404 2542 1467 essentialitcr,
2575 1405 2786 1461 scilicet
2816 1422 2881 1462 ex
2921 1406 3084 1462 Patre
3115 1424 3211 1479 per
3249 1409 3447 1465 Filium
3488 1414 3717 1482 profun-

2141 1494 2303 1547 datur
2329 1495 2580 1564 Spiritus.
2620 1515 2640 1550 ι

2217 1587 2403 1655 Neque
2451 1604 2581 1644 sane
2613 1580 2802 1647 multis
2848 1591 3029 1648 verbis
3059 1594 3327 1665 agendum
3384 1607 3490 1664 est,
3545 1607 3606 1655 ut
3651 1615 3715 1655 ea

2140 1690 2506 1746 exponentur,
2571 1697 2691 1751 quae
2728 1693 2857 1738 sunt
2902 1687 3264 1754 apertissima.
3297 1690 3529 1747 Constat
3558 1694 3707 1746 enim

2141 1784 2205 1822 ex
2243 1770 2345 1832 his,
2374 1786 2496 1840 qua!
2522 1772 2668 1827 dicta
2702 1785 2855 1840 sunt,
2880 1794 2993 1846 per,
3026 1787 3079 1832 et
3107 1796 3192 1844 ex,
3235 1781 3288 1833 in
3319 1782 3519 1837 divinis
3551 1787 3717 1841 rebus

2138 1862 2473 1916 tantumdem
2528 1864 2730 1920 valere.
2776 1867 2841 1921 Et
2891 1869 3150 1937 quoniam
3203 1871 3441 1942 Spiritus
3493 1886 3721 1933 sanctus

2137 1965 2201 2004 ex
2239 1950 2405 2007 Patre
2441 1970 2536 2021 per
2568 1954 2764 2011 Filium
2801 1961 3072 2028 procedit,
3106 1974 3168 2016 ex
3222 1962 3360 2019 Filio
3389 1968 3553 2021 etiam
3591 1983 3722 2038 pro-

2130 2041 2301 2096 cedit.
2345 2041 2407 2096 Et
2440 2043 2575 2097 illud
2598 2046 2761 2099 simul
2803 2052 3043 2112 couStat',
3080 2065 3174 2106 eos
3214 2053 3307 2122 qui
3339 2054 3549 2120 dicunt,
3598 2073 3715 2125 per,

2136 2142 2192 2187 ct
2228 2150 2312 2205 ex,
2354 2146 2483 2199 tunc
2536 2145 2748 2191 tantum
2798 2139 3151 2208 tequivalere,
3198 2156 3322 2197 cum
3372 2145 3426 2199 in
3461 2158 3715 2202 creatura

2139 2237 2519 2292 assumuntur,
2549 2238 2608 2282 ut
2640 2228 2770 2284 illud
2796 2248 2810 2284 :
2836 2229 2940 2284 Per
2957 2230 3157 2286 Filium
3190 2238 3369 2291 omnia
3391 2237 3535 2305 facta
3567 2252 3715 2307 sunt,

2141 2318 2282 2373 idem
2301 2334 2445 2380 esse.
2471 2334 2535 2374 ac
2565 2320 2609 2375 si
2636 2321 2929 2387 diceretur,
2958 2339 3023 2379 ex
3055 2323 3215 2392 Filio,
3248 2328 3299 2382 in
3333 2330 3587 2387 increatis
3619 2349 3718 2387 au-

2141 2418 2248 2463 tem
2278 2421 2503 2481 negant,
2535 2428 2641 2467 non
2676 2423 2821 2469 recte
2868 2416 3155 2484 arbitrari;
3185 2421 3344 2475 divus
3383 2424 3525 2476 enim
3544 2424 3722 2496 Cyril-

2140 2501 2225 2555 lus
2255 2501 2522 2571 Spiritum
2560 2503 2737 2559 Patris
2762 2516 2813 2559 et
2832 2504 2961 2560 Filii
2994 2511 3357 2566 essentialiter
3378 2529 3441 2566 ex
3464 2524 3719 2585 utroque,

2138 2594 2401 2649 videlicet
2439 2609 2504 2650 ex
2544 2595 2701 2650 Patre
2749 2613 2843 2667 per
2889 2597 3084 2653 Filium
3117 2602 3366 2670 profundi
3399 2606 3718 2665 declaravit.

2144 2686 2336 2755 Liquet
2386 2687 2547 2753 item,
2595 2705 2719 2742 eum
2775 2689 3071 2747 identidem
3122 2705 3313 2762 putare
3361 2712 3425 2752 ex
3459 2708 3714 2772 utroque,

2144 2781 2305 2834 Patre
2330 2781 2561 2849 scilicet,
2595 2793 2650 2837 et
2678 2782 2820 2837 Filio
2852 2784 3119 2854 Spiritum
3147 2789 3349 2856 dicere,
3378 2803 3429 2846 et
3458 2810 3521 2847 ex
3558 2795 3720 2852 l’atre

2147 2888 2240 2941 per
2267 2872 2487 2937 Filium,
2521 2881 2580 2928 ut
2620 2875 2827 2930 dictum
2860 2888 2965 2931 est.
3000 2878 3103 2933 Sed
3137 2889 3192 2933 et
3231 2880 3465 2938 Basilius
3486 2888 3722 2943 exituius

2136 2962 2198 3014 in
2245 2962 2279 3015 5
2326 2979 2377 3017 c.
2444 2963 2509 3017 ad
2553 2966 2996 3035 Amphilochium
3048 2973 3397 3039 particulam,
3448 2991 3536 3040 ex,
3580 2976 3721 3032 Filio

2146 3065 2453 3119 congruere
2504 3053 2831 3117 ostendens,
2867 3054 2996 3109 illud
3041 3059 3272 3127 allegat:
3309 3059 3392 3113 Ea:
3423 3079 3535 3115 meo
3574 3067 3722 3117 acci-

470 3156 664 3222 nuisti,
701 3166 872 3209 mater
901 3166 1116 3219 sancta,
1151 3155 1495 3206 incarnatum
1538 3168 1603 3205 ex
1651 3161 1723 3207 te.
1756 3172 1774 3205 ι
1813 3152 1878 3208 Et
1914 3171 2036 3209 rur.
2071 3156 2110 3213 C
2145 3146 2249 3209 Ρίει
2284 3143 2349 3207 ’⁸,
2412 3153 2575 3212 Ilqne
2639 3144 2771 3199 illud
2817 3163 2831 3199 :
2891 3145 3122 3218 Cognovi
3186 3152 3431 3206 uirtutem
3498 3171 3563 3208 ea;
3641 3174 3723 3210 me

469 3267 588 3305 sum
620 3267 633 3303 :
676 3266 694 3299 ι
735 3247 839 3302 Per
890 3259 960 3310 te,
1013 3256 1186 3299 mater
1221 3245 1385 3313 Virgo
1417 3253 1632 3311 sancta,
1684 3246 1771 3299 lus
1810 3257 1892 3301 cst
1920 3248 2039 3301 orbi

473 3340 704 3396 reddita.
744 3358 762 3391 ι

538 3438 617 3488 Ae
653 3448 869 3488 rursum
898 3447 911 3484 :
950 3449 967 3481 ι
998 3429 1081 3484 Ex
1114 3441 1162 3484 te
1194 3444 1431 3485 massam
1462 3445 1629 3485 meam
1659 3430 1908 3499 sumpsit.
1948 3448 1967 3482 ι
2036 3484 2045 3489 ,

543 3526 779 3580 Sanctus
836 3522 1107 3579 Ilasituus
1171 3524 1225 3577 in
1300 3523 1530 3593 dialogis
1591 3524 1852 3577 adversus
1899 3522 2045 3576 Ano-

471 3633 718 3685 mceum,
785 3614 1074 3679 «Muudis,
1140 3616 1357 3685 inquit,
1408 3614 1605 3668 nmnda
1663 3625 1790 3669 sunt
1836 3616 2040 3675 omnia.

467 3710 715 3781 Namque
761 3708 901 3777 apud
938 3707 1212 3777 nosjuxta
1259 3720 1428 3760 sacrae
1458 3704 1753 3774 Scriptura:
1784 3706 2040 3761 intentio-

372 3790 379 3797 ’
471 3820 618 3870 nem,
663 3818 755 3872 per
776 3818 949 3871 quem,
1000 3801 1139 3854 idem
1188 3808 1273 3854 est
1308 3796 1473 3867 quod,
1527 3812 1592 3850 ex
1630 3814 1753 3867 quo.
1802 3798 2045 3868 Denique

472 3896 605 3951 dicit
631 3893 692 3948 B.
728 3892 926 3947 Paulus
956 3909 970 3945 :
1005 3888 1208 3944 Fidelis
1239 3887 1403 3953 Deus,
1430 3904 1520 3958 per
1540 3904 1693 3958 quem
1721 3890 1891 3944 vocati
1919 3901 2043 3944 estis

473 3989 526 4044 in
558 3986 973 4041 communionem
1007 3979 1140 4036 Filii
1168 3982 1279 4051 ejus
1305 3982 1406 4035 ".i

552 4080 721 4133 Divus
776 4088 957 4132 autem
1029 4076 1456 4146 Chrysostomus
1502 4090 1665 4144 Super
1693 4072 2041 4142 Evangelium

475 4167 728 4232 Joannis,
759 4181 882 4219 cum
930 4172 1247 4234 exponeret,
1283 4162 1428 4232 quod
1464 4163 1700 4219 dicitur:
1739 4160 1932 4216 Omnia
1953 4176 2045 4230 per

474 4261 644 4327 ipsum
679 4261 821 4328 facta
872 4252 1018 4323 sunt,
1070 4256 1184 4310 ait:
1228 4273 1246 4307 ε
1279 4253 1543 4318 Verbum,
1597 4270 1663 4309 ea:
1724 4270 1851 4325 quo,
1892 4254 2044 4324 quod

477 4352 644 4407 \clnti
676 4351 844 4405 solius
871 4347 1047 4402 Patris
1069 4348 1403 4417 praecipuum
1443 4363 1506 4402 ac
1525 4347 1802 4417 singulare
1821 4347 2043 4412 asseris,

476 4442 641 4495 etiam
679 4441 742 4493 de
774 4438 915 4492 Filio
951 4437 1153 4493 Paulus
1185 4437 1415 4506 loquens
1440 4438 1661 4507 posuit:
1697 4436 1781 4489 Ea:
1812 4452 1935 4506 quo,
1965 4437 2047 4489 iu-

2148 3234 2322 3287 exisse
2348 3236 2414 3288 ".
2457 3234 2707 3305 Ipsique,
2760 3240 2846 3293 cui
2896 3242 3317 3321 contradicunt,
3386 3248 3611 3313 gratiam
3665 3258 3722 3303 et

2149 3326 2493 3380 cilicieutiam
2532 3328 2835 3385 iucreatam
2870 3334 3225 3398 arbitrantes,
3262 3354 3356 3407 per
3394 3337 3614 3403 Filium,
3640 3352 3724 3395 at-

2148 3438 2255 3491 que
2285 3438 2353 3475 ex
2396 3419 2534 3475 Filio
2563 3425 2863 3492 procedere
2896 3422 3215 3482 dill‘erenter
3268 3429 3618 3485 confitentur.
3658 3430 3724 3486 Et

2150 3515 2201 3568 id
2260 3522 2525 3584 praeterea
2578 3525 2812 3581 constat,
2870 3531 2965 3571 eos
3022 3520 3139 3587 qui,
3192 3536 3304 3588 per,
3342 3523 3724 3577 tantummodo

2151 3606 2290 3663 Filio
2329 3609 2641 3677 assignant,
2692 3624 2793 3673 ex,
2848 3610 3198 3674 auferentes,
3244 3613 3508 3668 minorem
3559 3613 3723 3671 Patre

2152 3699 2350 3755 Filium
2382 3701 2700 3756 necessario
2725 3702 2996 3757 dicturos.
3020 3700 3133 3758 Hoc
3163 3705 3370 3775 quippe
3398 3707 3723 3764 minutionis

2151 3795 2368 3864 signum
2412 3793 2697 3848 haereticus
2725 3808 2965 3859 sumere,
3001 3793 3430 3861 Chrysostomus
3462 3799 3559 3854 ait.
3601 3798 3722 3855 Non

2152 3886 2337 3953 igitur,
2369 3900 2484 3955 per,
2515 3894 2710 3940 sancto
2742 3883 2971 3955 Spiritui
3005 3887 3251 3953 reddere,
3286 3889 3395 3944 ulla
3428 3895 3724 3949 necessitas

2152 3988 2330 4049 coget.
2363 3976 2554 4048 Neque
2596 3978 2744 4032 enim
2776 3978 2957 4032 dictus
2994 3988 3080 4033 est
3110 3979 3286 4035 Filius
3336 3997 3398 4034 ex
3434 3981 3596 4038 Patre
3626 4001 3723 4055 per

2157 4070 2420 4140 Spiritum
2487 4069 2677 4133 nasci,
2722 4084 2896 4139 neque
2942 4067 3139 4123 Filium
3188 4087 3252 4126 ex
3303 4069 3514 4142 Spiritu
3584 4076 3725 4132 ratio

2153 4161 2551 4231 qualiscunque
2591 4162 2775 4216 dicere
2817 4162 3029 4233 urgebit

2224 4249 2515 4315 Praeterea,
2572 4251 2824 4319 plurimis
2874 4253 2925 4305 in
2966 4254 3100 4309 locis
3148 4257 3542 4325 opusculorum
3593 4274 3724 4316 suo-

2153 4356 2272 4396 rum
2306 4342 2483 4397 sancti
2518 4341 2731 4408 Patres,
2756 4359 2829 4398 ex
2856 4343 2994 4400 Filio
3026 4362 3147 4401 esse
3174 4356 3425 4404 sanctum
3460 4349 3723 4420 Spiritum

2154 4438 2563 4490 commendant.
2613 4436 2693 4491 Ac
2737 4437 2975 4507 primum
3018 4437 3316 4508 Gregorius
3379 4441 3724 4517 Theologus,

476 4532 696 4598 quiens,
722 4543 872 4580 omne
894 4542 1083 4595 corpus
1127 4542 1219 4595 per
1246 4540 1412 4579 nexus
1462 4534 1510 4578 et
1525 4525 1808 4594 juncturas
1835 4542 2047 4593 compa-
2081 4512 2125 4569 ί)
2153 4528 2207 4583 in
2245 4527 2342 4583 lib.
2377 4526 2453 4582 De
2491 4527 2698 4597 Spiritu
2724 4538 2928 4595 sancto,
2949 4544 2978 4583 a
3008 4532 3285 4587 contrario
3315 4514 3581 4589 rationem
3600 4512 3728 4590 vior-

478 4634 618 4675 ctum
671 4629 720 4673 et
772 4634 1068 4673 connexum
1120 4619 1307 4671 crescit
1357 4620 1411 4670 in
1459 4627 1798 4685 augmentum
1854 4616 1950 4672 Dei
1984 4618 2050 4671 ".

443 4714 667 4789 .heque
703 4712 805 4766 hoc
846 4712 966 4767 solo
1002 4718 1329 4773 contentus,
1366 4709 1582 4763 aliunde
1631 4724 1848 4778 quoque
1895 4708 2053 4762 nobis

479 4819 574 4857 ora
614 4804 873 4863 obstruit,
933 4803 1096 4867 istud,
1142 4817 1233 4870 per
1266 4818 1442 4864 quem,
1476 4802 1619 4870 quod
1657 4803 2051 4856 imminutiouis

482 4908 605 4948 esse
653 4893 812 4958 dicis,
861 4891 1007 4945 Patri
1063 4895 1371 4961 assignans.
1406 4888 1610 4945 Fidelis
1638 4892 1806 4957 enim,
1853 4890 2048 4959 inquit,

481 4987 622 5039 Deus
653 4995 728 5039 est
751 5000 842 5047 per
870 5000 1022 5054 quem
1044 4984 1213 5037 vocati
1232 4984 1356 5037 estis
1384 4984 1439 5035 in
1460 4983 1877 5036 communionem
1908 4981 2042 5035 Filii

480 5079 670 5148 ipsius.
721 5075 787 5130 Et
828 5092 1087 5130 rursum:
1132 5075 1236 5130 Per
1289 5074 1609 5130 uoluntatem
1655 5074 1747 5129 Dei
1771 5074 1840 5128 ".
1872 5075 2049 5143 Atque

482 5173 591 5224 alio
626 5172 676 5223 in
710 5171 863 5224 loco.
902 5168 1167 5233 Quoniam
1193 5185 1257 5222 ea;
1300 5169 1439 5235 ipso,
1476 5176 1522 5220 et
1570 5183 1660 5233 per
1687 5167 1880 5236 ipsum,
1911 5176 1958 5218 et
1998 5168 2049 5217 in

483 5280 597 5331 ipso
635 5274 756 5315 sunt
794 5264 971 5313 omnia
1004 5260 1071 5313 ".
1103 5260 1290 5328 Neque
1334 5259 1475 5313 Filio
1510 5261 1684 5312 solum
1736 5258 2052 5313 attribuitur

482 5372 545 5408 ca:
579 5372 704 5425 quo,
750 5356 845 5409 sed
872 5367 926 5407 et
956 5352 1184 5423 Spiritui
1220 5364 1431 5409 sancto.
1461 5355 1551 5406 Ait
1584 5354 1725 5406 enim
1756 5355 1820 5409 ad
1853 5352 2051 5420 Joscph

1076 5536 1117 5564 ἰ
1149 5533 1168 5585 l
1199 5533 1326 5590 Cor.
1363 5562 1396 5599 ι,
1429 5534 1484 5588 9.

1073 5607 1117 5637 ³⁷
1150 5604 1281 5659 Luc.
1312 5622 1423 5671 vui,
1458 5608 1546 5661 (id.

555 5540 599 5570 ὀ
622 5538 780 5593 Joan.
807 5551 915 5596 xiv.
943 5535 997 5590 6.

452 5634 457 5639 ·
487 5611 532 5641 ²⁶
560 5610 719 5664 Joan.
756 5624 864 5670 xw,
907 5606 993 5659 14.

556 5796 645 5861 (-29.

1562 5536 1606 5566 "
1635 5534 1845 5589 Coloss.
1880 5549 1942 5600 ll,
1982 5534 2066 5587 10.

2152 4636 2353 4676 mans:
2391 4640 2411 4674 ι
2450 4621 2591 4688 Quid
2638 4636 2769 4690 ergo
2814 4623 2967 4677 deest
3016 4622 3268 4691 Spiritui,
3312 4641 3380 4680 ne
3410 4625 3582 4683 Filius
3612 4629 3729 4682 sit?

2150 4710 2253 4763 uisi
2308 4711 2452 4765 enim
2486 4711 2691 4780 aliquid
2724 4711 2957 4774 deesset,
2992 4710 3162 4768 Filius
3200 4713 3445 4783 proiecto
3497 4728 3669 4774 esset.
3701 4738 3722 4771 ι

2152 4801 2263 4856 liae
2313 4815 2497 4857 autem
2553 4803 2863 4872 objections
2911 4804 3111 4872 posita,
3142 4807 3396 4874 protinus
3443 4808 3727 4880 adjungit:

2159 4910 2175 4942 ι
2224 4890 2345 4947 Non
2390 4892 2466 4946 illi
2498 4893 2780 4962 quippiam
2813 4893 3005 4948 deesse
3051 4893 3311 4952 dicimus.
3345 4895 3490 4952 Deus
3520 4901 3728 4969 quippe

2154 4984 2362 5038 nullius
2395 4999 2562 5055 egens
2608 4996 2731 5049 est;
2762 4985 2856 5040 sed
2909 4986 3291 5051 emanationis,
3318 4999 3376 5042 ut
3419 4990 3495 5043 ita
3522 4989 3727 5057 dicam,

2158 5077 2479 5146 habitusque
2506 5077 2574 5131 ad
2607 5077 2837 5132 invicem
2869 5078 3194 5145 diﬂerentia,
3228 5081 3567 5149 dilfereutetn
3602 5084 3729 5137 illo-

2158 5183 2276 5222 rum
2316 5169 2731 5237 appellationem
2787 5170 2938 5225 fecit.
2997 5189 3015 5223 ι
3072 5169 3228 5227 Hunc
3272 5181 3451 5228 autem
3488 5174 3614 5229 Filii
3660 5177 3727 5230 ad

2160 5252 2425 5331 spiritum
2469 5272 2720 5317 sanctum
2773 5263 3018 5317 habitum
3055 5264 3189 5333 (22),
3223 5275 3387 5334 atque
3435 5280 3466 5320 e
3511 5276 3728 5331 contra,

2164 5354 2442 5422 Nyssenus
2466 5353 2629 5407 etiam
2663 5353 2988 5423 Gregorius,
3041 5370 3208 5424 super
3256 5357 3506 5409 oratione
3547 5354 3731 5409 Domi-

2141 5535 2186 5565 “
2220 5533 2236 5585 l
2265 5533 2388 5589 Cor.
2421 5549 2458 5598 ι,
2495 5535 2544 5588 l.
2623 5537 2667 5566 "
2698 5534 2911 5591 Coloss.
2948 5549 3003 5600 lt,
3040 5534 3124 5589 16.
3222 5536 3263 5566 ’⁸
3303 5535 3489 5589 Matth.
3549 5550 3585 5599 ι,
3636 5534 3726 5587 90.

733 5792 871 5862 Lege
919 5793 1302 5863 Bellarminnm
1370 5790 1403 5843 l.
1472 5806 1505 5843 ιι
1563 5788 1635 5841 De
1698 5786 1926 5850 Christo,
1993 5801 2039 5838 ς.
2083 5785 2174 5838 25.
