3984 6548
296 464 376 531 89

1432 479 1836 543 ADVERSUS
1871 484 2191 545 GR/ECOS
2223 486 2372 548 LIB.
2420 486 2472 546 Ι.

3486 493 3560 555 50

296 585 423 640 nica
461 584 697 643 allii-mat
725 588 965 647 dicens:
998 611 1015 644 ι
1056 592 1229 651 Filius
1257 604 1438 650 autem
1488 600 1685 653 sancti
1707 599 1874 671 Spiri-

2058 601 2125 656 Et
2186 605 2449 674 quoniam
2503 607 2849 678 praecogitari
2914 594 3241 663 in‘sancta'
3290 608 3563 667 Triuith

298 685 389 731 tus
414 694 521 732 nec
548 688 652 745 est,
686 696 787 738 nec
818 683 1063 751 dicitur;
1089 702 1263 756 neque
1286 692 1708 748 conversionem
1740 694 1888 750 accio

296 771 378 838 pit
409 771 659 839 habitus,
702 774 804 829 ista
836 770 1254 850 consequentia.
1298 801 1316 833 ι

361 884 646 951 Quoniam
698 889 865 959 igitur
932 906 1157 965 propter
1207 899 1454 953 materia:
1515 899 1884 954 omnimodam

292 978 661 1043 amotionem,
706 999 1087 1057 supremaque
1134 989 1281 1045 illius
1328 992 1583 1047 essentia?
1614 991 1888 1069 .identita-

294 1078 398 1123 tvm
459 1083 631 1142 atque
673 1076 1319 1148 incommutabilitatem,
1370 1101 1549 1156 neque
1578 1085 1883 1141 secundum

292 1160 500 1231 majus,
537 1176 638 1219 aut
669 1169 878 1231 minus,
911 1173 1240 1241 primumve,
1274 1187 1369 1232 aut
1402 1187 1760 1248 postremum,
1794 1192 1884 1232 ne-

289 1267 397 1319 que
424 1258 742 1313 secundum
766 1263 927 1317 aliam
959 1266 1122 1320 ullam
1152 1270 1503 1325 eminentiam
1531 1272 1665 1327 ordo
1720 1283 1882 1344 atque

292 1342 519 1401 habitus
564 1347 621 1401 in
655 1351 859 1406 divinis
910 1358 1160 1424 personis
1191 1374 1221 1413 a
1254 1361 1525 1432 theologis
1572 1342 1877 1434 accipitur:

288 1452 469 1505 neque
498 1444 651 1496 enim
682 1443 764 1499 fas
804 1457 905 1511 est,
943 1449 1260 1513 huiusmodi
1287 1454 1465 1511 rebus
1496 1456 1673 1511 locum
1708 1459 1877 1513 ullum

290 1526 342 1577 in
376 1526 494 1583 Deo
525 1546 655 1587 esse
684 1547 699 1600 ;
738 1538 912 1590 Solum
961 1550 1143 1595 autem
1174 1546 1477 1600 secundum
1532 1549 1873 1615 relationem,

289 1636 662 1695 causamque,
697 1637 749 1683 et
782 1634 1003 1687 causale
1043 1636 1366 1705 suscipitur,
1412 1641 1873 1709 quemadmodum

289 1710 342 1761 in
380 1710 549 1767 Patre
607 1731 670 1769 ac
708 1716 868 1784 Filio,
901 1721 1094 1776 relatio
1153 1735 1206 1779 et
1254 1726 1470 1783 habitus
1517 1740 1571 1784 et
1619 1731 1871 1801 traditur,

287 1811 339 1853 et
368 1806 672 1870 creditur;
708 1808 800 1863 sed
838 1821 893 1865 et
932 1813 985 1868 in
1038 1816 1199 1870 l’atre
1249 1833 1312 1875 ac
1346 1819 1551 1891 Spiritu
1597 1822 1873 1890 similiter,

283 1893 437 1984 juxta
488 1898 705 1954 scilicet
751 1903 1006 1960 traditam
1060 1907 1416 1967 differentiam
1481 1929 1872 1984 processuum,

288 1983 510 2052 liquet,
590 1991 721 2059 quia
773 1994 934 2049 etiam
986 1998 1220 2055 traditus
1273 2016 1302 2054 a
1362 1983 1568 2059 sanctis
1620 2002 1745 2064 Filii
1810 2020 1874 2062 ac

287 2075 539 2144 Spiritus
569 2081 639 2133 ad
676 2081 909 2140 imicem
945 2088 1184 2153 habitus,
1218 2092 1409 2148 eadem
1437 2096 1651 2151 ratione
1685 2113 1875 2154 neces-

288 2169 434 2222 sario
468 2173 746 2241 redditur,
775 2186 834 2231 ut
861 2190 955 2232 aut
980 2180 1177 2236 Filium
1211 2183 1468 2253 Spiritus,
1489 2197 1583 2241 aut
1609 2187 1871 2258 Spiritum

288 2260 413 2317 Filii
460 2280 698 2322 causam
743 2271 1038 2339 fateamur,
1078 2279 1334 2344 maxime,
1371 2282 1520 2351 quia,
1559 2291 1618 2338 ut
1664 2284 1872 2341 dictum

286 2365 388 2419 est,
434 2358 664 2414 divinas
742 2376 1003 2431 personas
1056 2369 1107 2422 in
1161 2372 1275 2426 sola
1333 2382 1499 2429 eausa
1560 2376 1875 2448 causalique

285 2447 534 2504 discerni
567 2450 1050 2521 deprehendimus.
1086 2460 1237 2517 Alias
1275 2465 1422 2519 enim
1452 2466 1518 2521 ad
1550 2447 1873 2525 alterutrum

286 2536 462 2597 Filius
542 2557 611 2597 ac
663 2544 902 2615 Spiritus
961 2549 1311 2609 habitualiter
1356 2573 1464 2611 non
1514 2554 1868 2631 referrentur,

286 2646 471 2702 neque
534 2637 773 2695 traditus
834 2655 1152 2700 servaretur
1189 2648 1432 2705 habitus.
1479 2652 1642 2723 Atqui
1701 2655 1872 2712 Filius

288 2735 522 2781 sanctus
572 2728 810 2798 Spiritus
856 2749 1030 2805 neque
1063 2749 1175 2803 est,
1210 2756 1388 2812 neque
1418 2743 1660 2812 dicitur;
1697 2762 1874 2816 neque

286 2821 573 2873 convertit
617 2821 840 2880 habitus
888 2827 990 2882 ista
1025 2834 1441 2902 consequentia.
1491 2835 1676 2907 Neque
1725 2839 1872 2893 enim

284 2905 444 2970 juxta
500 2912 815 2979 expositum
874 2917 1021 2973 illius
1073 2922 1396 2980 subStantiie
1440 2905 1760 2996 processum
1805 2944 1872 2986 ex

288 2998 451 3056 Patre
481 3018 587 3071 per
615 3003 880 3075 Spiritum
913 3012 1185 3071 nascitur.
1219 3015 1493 3085 Quocirca
1546 3020 1724 3093 neque
1751 3022 1870 3078 Filii

286 3105 460 3147 causa
501 3092 748 3164 Spiritus
785 3110 889 3155 est.

357 3202 665 3277 Reliquum
693 3221 777 3266 est
807 3212 975 3281 igitur
1001 3215 1196 3272 Filium
1230 3223 1407 3278 sancti
1441 3223 1681 3294 Spiritus
1713 3227 1870 3285 fateri

288 3298 718 3369 causam,'quia
772 3304 953 3360 dictus
981 3319 1155 3363 estex
1192 3309 1352 3368 Patre
1387 3330 1481 3384 per
1505 3314 1703 3372 Filium
1741 3336 1872 3390 pro-

287 3388 513 3455 cedere,
550 3396 851 3451 secuudum
887 3400 1095 3456 scilicet
1122 3404 1538 3463 substantialem
1571 3410 1718 3467 illius
1741 3388 1871 3483 pro-

288 3498 514 3540 cessum
546 3489 747 3559 :juxta
794 3508 954 3563 quem
1008 3506 1063 3550 et
1119 3513 1419 3567 processus
1466 3504 1697 3572 ratione,
1726 3522 1869 3574 esse,

290 3574 488 3641 habet,
529 3589 586 3634 et
626 3584 765 3637 ordo
807 3584 873 3639 ad
908 3587 1265 3657 alterutrum,
1298 3606 1353 3648 et
1392 3594 1644 3663 habitus,
1682 3615 1747 3656 ac
1777 3616 1873 3670 per

289 3682 645 3741 consequens
674 3674 931 3731 discretio
956 3690 1223 3739 servatur.
1256 3684 1415 3741 Unde
1446 3692 1639 3753 merito
1667 3692 1870 3748 dictum

290 3769 411 3824 est,
454 3778 570 3818 non
618 3770 863 3822 converti
917 3770 1136 3828 habitus
1186 3775 1346 3831 istam
1401 3785 1870 3852 consequentiam,

289 3854 743 3926 quandoquidem
814 3877 991 3933 neque
1035 3858 1394 3935 personarum
1453 3888 1743 3941 processus
1810 3894 1873 3935 ac

289 3949 605 4004 substantia
632 3944 995 4012 convertitur.
1023 3957 1210 4030 Neque
1236 3963 1382 4017 enim
1417 3965 1589 4023 Filius
1615 3983 1679 4023 ex
1713 3969 1874 4027 Patre

288 4054 386 4107 per
438 4040 709 4109 Spiritum
761 4049 1027 4106 nascitur.
1068 4051 1143 4107 Ex
1178 4069 1288 4124 quo
1332 4072 1468 4112 sane
1518 4061 1869 4119 manifestum

290 4144 398 4201 est,
435 4136 605 4191 etiam
651 4154 715 4193 ex
760 4138 902 4196 Filio
944 4142 1039 4198 Dei
1087 4147 1387 4216 procedere
1442 4150 1711 4222 Spiritum
1745 4171 1875 4212 san-

290 4238 462 4283 ctum.

360 4343 651 4416 Nyssenus
684 4358 942 4416 praeterea
973 4350 1268 4423 Gregorius
1304 4357 1358 4410 in
1400 4371 1577 4425 primo
1608 4360 1876 4427 Questio-

294 4456 424 4493 num
465 4441 737 4496 adversus
768 4442 1119 4513 Eunontium,
1150 4447 1292 4501 circa
1344 4448 1504 4503 linem
1527 4490 1542 4515 ,
1572 4466 1875 4522 cuiusprte-

294 4531 561 4595 misisset,
595 4532 712 4586 sola
742 4546 924 4588 causa:
952 4537 1165 4592 ratione
1193 4535 1407 4592 Patrem
1438 4536 1574 4593 Filio
1606 4541 1872 4611 prtel'erri,

294 4624 543 4677 addidit:
584 4642 603 4675 ς
645 4624 791 4678 Idem
829 4636 884 4680 et
927 4627 995 4682 de
1036 4636 1230 4683 sancto
1273 4630 1480 4699 Spiritu
1535 4634 1693 4689 nobis
1739 4650 1871 4691 sen-

297 4715 570 4770 tiendum.
626 4714 759 4772 Solo
810 4718 1013 4789 quippe
1062 4719 1253 4776 ordine
1294 4722 1575 4779 diti‘erunt.
1627 4725 1695 4779 Ut
1728 4728 1873 4783 enim

298 4806 655 4878 coniungitur
686 4810 830 4863 Patri
862 4810 1057 4875 Filius,
1094 4823 1261 4883 atque
1288 4829 1352 4868 ex
1386 4829 1453 4870 eo
1490 4830 1613 4873 esse
1643 4820 1873 4887 habens,

298 4902 625 4956 substantia:
655 4911 833 4957 tamen
867 4906 1078 4959 ratione
1111 4908 1379 4976 posterior
1410 4926 1519 4965 non
1549 4920 1634 4966 est
1667 4928 1682 4965 :
1715 4913 1791 4967 ita
1823 4924 1878 4969 et

303 4989 597 5059 Unigcnito
639 4992 886 5063 jungitur
920 4993 1162 5065 Spiritus
1213 5011 1440 5056 sanctus
1466 5041 1482 5067 ,
1514 5002 1632 5060 Sola
1672 5004 1877 5074 quippe

300 5099 483 5139 causa:
510 5084 726 5139 ratione
750 5088 1091 5158 praispicitur
1141 5106 1207 5147 ac
1232 5092 1524 5164 praefertur
1550 5093 1720 5151 Filius
1746 5100 1875 5153 sub-

302 5180 525 5239 stantia:
558 5179 821 5251 Spiritus.
866 5201 885 5234 ι

378 5293 609 5362 Deinde,
674 5311 743 5351 ne
789 5297 915 5367 quis
962 5314 1028 5355 ex
1080 5299 1234 5355 liiscc
1279 5303 1461 5359 verbis
1519 5304 1671 5373 prius
1715 5314 1879 5374 atque

306 5387 603 5455 posterius.
636 5388 829 5443 localia
860 5390 1025 5446 etiam
1064 5392 1313 5463 quaedam
1340 5410 1405 5451 ac
1439 5398 1761 5467 temporalia
1799 5400 1878 5453 in-

308 5481 532 5535 tervalla
560 5480 670 5537 Deo
696 5483 944 5539 accidere
972 5486 1354 5557 arbitraretur,
1382 5505 1450 5545 ex
1481 5506 1591 5561 quo
1624 5493 1879 5547 substan-

308 5575 397 5627 tia:
445 5572 819 5641 indivisibile,
858 5587 1026 5646 atque
1078 5578 1361 5644 identitas,
1413 5582 1878 5655 singularitasque

310 5666 617 5728 tolleretur,
652 5674 875 5722 secutus
903 5669 1156 5739 adjuuxit
1186 5689 1200 5725 :
1248 5690 1266 5722 ι
1310 5671 1663 5743 Temporales
1696 5689 1875 5732 autem

313 5773 478 5810 mora:
510 5759 565 5811 in
604 5766 806 5813 atterna
836 5761 965 5826 vita,
998 5762 1177 5817 locum
1222 5780 1326 5818 non
1375 5766 1579 5821 habent
1610 5809 1626 5834 ,
1665 5779 1722 5823 ut
1755 5786 1876 5825 cum

315 5867 492 5906 causa:
522 5855 662 5907 ratio
685 5853 926 5922 praeferri
954 5856 1189 5920 dicatur,
1216 5859 1271 5911 in
1305 5859 1453 5916 nullo
1480 5872 1659 5917 tamen
1691 5875 1876 5919 sancta

320 5944 555 6002 Trinitas
583 5945 687 6002 sibi
720 5945 927 6004 discors
957 5962 1077 6005 esse
1112 5952 1305 6020 possit.
1350 5970 1373 6008 ν

1989 695 2135 763 quod
2171 695 2394 760 dicitur,
2444 713 2635 753 eorum
2682 709 2786 766 est,
2822 700 2878 754 in
2924 701 3126 771 quibus
3181 698 3557 781 cogitatione!

1990 787 2207 843 habitus“
2238 789 2483 844 uidelicet
2518 793 2817 847 secundum
2852 809 3119 863 personas
3149 805 3230 850 est
3257 811 3272 860 ;
3300 784 3561 866 cogitat?)

1989 888 2170 933 autem
2241 888 2295 935 et
2338 881 2591 948 habitus,
2642 885 2696 938 in
2743 886 2944 955 quibus
2990 887 3251 942 discretio
3298 898 3403 953 est,
3436 903 3560 944 esse

1988 961 2165 1036 solet;
2204 969 2465 1029 discretio
2502 968 2633 1029 vero
2665 976 2717 1029 in
2750 976 2876 1031 'sola
2905 982 3094 1041 caiisa.
3122 988 3173 1033 et
3209 980 3417 1035 causali
3449 990 3553 1043 est,

1988 1070 2152 1132 atque
2183 1064 2484 1135 accipitur;
2522 1067 2800 1136 colligitur
2826 1068 2981 1138 'jam‘,
3024 1072 3366 1143 prtecogitari
3410 1074 3555 1141 quod

1986 1154 2397 1221 dicitur,solum
2429 1159 2727 1213 secundum
2757 1175 2980 1215 causam
3035 1170 3087 1214 et
3117 1162 3261 1230 quod
3290 1169 3355 1215 ex
3387 1158 3555 1216 causa

1982 1256 2088 1310 est,
2126 1247 2176 1300 in
2229 1258 2415 1303 sancta
2464 1265 2529 1305 ac
2584 1250 2895 1305 beatissima
2943 1250 3216 1307 Trinitate
3260 1267 3289 1305 a
3349 1253 3563 1308 sanctis

1985 1336 2242 1394 Patribus
2275 1340 2403 1395 dici.

2056 1430 2174 1495 ilic,
2215 1433 2260 1487 si
2308 1433 2431 1504 quis
2476 1450 2691 1489 rursum
2728 1451 2907 1505 priora
2959 1437 3160 1490 inferat
3190 1447 3251 1490 ut
3289 1451 3553 1506 quoniam

1981 1524 2191 1581 Scilicet
2230 1526 2412 1592 Pater,
2450 1537 2504 1582 et
2539 1527 2697 1582 Pater
2746 1537 2798 1582 et
2823 1529 3118 1597 productor
3148 1538 3252 1595 est,
3285 1530 3554 1598 Paterque

1980 1617 2046 1671 ad
2080 1617 2277 1673 Filium
2319 1619 2669 1674 continenter
2696 1621 2987 1676 redditur:
3023 1623 3323 1691 productor
3360 1622 3426 1676 ad
3474 1622 3549 1687 id,

1980 1712 2123 1780 quod
2163 1712 2502 1781 producitur,
2537 1712 2795 1779 relertur,
2828 1724 2951 1768 cum
2980 1730 3048 1768 ex
3108 1714 3269 1769 Patre
3307 1713 3550 1782 Spiritus

1978 1804 2211 1865 dicatur;
2237 1802 2431 1858 Filium
2455 1814 2577 1859 ante
2597 1822 2757 1876 quam
2783 1808 3021 1870 Patrem,
3042 1806 3285 1876 cogitare
3307 1804 3544 1875 compel-

1980 1897 2165 1963 limur,
2197 1914 2263 1953 eo
2296 1899 2441 1969 quod
2490 1898 2671 1954 Patris
2699 1915 2897 1956 nomen
2930 1900 2996 1953 ad
3032 1899 3229 1954 Filium
3263 1899 3549 1964 redditur;

1977 1990 2177 2060 Quippe
2204 2005 2357 2047 mens
2388 2000 2596 2059 nostra,
2630 2008 2751 2063 quae
2776 1994 2843 2047 ad
2881 1993 3113 2047 invicem
3145 1992 3370 2047 relativa
3398 2002 3549 2056 sunt,

1975 2082 2140 2137 simul
2181 2084 2424 2154 cogitare
2463 2086 2768 2139 consuevit.
2803 2085 3039 2155 Spiritus
3069 2084 3213 2139 enim
3246 2100 3315 2138 ex
3368 2085 3549 2145 Patre.

1977 2188 2084 2226 non
2141 2178 2442 2231 secundum
2494 2180 2637 2246 quod
2685 2178 2866 2242 Pater,
2898 2179 2991 2233 sed
3045 2180 3346 2234 secundum
3402 2178 3547 2246 quod

1975 2266 2273 2339 productor
2296 2277 2402 2332 est,
2430 2267 2654 2324 dicitur.
2684 2269 2924 2338 Spiritus
2947 2270 3091 2325 enim
3119 2270 3272 2339 juxta
3296 2279 3547 2323 sanctum

1976 2338 2294 2426 Maximum,
2325 2360 2540 2416 Patrem
2595 2377 2700 2416 non
2733 2362 2920 2417 habet.
2966 2362 3100 2417 Cum
3142 2379 3275 2417 vero
3304 2357 3551 2432 spiritus

1973 2467 2037 2506 ex
2086 2453 2421 2522 productore
2465 2453 2692 2517 dicitur,
2728 2454 3054 2522 productum
3113 2454 3379 2524 Spiritum
3422 2464 3552 2508 ante

1974 2541 2175 2597 Filium
2211 2544 2452 2617 cogitare
2501 2546 2814 2601 necessario
2849 2546 3119 2615 cogimur,
3149 2546 3295 2614 quod
3341 2546 3552 2616 produ-

1978 2632 2370 2689 ctoris'nomen
2392 2634 2459 2689 ad
2489 2636 2814 2704 productum
2848 2636 3151 2701 referatur;
3180 2652 3276 2706 per
3308 2637 3547 2691 medium

1975 2733 2155 2777 autem
2207 2716 2615 2794 preductorem,
2662 2736 2716 2781 et
2760 2727 2979 2783 Patrem
3020 2727 3205 2795 simul,
3256 2737 3309 2783 et
3343 2726 3544 2783 Filium

1972 2813 2419 2871 animoversare.
2570 2824 2573 2827 ‘
3062 2830 3065 2835 '
3192 2822 3198 2829 ’
3275 2813 3278 2816 ’

2043 2908 2099 2962 Si
2150 2909 2274 2977 quis
2328 2908 2492 2979 igitur
2543 2909 2660 2965 hac
2717 2918 2773 2966 et
2808 2911 3122 2983 bujusmodi
3168 2910 3237 2965 de
3286 2924 3353 2965 eo
3402 2910 3548 2979 quod

1973 3000 2317 3070 praecogitari
2348 3002 2571 3069 dicitur,
2605 3006 2825 3070 asserit,
2859 3019 2952 3073 per
2982 3019 3105 3073 quae
3135 3004 3251 3058 haec
3302 3003 3548 3057 habitum

1973 3108 2038 3147 ac
2080 3093 2469 3149 discretionem
2516 3093 2643 3149 Filii
2693 3106 2748 3149 et
2804 3095 3065 3167 Spiritus,
3098 3112 3470 3166 causamque,
3498 3106 3553 3152 et

1973 3186 2118 3254 quod
2150 3200 2214 3239 ex
2247 3199 2413 3242 causa
2446 3195 2555 3252 cst,
2595 3200 2702 3241 una
2734 3188 3027 3243 excludere
3063 3189 3291 3243 nititur:
3328 3190 3416 3245 hic
3452 3205 3550 3244 ne-

1895 3298 1942 3359 c
1977 3276 2220 3330 cessario
2259 3288 2508 3345 cogetur,
2554 3276 2850 3344 aliquando
2901 3279 3121 3349 quidem
3157 3279 3425 3349 Spiritum
3483 3296 3551 3334 ex

1978 3367 2141 3422 Patre
2168 3382 2263 3437 per
2300 3367 2504 3422 Filium
2532 3371 2825 3439 procedere
2875 3371 3057 3437 fateri,
3091 3373 3387 3444 aliquando
3422 3387 3551 3427 vero

1979 3458 2177 3514 Filium
2212 3474 2277 3513 ex
2324 3460 2676 3529 productore,
2707 3478 2804 3533 per
2832 3464 3156 3534 productum
3204 3467 3372 3536 gigni.
3434 3467 3551 3521 imo
3600 3454 3603 3459 ’

1979 3551 2033 3607 id
2070 3553 2287 3623 quidem
2318 3563 2504 3623 aperte
2531 3569 2585 3610 et
2610 3555 2821 3620 dicunt,
2847 3565 2901 3611 ct
2931 3557 3198 3612 scribunt.
3229 3557 3374 3612 Nihil
3402 3559 3550 3613 enim

1982 3646 2275 3716 prohibere
2302 3646 2457 3717 juxta
2490 3648 2970 3703 ratiocinationem
3017 3664 3173 3704 suam
3199 3649 3348 3705 Patri
3385 3650 3551 3706 etiam

1980 3735 2176 3792 Filium
2208 3754 2548 3809 prarponere.
2580 3741 2756 3811 Atque
2792 3742 2895 3798 hac
2922 3742 3157 3808 ratione,
3189 3753 3243 3799 et
3276 3758 3374 3814 per
3413 3742 3554 3798 iuvi-

1980 3846 2098 3885 cem
2134 3841 2185 3886 et
2213 3847 2278 3887 ex
2314 3833 2543 3887 invicem
2572 3845 2753 3889 erunt.
2797 3834 2905 3890 Sed
2932 3836 3080 3892 enim
3115 3839 3220 3891 hoc
3250 3847 3306 3892 et
3331 3837 3551 3904 falsum,

1980 3930 2035 3976 et
2080 3923 2460 3993 blasphemum
2502 3940 2647 3991 esse,
2701 3942 2866 3997 supra
2915 3927 3029 3999 jam
3080 3928 3418 3983 declaratum
3447 3938 3551 3984 est.

1964 4013 2093 4069 'llac
2119 4016 2263 4069 enim
2302 4017 2552 4073 ratione:
2594 4035 2701 4072 non
2752 4019 2882 4089 quia
2929 4019 3103 4075 Filius
3137 4036 3205 4075 ex
3254 4019 3418 4075 Patre
3446 4029 3551 4085 est,

1980 4105 2185 4161 ideirco
2231 4122 2295 4162 ex
2339 4106 2500 4163 Patre
2530 4125 2654 4165 esse
2683 4111 2909 4176 dicitur,
2938 4128 3115 4183 neque
3147 4115 3274 4182 quia
3310 4111 3553 4181 Spiritus

1980 4205 2206 4253 sanctus
2242 4214 2307 4251 ex
2338 4197 2502 4254 Patre
2543 4214 2641 4267 per
2680 4200 2879 4256 Filium
2929 4205 3193 4271 procedit,
3246 4203 3551 4257 secundum

1982 4291 2395 4346 substantialeni
2432 4292 2554 4363 ejus
2622 4302 2996 4364 aeternumque
3039 4304 3355 4365 processum
3380 4334 3396 4360 ,
3431 4295 3555 4349 ideo

1978 4383 2050 4437 ita
2078 4386 2376 4453 procedere
2410 4400 2440 4440 a
2474 4385 2744 4455 theologis
2778 4388 3062 4453 asseritur,
3101 4388 3193 4442 sed
3248 4388 3377 4458 quia
3409 4388 3553 4443 dici-

1981 4483 2088 4538 tur,
2122 4475 2243 4529 ideo
2284 4492 2342 4532 se
2371 4478 2444 4530 ita
2479 4475 2686 4532 habet:
2716 4476 3000 4546 dictioque
3033 4487 3218 4533 nostra
3274 4479 3350 4532 rei
3386 4493 3553 4533 causa

1980 4576 2085 4633 est,
2114 4582 2178 4623 ac
2201 4583 2300 4635 pro
2325 4569 2557 4624 arbitrio
2582 4569 2839 4625 dictionis
2885 4585 2948 4624 ac
2980 4570 3280 4641 phantasia:
3328 4579 3549 4637 nostra,

1899 4648 2272 4715 Dimmobilis
2342 4670 2690 4731 mteruusque
2769 4677 3129 4732 personarum
3200 4665 3338 4718 ordo
3416 4663 3554 4717 alias

1982 4752 2139 4806 aliter
2166 4752 2409 4819 habebit,
2441 4754 2737 4825 simulque,
2786 4770 2854 4809 ne
2892 4755 3151 4810 discretio
3175 4756 3392 4825 quidem
3428 4754 3551 4809 Filii

1981 4858 2046 4897 ac
2102 4842 2341 4912 Spiritus
2391 4844 2669 4900 reddetur.
2721 4845 2832 4901 Sed
2895 4846 3001 4902 ista
3069 4862 3202 4903 sane
3266 4860 3320 4902 et
3369 4848 3551 4917 inepta

1983 4934 2149 4990 simul
2179 4946 2233 4989 et
2274 4934 2581 5004 perniciosa
2621 4945 2770 4991 sunt.

2056 5028 2322 5093 Quoi-irca
2351 5028 2513 5082 etiam
2549 5029 2855 5085 rectissime
2887 5030 3109 5097 dicitur,
3146 5032 3356 5085 ordinis
3392 5034 3553 5088 istaut
3616 5090 3618 5092 ,

1988 5122 2282 5177 novitatem
2314 5122 2632 5177 substantia:
2657 5123 2829 5192 ipsius
2884 5124 3235 5180 abolitionem
3273 5141 3415 5191 esse,
3475 5136 3555 5180 to-

1982 5216 2200 5285 tiusque
2237 5215 2357 5269 lidei
2390 5216 2800 5287 abnegationem
2827 5235 2841 5272 :
2891 5220 3227 5289 irqualisque
3256 5218 3554 5287 impietatis

1979 5324 2125 5373 esse,
2157 5310 2419 5378 Spiritum
2459 5321 2710 5365 sanctum
2755 5323 3063 5367 creaturam
3092 5314 3363 5376 confiteri,
3397 5328 3557 5366 eum-

1953 5380 2090 5472 ‘que
2128 5404 2210 5457 vel
2259 5402 2406 5458 Patri
2466 5416 2561 5459 aut
2612 5404 2752 5459 Filio
2812 5422 3149 5477 praeponere,
3217 5422 3324 5461 non
3376 5408 3554 5465 solum

1982 5505 2251 5565 tempore,
2281 5497 2377 5553 sed
2403 5498 2617 5555 ordine.
2660 5499 2719 5554 ld
2779 5501 2981 5570 quippe
3037 5493 3239 5567 aufert,
3274 5504 3418 5559 unde
3448 5510 3557 5569 est,

1984 5588 2199 5644 sublato
2233 5605 2384 5658 vero,
2416 5593 2559 5647 unde
2583 5602 2689 5660 est,
2733 5604 2788 5649 et
2818 5596 3093 5665 quomodo
3126 5607 3228 5661 est,
3268 5597 3429 5652 simul
3461 5614 3560 5652 au-

1987 5681 2209 5749 feretur,
2234 5699 2299 5739 ac
2334 5701 2562 5755 persona
2591 5703 2712 5744 esse
2751 5689 2980 5744 desinet.
3014 5687 3241 5752 Deinde.
3289 5692 3415 5762 quid
3482 5692 3562 5744 di-

1988 5775 2132 5829 cturi
2163 5785 2314 5842 sunt,
2347 5791 2470 5831 cum
2507 5776 2665 5833 Pater
2717 5789 2993 5836 asseratur
3022 5786 3321 5838 secundum
3378 5798 3559 5837 causai

1981 5866 2248 5920 rationem
2274 5876 2399 5924 ante
2428 5867 2663 5933 Filium,
2698 5880 2879 5926 mente
2933 5872 3145 5947 concipi
3209 5883 3371 5941 atque
3411 5876 3555 5939 cogi«

1987 5955 2251 6014 tari?Hic
2277 5959 2423 6014 enim
2479 5959 2581 6015 ista
2632 5960 2846 6017 illorqu
2909 5964 3176 6030 expositio
3210 5962 3389 6019 locum
3450 5976 3557 6015 non
