3984 6556
449 465 515 532 51
1705 463 1808 522 ΜΛ
1819 463 2021 525 NUEL

2141 467 2452 531 CALEC‘E
2718 536 2728 546 ,
3624 470 3698 536 5?.

447 571 634 630 habet.
670 571 759 629 Ait
787 571 932 628 enim
965 571 1155 626 doctor
1205 569 1316 640 (25)
1345 591 1358 627 :
1399 588 1418 620 ι
1453 569 1568 638 Qua
1627 580 1838 626 ratione
1864 569 2021 625 Pater

2199 578 2334 633 Cum
2369 580 2552 650 itaque
2592 593 2690 647 pro
2717 579 2976 635 confesso
3023 579 3305 645 habeatur,
3346 580 3568 636 causale
3619 584 3698 636 itit

445 674 574 723 ante
605 665 898 736 cogitatur,
925 676 1088 732 quam
1114 661 1285 717 Filius
1304 701 1320 728 ,
1343 661 1530 716 eadem
1584 661 1797 716 ratione
1825 659 2018 716 Filium

443 769 572 816 ante
625 758 887 830 Spiritum
947 765 1198 812 sanctum
1251 756 1502 826 cogitari.
1571 775 1590 806 ι
1651 756 1812 826 ΑΙ,ηυί
1859 753 2024 809 Pater

443 867 624 908 causae
672 851 1021 922 causalisque
1045 850 1257 904 ratione
1283 857 1410 903 ante
1467 848 1660 903 Filium
1729 847 2019 917 cogitatur.

442 948 794 1004 Pramissum
829 955 913 1001 est
961 955 1166 1010 autem,
1196 953 1250 1000 et
1299 944 1492 999 Filium
1551 952 1680 996 ante
1745 939 2018 1011 Spiritum

447 1047 702 1096 sanctum
731 1053 914 1094 causae
957 1036 1171 1091 ratione
1215 1035 1451 1105 cogitari.
1478 1043 1605 1088 ante
1639 1033 1924 1103 Spiritum,
1957 1047 2018 1086 ea

443 1132 662 1188 scilicet
700 1145 890 1196 causa,
922 1145 1086 1200 quam
1117 1129 1232 1198 ipse
1259 1125 1422 1182 habet
1469 1127 1536 1181 ad
1581 1125 1868 1195 Spiritum,
1935 1139 2022 1181 se-

443 1225 680 1280 cundum
715 1238 878 1292 quam
938 1220 1179 1292 procedit
1199 1233 1263 1272 ex
1293 1217 1453 1272 Patre
1509 1231 1603 1286 per
1648 1215 1880 1282 Filium;
1909 1230 2018 1270 non

443 1327 628 1372 tamen
660 1315 961 1372 secundum
989 1328 1108 1369 eam
1137 1327 1300 1382 quam
1329 1310 1487 1365 habet
1518 1307 1675 1363 Pater
1701 1309 1766 1364 ad
1798 1307 2016 1362 Filium.

445 1411 562 1466 Hoc
595 1409 744 1466 enim
775 1423 931 1461 mens
963 1405 1202 1460 humana
1231 1418 1335 1457 non
1359 1403 1536 1471 capit;
1590 1415 1764 1470 neque
1794 1401 2020 1470 cogitari

443 1502 642 1558 Filium
675 1511 798 1556 ante
828 1498 1088 1570 Spiritum
1144 1504 1390 1552 sanctum
1432 1493 1514 1549 l‘as
1546 1501 1653 1555 est.
1714 1501 1774 1546 ut
1829 1495 2021 1548 doctor

443 1592 539 1650 ait.
568 1590 836 1657 Quoniam
873 1590 1036 1659 igitur
1063 1585 1252 1640 eadem
1293 1584 1516 1639 omnino
1549 1583 1761 1637 ratione
1816 1597 2021 1649 praeco-

441 1687 647 1754 gitatur
671 1696 796 1740 ante
854 1681 1052 1736 Filium
1111 1680 1291 1745 Pater;
1340 1687 1504 1748 atque
1559 1687 1688 1732 ante
1757 1673 2018 1746 Spiritum

442 1777 633 1841 Filius,
692 1783 930 1839 constat,
989 1774 1250 1844 quoniam
1329 1769 1499 1843 Filius
1557 1768 1793 1838 Spiritus
1845 1768 2022 1824 sancti

443 1881 608 1922 causa
635 1874 741 1920 est.

455 1984 468 1996 ε
517 1958 751 2014 Sanctus
774 1958 902 2013 item
917 1956 1269 2018 Athanasius,
1290 1956 1344 2009 in
1363 1954 1458 2010 lib.
1487 1953 1506 2008 l
1535 1953 1732 2008 Contra
1753 1937 2013 2017 'Arianos,
2047 1933 2087 1988 Β

444 2060 570 2121 post
609 2051 778 2107 multa
809 2052 888 2106 sic
920 2050 1035 2103 ait:
1077 2067 1095 2100 ι
1136 2047 1398 2102 Dominus
1434 2045 1691 2100 deitatem
1745 2052 1800 2099 et
1847 2043 2019 2113 maje-

444 2153 643 2199 statem
699 2157 853 2198 suam
911 2139 1194 2208 discipulis
1253 2135 1570 2203 ostendens,
1629 2148 1737 2189 non
1789 2133 1900 2202 jam
1934 2147 2017 2188 se-

443 2239 622 2306 ipsum
659 2235 948 2298 minorem,
1001 2231 1094 2288 scd
1153 2231 1414 2300 majorem
1467 2236 1524 2283 et
1582 2225 1848 2298 aequalem
1897 2238 2018 2280 esse

445 2327 784 2399 signiﬁcans,
815 2326 979 2380 dabat
1039 2324 1257 2394 quidem
1325 2321 1589 2390 Spiritum
1656 2331 1903 2375 sanctum
1965 2325 2018 2370 et

443 2421 698 2476 diccbat:
730 2419 850 2490 Ego
873 2419 1038 2488 ipsum
1081 2417 1311 2480 mittant,
1333 2423 1380 2467 et
1415 2427 1738 2482 quiscunque
1767 2408 2013 2474 audierit,

445 2513 686 2583 loquetur
707 2513 773 2568 ³⁸.
805 2531 823 2565 t

520 2605 584 2660 Et
609 2604 799 2674 paucis
829 2586 1148 2673 interjectis,
1193 2613 1432 2669 quonam
1467 2597 1628 2651 modo
1680 2593 1836 2649 Pater
1882 2592 2018 2646 Filio

443 2699 516 2752 εἰ
555 2697 729 2765 major
751 2708 1030 2764 exponens
1059 2693 1173 2746 ait:
1213 2708 1231 2742 ι
1261 2689 1521 2760 Majorem
1571 2702 1630 2744 se
1669 2686 1884 2740 Patrem
1915 2683 2016 2737 Do-

447 2789 628 2843 minus
660 2788 820 2850 dixit,
856 2800 964 2840 non
998 2782 1378 2854 magnitudine
1402 2781 1608 2850 aliqua,
1646 2779 1728 2834 vel
1746 2789 2015 2846 tempore,

446 2880 543 2936 sed
577 2881 700 2950 quin
731 2895 795 2935 ex
836 2879 952 2948 ipso
988 2878 1148 2932 Patre
1182 2886 1345 2930 natus
1375 2882 1481 2930 est.
1528 2893 1546 2925 ι
1590 2871 1696 2927 Sed
1735 2881 1789 2926 et
1824 2869 2020 2924 Dama-

443 2987 645 3027 scenus
675 2971 727 3024 in
769 2968 1006 3040 capitulo
1039 2968 1103 3023 de
1143 2975 1330 3022 sancta
1364 2964 1648 3028 Trinitate,
1702 2961 1857 3031 cujus
1916 2960 2020 3014 ini-

437 3065 582 3119 tium
609 3072 691 3119 est
715 3081 727 3117 :
753 3061 1027 3118 Credimus
1053 3061 1216 3132 igitur
1237 3061 1290 3113 in
1315 3073 1477 3111 unum
1508 3057 1694 3117 Deum,
1730 3053 2016 3122 tmajmem

447 3153 662 3210 Patrem
699 3151 860 3216 Filio,
902 3167 1083 3207 causa:
1114 3148 1482 3214 ratione,tait.
1516 3147 1574 3202 Si
1624 3147 1788 3217 igitur
1819 3154 1877 3199 ut
1934 3144 2017 3199 di-

447 3260 594 3304 ctum
627 3258 730 3311 est,
761 3245 918 3301 Pater
951 3243 1090 3298 Filio
1119 3259 1300 3300 causa:
1326 3241 1537 3296 ratione
1570 3223 1737 3308 nraon
1765 3248 1866 3304 est,
1895 3254 2024 3292 san-

446 3351 678 3411 ctusque
715 3338 1047 3393 Athanasius
1104 3336 1365 3405 majorem
1394 3333 1598 3402 Spiritu
1624 3331 1822 3385 Filium
1857 3331 2020 3395 dixit,

447 3441 664 3488 constat
695 3430 960 3502 profecto,
989 3430 1116 3483 dum
1153 3428 1414 3494 majorem
1445 3426 1595 3488 dicit,
1623 3439 1845 3480 causam
1870 3423 2020 3476 illum

450 3541 578 3583 esse
599 3525 773 3582 sancti
808 3525 1046 3593 Spiritus
1077 3522 1388 3591 significare
1421 3519 1678 3573 voluisse.
1711 3517 1808 3571 Sin
1843 3523 2022 3570 autem

445 3633 499 3677 et
523 3619 685 3676 Pater
722 3617 1242 3674 Filiohumanitatis
1291 3621 1585 3680 assumpta:
1618 3609 1825 3662 ratione
1854 3607 2026 3675 major

447 3731 476 3769 a
533 3714 860 3784 quibusdam
919 3711 1097 3764 dictus
1143 3717 1246 3771 est,
1286 3705 1526 3775 Spiritus
1585 3711 1804 3756 sanctus
1877 3708 2025 3754 certe

449 3808 762 3860 incarnatus
792 3818 900 3857 non
933 3809 1040 3864 est,
1071 3805 1129 3853 ut
1160 3797 1338 3850 minor
1369 3793 1506 3847 Filio
1550 3799 1814 3860 susceptae
1841 3789 2024 3844 carnis

447 3897 621 3966 gratia
648 3896 883 3951 dicatur.

520 3987 634 4041 Etsi
663 3987 808 4040 enim
849 3999 1076 4053 magnus
1109 3981 1342 4036 Basilius
1391 3981 1444 4034 in
1477 3977 1645 4033 lib.l\"
1685 3977 1878 4032 Contra
1911 3977 2023 4030 Eu-

447 4079 680 4134 nomium
705 4077 847 4147 quod
871 4077 1072 4133 dicitur
1101 4075 1277 4146 majus
1311 4072 1608 4130 secundum
1642 4086 1865 4126 causam
1901 4070 2019 4140 (2.1)

448 4175 502 4228 in
535 4174 699 4228 Patre
735 4188 962 4229 renuere
987 4172 1234 4229 videtur:
1268 4169 1581 4240 bujusmodi
1639 4168 1748 4222 illic
1799 4181 2021 4222 Causam

448 4266 1033 4333 sanctusointerdicit,
1095 4281 1214 4336 qua:
1277 4265 1575 4321 secundum
1637 4273 1870 4330 tempus,
1931 4269 2025 4313 aut

448 4357 901 4426 magnitudinem,
933 4366 1027 4410 aut
1061 4357 1222 4411 aliam
1256 4353 1561 4423 quamlibet
1607 4353 1658 4405 id
1709 4368 1882 4420 genus
1935 4369 2022 4406 ex.

447 4451 752 4507 cellentiam
785 4449 1001 4506 causale
1031 4447 1319 4518 pracedat,
1373 4447 1554 4516 sitque
1581 4445 1672 4497 illo
1711 4446 2024 4498 .iionorabi-

447 4544 572 4605 lior,
593 4559 701 4596 non
731 4551 908 4596 tamen
935 4539 1151 4596 Patrem
1181 4537 1303 4593 Filii
1321 4552 1442 4594 esse
1467 4535 1794 4606 principium
1821 4548 1982 4608 negat
2006 4554 2020 4602 ;

2128 671 2600 726 consubstantiale
2639 686 2780 736 esse,
2811 687 2879 725 ex
2940 687 3050 740 quo
3119 680 3226 734 cst,
3273 673 3521 740 profecto
3588 687 3740 726 non-

2127 762 2401 818 recusabit
2428 763 2725 833 praeclarus
2773 763 2966 819 doctor
2998 763 3214 818 Patrem
3251 761 3390 816 Filio
3433 764 3696 831 majorem

2126 869 2308 910 causa:
2346 855 2555 912 ratione
2582 856 2786 918 dicere.
2819 855 2884 908 ad
2917 870 3012 910 eos
3068 855 3395 924 praesertim,
3427 855 3521 924 qui
3587 870 3697 907 ina-

2125 946 2214 1015 jus
2245 947 2389 1017 quod
2413 947 2612 1002 dicitur
2649 949 2734 1018 pie
2785 947 3111 1018 suscipiunt,
3203 961 3378 1015 neque
3407 961 3470 999 ex
3526 945 3702 998 nmn't-

2129 1036 2291 1090 nibus
2321 1035 2670 1106 blasphemiae
2701 1039 3019 1092 occasiones
3066 1045 3432 1106 aucupantur.
3492 1033 3701 1088 Idcirco

2123 1138 2178 1182 et
2214 1127 2274 1183 D.
2332 1127 2688 1191 Athanasius,
2759 1143 2883 1184 cum
2952 1127 3180 1184 dixisset
3234 1127 3426 1181 Filium
3492 1125 3703 1195 Spiritu

2128 1221 2415 1292 majorem,
2438 1221 2600 1276 etiam
2626 1221 2878 1290 a'qualem
2911 1221 3136 1282 addidit.
3164 1228 3223 1274 ut
3245 1233 3461 1273 omnem
3491 1220 3700 1273 aditum

2123 1313 2474 1385 blasphemia:
2496 1316 2823 1370 Obstrueret.
2855 1313 3120 1380 Quoniam
3155 1311 3320 1383 igitur
3347 1313 3518 1382 major
3560 1310 3702 1368 Filio

2125 1407 2306 1471 Pater,
2343 1406 2624 1478 Filiusque
2664 1406 2873 1476 Spiritu
2905 1419 3084 1460 causa:
3133 1405 3346 1459 ratione
3372 1404 3549 1458 dictus
3589 1415 3700 1466 est,

2129 1501 2301 1555 Filius
2335 1516 2464 1570 ergo
2497 1500 2740 1571 Spiritus
2773 1500 2943 1554 sancti
2975 1513 3140 1553 causa
3166 1505 3268 1558 ost.
3323 1496 3430 1550 etsi
3464 1495 3589 1550 Filii
3639 1511 3703 1550 ac

2123 1596 2299 1648 sancti
2338 1593 2574 1663 Spiritus
2601 1594 2782 1646 omnia
2820 1593 2884 1645 ad
2924 1591 3136 1645 Patrem
3202 1589 3458 1653 rcﬂuant,
3494 1604 3557 1642 ex
3591 1603 3704 1657 quo

2125 1687 2235 1742 illis
2269 1697 2322 1740 et
2345 1701 2486 1749 csse,
2513 1694 2564 1740 et
2597 1685 2832 1753 aequales
2865 1697 3008 1751 esse,
3028 1691 3132 1736 cst.

2205 1778 2437 1846 Magnus
2488 1789 2746 1849 prarterea
2798 1770 3050 1840 Basilius,
3085 1774 3139 1828 in
3182 1773 3278 1828 lib.
3331 1789 3388 1827 ιιι
3432 1772 3704 1840 Qua'slioo

2124 1890 2246 1926 num
2267 1871 2402 1944 (ἓὸ),
2417 1872 2573 1942 cujus
2591 1871 2804 1925 initium
2825 1881 2937 1924 est:
2965 1868 3068 1923 Vix
3087 1869 3301 1922 tandem
3321 1866 3570 1920 satiatus.
3595 1864 3703 1918 Illic

2125 1966 2271 2020 enim
2307 1964 2574 2019 Eunomio
2609 1961 2872 2034 Spiritum
2901 1969 3152 2017 sanctum
3221 1966 3415 2012 natura
3478 1956 3700 2011 tertium

2125 2070 2248 2112 esse
2291 2063 2596 2120 asserente,
2663 2054 2778 2122 ipse
2835 2051 3024 2106 ordine
3076 2048 3304 2119 quidem
3354 2045 3594 2108 tcrtiunt,
3650 2051 3706 2096 et

2126 2146 2278 2202 valde
2309 2145 2616 2201 conﬁtetur.
2666 2143 2837 2198 Instat
2890 2153 3071 2196 autem
3120 2139 3318 2194 acriter
3365 2148 3552 2192 contra
3625 2134 3702 2197 id,

2125 2238 2269 2310 quod
2314 2247 2507 2292 natura
2574 2236 2770 2290 tertius
2831 2234 3133 2297 dicebatur,
3195 2242 3249 2286 et
3278 2231 3471 2287 addit:
3525 2227 3705 2293 «Quae

2126 2333 2269 2386 enim
2295 2338 2450 2398 urget
2519 2330 2838 2386 necessitas.
2897 2324 3340 2397 quandoquidem
3401 2323 3591 2376 ordine
3640 2336 3706 2374 ac

2125 2426 2382 2497 dignitate
2413 2423 2606 2478 tertius
2632 2431 2714 2477 est
2733 2421 2994 2490 Spiritus,
3022 2427 3215 2472 natura
3241 2430 3460 2485 quoque
3483 2413 3704 2468 tertium

2127 2516 2328 2571 interi?
2357 2515 2622 2584 Dignitate
2678 2513 2820 2568 enim
2873 2509 3169 2566 secundum
3222 2523 3252 2562 a
3285 2505 3444 2572 Filio,
3485 2520 3607 2559 cum
3635 2504 3706 2557 ab

2128 2610 2244 2678 ipso
2278 2623 2398 2663 esse
2437 2606 2652 2670 habeat,
2679 2613 2733 2660 ct
2766 2605 2832 2658 ab
2885 2605 3002 2674 ipso
3030 2601 3287 2670 accipiat,
3309 2609 3362 2654 et
3417 2596 3704 2652 annuntiet

2127 2701 2304 2763 nobis,
2351 2709 2510 2769 atque
2540 2699 2764 2753 omnino
2787 2713 2852 2753 ex
2904 2696 2990 2750 illa
3024 2709 3190 2750 causa
3237 2692 3496 2762 pendeat,
3531 2691 3702 2760 pieta-

2129 2793 2195 2846 tis
2228 2793 2364 2846 ratio
2395 2789 2762 2846 commendat.
2793 2787 3003 2842 Natura
3025 2795 3206 2840 autem
3252 2784 3495 2847 tertium,
3524 2795 3706 2849 neque

2127 2901 2194 2941 ex
2226 2883 2396 2939 sacris
2420 2881 2636 2938 Litteris
2673 2879 2988 2946 didicimus,
3021 2891 3198 2946 neque
3223 2891 3288 2930 ex
3317 2875 3400 2930 his
3417 2889 3538 2944 qua:
3560 2873 3704 2926 dicta

2129 2987 2278 3044 sunt,
2351 2977 2647 3034 sccnndum
2728 2975 2995 3029 rationem
3064 2970 3467 3040 consequentia:
3523 2965 3705 3037 colligi

2128 3079 2324 3138 potest.
2339 3088 2356 3120 t

2201 3162 2296 3216 Hic
2319 3159 2658 3232 apertissime
2721 3172 2969 3214 summus
3021 3155 3105 3210 vir
3151 3154 3411 3225 Spiritum
3449 3160 3704 3207 sanctum

2128 3272 2191 3312 ex
2246 3270 2408 3309 causa
2460 3251 2579 3306 Filii
2644 3251 2898 3320 pendere,
2959 3265 3021 3304 ex
3088 3250 3313 3317 ipsoque
3375 3259 3705 3316 suspensum

2128 3363 2265 3412 csse,
2303 3358 2464 3416 atque
2496 3345 2564 3400 ab
2592 3348 2714 3411 ipso
2773 3343 3021 3413 accipere
3079 3353 3131 3396 et
3191 3356 3312 3396 esse
3369 3339 3590 3401 habere,
3645 3344 3704 3390 ut

2127 3443 2273 3512 pium
2303 3452 2353 3494 ct
2403 3438 2632 3492 maxime
2688 3435 2998 3506 religiosum
3049 3433 3264 3510 probat.
3327 3429 3438 3484 lloc
3496 3438 3702 3488 autem,

2128 3535 2172 3590 si
2205 3533 2328 3603 quis
2357 3547 2462 3587 non
2527 3543 2648 3584 csse
2708 3527 2889 3582 Basilii
2939 3507 3254 3588 contendat,
3318 3522 3706 3591 adjectumqne

2127 3625 2532 3697 exemplaribus
2591 3621 2758 3683 dicat,
2845 3622 3059 3689 penitus
3109 3619 3324 3673 delirat.
3379 3615 3588 3685 Quippe
3649 3613 3704 3671 in

2129 3715 2515 3771 vetustissimis
2577 3712 2859 3767 codicibus
2931 3713 3001 3763 ita
3089 3709 3353 3778 scriptum
3407 3707 3703 3760 invenitur.

2129 3810 2278 3876 Quos
2304 3807 2522 3877 quidem
2553 3805 2770 3859 codices
2799 3819 2896 3873 pro
2920 3802 3244 3872 antiquitate
3270 3817 3389 3865 sua,
3412 3809 3704 3867 antequam

2130 3900 2364 3955 scbisma
2413 3898 2666 3961 oriretur,
2717 3897 3059 3964 conscriptos
3109 3908 3250 3955 csse,
3299 3894 3482 3946 nullus
3531 3892 3706 3945 ambi-

2129 4007 2254 4060 gc:e
2293 3990 2515 4046 omnino
2548 3988 2756 4059 possit:
2815 4002 3046 4056 quorum
3112 3984 3405 4039 oblitterati
3458 3983 3704 4039 nonnulli

2130 4093 2456 4138 rcmttntur:
2484 4081 2810 4152 quibusdam
2839 4080 2940 4134 hoc
2971 4078 3116 4133 illius
3147 4078 3250 4135 viri
3309 4077 3513 4132 dictum
3547 4077 3705 4148 quasi

2129 4178 2494 4232 adulteratum
2525 4173 2806 4242 suscipere
2839 4173 3172 4234 nolentibus,
3226 4185 3288 4225 ac
3320 4170 3469 4226 ferro
3513 4178 3708 4226 contra

2130 4277 2308 4324 mutos
2337 4267 2518 4335 apices
2552 4265 2713 4334 impie
2748 4264 3050 4318 utentibus.

2197 4362 2460 4416 Caeterum
2488 4368 2770 4412 contextus
2830 4359 2948 4426 ipse
2967 4356 3274 4420 verborum,
3324 4355 3552 4425 ipsaque
3573 4355 3709 4408 allo-

2128 4451 2296 4518 cutid,
2327 4455 2429 4510 sibi
2483 4453 2584 4523 ipsi
2637 4465 2693 4507 et
2737 4449 2974 4505 audiIOri
3024 4448 3270 4517 congruit
3329 4447 3578 4502 mit-ilice.
3628 4446 3709 4500 Ex

2131 4551 2263 4620 ipsis
2316 4561 2535 4618 quoque
2579 4545 2700 4599 istis
2751 4541 2924 4596 sancti
2980 4540 3208 4595 intentio
3267 4539 3404 4594 satis
3456 4554 3577 4608 qua:
3633 4538 3706 4593 sit

450 4643 777 4704 constatque
805 4634 957 4688 illum
991 4633 1048 4686 in
1109 4631 1282 4702 primo
1329 4630 1593 4688 adversus
1672 4631 2020 4696 Eunominm,

2131 4649 2368 4712 apparet.
2403 4639 2492 4692 Ait
2518 4638 2660 4692 enim
2694 4651 2814 4690 cmn
2853 4649 2879 4685 a
2914 4633 3052 4687 Filio
3076 4632 3401 4696 secundum,
3445 4632 3566 4686 .hoc
3597 4639 3704 4696 est,

447 4729 594 4798 quod
625 4727 801 4796 majus
838 4727 892 4781 in
950 4725 1112 4781 Patre
1163 4732 1460 4782 secmidum
1521 4743 1740 4784 causam
1801 4726 2022 4790 dicitur,

447 4821 594 4878 sicut
626 4820 680 4875 in
712 4828 906 4875 sancta
969 4817 1236 4874 Trinitate
1288 4834 1451 4875 causa
1514 4819 1863 4890 intelligenda
1919 4829 2023 4885 est,

448 4913 676 4968 omnino
711 4912 988 4982 suscipere
1021 4919 1184 4979 atque
1221 4912 1499 4967 contiteri.

519 5008 610 5061 Ait
643 5013 822 5060 autem
845 5015 900 5060 ct
931 5005 1216 5074 theologus
1243 5003 1558 5074 Gregorius,
1603 5023 1620 5055 ι
1651 5005 1781 5059 Volo
1806 5004 2020 5059 Patrem

449 5097 950 5168 majorcmdicsre,
1012 5111 1077 5151 ex
1143 5111 1252 5164 quo
1301 5109 1356 5150 et
1405 5097 1729 5166 aequalibus,
1791 5110 1850 5153 ut
1912 5101 2024 5154 sint

447 5189 701 5260 aequalia,
737 5189 1025 5260 ipsumque
1089 5203 1212 5244 esse
1273 5199 1377 5242 est.
1446 5187 1570 5244 ηερε
1623 5191 1766 5246 enim
1831 5206 2022 5248 omnes

447 5282 658 5338 dabunt
724 5294 1042 5349 vereorque,
1103 5295 1172 5333 ne
1205 5279 1531 5348 principium
1567 5281 1833 5335 minorum
1877 5298 2022 5350 prtu-

451 5374 654 5446 cipiuin
681 5371 876 5428 faciam
898 5416 911 5438 ,
952 5382 1113 5442 atque
1141 5372 1243 5427 bac
1270 5373 1437 5427 veluti
1476 5372 1774 5428 bonouitira
1828 5376 2020 5443 prada-

450 5469 617 5534 tione,
652 5467 833 5538 ipsum
867 5466 1213 5538 contumeliis
1249 5466 1496 5522 alliciam.
1531 5486 1550 5519 ι

520 5607 568 5639 ’⁸
605 5604 765 5661 Joan.
802 5620 915 5670 xvi,
957 5605 1042 5657 15.

523 5748 635 5816 (‘25)
677 5745 935 5802 Basilius.

521 5809 632 5888 (24$
689 5817 951 5871 Absolute
987 5828 1094 5888 non
1155 5816 1290 5888 bene
1337 5819 1504 5888 sonat
1531 5809 1771 5888 ,_dic_erc
1803 5810 2017 5888 Patrem

449 5879 590 5944 Fil‘io
622 5889 882 5956 majorem
920 5887 1132 5940 ratione
1175 5880 1452 5956 principii,
1486 5879 1712 5956 quianil
1751 5881 1926 5956 majus
1963 5880 2014 5932 in

451 5951 794 6014 sacrosancta
821 5956 1106 6020 Trinitntc,
1135 5951 1187 6006 ιιί
1218 5954 1378 6005 habet
1407 5951 1722 6020 Symbolum
1757 5951 1812 6004 S.
1840 5952 2009 6004 Atha-

2121 4751 2150 4790 a
2182 4735 2336 4789 Patre
2360 4730 2574 4786 tertium
2597 4727 2802 4782 ordinis
2826 4725 3034 4778 ratione
3053 4739 3199 4788 esse,
3233 4725 3377 4793 quod
3408 4723 3510 4792 ipsi
3540 4723 3706 4778 etiam

2122 4840 2185 4878 ex
2223 4821 2494 4893 praedictis
2529 4817 2818 4872 asseritur.
2865 4812 2978 4868 lloc
3008 4815 3172 4885 igitur
3203 4814 3257 4868 in
3315 4813 3436 4868 loco
3483 4827 3704 4867 causam

2126 4915 2396 4988 apprtsnit.
2431 4928 2530 4968 cur
2556 4909 2796 4980 Spiritus
2857 4923 2886 4962 a
2922 4905 3058 4961 Filio
3112 4906 3388 4960 secundus
3431 4907 3523 4972 sit,
3559 4904 3706 4973 quod

2132 5009 2343 5063 scilicet
2366 5005 2434 5060 ab
2463 5004 2558 5058 illo
2605 5017 2726 5055 esse
2751 5000 2964 5054 habcat.
2993 4999 3103 5052 Hoc
3140 4998 3285 5051 enim
3312 4997 3707 5052 cnuntiationis

2130 5099 2341 5172 species
2367 5097 2567 5165 exigit,
2601 5093 2759 5147 sicuti
2802 5107 2954 5154 cum,
3000 5090 3149 5144 verbi
3202 5089 3399 5158 gratia,
3429 5089 3704 5162 dicimus:

2131 5191 2231 5245 llic
2271 5187 2586 5244 rationalem
2623 5184 2830 5238 habens
2882 5192 3151 5246 naturam,
3181 5181 3362 5242 discit,
3394 5181 3532 5234 idem
3556 5182 3702 5236 enim

2129 5294 2234 5349 est,
2293 5297 2356 5335 ac
2404 5281 2450 5336 si
2507 5279 2824 5335 diceretur:
2884 5275 3021 5340 Quia
3071 5273 3386 5328 rationalem
3446 5282 3701 5328 naturam

2129 5376 2316 5441 habet,
2343 5372 2548 5428 idcirco
2577 5369 2762 5426 discit.
2815 5366 3033 5423 Discere
3082 5368 3281 5435 quippe
3335 5367 3548 5421 causale
3579 5376 3701 5434 est;

2131 5465 2450 5522 rationalem
2512 5473 2690 5516 autem
2746 5451 3016 5522 naturain,
3088 5460 3230 5528 quod
3268 5458 3485 5521 dicitur,
3544 5468 3701 5528 quasi

2129 5740 2289 5861 npsii.
2336 5739 2530 5793 Caleca
2565 5749 2743 5791 tamen
2781 5744 3014 5789 mentem
3055 5753 3208 5790 suam
3248 5738 3383 5792 satis
3420 5737 3555 5793 bene
3599 5755 3700 5793 ει-

2129 5825 2160 5861 o
2191 5820 2316 5861 icat.

2191 5820 2316 5861 tcat.

2169 5825 2316 5861 ticat.

2128 5825 2160 5878 ρ
2197 5879 2310 5944 ('25)
2383 5877 2442 5930 L.
2489 5894 2542 5929 ut
2598 5882 2784 5929 contra
2821 5874 3165 5928 Eunomiutn.
3233 5875 3360 5929 Vide
3413 5875 3696 5931 Bcllnrtni-

2124 5964 2250 6002 nunt
2286 5950 2320 6004 l.
2361 5965 2394 6002 ιι
2422 5950 2491 6001 De
2521 5947 2745 6008 Chftsltt,
2775 5961 2822 6002 c.
2858 5946 2946 6000 ‘25.
