4010 6546
284 457 352 517 S'l

1405 456 1808 517 ADVERSUS
1848 452 2160 519 GRAECOS
2201 403 2344 522 υἷι.
2380 463 2429 524 Ι.

3465 431 3534 514 si

278 588 375 642 pro
406 585 568 625 causa
601 570 858 624 sumitur.
892 570 1167 636 Nusquam
1201 572 1346 626 enim
1382 581 1485 636 est,
1522 574 1610 626 ubi
1659 571 1849 640 hujus-

1974 589 2027 629 ic
2060 575 2321 646 dignitate
2348 577 2622 632 secundus
2655 594 2680 630 a
2717 576 2876 631 Patre
2906 586 3005 638 est,
3046 576 3306 645 quoniam
3347 575 3416 628 ab
3448 575 3540 628 illo

279 663 418 717 modi
490 663 887 716 enuntiationis
949 665 1158 731 species
1220 679 1328 717 non
1385 660 1603 718 causam
1688 671 1850 731 atque

276 754 490 807 causale
537 754 828 822 signilit‘cl,
872 766 1126 808 ca-terum
1181 756 1264 808 vel
1324 756 1480 825 quasi
1537 756 1851 824 praeteriens

277 846 518 913 ponitur,
578 845 659 898 vel
709 846 836 910 quia
883 854 1080 915 prmler
1132 846 1235 899 hoc
1290 855 1456 902 estet
1499 849 1618 901 hoc.
1653 845 1848 902 Verqu

277 936 330 990 in
364 946 554 989 sancta
592 936 886 996 Trinitate,
921 952 1043 990 cum
1103 938 1246 990 inulla
1281 938 1586 994 diﬂerentia
1611 939 1716 993 alia
1747 940 1851 994 nisi

276 1029 386 1081 sola
416 1029 721 1082 secundum
771 1043 994 1083 causam
1039 1030 1230 1097 relatio
1269 1030 1610 1099 iuspieiatur,
1633 1043 1855 1101 propter

275 1133 546 1171 summam
575 1119 985 1189 simplicitatem
1011 1139 1026 1174 :
1050 1122 1473 1189 preteriensque
1491 1124 1632 1192 quod
1657 1122 1857 1176 dicitur

275 1217 326 1261 et
361 1224 440 1269 re.
478 1221 533 1263 et
561 1213 729 1265 verbo
757 1211 883 1266 inde
943 1213 1164 1266 omnino
1216 1212 1496 1268 auferetur
1543 1215 1855 1285 huiusmodi

276 1300 672 1354 enuntiationis
725 1303 955 1372 species.

345 1387 484 1444 [line
525 1406 776 1456 causam,
807 1393 931 1447 inde
972 1409 1192 1449 causate
1242 1396 1484 1449 secundo
1530 1397 1713 1451 nobis'
1742 1397 1859 1450 loco

274 1497 302 1534 a
385 1496 551 1534 causa
607 1486 948 1538 commendat
982 1485 1116 1554 (‘26).
1173 1487 1426 1540 Secundo
1516 1489 1658 1541 enim
1745 1504 1862 1542 ioco

273 1585 394 1623 esse
423 1582 654 1639 propter
727 1589 1040 1643 processum
1114 1577 1426 1631 divinarum
1488 1593 1848 1646 personarum

276 1660 326 1714 in
353 1672 548 1717 sancta
573 1663 840 1720 Trinitate
869 1683 897 1720 a
971 1667 1235 1738 theologis
1299 1671 1581 1724 asseritur.
1625 1669 1864 1740 Spiritus

274 1752 448 1805 sancti
479 1762 666 1807 autent
691 1770 756 1808 ex
789 1755 948 1810 Patre
1001 1771 1093 1824 per
1123 1755 1310 1812 Filium
1336 1773 1648 1828 processum
1711 1761 1865 1812 theo-

275 1840 415 1910 logia
454 1845 624 1898 tradit
651 1864 663 1898 :
690 1860 786 1914 per
804 1862 962 1916 quem
1010 1847 1217 1901 scilicet
1249 1856 1303 1902 ct
1352 1851 1630 1904 secundus
1654 1866 1680 1902 a
1706 1849 1863 1911 Filio,

277 1945 326 1987 et
354 1952 383 1987 a
418 1935 581 1991 Patre
607 1939 800 1994 tertius
839 1940 1058 1994 dicitur.
1115 1939 1426 2010 Horumque
1456 1957 1618 1996 causa
1657 1954 1737 1997 est
1793 1958 1858 1997 ex
1891 1929 1934 1988 Β

277 2023 437 2079 Patre
472 2042 569 2095 per
602 2027 796 2082 Filium
832 2043 1136 2096 processus.
1189 2027 1402 2099 Ubique
1435 2037 1614 2084 autem
1646 2031 1862 2086 causalc

277 2131 441 2171 causa
471 2119 665 2174 saltem
689 2122 1018 2191 cogitatione
1055 2123 1334 2190 praecedit.
1367 2123 1544 2192 Atque
1580 2124 1669 2178 ubi
1733 2139 1864 2178 cau-

281 2209 391 2262 sale
419 2218 532 2271 est,
572 2225 793 2264 causam
822 2228 1038 2281 quoque
1063 2229 1186 2267 esse
1226 2215 1536 2269 necessario
1569 2217 1817 2284 seq-uitur
1846 2233 1860 2281 ;

279 2313 444 2353 causa
508 2301 746 2366 sublata,
797 2305 1016 2375 causale
1056 2321 1275 2374 quoque
1331 2307 1584 2374 protinus
1638 2308 1862 2362 tollitur.

286 2389 530 2446 Sanctus
557 2407 687 2462 ergo
714 2396 814 2456 vir,
854 2397 945 2464 qui
1000 2399 1216 2449 tertium
1270 2413 1298 2451 a
1363 2397 1522 2452 Patre
1578 2403 1868 2456 comitetur

285 2481 583 2550 Spiritum,
627 2494 791 2555 atque
827 2503 854 2540 a
887 2486 1022 2541 Filio
1072 2489 1394 2561 secundum,
1423 2487 1572 2553 juxta
1609 2506 1866 2558 persona-

281 2576 388 2628 lem
439 2579 714 2641 ordinem,
779 2581 982 2648 quique
1040 2582 1250 2635 ordinis
1325 2583 1487 2652 hujus
1543 2579 1867 2638 insolentem

280 2669 608 2731 ueritatem.
652 2671 774 2726 fidei
820 2674 1241 2740 aboeganiunem
1265 2675 1582 2733 arbitratur.
1621 2685 1675 2728 et
1725 2691 1872 2744 quae-

282 2775 398 2829 que
425 2763 533 2814 alia
560 2764 827 2831 praedixit,
864 2780 968 2831 qua
1019 2765 1233 2820 ratione
1265 2767 1480 2821 causale
1530 2783 1756 2835 ponens,
1817 2779 1874 2821 ut

281 2855 462 2922 pium,
495 2855 690 2908 deinde
729 2871 758 2910 a
813 2856 952 2910 Filio
981 2873 1101 2912 esse
1127 2859 1326 2912 habere
1355 2859 1717 2929 subjungens,
1752 2877 1870 2914 ea-u

280 2963 409 3015 qua:
427 2952 801 3017 consequitur.
827 2965 1067 3010 causam,
1093 2953 1244 3019 quasi
1271 2951 1502 3005 alienam
1551 2953 1877 3022 denegabit?

359 3063 520 3118 Nam.
581 3080 626 3118 SI
694 3082 992 3119 suiuuuusu
1062 3082 1199 3130 esse,
1276 3066 1493 3120 causale
1559 3075 1659 3131 est,
1715 3067 1876 3136 huius

285 3165 495 3210 autem.
533 3154 680 3222 quod
703 3171 825 3208 esse
868 3157 1061 3232 habeat
1098 3172 1125 3208 a
1161 3155 1314 3221 Filio,
1350 3166 1403 3210 et
1451 3158 1592 3225 quod
1631 3161 1877 3217 absolute

287 3263 390 3314 per
420 3246 618 3300 Filium
653 3247 927 3315 procedat,
959 3263 1120 3301 causa
1163 3249 1468 3317 subjicitur,
1497 3251 1713 3306 causale
1739 3268 1868 3305 vero
1896 3269 1937 3326 ο

287 3354 575 3408 nunquam
610 3341 725 3392 sine
755 3355 917 3393 eausa
952 3351 1053 3401 est,
1095 3341 1370 3409 quomodo
1423 3358 1530 3395 non
1563 3348 1869 3398 necessario

288 3445 417 3482 cum
458 3428 668 3482 causali
717 3443 879 3482 causa
915 3443 1134 3499 quoque
1179 3431 1571 3501 consequitur?
1627 3432 1786 3499 Nam,
1825 3434 1869 3489 si

289 3535 472 3589 neque
508 3521 785 3575 secundus
826 3537 855 3574 a
879 3518 1016 3575 Filio
1037 3533 1140 3588 est,
1176 3537 1353 3592 neque
1388 3539 1416 3576 a
1463 3521 1623 3580 Patre
1654 3527 1869 3585 tertius,

292 3625 410 3664 nea
441 3609 585 3664 Filio
619 3610 836 3678 quidem
870 3626 989 3665 esse
1023 3611 1258 3666 habebit.
1300 3612 1568 3678 Quoniam
1631 3628 1762 3668 vero
1821 3624 1874 3669 et
1916 3664 1923 3670 .

294 3704 386 3759 hic
432 3713 481 3759 et
520 3703 773 3774 plurimis
812 3703 932 3758 aliis
966 3704 1014 3758 in
1038 3704 1195 3766 locis,
1233 3704 1408 3774 ipsum
1470 3714 1525 3760 et
1555 3707 1859 3761 secundum

291 3811 420 3850 esse
472 3806 525 3850 et
550 3794 774 3850 tertium
799 3804 1021 3850 sanctus
1068 3795 1153 3848 vir
1182 3797 1355 3865 ponit,
1405 3811 1468 3852 ac
1493 3813 1562 3852 ne
1593 3798 1694 3866 ipsi
1749 3803 1872 3867 qui-

292 3891 416 3944 dem
450 3889 909 3954 contradicentes,
936 3889 1080 3957 quod
1134 3889 1341 3943 dicitur
1391 3893 1667 3946 secundus
1726 3909 1870 3959 esse,

293 3999 421 4037 cum
449 3983 666 4038 exteris
704 3997 813 4036 nou
861 3982 1063 4046 delent,
1123 3997 1349 4037 necesse
1415 3993 1498 4037 est
1547 3995 1603 4038 ut
1653 4001 1873 4039 causam

296 4092 538 4147 quoque,
569 4091 670 4130 cur
699 4075 974 4129 secundus
1000 4074 1090 4137 sit,
1122 4090 1243 4144 quae
1285 4067 1530 4144 proferto
1588 4087 1693 4141 est,
1729 4079 1874 4146 quod

296 4174 391 4225 ille
423 4187 540 4226 esse
570 4170 732 4224 habet
753 4184 817 4223 ex
851 4166 1028 4237 -Filio,
1068 4169 1387 4238 magistrum
1444 4169 1690 4239 posuisse
1743 4171 1877 4225 late-

299 4269 483 4315 antur.

372 4355 570 4421 Atque,
594 4352 737 4406 sicut
764 4352 878 4421 ipse
909 4351 963 4405 in
996 4349 1200 4404 eisdem
1247 4349 1360 4404 ait:
1398 4367 1416 4400 ‹
1482 4349 1655 4404 Sicuti
1709 4350 1878 4407 Filius

301 4445 490 4497 ordine
516 4434 740 4513 quidem
790 4441 1066 4497 secundus
1095 4455 1124 4493 a
1165 4438 1324 4495 Patre
1357 4449 1461 4502 est,
1513 4441 1774 4510 quoniam
1810 4443 1878 4496 ab

301 4539 418 4602 ipso
449 4546 553 4600 est,
591 4545 645 4589 et
682 4533 964 4603 dignitate,
1017 4531 1276 4600 quoniam
1336 4530 1551 4585 initium
1589 4541 1642 4586 ct
1710 4548 1876 4588 causa

305 4629 430 4690 sibi,
463 4636 524 4680 ut
559 4635 724 4686 esset,
779 4627 941 4680 Pater
990 4633 1107 4687 est;
1169 4631 1223 4676 et
1278 4622 1469 4677 ordine
1517 4623 1756 4693 quidem,
1817 4639 1880 4678 ac

307 4719 592 4789 dignitate,
619 4717 916 4771 secundum
944 4731 1066 4770 esse
1089 4730 1117 4768 a
1144 4712 1303 4768 Patre
1330 4713 1550 4778 Filium,
1577 4723 1637 4768 ut
1663 4716 1882 4771 causalc

311 4811 489 4878 posuit
513 4825 530 4875 ;
559 4821 782 4863 causam
817 4821 964 4869 vero,
992 4806 1133 4875 quod
1163 4821 1192 4859 a
1219 4804 1379 4859 Patre
1401 4819 1568 4871 esset,
1597 4807 1882 4876 ipsumque

313 4902 528 4955 initium
566 4899 790 4953 haberet
840 4908 894 4952 et
927 4913 1149 4952 causam
1179 4914 1194 4963 ;
1220 4912 1396 4966 neque
1451 4900 1722 4953 secundus
1773 4901 1882 4954 ullo

316 4995 474 5046 modo
504 5000 675 5051 esset.
705 4989 808 5044 nisi
867 5005 987 5043 esse
1045 4989 1331 5043 habereta
1397 4987 1596 5053 Patre;
1654 4989 1876 5058 parilem

316 5082 535 5136 modum
565 5088 623 5135 et
679 5080 732 5132 in
769 5087 953 5132 sancto
1007 5076 1214 5146 Spiritu
1274 5079 1444 5146 ponit.
1505 5076 1689 5147 Neque
1738 5079 1880 5133 enim

315 5181 459 5228 esset
483 5171 763 5228 secundus
793 5187 824 5224 a
857 5169 1015 5235 Filio,
1051 5170 1151 5223 hoc
1203 5177 1309 5231 est.
1343 5184 1374 5223 a
1433 5168 1592 5223 Patre
1667 5172 1882 5236 tertius,

319 5264 422 5319 nisi
460 5263 530 5318 ab
585 5261 680 5316 illo
736 5261 958 5315 haberet
1011 5273 1155 5314 esse.
1216 5259 1398 5328 Itaque
1457 5260 1540 5313 vel
1587 5262 1884 5316 secundum

322 5359 473 5412 illum
502 5370 624 5411 esse
658 5356 870 5415 ordine,
906 5368 966 5407 ac
1011 5353 1230 5406 tertium
1265 5367 1371 5405 una
1429 5352 1694 5420 denegem
1719 5392 1734 5418 ,
1797 5364 1889 5408 aut

327 5451 426 5504 hoc
453 5434 766 5503 necessario
801 5447 1224 5511 consentientes,
1265 5455 1318 5500 et
1364 5447 1507 5513 quod
1539 5461 1658 5500 esse
1690 5448 1882 5500 habeat

326 5561 388 5598 ex
421 5543 560 5598 Filio
592 5556 701 5595 una
774 5539 932 5592 fateri
997 5523 1440 5608 compellunturf
1485 5537 1685 5606 Nempe
1740 5538 1912 5590 enim-

327 5636 369 5689 si
413 5650 475 5687 ex
509 5633 669 5686 Patre
694 5633 811 5685 solo
841 5631 1102 5701 Spiritum
1155 5637 1402 5684 sanctum
1441 5643 1562 5682 esse
1625 5630 1885 5684 credidis-

328 5737 426 5788 set,
443 5725 572 5797 quid
589 5722 1100 5795 probibebatdiccre
1121 5739 1132 5775 :
1155 5721 1288 5788 Quia
1309 5721 1449 5776 sicut
1472 5717 1642 5775 Filius
1690 5721 1879 5776 ordine

397 5909 504 5977 (‘26)
547 5912 802 5966 Basilius.

1959 684 2076 722 esse
2132 670 2323 723 habet:
2384 669 2455 723 ita
2495 677 2550 724 ct
2627 678 2852 724 sanctus
2909 669 3152 738 Spiritus
3211 669 3402 722 ordine
3469 683 3534 720 ac

1959 760 2223 829 dignitate
2249 761 2520 815 secundus
2554 761 2738 816 itidem
2768 777 2796 815 a
2839 761 2996 815 Patre
3055 770 3160 816 est.
3218 759 3331 814 lloc
3387 759 3533 813 enim

1961 852 2062 906 sibi
2099 861 2155 906 et
2205 853 2434 906 multum
2496 853 2714 922 quidem
2767 854 2835 908 ad
2892 853 3231 923 propositum
3289 851 3539 907 conferre

1963 955 2196 1013 poterat,
2229 961 2352 998 cum
2383 946 2530 998 illum
2590 945 2831 1015 ejusdem
2886 961 3008 1000 cum
3051 946 3209 999 Patre
3265 945 3540 1006 essentize,

1964 1035 2243 1104 Deumque
2271 1052 2458 1091 verum
2490 1051 2610 1091 esse
2644 1036 3031 1092 commendare
3060 1033 3395 1089 insritueiet.

2031 1125 2162 1180 Nam
2195 1127 2262 1182 de
2289 1127 2449 1184 Patre
2474 1129 2687 1198 quidem
2724 1129 2904 1182 nullus
2940 1143 3180 1195 unquazu
3242 1125 3530 1180 lucretico-

1965 1234 2081 1273 rum
2122 1219 2244 1282 luit,
2273 1221 2405 1289 quin
2449 1229 2708 1274 :eteruum
2745 1220 3027 1286 Deumque
3067 1232 3252 1271 verum
3284 1215 3539 1271 senserit.

1965 1310 2164 1366 Contra
2205 1319 2384 1366 autem
2418 1311 2483 1366 de
2508 1311 2644 1364 Filio
2673 1309 2890 1380 plurimi
2916 1323 3291 1379 saapennmero
3355 1321 3545 1363 sense-

1969 1412 2117 1457 runt.
2156 1401 2350 1458 Verum
2375 1404 2478 1457 hoc
2511 1402 2601 1457 ille
2660 1418 2768 1456 non
2826 1401 2988 1469 dixit,
3045 1416 3171 1455 cum
3233 1399 3541 1453 divinarum

1969 1508 2322 1562 perSonarum
2361 1492 2426 1546 ad
2477 1493 2707 1548 invii-em
2771 1491 3019 1547 ordinem
3083 1505 3546 1558 processuumque

1969 1584 2332 1639 diﬂ'erentiam
2391 1586 2558 1652 probe
2609 1595 2816 1650 nosset;
2854 1585 2963 1636 imo
3030 1581 3309 1637 interdixit
3357 1582 3543 1640 etiam.

1971 1685 2030 1731 ut
2061 1693 2125 1731 ex
2161 1677 2246 1731 his
2275 1692 2394 1746 qua:
2437 1677 2548 1747 jam
2612 1676 2750 1730 dicta
2790 1685 2934 1731 sunt.
2979 1674 3259 1729 evidenter
3297 1688 3360 1725 os
3386 1675 3542 1726 cudi-

1973 1776 2079 1820 tur.

2044 1857 2200 1914 Ccrtc
2224 1869 2426 1923 autem,
2459 1858 2503 1912 si
2568 1860 2781 1912 tertium
2821 1871 2848 1909 a
2911 1855 3066 1910 Patre
3109 1868 3228 1910 esse
3282 1852 3544 1920 Spiritum

1966 1961 2214 2006 sanctum
2245 1959 2408 2019 atque
2446 1964 2474 2003 a
2505 1948 2643 2002 Filio
2679 1947 3008 2010 secundum,
3069 1955 3126 2000 et
3151 1961 3180 1998 a
3231 1945 3548 1998 ductoribus

1967 2043 2197 2105 ueteris,
2229 2050 2282 2094 et
2313 2057 2340 2093 a
2384 2055 2583 2110 magno
2633 2039 2827 2092 Basilio
2858 2037 3206 2107 accepimus:
3253 2035 3304 2089 id
3363 2044 3543 2089 autem

1967 2130 2244 2202 nunquam
2277 2133 2348 2186 ita
2381 2139 2546 2195 esset,
2584 2129 2684 2184 nisi
2726 2130 2920 2183 tertius
2968 2135 3114 2182 esset
3144 2144 3207 2182 ex
3243 2126 3419 2196 primo
3454 2142 3549 2192 per

1967 2225 2228 2288 medium,
2258 2225 2358 2279 hoc
2388 2233 2490 2284 est.
2522 2239 2585 2276 ex
2620 2223 2776 2276 Patre
2825 2237 2919 2290 per
2950 2219 3145 2274 Filium
3182 2219 3498 2289 procederet
3530 2235 3546 2272 :

1968 2316 2239 2387 quomodo
2267 2317 2339 2382 id,
2377 2315 2520 2385 quod
2567 2314 2953 2383 pranuisinms,
2984 2329 3090 2368 non
3119 2313 3266 2367 omni
3322 2311 3548 2365 veritate

1972 2410 2235 2465 fulcitur?
2266 2408 2513 2462 videlicet
2581 2417 2802 2476 propter
2843 2404 3223 2458 substantialis
3257 2418 3548 2472 processus

1972 2515 2325 2571 personarum
2363 2501 2428 2552 ad
2460 2497 2690 2552 invicem
2754 2512 3010 2566 apparere
3061 2493 3344 2549 ordinem?
3405 2494 3550 2556 Quo-

1975 2593 2136 2648 modo
2166 2593 2295 2648 item
2332 2607 2440 2646 non
2474 2589 2616 2644 idem
2646 2597 2750 2647 est.
2791 2599 2842 2643 et
2872 2604 2965 2655 per
3006 2588 3199 2642 Filium
3235 2585 3546 2655 procedere,

1974 2687 2120 2756 quod
2147 2685 2366 2747 dicitur,
2386 2693 2440 2739 et
2469 2700 2497 2738 a
2538 2681 2676 2738 Filio
2709 2697 2830 2737 esse
2867 2680 3086 2745 habere,
3108 2680 3263 2750 juxta
3295 2686 3544 2733 sanctum

1975 2778 2258 2855 Basilium,
2283 2774 2429 2844 quod
2477 2775 2640 2829 etiam
2685 2789 2904 2829 causam
2956 2787 3077 2827 esse
3133 2771 3335 2841 posuit,
3405 2779 3464 2824 ut
3518 2783 3548 2823 a

1977 2868 2113 2924 Filio
2140 2866 2415 2923 secundus
2449 2865 2562 2921 sit?

2048 2962 2333 3027 Quomodo
2356 2969 2535 3013 autem
2577 2968 2630 3013 et
2659 2971 2779 3013 esse
2831 2965 2889 3012 et
2922 2955 3214 3025 procedere
3242 2970 3348 3007 non
3403 2954 3544 3008 idem

1979 3055 2328 3120 intelligatur,
2387 3049 2678 3120 siquidem,
2704 3049 2848 3118 quod
2876 3063 3095 3103 causam
3147 3062 3269 3103 esse
3313 3057 3546 3108 constat,

1981 3155 2040 3200 ut
2072 3162 2099 3199 a
2136 3144 2271 3200 Filio
2313 3141 2854 3214 Spiritus-secundus
2892 3142 2981 3220 sit,
3033 3142 3176 3212 quod
3211 3155 3304 3206 per
3352 3139 3546 3195 Filium

1977 3236 2590 3307 scilicatproceditmm
2661 3236 2762 3289 hoc
2827 3235 2918 3289 ille
2980 3249 3167 3313 cum}
3229 3231 3370 3286 Filio
3427 3247 3552 3287 esse

1977 3334 2176 3388 habere
2208 3333 2389 3385 dicere
2435 3330 2669 3383 maluit?
2696 3329 2979 3405 Quomodo
3012 3330 3138 3381 item
3194 3343 3290 3397 per
3328 3324 3550 3388 Filium,

1976 3436 2076 3480 cla
2100 3424 2236 3478 Filio
2257 3421 2599 3492 aequabiliter
2641 3437 2853 3491 ponens
2889 3437 2991 3473 non
3025 3430 3208 3487 aperte
3259 3417 3550 3487 signiﬁcat,

1975 3533 2059 3591 ex,
2091 3525 2145 3572 et
2177 3533 2291 3585 per,
2327 3525 2534 3568 tantum
2561 3515 2662 3566 lem
2716 3513 2773 3566 in
2839 3512 3036 3566 divinis
3097 3511 3314 3565 valere?
3366 3509 3552 3580 Neque

1975 3610 2119 3663 enim
2176 3607 2446 3676 quispiam
2521 3603 2586 3658 ad
2638 3614 2843 3658 tantum
2910 3601 3108 3656 furoris
3189 3610 3244 3655 ct
3298 3603 3552 3654 amentia:

1978 3707 2374 3768 prorumperet.
2429 3704 2487 3750 ut
2529 3697 2582 3749 in
2632 3694 2736 3748 hoc
2763 3695 2900 3758 loco,
2957 3711 2989 3746 α
3034 3704 3086 3746 et
3119 3710 3203 3758 ex,
3251 3692 3550 3762 particulas

1977 3792 2045 3848 ab
2081 3791 2312 3846 invicem
2337 3788 2756 3860 signiﬁcationis
2799 3786 3012 3840 ratione
3063 3785 3322 3839 dirimere
3375 3795 3553 3840 tenta-

1978 3893 2081 3938 ret.

2055 3975 2127 4028 Ex
2163 3975 2246 4028 his
2279 3974 2464 4043 igitur,
2504 3971 2648 4042 quod
2682 3971 2880 4025 dicitur
2910 3983 2939 4023 a
2974 3968 3110 4022 Filio
3159 3983 3276 4023 esse
3327 3968 3552 4034 habere,

1981 4078 2194 4124 constat
2225 4068 2396 4122 sancti
2423 4049 2538 4119 viri,
2577 4073 2781 4119 textum
2825 4078 2970 4117 esse.
3038 4061 3180 4128 Quin
3218 4060 3428 4116 imo‘et
3477 4077 3543 4116 ex

1983 4160 2088 4220 his,
2131 4174 2250 4226 qua:
2277 4157 2702 4211 calumniatores
2732 4155 2988 4224 improbi,
3047 4155 3100 4207 in
3157 4154 3258 4208 hac
3307 4153 3551 4208 clausula

1982 4260 2170 4306 contra
2202 4249 2444 4319 magistri
2481 4247 2662 4309 tidem,
2701 4257 2754 4300 et
2799 4246 3078 4299 veritatem
3108 4245 3336 4312 addunt,
3367 4247 3554 4299 mani-

1986 4345 2118 4398 reste
2157 4343 2376 4412 quidem
2405 4340 2578 4395 sancti
2625 4354 2822 4393 sensus
2872 4339 3072 4401 elucet,
3136 4336 3238 4405 ipsi
3302 4352 3426 4390 vero
3461 4353 3554 4406 per

1983 4435 2165 4489 omnia
2207 4433 2558 4500 malignitatis
2609 4438 2936 4501 arguuntur,
2990 4439 3048 4481 ut
3102 4429 3420 4482 eorumdcat
3485 4431 3556 4482 sit

1982 4543 2082 4600 pro
2111 4527 2404 4588 voluntate,
2444 4534 2499 4579 ct
2545 4525 2721 4578 delere
2752 4533 2806 4578 et
2854 4521 3110 4593 adjicere.

1912 4603 1954 4658 Ῑ)
2054 4615 2186 4670 Nam
2223 4624 2417 4684 prmter
2450 4613 2526 4677 id,
2559 4613 2704 4682 quod
2761 4613 2813 4666 in
2864 4609 3248 4664 vetustissimis
3277 4609 3556 4678 exeinp‘a-

1983 4711 2132 4763 ribus
2185 4707 2524 4762 infcrvttdant
2580 4705 2749 4777 [forte
2817 4700 3245 4772 intolerandam]
3305 4703 3554 4771 protinus

1982 4800 2370 4867 malignitatem
2429 4806 2484 4852 et
2553 4797 2824 4867 positione
2883 4804 2938 4850 et
2999 4795 3170 4848 forma
3246 4796 3552 4849 litterarum

1983 4892 2326 4962 postmodum
2357 4891 2622 4959 adjectum
2654 4905 2796 4954 esse,
2827 4889 3111 4942 manifeste
3169 4897 3412 4957 apparet,
3481 4890 3558 4941 ait

1983 4987 2034 5039 in
2074 4983 2534 5053 subsequentibus
2571 4992 2820 5037 sanctus:
2861 5000 2878 5032 ι
2905 4979 2973 5035 Ut
3011 4982 3154 5035 enim
3221 4980 3390 5036 Filius
3464 4997 3554 5035 or—
3632 5043 3635 5046 _

1985 5076 2111 5128 dine
2135 5075 2354 5143 quidem
2382 5073 2660 5128 secundus
2713 5088 2741 5126 a
2796 5071 2958 5125 Patre
3005 5083 3106 5137 est,
3165 5071 3424 5140 quoniam
3489 5072 3557 5124 ab

1989 5165 2106 5234 ipso
2135 5175 2238 5228 cst,
2266 5175 2322 5218 et
2353 5164 2637 5234 dignitate,
2667 5162 2927 5230 quoniam
2960 5161 3173 5214 initium
3213 5161 3287 5213 illi
3316 5169 3369 5214 et
3392 5176 3558 5214 causa

1989 5270 2046 5312 ut
2071 5256 2323 5313 sitPater
2355 5266 2457 5320 est,
2527 5267 2580 5311 et
2621 5256 2747 5325 quia
2817 5271 2913 5325 per
2955 5255 3130 5324 ipsum
3193 5267 3449 5308 accessus
3508 5264 3562 5306 et

1987 5353 2240 5406 adductio
2271 5351 2337 5405 ad
2395 5349 2564 5404 Deum
2618 5359 2670 5403 et
2726 5348 2941 5403 Patrem
3000 5349 3154 5401 nobis
3197 5356 3296 5411 est,
3367 5353 3560 5399 natura

1997 5460 2126 5499 vero
2162 5459 2269 5496 non
2296 5443 2406 5511 jam
2431 5442 2727 5505 secundus,
2773 5440 3027 5495 divinitas
3050 5441 3193 5493 enim
3230 5439 3280 5493 iu
3331 5448 3560 5506 utroque

1993 5548 2135 5588 una:
2174 5534 2244 5586 ita
2275 5531 2530 5586 videlicet
2578 5543 2631 5584 ct
2671 5530 2906 5599 Spiritus
2964 5537 3209 5592 sanctus,
3264 5531 3363 5584 etsi
3424 5528 3562 5581 Filio

1989 5625 2238 5680 concedit
2261 5624 2474 5687 ordine,
2505 5633 2560 5677 et
2590 5623 2854 5691 dignitate
2885 5638 2990 5674 non
3017 5622 3125 5691 jam
3166 5630 3344 5675 tamen
3398 5622 3554 5690 quasi

1988 5721 2178 5774 alienae
2212 5727 2417 5771 natura:
2443 5717 2737 5770 exsistcns.
2772 5733 2789 5765 ι
2855 5713 2953 5768 Ubi
3012 5715 3268 5784 crgoait:
3309 5733 3324 5764 ι
3394 5715 3456 5767 lit
3517 5713 3558 5766 si
