4010 6552
465 402 536 466 55
1686 412 2083 483 MANUELIS
2123 422 2429 487 (IALECJI
3645 430 3717 497 56

458 521 711 612 εοξιεθάίι
760 518 901 577 Filio
925 521 1118 612 οτάίηξε
1163 532 1260 579 θυι
1282 524 1568 595 dignitates
1603 546 1622 579 ι
1676 531 2035 588 addiderunt:
2069 537 2112 593 Α
2214 537 2449 597 Sanetus
2476 542 2606 595 item
2630 539 2962 596 Athanasius
2984 541 3363 597 Antiochenus
3390 542 3722 612 patriarcha!

375 638 381 644 -
464 631 484 662 ς
510 610 773 678 Omnino,
808 620 859 667 et
892 611 1280 668 concedamus.
1311 632 1329 664 ι
1360 612 1460 670 Ubi
1502 631 1633 673 vero
1663 620 1740 673 ait
1767 637 1783 675 :
1825 620 2048 677 «Tt-adi!

461 703 677 771 pietatis
700 702 834 757 ratio
851 702 903 756 ?i
942 702 1043 772 ipsi
1065 718 1188 759 cum
1212 703 1513 774 adiectione
1545 708 1729 780 legunt
1752 721 1805 764 et
1824 712 2045 767 dicunt:

477 813 495 846 ι
526 793 711 849 Tradit
744 793 978 850 fortasse
1000 794 1217 865 pietatis
1269 797 1463 864 ratio,»
1492 809 1551 856 ut
1580 815 1674 870 per
1716 802 1830 856 haec
1855 802 2047 859 tertius

472 898 594 937 esse
619 882 764 952 quod
786 881 987 937 dicitur
1029 885 1243 947 ordine,
1266 895 1317 940 et
1341 886 1625 956 dignitate,
1647 891 1872 946 omnino
1896 894 2047 949 aufe-

463 981 609 1037 rant,
632 973 1040 1043 secundumque
1063 989 1186 1030 esse
1230 990 1259 1029 a
1314 973 1448 1032 Filio
1491 979 1797 1036 nullatenus
1850 997 2046 1040 conce-

461 1065 616 1119 dant.
644 1062 931 1131 Quomodo
947 1081 1078 1138 ergo
1101 1068 1239 1124 ratio
1252 1070 1473 1140 pietatis
1500 1086 1623 1127 cum
1653 1074 1723 1129 sit
1742 1075 2043 1131 secundum

461 1170 586 1211 esse
619 1172 648 1210 a
691 1154 828 1213 Filio
859 1155 1147 1229 Spiritum,
1175 1161 1226 1216 id
1279 1163 1430 1233 quod
1484 1163 1686 1220 dicitur
1740 1166 2043 1222 concedere

460 1246 622 1316 Filio,
660 1250 959 1306 secundum
988 1266 1118 1307 vero
1143 1268 1171 1307 a
1197 1253 1358 1322 Filio,
1394 1256 1610 1313 tertium
1639 1273 1669 1313 a
1704 1257 1862 1315 Patre
1920 1275 2042 1317 esse

459 1347 566 1404 est,
597 1355 758 1411 quem
788 1341 1032 1396 ordinem
1062 1341 1324 1401 Dominus
1380 1345 1433 1400 in
1466 1347 1724 1405 salutaris
1744 1348 2037 1405 traditione

460 1433 806 1501 baptismatis
840 1428 1084 1499 tradidit,
1114 1443 1172 1489 ut
1195 1445 1250 1490 et
1281 1437 1368 1493 hic
1395 1446 1450 1493 et
1484 1439 1614 1495 alibi
1656 1440 1739 1496 vir
1769 1442 1871 1497 iste
1924 1444 2040 1497 exi-

462 1524 606 1579 mius
644 1524 805 1590 dixit,
833 1525 971 1580 hanc
999 1540 1122 1582 esse
1151 1527 1415 1585 rationem
1440 1531 1658 1601 pietatis
1694 1547 2036 1599 asseverans,

459 1614 654 1670 deinde
682 1616 849 1670 veluti
876 1616 1291 1675 cunctabundus
1349 1628 1406 1675 et
1458 1619 1737 1683 haesitans.
1768 1623 2035 1692 fortassis,

461 1705 701 1774 adjecit?
754 1705 1063 1791 Quomodo,
1122 1710 1369 1777 inquam,
1433 1712 1526 1780 qui
1609 1713 1818 1769 ordinis
1873 1714 2035 1771 istam

377 1788 391 1803 ’
460 1788 789 1854 insolentem
848 1801 1167 1868 novitatem,
1227 1803 1639 1874 abnegationem
1703 1805 1827 1862 tidei
1909 1822 2037 1862 esse

2153 630 2207 683 in
2235 631 2373 686 libro
2400 630 2475 686 De
2518 633 2671 689 rectis
2703 631 2952 687 Ecclesia:
3002 633 3335 705 dogmatibus
3357 673 3372 699 ,
3406 654 3425 687 ι
3466 634 3725 705 Spiritus,

2151 722 2249 787 ait,
2285 730 2529 789 sanctus,
2565 723 3086 794 Spiritusyeritatis
3134 735 3239 781 est.
3294 724 3397 780 Hic
3442 734 3629 780 autem
3692 742 3723 782 a

2148 811 2308 871 Patre
2341 814 2561 887 quidem
2585 817 2850 887 procedit,
2888 832 2917 869 a
2941 815 3081 872 Filio
3106 825 3288 872 autem
3347 816 3567 880 accipit.
3591 834 3611 869 ι

2219 907 2448 980 Magnus
2479 910 2607 966 item
2637 910 2869 965 Basilius
2901 909 2956 965 in
2987 909 3234 981 .Ptegulis
3274 908 3343 966 ad
3401 911 3724 974 monachos,

2146 1004 2527 1075 sermone,qui
2554 1001 2763 1073 incipit.
2788 1000 2883 1057 Dei
2902 1000 3297 1057 clementissimi
3319 1003 3523 1072 gratia,
3547 1019 3566 1053 ι
3596 1001 3724 1055 Cre-

2143 1092 2353 1157 dimus,
2413 1091 2611 1162 inquit,
2662 1106 2835 1146 unum
2889 1090 3067 1147 solum
3148 1088 3411 1160 Spiritum
3469 1098 3722 1145 sanctum

2145 1182 2501 1253 paraeletum,
2527 1182 2792 1253 Spiritum
2832 1189 3104 1245 sanetum,
3164 1180 3219 1236 in
3255 1197 3365 1251 quo
3390 1181 3592 1253 signati
3630 1198 3723 1237 su-

2146 1285 2288 1335 mus,
2323 1269 2377 1324 in
2408 1275 2657 1324 nostram
2722 1268 3173 1338 redemptionem,
3196 1266 3458 1338 Spiritum
3519 1269 3719 1323 verita-

2143 1364 2234 1426 tis,
2266 1360 2528 1431 Spiritum
2552 1360 2890 1431 adoptionis,
2943 1359 2997 1414 in
3023 1375 3131 1429 quo
3202 1360 3504 1416 clamamus
3571 1352 3718 1414 Abba

2141 1452 2329 1519 Pater,
2352 1452 2443 1523 qui
2474 1452 2690 1518 dividit,
2725 1461 2781 1508 et
2806 1463 3066 1522 operatur
3093 1450 3296 1509 Christi
3350 1465 3575 1506 munera
3605 1454 3718 1506 sin-

2141 1546 2282 1617 gulis
2312 1546 2381 1602 ad
2409 1544 2724 1610 utilitatem,
2760 1555 2920 1616 prout
2950 1544 3089 1609 vult,
3136 1546 3360 1608 docens,
3416 1552 3581 1613 atque
3621 1543 3718 1597 ad-

2140 1653 2391 1704 monens,
2417 1649 2472 1695 et
2505 1652 2805 1709 suggerens
2824 1650 3164 1708 quaecunque
3190 1633 3426 1691 audierit
3459 1650 3489 1689 a
3518 1632 3710 1689 Filio.»

2140 1732 2366 1787 Constat
2394 1731 2583 1803 igitur,
2612 1730 2742 1801 quia
2771 1729 2916 1801 quod
2952 1728 3154 1785 dicitur
3180 1740 3197 1784 :
3230 1727 3316 1781 Ea:
3335 1743 3449 1783 meo
3471 1727 3714 1797 accipiet,

2140 1825 2197 1880 in
2228 1824 2387 1891 Filio,
2419 1823 2670 1880 doctores
2700 1823 2875 1878 sancti
2934 1830 3322 1892 susceperunt.

459 1890 724 1985 deﬁnivit,
758 1892 891 1948 nihil
920 1893 1138 1955 differre
1185 1910 1463 1961 asserens,
1500 1898 1613 1952 sive
1648 1900 1792 1953 hunc
1849 1909 2039 1965 utcun-
2072 1892 2112 1947 Β
2214 1916 2484 1973 caeterum
2519 1916 2574 1971 in
2612 1914 2882 1972 creaturi;
2907 1890 3148 1985 quidem,
3184 1927 3310 1985 qua;
3335 1927 3366 1967 a
3395 1911 3508 1968 Deo
3570 1908 3715 1966 acci-

458 1998 567 2053 que
600 1983 871 2054 quispiam
904 1986 1179 2055 immutet,
1208 1988 1323 2043 sive
1346 1987 1411 2041 ad
1444 1999 1748 2044 creaturam
1778 1989 2038 2060 Spiritum

458 2086 710 2130 sanctum
742 2077 992 2142 deducat,
1023 2093 1228 2147 eosque
1287 2078 1579 2150 fugiendos
1618 2090 1887 2147 statuens,
1945 2084 2037 2151 qui

457 2183 577 2224 eam
614 2171 1087 2240 consequentiam,
1119 2186 1281 2241 quam
1308 2171 1530 2227 tradidit
1560 2174 1719 2230 nobis
1751 2173 2035 2237 Dominus.

458 2262 774 2324 immutant,
803 2271 862 2316 ut
896 2262 989 2332 qui
1029 2272 1213 2333 aperte
1265 2274 1581 2335 oppugnent
1639 2268 1916 2335 pietatem,
1950 2282 2039 2322 or-

460 2354 606 2410 dinis
665 2355 1002 2411 Dominieam
1035 2356 1382 2412 traditionem
1414 2359 1661 2427 pietatem
1717 2358 2032 2427 appellans;

456 2446 503 2501 is
535 2455 758 2515 repente
789 2455 995 2501 mutata
1042 2448 1331 2513 sententia,
1392 2449 1517 2511 ista.
1572 2449 1727 2519 quasi
1793 2449 2037 2520 improbe

454 2536 598 2591 dicta
631 2536 908 2592 confutet:
938 2535 1025 2591 «Si
1060 2539 1287 2593 omnino
1340 2538 1443 2594 ista
1502 2549 1555 2593 et
1608 2542 2028 2607 coneedemus,»

454 2628 761 2699 inquiens?
818 2631 888 2684 At
946 2629 997 2683 id
1054 2631 1234 2702 magni
1294 2630 1476 2687 Basilii
1544 2632 1820 2703 sapientia:
1870 2642 2035 2703 atque

454 2720 757 2789 prudentiae
792 2720 1019 2777 minime
1048 2725 1293 2777 omnium
1330 2724 1604 2779 convenit.

527 2811 633 2867 Sed
673 2813 817 2867 enim
853 2827 992 2867 nova
1026 2813 1176 2868 illum
1211 2814 1299 2870 hic
1348 2826 1401 2870 et
1450 2816 1662 2871 insueta
1691 2830 1844 2880 voce,
1871 2829 2029 2870 usum

452 2919 561 2959 non
593 2920 741 2972 esse,
755 2906 847 2960 sed
869 2906 1211 2965 occasionem
1237 2923 1299 2961 ex
1336 2910 1512 2963 sacris
1544 2907 1773 2963 Litteris
1797 2909 2028 2977 cepisse,

454 2998 579 3053 inde
618 3007 834 3051 constat
867 2998 1008 3066 quod
1067 2996 1132 3052 de
1165 2998 1347 3066 seipso
1406 2997 1671 3054 Dominus
1731 2999 1840 3053 ait:
1895 2997 2030 3063 Qua:

449 3106 542 3160 ego
572 3087 750 3158 loquor
772 3090 854 3155 ’9;
883 3100 957 3155 et,
1005 3088 1138 3156 Qua:
1176 3091 1355 3143 audivi
1381 3108 1411 3144 a
1452 3090 1612 3144 Patre
1654 3106 1786 3155 meo,
1818 3105 2028 3143 annun-

2142 2021 2271 2078 pere
2293 2007 2574 2073 dicuntur,
2604 2007 2865 2077 quoniam
2882 2021 2978 2076 per
2999 2005 3505 2076 participationem,
3544 2012 3715 2073 atque

2142 2101 2535 2172 temporaiiter,
2571 2109 2632 2156 ut
2662 2100 2919 2156 meliores
2949 2100 3202 2163 evadant,
3229 2096 3511 2167 quodlibet
3562 2109 3716 2150 acce-

2139 2195 2339 2264 perint,
2364 2194 2621 2248 dicuntur
2646 2193 2927 2262 accipere'.
2962 2192 3066 2247 hoc
3098 2191 3152 2244 in
3186 2189 3267 2245 eis
3328 2189 3510 2243 minus
3541 2185 3715 2240 fuisse

2138 2287 2432 2358 signiﬁcat,
2468 2286 2612 2356 quod
2642 2294 2990 2353 acceperunt.
3050 2283 3375 2351 Quanquam
3405 2291 3459 2335 et
3510 2280 3713 2345 imper-

2136 2376 2463 2432 fectioribus
2526 2375 2862 2438 mortalium,
2900 2375 3119 2443 qutme
3156 2386 3221 2426 ex
3285 2368 3598 2439 imperfecto
3644 2366 3713 2421 ad

2136 2463 2436 2533 perfectum
2488 2462 2805 2532 proﬁciunt,
2881 2462 3015 2515 nihil
3083 2460 3354 2529 prohibet,
3424 2466 3711 2527 postquam

2136 2557 2247 2611 nati
2278 2570 2389 2610 esse
2421 2555 2762 2627 acceperint,
2795 2555 2905 2609 imo
2965 2562 3020 2609 et
3071 2552 3443 2608 necessarium
3499 2560 3604 2616 est,
3655 2559 3715 2605 ut

2134 2651 2389 2706 dicantur
2415 2658 2471 2705 et
2495 2649 2684 2705 audire
2712 2658 2767 2705 et
2803 2649 3051 2719 accipere
3106 2648 3382 2717 peritiam,
3454 2646 3570 2702 sive
3624 2660 3715 2701 ar-

2135 2746 2267 2802 tem,
2294 2743 2609 2806 etquaeque
2640 2745 2862 2804 accepta
2915 2732 3173 2803 perlicere
3222 2742 3468 2801 possunt.

2201 2832 2373 2887 Porro
2396 2830 2449 2885 in
2494 2837 2687 2886 sancta
2738 2827 3028 2892 Trinitate,
3096 2842 3219 2882 cum
3276 2836 3333 2881 et
3385 2824 3607 2880 materia
3657 2830 3712 2878 et.

2131 2921 2313 2978 omnis
2347 2919 2562 2975 aﬂ‘ectio
2623 2918 2937 2989 imperfecta
2987 2918 3053 2973 ab
3098 2934 3159 2973 ea
3220 2917 3437 2987 penitus
3483 2926 3710 2969 remotae

2131 3012 2241 3068 sint
2265 3025 2357 3083 per
2381 3025 2647 3068 summam
2698 3010 2819 3081 ejus
2871 3008 3274 3079 simplicitatem
3319 3016 3482 3076 atque
3533 3001 3712 3073 perie-

2131 3105 2391 3172 ctionem,
2434 3105 2674 3174 ineptum
2708 3102 2933 3157 omnino
2975 3112 3080 3167 est,
3121 3108 3335 3171 putare,
3386 3099 3465 3153 vel
3507 3096 3707 3151 Filium

454 3180 581 3235 tiavi
608 3180 750 3235 vobis
774 3181 841 3235 ⁸ο.
877 3183 945 3235 At
977 3181 1043 3235 de
1104 3194 1294 3236 sancto
1343 3183 1547 3253 Spiritu
1579 3200 1591 3236 :
1651 3181 1772 3247 ιιιε,
1830 3183 2027 3250 inquit,

2139 3208 2322 3254 natum
2360 3202 2513 3269 prius
2551 3197 2836 3267 ignorasse
2869 3196 3048 3251 Patris
3098 3194 3453 3254 voluntatem,
3478 3206 3735 3262 eamque.

454 3290 535 3327 me
570 3273 908 3344 glori/habit,
939 3274 1065 3341 quia
1093 3291 1156 3329 ex
1186 3290 1294 3327 meo
1338 3276 1577 3344 accipiet,
1598 3284 1648 3329 et
1695 3273 2029 3328 aunumiabit

450 3365 597 3420 vobis
630 3367 696 3419 ³³.

520 3458 695 3512 Porro
720 3457 978 3514 Ecclesiae
1010 3460 1283 3528 magistri,
1334 3460 1435 3515 ista
1470 3471 1527 3515 ut
1558 3467 1905 3530 acceperant,
1958 3457 2030 3511 ita

452 3559 775 3616 posuerunt.
818 3549 1066 3621 Denique
1096 3563 1321 3607 sanctus
1353 3552 1689 3607 Athanasius
1746 3552 1799 3605 in
1856 3548 2028 3619 Epist.

448 3642 514 3693 ad
550 3639 904 3711 Serapionem
934 3642 1006 3698 ita
1034 3642 1145 3697 ait:
1180 3661 1199 3695 ι
1242 3643 1305 3697 Ει
1359 3641 1531 3698 Filius
1563 3642 1786 3713 quidem
1816 3658 1829 3696 :
1873 3638 2027 3706 Qua’.

451 3734 641 3803 inquit,
674 3732 855 3788 audivi
875 3751 907 3787 a
938 3733 1100 3789 Patre
1128 3734 1385 3801 meo,hac
1417 3735 1605 3806 loquor
1633 3736 1687 3788 in
1714 3733 1909 3787 mundo
1949 3732 1992 3763 ⁸¹
2011 3774 2025 3788 .

451 3828 690 3898 Spiritus
730 3838 914 3883 autem
967 3844 1033 3884 ex
1097 3826 1234 3884 Filio
1287 3828 1481 3897 accipit
1519 3846 1541 3885 ε
1583 3825 1667 3882 Ex
1720 3842 1832 3881 meo
1887 3828 2027 3881 enim

450 3920 648 3988 inquit,
679 3919 898 3989 accipiet
936 3927 987 3973 et
1021 3918 1359 3972 annuntiabit
1383 3918 1551 3974 vobis.

520 4010 670 4065 Idem
734 4011 789 4066 in
849 4013 1009 4068 tertio
1077 4021 1265 4067 contra
1299 4010 1575 4066 Arianos:
1616 4007 1763 4067 «Non
1790 4009 2029 4083 Spiritus

451 4102 695 4158 Verbum
731 4104 1012 4175 coniungit
1049 4104 1193 4159 Patri
1224 4119 1239 4170 ;
1270 4102 1364 4159 sed
1392 4102 1498 4159 hoc
1526 4101 1767 4173 Spiritus
1817 4118 1848 4158 a
1888 4102 2027 4160 Filio

444 4194 629 4265 potius
654 4194 871 4267 accipit.
903 4213 921 4248 i
958 4195 1036 4250 Ae
1059 4210 1277 4250 rursum
1305 4211 1319 4249 :
1358 4194 1627 4266 «Quaeque
1656 4194 1812 4251 habet
1856 4193 2029 4266 Spiri—

447 4297 634 4353 tus,ea
662 4302 695 4343 a
711 4287 890 4343 Verbo
913 4297 1131 4358 accepta
1156 4288 1371 4343 habet.»

517 4380 715 4437 Beatus
746 4380 875 4435 item
930 4382 1193 4451 Cyrillus,
1262 4396 1388 4436 cum
1456 4381 1587 4436 illud
1646 4381 2023 4450 evangelicum

444 4482 779 4543 exponeret:
817 4472 917 4527 ille
947 4489 1034 4527 me
1072 4473 1414 4544 giariﬁcabit,
1456 4470 1625 4530 illlud
1650 4488 1801 4543 ergo.
1825 4473 2027 4542 inquit,

2134 3300 2343 3362 postea,
2385 3288 2546 3344 Patre
2580 3288 2851 3350 tradente,
2901 3286 3179 3352 didicisse,
3240 3283 3399 3355 quasi
3462 3292 3707 3352 po’stmo-

2133 3384 2262 3439 dum
2293 3383 2543 3440 essentia:
2574 3396 2683 3437 suae
2739 3380 2965 3435 scientia
3013 3378 3263 3448 adjecta;
3308 3377 3391 3432 vel
3440 3375 3706 3446 Spiritum

2133 3480 2404 3537 sanctum,
2448 3471 2622 3526 Patris
2651 3486 2714 3526 ac
2736 3469 2857 3523 Filii
2887 3468 3117 3525 scientia
3158 3477 3348 3538 postea
3384 3466 3709 3553 indiguisse,

2131 3565 2287 3637 quasi
2315 3565 2516 3623 sensim
2573 3579 2637 3617 ac.
2668 3561 2927 3632 paulatim
2973 3561 3038 3617 ad
3076 3560 3464 3631 perfectionem
3520 3572 3712 3615 evase-

2133 3659 2223 3714 rit.

2203 3750 2258 3803 Si
2288 3756 2465 3802 autem
2499 3746 2592 3801 Dei
2639 3746 2858 3817 quidem
2913 3744 3147 3800 Verbum
3212 3742 3390 3798 Patris
3435 3739 3707 3812 sapientia

2129 3848 2235 3903 est,
2270 3839 2377 3893 imo
2413 3854 2556 3894 unus
2621 3852 2746 3891 cum
2790 3835 2950 3891 Patre
3015 3837 3153 3890 Deus
3211 3844 3316 3899 est,
3375 3842 3707 3900 sanctusque

2133 3933 2369 4004 Spiritus
2399 3931 2680 4001 sapientia:
2702 3930 2939 4001 Spiritus
2972 3944 3096 3984 cum
3149 3927 3240 3993 sit,
3274 3926 3405 3980 nihil
3460 3937 3701 3993 unquam

2129 4026 2199 4080 ab
2230 4025 2336 4079 alio
2365 4024 2551 4079 audire
2574 4039 2712 4097 opus
2746 4023 2952 4088 habet;
2990 4020 3102 4075 hare
3122 4021 3266 4076 enim
3297 4019 3365 4074 ab
3422 4018 3512 4071 illa
3573 4016 3705 4071 sub-

2130 4118 2331 4174 stantia
2358 4131 2583 4187 prorsus
2603 4116 2779 4172 aliena
2802 4123 2952 4177 sunt.
2981 4114 3348 4182 discretioque
3370 4111 3421 4165 in
3451 4106 3703 4179 personis

2128 4212 2328 4267 divinis
2357 4211 2469 4266 sola
2499 4224 2677 4264 causa:
2710 4208 3054 4276 causalisque
3110 4207 3321 4262 ratione
3373 4204 3556 4259 locum
3609 4201 3706 4254 Ita-

2129 4304 2220 4358 bet
2246 4321 2260 4365 ;
2290 4303 2481 4373 liquet,
2507 4300 2745 4367 Patrem,
2789 4315 2914 4356 cum
2968 4300 3087 4355 sine
3146 4314 3313 4355 causa
3341 4298 3433 4358 sit.
3493 4295 3703 4350 idcirco

2131 4396 2199 4450 ab
2220 4395 2326 4450 alio
2351 4409 2525 4462 neque
2557 4395 2816 4461 accipere
2840 4408 3016 4463 neque
3052 4392 3240 4447 audire
3272 4409 3285 4447 :
3324 4390 3521 4444 Filium
3548 4402 3697 4452 vero,

2131 4503 2259 4544 cum
2291 4503 2398 4544 non
2423 4503 2451 4542 a
2483 4487 2665 4557 seipso
2701 4487 2792 4552 sit,
2823 4486 2916 4541 sed
2970 4485 3181 4539 initium
3215 4483 3430 4544 habeat.
3464 4481 3699 4543 Patrem,

447 4564 823 4636 irreiragabiie
872 4564 1096 4620 omnino
1164 4565 1292 4631 erit,
1346 4567 1605 4636 omnique
1654 4566 1942 4621 mali-dicto
1974 4572 2024 4619 et
2057 4585 2104 4644 ο
2130 4595 2237 4634 non
2270 4595 2300 4634 ε
2332 4580 2532 4649 θείνει),
2555 4580 2649 4633 sed
2683 4594 2711 4634 a
2742 4578 2923 4641 patre,
2953 4589 3004 4631 ει
3034 4576 3181 4647 loqui
3226 4583 3280 4631 ει
3335 4576 3526 4630 audire
3550 4572 3698 4637 dici;

445 4658 798 4714 accusatione
824 4657 1218 4728 vacabit.quod
1248 4658 1315 4712 ab
1336 4658 1625 4729 Unigenito
1645 4659 1877 4730 Spiritus
1906 4659 2026 4728 ejus

447 4751 699 4821 accipere
724 4750 929 4820 aliquid
984 4749 1272 4805 asseritur.
1305 4749 1461 4817 Nam,
1514 4766 1638 4805 cum
1694 4765 1789 4817 per
1844 4751 2021 4818 ipsum

447 4839 769 4894 naturaliter
828 4840 1075 4909 prodeat,
1151 4842 1307 4910 quasi
1362 4858 1523 4896 suum
1581 4843 1857 4913 pr0prium
1896 4857 2019 4895 eum

386 4928 389 4931 ’
446 4933 727 4991 omnibus.
756 4948 877 5001 qua:
910 4932 1148 5004 perfecte
1182 4935 1363 5000 habet,
1390 4951 1511 5007 quae
1537 4936 1654 5006 ejus
1686 4945 1836 4999 sunt.
1872 4936 2021 4991 acci-

447 5040 575 5096 pere
607 5024 861 5081 dicitur.»

483 5116 865 5191 'ldetnsuper
895 5117 1024 5170 illud
1059 5133 1071 5168 :
1111 5115 1303 5173 Omnia
1340 5137 1462 5191 qua
1502 5122 1653 5176 habet
1689 5121 1869 5187 Pater,
1908 5138 2022 5177 mea

444 5215 565 5259 sunt
587 5190 721 5272 ag.
751 5207 858 5261 Sed
893 5206 1131 5277 Spiritus
1184 5209 1283 5264 iste
1351 5190 1623 5281 proprius,
1685 5211 1885 5282 inquit,
1938 5221 2026 5268 est

442 5300 607 5353 etiam
655 5296 965 5370 Unigeniti;
994 5299 1481 5359 consubstantialis
1542 5303 1695 5360 enim
1718 5303 1866 5359 Patri
1916 5313 2017 5360 est.

445 5390 712 5456 Quoniam
736 5391 922 5462 igitur,
940 5394 1136 5464 inquit.
1163 5394 1343 5451 inesse
1367 5395 1475 5453 Deo
1494 5408 1548 5453 et
1570 5398 1718 5454 Patri
1748 5400 2015 5464 cernitur,

444 5483 633 5554 bisqui
659 5484 805 5557 digni
832 5487 1038 5552 sunt,in
1067 5486 1269 5558 Spiritu
1296 5505 1393 5545 suo
1424 5493 2012 5564 revelari,efiieereque

439 5577 605 5631 etiam
638 5593 731 5646 per
792 5579 993 5649 ipsum,
1031 5596 1153 5651 qua:
1190 5584 1435 5645 voluerit,
1473 5587 1543 5641 ob
1578 5588 1717 5643 hanc
1790 5603 2012 5644 causam

443 5667 600 5734 dixit,
628 5668 765 5735 Quia
789 5672 851 5724 de
892 5688 1003 5725 meo
1059 5676 1299 5742 accipiet,
1341 5687 1389 5730 et
1426 5682 1758 5734 annuntiabit
1794 5684 1955 5737 vobis.
1989 5701 2008 5734 ι

520 5840 565 5871 “
587 5838 740 5900 Joan.
784 5861 894 5913 xw,
936 5846 1019 5901 lO.
1134 5849 1177 5881 ⁸ο
1212 5850 1369 5907 Joan.
1402 5868 1489 5914 xv.
1532 5856 1617 5911 15.

1731 5860 1771 5891 ³³
1818 5859 1971 5915 .ioan.
2006 5875 2117 5928 xvr,
2155 5862 2237 5917 ιιι.

2128 4670 2327 4741 quippe
2372 4684 2494 4722 eum
2529 4670 2653 4723 inde
2683 4677 2737 4722 et
2758 4668 3060 4724 essentiam
3110 4682 3238 4733 una,
3277 4676 3329 4721 et
3374 4664 3698 4734 sapientiam

2128 4763 2373 4818 traxerit.
2423 4762 2830 4818 Sanetumrero
2893 4759 3155 4830 Spiritum
3206 4776 3329 4813 cum
3374 4774 3403 4813 a
3446 4755 3587 4812 Filio
3645 4764 3700 4810 et

2126 4855 2339 4921 audire,
2367 4864 2419 4910 et
2442 4854 2691 4922 accipere
2749 4854 2994 4919 dicatur,
3070 4858 3287 4906 constat
3346 4848 3609 4920 profecto,
3665 4861 3698 4903 a

2124 4964 2234 5018 quo
2264 4948 2482 5018 accipit,
2524 4948 2648 5002 inde
2671 4948 2833 5002 etiam
2874 4946 3166 5001 essentiam
3223 4944 3458 4999 traxisse
3500 4955 3697 5012 procc-

2124 5045 2323 5098 dendo.

2193 5135 2318 5191 Sive
2353 5134 2514 5206 igitur
2541 5149 2653 5192 nou
2678 5134 2877 5205 accipit
2912 5149 2944 5189 a
2979 5132 3120 5189 Filio
3153 5131 3388 5201 Spiritus
3409 5171 3425 5197 ,
3452 5137 3509 5185 et
3539 5126 3697 5184 Seri-

2122 5237 2336 5297 pturam
2397 5242 2501 5282 una
2554 5237 2717 5296 atque
2765 5228 3051 5282 doctorum
3104 5241 3263 5282 voces
3320 5224 3612 5282 erademus
3675 5238 3692 5277 :

2126 5335 2304 5390 neque
2349 5320 2461 5389 jam
2491 5336 2556 5376 ex
2593 5322 2712 5392 ipso
2753 5320 3095 5386 naturaliter,
3129 5329 3293 5390 atque
3330 5315 3697 5374 essentialiter

2123 5412 2420 5481 procedere
2447 5410 2702 5478 dicetur;
2770 5412 2891 5467 sive
2914 5427 2980 5466 ex
3040 5411 3160 5482 ipso
3222 5409 3445 5479 accipit,
3486 5422 3541 5463 ut
3575 5408 3695 5477 ipse

2124 5503 2296 5559 Filius
2347 5505 2518 5571 dixit;
2562 5507 2633 5561 ita
2665 5505 2809 5559 enim
2862 5505 2915 5559 id
2991 5504 3197 5558 dictant
3257 5503 3434 5558 sancti
3502 5501 3695 5556 Patres

2122 5607 2491 5666 acceperunt;
2522 5612 2642 5666 quae
2686 5607 2865 5652 autem
2900 5597 3120 5665 accipit,
3151 5605 3206 5650 et
3241 5595 3441 5661 habet;
3492 5595 3695 5664 quippe

2124 5686 2274 5755 juxta
2293 5688 2573 5742 Athanasii
2603 5687 2949 5755 sententiam,
2987 5705 3004 5738 ι
3036 5685 3274 5756 Quaeque
3298 5686 3530 5752 babet,a
3552 5684 3694 5741 Filio

2351 5862 2394 5895 ³⁸
2431 5860 2589 5919 Joan.
2628 5878 2744 5931 vut,
2777 5863 2865 5921 26.
2948 5865 2995 5899 ³³
3026 5864 3182 5925 Joan.
3220 5881 3330 5934 xvi,
3370 5864 3456 5921 15.
