3984 6564
236 484 292 551 iii
1359 494 1760 556 ADVERSUS
1797 495 2110 564 GRJECOS
2162 499 2310 562 LlB.
2355 500 2440 564 II.
3425 505 3498 568 62

237 613 454 669 utroque
481 616 619 656 una.
649 603 725 656 Ae
763 603 928 660 veluti
956 618 1082 661 eum
1113 609 1276 664 Pater
1303 609 1438 665 Filio
1465 613 1658 680 major,
1685 628 1813 666 cau-
1842 619 1887 676 Α
1917 615 2102 676 etiam,
2127 617 2269 686 quod
2295 617 2516 684 dicitur,
2541 619 2606 673 ab
2633 635 2696 674 eo
2727 635 2850 676 esse
2884 621 3101 689 habere,
3131 623 3492 680 substantiam

238 709 302 748 sa:
337 692 560 749 ratione
605 695 849 752 dicitur:
889 713 994 754 non
1042 699 1164 756 ideo
1190 704 1391 770 {tamen
1442 704 1615 761 Filius
1657 707 1820 761 Patre

237 786 404 837 minor
443 797 552 841 est.
583 789 687 853 Ita,
715 799 768 845 et
800 806 925 846 cum
952 791 1125 850 Filius
1173 795 1360 867 major
1381 799 1587 868 Spiritu
1625 811 1816 856 sancto

235 887 539 945 asseratur,
575 896 685 936 non
717 891 899 938 tamen
928 883 1067 940 Filio
1097 889 1277 943 minor
1311 887 1551 960 Spiritus
1590 901 1816 948 sanctus

237 969 584 1040 intelligitur.
623 971 742 1028 Una
779 977 980 1046 quippe
1021 979 1184 1032 trium
1234 983 1472 1038 essentia
1514 994 1617 1038 est.
1645 985 1818 1039 Porro

240 1077 357 1115 eum
430 1064 750 1135 hujusmodi
820 1071 1119 1125 secundum
1173 1075 1516 1142 personalem
1569 1075 1812 1130 ordinem

237 1153 512 1220 dicuntur,
566 1158 683 1212 sola
738 1174 904 1215 causa
982 1173 1146 1232 atque
1194 1165 1402 1219 causali
1457 1181 1812 1234 personarum

237 1245 494 1299 discretio
529 1250 800 1304 redditur.
828 1250 974 1306 Nihil
1006 1253 1149 1307 enim
1196 1256 1341 1310 aliud
1387 1258 1705 1321 concedere,
1734 1257 1818 1311 vel

237 1328 560 1394 scenndum‘
595 1357 720 1397 esse
758 1345 1052 1414 signiﬁcat.
1086 1347 1191 1400 nisi
1230 1348 1389 1402 aliam
1437 1359 1564 1405 ante
1593 1365 1652 1405 se
1696 1365 1820 1406 esse

237 1446 549 1499 personam,
603 1449 726 1504 qua:
783 1446 908 1491 ante
985 1446 1166 1492 mente
1241 1441 1596 1510 concipiatur,
1651 1459 1815 1513 quam

235 1538 366 1592 ipse.

295 1659 497 1727 Porro,
537 1664 633 1734 qui
656 1641 734 1719 vita
769 1665 954 1723 Basilii
992 1669 1192 1726 dictum
1234 1672 1530 1743 accipiunt,
1566 1686 1625 1730 ut
1668 1679 1816 1746 quod

239 1752 316 1804 ille
341 1755 424 1806 ait
454 1753 727 1823 Spiritum
761 1773 788 1810 a
823 1758 962 1814 Filio
992 1774 1116 1817 esse
1161 1762 1385 1830 habere,
1413 1767 1480 1821 ab
1515 1766 1632 1837 ipso
1675 1767 1818 1834 dari,

239 1842 434 1898 habere
485 1845 800 1916 signiﬁcare
834 1857 1045 1920 putent,
1091 1867 1211 1908 esse
1257 1869 1354 1922 pro
1399 1870 1488 1920 eo,
1537 1857 1682 1926 quod
1733 1866 1820 1914 est

1928 706 2160 778 Spiritus
2187 723 2282 777 per
2309 709 2501 764 Filium
2532 711 2860 781 signiﬁcare.

1996 802 2280 866 Praeterea,
2317 819 2544 874 magnus
2572 805 2683 874 ipse
2714 805 2968 871 Basilius,
3006 807 3058 860 in
3095 807 3190 862 lib.
3229 823 3278 860 tv
3333 807 3496 874 ρηαρ-

1921 897 2170 961 s'ionunt,
2212 897 2288 950 ait
2321 911 2334 950 :
2379 915 2396 947 t
2438 895 2622 964 Neque
2652 896 2797 950 enim
2831 897 3012 951 minus
3039 899 3249 967 aliquid
3271 883 3494 953 eramus

1927 990 2163 1044 habituri
2215 991 2280 1044 ad
2330 991 2757 1060 agnoscendum,
2801 991 2947 1059 quod
2985 989 3221 1060 Spiritus
3263 1007 3328 1046 ex
3385 991 3493 1043 Dt'O

1924 1083 2022 1147 sit,
2057 1081 2318 1150 Spiritum
2346 1082 2456 1136 oris
2485 1079 2605 1150 ejus
2632 1081 2806 1150 ipsum
2842 1095 2960 1136 esse
2991 1080 3302 1147 audientes;
3340 1101 3356 1132 ι
3399 1081 3492 1135 sed

1927 1174 2028 1229 hoc
2059 1174 2304 1228 suﬁicerc
2356 1182 2567 1244 poterat
2605 1189 2700 1242 per
2735 1190 2794 1230 se
2824 1173 2892 1228 ad
2941 1173 3316 1236 indicandum,
3369 1174 3498 1228 sub-

1923 1269 2179 1322 stantiam
2216 1265 2335 1337 ejus
2394 1283 2459 1322 ex
2495 1266 2604 1323 Deo
2635 1283 2774 1323 esse.
2815 1267 2872 1322 Si
2916 1268 3080 1340 igitur
3131 1267 3394 1336 Spiritum
3428 1283 3492 1348 es

1929 1362 2036 1418 Deo
2063 1379 2201 1427 esse,
2237 1364 2374 1417 idem
2423 1373 2525 1428 est,
2556 1367 2702 1434 quod
2750 1361 3015 1434 Spiritum
3051 1365 3164 1418 oris
3197 1364 3316 1433 ejus
3353 1364 3496 1427 dici;

1925 1470 1986 1509 os
2027 1463 2207 1509 autem
2257 1453 2433 1509 Patris
2488 1455 2658 1512 Filius
2691 1472 2724 1514 _a
2760 1458 3038 1528 magistris
3073 1457 3334 1513 Ecclesia:
3361 1457 3498 1509 dici-

1927 1559 2048 1610 tur:
2083 1548 2224 1602 idem
2274 1563 2403 1618 ergo
2433 1562 2536 1612 est,
2573 1545 2836 1618 Spiritum
2877 1566 2940 1603 ex
2976 1549 3082 1604 Deo
3116 1564 3258 1616 esse,
3293 1548 3496 1611 dicere,

1923 1653 1978 1706 et
2009 1643 2182 1711 ipsutu
2212 1638 2334 1694 Filii
2368 1639 2627 1710 Spiritum
2663 1642 2862 1696 dicere.
2901 1643 2964 1695 At
2992 1641 3122 1695 illud
3171 1641 3343 1695 sancti
3375 1639 3500 1709 Spi-

1926 1736 2063 1788 ritus
2095 1750 2160 1788 ex
2188 1733 2296 1786 Deo
2331 1733 2694 1789 substantiam
2730 1734 3020 1805 signiﬁcat.
3050 1734 3238 1803 Itaque
3264 1744 3316 1787 ct
3347 1735 3494 1803 quod

1925 1823 2046 1878 Filii
2083 1823 2316 1894 Spiritus
2346 1826 2567 1890 dicitur,
2609 1827 2857 1880 eamdem
2896 1827 3081 1881 itidem
3131 1825 3496 1881 substantiam

239 1935 370 2001 dari,
415 1914 800 2007 accipientes:
834 1914 1041 1997 contra
1076 1914 1299 2000 omnino
1342 1914 1609 2014 sentiunt,
1659 1966 1822 2020 quam
1852 1951 1898 2012 B
1927 1914 2251 2020 ,SPM'US,”
2278 1933 2374 2020 De?"
2404 1917 2601 2020 F‘”,"',“
2651 1931 2703 2020 ξι
2729 1935 2757 1973 ³
2790 1917 2925 2020 Filio
2951 1918 3498 2020 ‘1“533"“".S”m;e'§°

239 2044 290 2083 se
323 2030 488 2084 habet
521 2032 767 2089 doctoris
800 2035 1047 2091 intentio.
1080 2037 1174 2092 llle
1201 2040 1346 2094 enim
1373 2041 1823 2098 consubstantia-

238 2119 331 2172 lem
375 2121 533 2176 Patri
574 2121 770 2178 Filium
806 2140 929 2180 cum
973 2127 1324 2194 ostendisset,
1354 2133 1517 2186 etiam
1554 2133 1820 2203 Spiritum

241 2223 489 2267 sanctum
550 2217 1076 2274 consubstantialem
1131 2219 1290 2288 Filio,
1347 2238 1410 2277 ac
1445 2207 1572 2294 per
1621 2224 1821 2294 ipsum,

241 2303 380 2358 Patri
440 2307 782 2363 concludere
832 2309 1086 2368 intendit.
1127 2312 1396 2368 Ca-terum
1428 2317 1545 2371 dari
1589 2333 1618 2371 δ
1661 2317 1819 2384 Filio,

238 2400 575 2454 contrarium
605 2403 904 2467 concludit,
935 2406 1035 2459 nisi
1067 2408 1212 2477 quod
1241 2409 1402 2464 datur
1431 2425 1524 2480 per
1547 2427 1695 2478 eum,
1729 2427 1822 2482 per

238 2506 394 2560 quem
427 2492 595 2546 datur
623 2494 970 2563 naturaliter,
1015 2507 1066 2552 et
1109 2501 1476 2555 essentialiter
1527 2505 1822 2570 procedere

241 2594 715 2652 praesupponatur,
749 2589 966 2656 quando
991 2591 1152 2644 etiam
1185 2592 1326 2660 dari,
1363 2595 1416 2648 in
1455 2593 1655 2651 divinis
1679 2597 1819 2653 idem

238 2684 336 2737 est,
388 2676 540 2745 quod
603 2679 922 2747 procedere.
986 2682 1252 2748 Quoniam
1305 2688 1468 2757 igitur
1522 2691 1822 2749 Eunomius

238 2769 574 2823 creationem
605 2770 730 2825 Filii
760 2769 1020 2841 Spiritum
1041 2789 1291 2834 sanctum
1323 2797 1448 2838 esse
1477 2784 1824 2855 blasphema-

239 2858 345 2923 bat,
379 2860 500 2914 dari
551 2871 736 2917 autem
788 2865 964 2919 solum
1012 2871 1155 2938 quod
1204 2873 1425 2938 dicitur,
1463 2878 1529 2930 ad
1576 2877 1713 2932 hanc
1748 2879 1821 2932 illi

238 2952 639 3022 blasphemiam
692 2958 1106 3027 opitulabatur:
1159 2975 1384 3020 sanctus
1433 2969 1673 3038 profecto
1718 2974 1819 3039 vir,

238 3055 396 3115 atque
442 3048 822 3115 doctissimus,
856 3068 1139 3122 nunquam
1178 3059 1316 3132 adeo
1359 3059 1719 3124 imbecill'ter,
1759 3079 1823 3119 ac

182 3196 186 3197 ν
240 3155 332 3209 pro
364 3141 610 3196 inimicis
640 3144 803 3198 etiam
829 3147 1064 3215 egisset;
1100 3147 1210 3204 imo
1239 3152 1285 3205 si
1317 3154 1543 3209 omnino
1573 3157 1822 3224 putavis-

240 3244 336 3298 set,
383 3233 708 3302 hujusmodi
756 3238 1152 3307 expositionem
1198 3255 1262 3294 ex
1308 3245 1488 3298 verbis
1536 3247 1650 3300 suis
1699 3248 1816 3317 capi

240 3340 418 3392 posse,
449 3327 538 3380 vel
582 3327 635 3381 id
680 3344 962 3398 nunquam
1013 3333 1227 3400 penitus
1256 3335 1502 3400 dixisset,
1552 3347 1644 3392 aut
1690 3355 1812 3393 cum

241 3413 546 3483 adiectione
577 3432 642 3471 ac
676 3418 1060 3487 praeﬁnitione,
1085 3420 1238 3490 juxta
1272 3424 1553 3480 doctorum
1593 3444 1818 3484 consue-

244 3507 478 3562 tudinem
515 3509 780 3576 dixisset;
821 3519 983 3582 atque
1010 3515 1254 3581 omnino,
1287 3525 1347 3571 ut
1383 3517 1484 3572 fuit
1515 3519 1818 3590 diligentis-

243 3601 432 3665 simus,
479 3602 535 3656 in
585 3603 690 3659 hac
737 3619 796 3658 re
829 3605 884 3659 in
941 3607 1134 3676 primis
1185 3610 1476 3664 maximam
1526 3613 1820 3683 diligentia:

245 3708 426 3748 curam
456 3696 764 3764 habuisset,
793 3713 861 3753 ne
890 3707 1078 3755 contra
1104 3717 1265 3772 quam
1295 3706 1692 3774 proposuisset,
1713 3706 1825 3764 clli-

244 3798 405 3840 ceret.

310 3925 385 3978 Ex
431 3941 544 3995 quo
599 3926 728 3981 item
782 3939 1018 3997 constat,
1052 3931 1256 3989 idcirco
1300 3934 1410 3992 dici
1439 3951 1470 3991 a
1517 3935 1653 3993 Filio
1705 3937 1820 3994 dari

247 4013 510 4084 Spiritum
562 4027 839 4086 sanctum,
893 4023 1152 4091 quoniam
1194 4025 1260 4079 ab
1295 4026 1414 4096 ipso
1466 4041 1586 4084 esse
1637 4029 1816 4084 habet.

247 4107 392 4162 Alias
442 4111 584 4165 enim
632 4114 873 4169 ministri
922 4116 1246 4188 {iungeretur
1279 4120 1476 4187 ofﬁcio,
1514 4123 1658 4192 quod
1696 4139 1815 4188 ,non

251 4215 339 4268 per
372 4199 547 4270 ipsum
584 4195 910 4262 naturaliter
942 4211 1282 4280 procederet.
1316 4213 1585 4281 prazbens.
1621 4213 1817 4286 Liquet

917 4421 1148 4428 _-.___
1167 4422 1677 4432 ________._-_.

951 4421 1148 4428 -~——.__—_
1167 4422 1566 4440 ᾎ--ῌέέτ--στσ-
1577 4426 2146 4440 .~-_--_.Mv—

1925 2008 2107 2077 itaque
2133 2008 2208 2062 ait
2237 2020 2288 2064 et
2328 2012 2430 2065 hoc
2455 2011 2520 2064 ad
2560 2012 2943 2066 insinuandam
2979 2010 3340 2067 substantiam
3371 2009 3496 2079 Spi-

1924 2101 2083 2155 ritus.
2118 2100 2272 2156 Unde
2299 2114 2509 2158 ronstat
2540 2104 2722 2166 etiam,
2747 2107 2871 2173 quia
2904 2121 3008 2159 non
3034 2105 3169 2159 alias
3201 2105 3321 2158 Filii
3355 2107 3501 2156 dicc-

1926 2203 2074 2248 rctur
2099 2193 2355 2262 Spiritus,
2393 2195 2499 2250 nisi
2548 2211 2642 2265 per
2670 2196 2874 2265 ipsum,
2903 2208 2956 2252 et
2985 2213 3048 2251 ex
3097 2196 3212 2268 ipso
3245 2199 3501 2253 substan-

1926 2285 2053 2339 tiam
2085 2285 2325 2340 haberet.

1997 2376 2266 2442 Quoniam
2309 2375 2474 2447 igitur
2521 2379 2573 2432 itt
2631 2377 2764 2440 Deo,
2801 2389 2853 2432 et
2907 2380 3156 2444 materia,
3193 2388 3247 2434 et
3299 2388 3495 2434 cuncta

1915 2463 2042 2537 qua:
2080 2478 2208 2523 sunt
2241 2485 2304 2522 ex
2337 2471 2584 2537 materia,
2634 2474 2850 2540 penitus
2900 2474 3077 2527 locum
3113 2487 3219 2525 non
3256 2473 3489 2533 habent,

1923 2571 1976 2614 et
2027 2576 2201 2629 neque
2244 2562 2543 2616 secundum
2580 2565 2957 2619 excellentiam
2995 2575 3158 2634 atque
3189 2565 3456 2620 defectum
3480 2604 3497 2628 ,

1927 2666 2099 2720 neque
2150 2662 2207 2705 ut
2263 2655 2555 2721 possessio,
2588 2655 2703 2709 sive
2744 2639 2968 2718 factura,
3023 2657 3139 2710 sive
3190 2671 3338 2726 pars,
3385 2656 3499 2709 sive

1925 2743 2229 2795 membrum
2255 2783 2268 2803 ,
2309 2759 2482 2813 neque
2527 2747 2935 2813 quomodolibet
2983 2746 3139 2800 aliter
3168 2757 3344 2814 potest
3395 2739 3523 2801 hoc'

1925 2832 2109 2903 hujus,
2156 2844 2248 2889 aut
2305 2834 2468 2903 hujus
2513 2835 2640 2899 diei,
2681 2837 2980 2890 secundum
3036 2836 3344 2907 hnjusmodi
3377 2851 3498 2906 pro-

1925 2928 2204 2996 prietatem
2229 2943 2243 2992 ;
2272 2936 2486 2980 constat
2530 2925 2792 2996 profecto,
2826 2931 2952 2997 qu'a
3000 2943 3122 2982 cum
3174 2928 3275 2981 hoc
3313 2928 3496 2998 hujus,

1923 3027 2016 3072 aut
2049 3018 2210 3084 hujus
2265 3034 2292 3070 a
2350 3019 2615 3086 theologis
2654 3018 2874 3083 dicitur,
2940 3036 3099 3075 (ausa
3147 3020 3498 3084 insinuatur;

1924 3107 2084 3163 aliter
2115 3109 2259 3164 enim
2293 3126 2415 3165 esse
2444 3112 2702 3181 possibile
2733 3128 2838 3166 non
2867 3123 2970 3167 est.
3133 3107 3160 3124 χ

1998 3203 2071 3256 Ex
2105 3219 2213 3272 quo
2244 3215 2295 3256 et
2323 3204 2449 3256 illud
2484 3219 2587 3257 uua
2638 3205 2973 3271 insinuatur,
3009 3205 3271 3275 Spiritum
3306 3205 3370 3256 ad
3412 3205 3500 3258 Fi-

1846 3313 1889 3374 C
1922 3296 2056 3349 lium
2092 3297 2320 3352 relative
2362 3299 2488 3362 dici,
2519 3300 2562 3353 si
2597 3300 2708 3354 haec
2756 3297 2822 3351 ad
2880 3298 3112 3353 invicem
3165 3298 3495 3360 discerni-re,
3565 3355 3567 3358 ι

1924 3389 2223 3443 secundum
2257 3406 2434 3446 causa:
2489 3392 2838 3460 causalisque
2871 3391 3186 3445 relatiOnem
3222 3389 3451 3442 velimus
3479 3409 3493 3444 :

1924 3479 2194 3548 siquidem
2240 3481 2396 3551 juxta
2449 3481 2768 3550 Gregorium
2823 3481 3175 3551 Nyssenum:
3233 3502 3249 3535 ι
3300 3483 3354 3536 1η
3397 3486 3498 3536 hoc

1925 3571 2126 3634 solum,
2155 3571 2383 3625 alterum
2430 3573 2498 3627 ab
2548 3574 2718 3627 altero
2749 3573 3010 3642 distingui
3043 3574 3498 3641 deprehetnlinnt-s

1922 3663 2068 3732 quod
2114 3663 2201 3718 ille
2246 3679 2434 3727 causa,
2469 3665 2568 3719 iste
2610 3681 2674 3719 ex
2710 3681 2872 3720 causa
2915 3667 3003 3720 sit.
3041 3685 3058 3718 ι
3097 3665 3251 3730 Quod
3312 3681 3502 3720 rursus

1845 3823 1849 3828 .
1921 3755 1994 3810 ita
2028 3756 2232 3821 divisit,
2271 3766 2328 3811 ut
2375 3758 2540 3813 alium
2595 3759 2798 3813 diceret
2853 3773 2974 3813 esse
3031 3759 3382 3814 continenter
3434 3776 3497 3813 ex

1920 3848 2128 3917 primo;
2163 3849 2330 3902 alium
2386 3865 2480 3918 per
2527 3865 2674 3916 eum,
2724 3849 2816 3919 qui
2864 3853 3208 3906 continenter
3255 3860 3397 3905 esset
3431 3865 3499 3906 ex

1922 3938 2119 4008 primo,
2169 3955 2410 3995 manare.
2448 3941 2553 3996 Sed
2607 3943 2718 4012 jam
2775 3943 2899 3998 libri
2959 3944 3120 4012 hujus
3171 3943 3499 3998 continenda

1921 4030 2215 4099 longitudo
2245 4043 2348 4097 est,
2387 4046 2440 4088 ut
2471 4034 2536 4088 ad
2567 4051 2627 4090 ea
2663 4053 2784 4102 qua:
2812 4048 3038 4099 restant,
3078 4038 3297 4093 lectoris
3327 4039 3502 4092 inlen-

1926 4123 2002 4176 tio
2049 4124 2265 4177 interim
2298 4141 2324 4178 a
2360 4127 2547 4181 labore
2594 4138 2868 4197 reparata,
2897 4127 3132 4183 alacrior
3179 4140 3344 4200 atque
3378 4129 3501 4199 vigi-

1924 4215 2126 4269 lantior
2148 4211 2417 4288 assurgat.

2147 4433 2487 4446 Ἥ

1300 4619 1657 4712 LIBER
1784 4625 2437 4720 SECUNDUS.
2637 4671 2676 4707 ο

779 4813 952 4890 Jesu,
989 4818 1172 4883 nobis
1204 4822 1384 4901 praei,
1422 4829 1480 4883 et
1507 4821 1640 4886 dua:
1679 4835 1830 4888 esto.
1871 4829 1954 4891 Te
2005 4831 2166 4892 enim
2217 4832 2393 4908 duce,
2425 4853 2553 4897 non
2585 4837 2956 4900 errabimus.

316 5106 370 5161 In
399 5115 569 5221 sacris
607 5115 827 5221 Litteris
875 5121 1112 5192 Spiritus
1156 5142 1380 5188 sanctus
1419 5133 1511 5189 Dei
1551 5137 1802 5207 spiracu-
1841 5143 1884 5198 D
1915 5155 1981 5194 ex
2013 5156 2108 5196 ore
2139 5143 2384 5210 prodeat.
2424 5164 2442 5195 ι
2476 5144 2737 5214 Idemque
2773 5146 2828 5201 in
2867 5147 3007 5204 libro
3035 5151 3100 5204 ad
3131 5149 3483 5221 Serapionem

253 5195 356 5295 lum
385 5202 578 5260 dicitur
612 5225 627 5262 :
670 5211 1034 5282 Spiraculum,
1087 5223 1253 5287 enim,
1291 5225 1685 5295 omnipotentis,
1739 5233 1817 5286 ait

255 5285 436 5347 beatus
461 5293 585 5363 Job,
613 5303 792 5356 edocet
819 5323 897 5360 me
916 5309 953 5361 '.
979 5309 1018 5362 A
1048 5285 1307 5380 Spirattdo
1328 5285 1471 5371 eltlt'll
1503 5285 1811 5391 utrumque,

255 5390 306 5470 et
353 5386 556 5451 spiritus
613 5394 846 5462 scilicet,
905 5409 959 5454 et
1017 5404 1343 5467 spiraculum
1400 5395 1809 5470 denominatur.

255 5467 384 5527 Nam
431 5488 480 5532 ct
515 5496 744 5552 magnus
767 5487 1121 5556 Athanasius,
1165 5495 1218 5548 in
1253 5497 1392 5550 libro
1428 5499 1520 5566 qui
1553 5500 1808 5557 inscribi-

258 5573 384 5621 tur:
433 5567 775 5641 Repreltettsio
825 5581 1185 5641 simulationis
1239 5585 1436 5642 Met'etii
1493 5605 1540 5645 et
1599 5593 1811 5650 Eusebii

257 5654 430 5753 dixit;
465 5682 485 5714 ς
526 5663 642 5719 Non
699 5673 972 5730 nativitati
1028 5681 1202 5732 sancti
1245 5679 1481 5748 Spiritus
1530 5687 1807 5753 processio

262 5749 601 5822 assimilatur,
648 5761 740 5816 sed
769 5765 1038 5834 spiraculo
1059 5811 1073 5835 ,
1111 5773 1253 5841 quod
1288 5775 1619 5842 spiraculum
1651 5782 1807 5848 quasi

370 5939 384 5968 ‘
427 5938 520 5993 Job
551 5958 744 6009 sum,
788 5948 832 6000 ί.

1923 5231 2004 5285 De
2037 5231 2241 5298 Spiritu
2266 5247 2452 5288 sancto
2477 5251 2496 5290 :
2537 5255 2556 5289 ‹
2597 5236 2833 5307 Spiritus
2857 5239 2980 5306 iste,
3016 5241 3212 5312 inquit,
3243 5247 3492 5312 spiracu-

1919 5321 2032 5378 lum
2062 5323 2184 5378 Filii
2219 5337 2324 5382 e5t.
2359 5344 2376 5377 ι
2417 5326 2474 5381 Si
2509 5329 2672 5398 igitur
2703 5328 2940 5400 Spiritus
2973 5333 3194 5402 quidem
3235 5333 3485 5400 Filiiest,

1919 5427 1971 5474 et
2006 5418 2204 5473 dicitur
2226 5419 2461 5489 Spiritus
2485 5461 2499 5485 ,
2557 5423 2892 5500 spiraculum
2926 5437 3133 5491 autem,
3163 5435 3217 5480 et
3251 5424 3489 5496 Spiritus

1921 5512 2062 5565 idem
2096 5519 2201 5578 est;
2241 5511 2582 5581 spiraculum
2638 5529 2764 5569 vere
2800 5516 3061 5586 spirantis
3092 5527 3206 5584 est;
3255 5520 3490 5575 manife-

1918 5611 2061 5655 stum
2110 5610 2214 5666 est,
2245 5600 2504 5669 Spiritum
2539 5615 2787 5658 sanctum
2841 5608 2906 5659 ad
2941 5605 3164 5672 Filium,
3215 5612 3372 5678 quasi
3411 5612 3480 5666 ad

1917 5690 2269 5757 inspirantem
2310 5688 2520 5743 referri.
2551 5689 2684 5744 Nam
2712 5692 2756 5745 si
2793 5692 3127 5761 spiraculum
3153 5696 3324 5766 ipsius
3352 5706 3438 5752 est
3463 5738 3478 5764 ,

1918 5789 2155 5847 constat,
2193 5781 2318 5849 quia
2355 5779 2422 5834 ab
2459 5796 2524 5837 eo
2561 5782 2885 5853 inspiratur,
2923 5786 3150 5858 ipseque
3185 5789 3482 5863 inspirans
