3984 6550
466 448 536 510 63
1722 442 2120 529 MANUELIS
2154 442 2465 507 CALECIE
2578 484 2583 491 -
3641 453 3713 515 iis

468 569 572 616 est.
615 556 961 629 Spiraculum
1013 554 1235 627 quippe,
1281 562 1342 610 ut
1383 552 1655 626 diximus,
1699 569 1729 609 a
1781 554 2265 625 spirandersse
2321 557 2526 612 audiet.
2586 558 2706 626 Ipsa
2764 557 2928 629 igitur
2984 572 3215 628 persona
3278 558 3538 629 Spiritus,
3596 566 3712 620 sive

470 651 879 707 denominatum
910 658 1015 704 est.
1118 647 1129 651 ’
2142 649 2495 717 productum,
2555 649 2670 705 sive
2728 650 2979 720 spiritus,
3038 652 3155 706 sive
3207 652 3532 721 procedens,
3594 654 3715 709 sive

541 743 806 810 Quoniam
839 756 965 795 vero
1014 739 1346 810 spiraculum
1398 740 1490 795 Dei
1550 738 1753 795 dicitur
1802 739 2043 809 Spiritus
2141 740 2352 808 aliquid
2409 740 2557 795 aliud
2599 742 2861 806 ~dicatur,
2914 741 3203 797 Trinitatis
3261 742 3422 797 tertia
3476 759 3712 810 persona

473 843 719 899 sanctus,
773 848 913 887 unus
961 843 1141 886 autem
1196 831 1337 887 Deus
1385 840 1469 888 est
1516 830 1677 887 Pater
1738 841 1791 887 et
1827 831 2039 899 Filius;
2142 830 2316 888 Patris
2341 842 2387 886 et
2422 831 2543 887 Filii
2568 848 2691 888 esse
2714 833 2935 895 dicitur,
2973 843 3028 888 et
3056 834 3123 890 ad
3153 834 3369 890 Patrem
3427 846 3480 889 et
3509 834 3710 891 Filium

472 926 670 997 quippe
701 925 827 977 dum
863 938 968 978 una
993 924 1232 979 essentia
1268 923 1360 990 sit,
1387 935 1599 980 servata
1635 924 1812 979 solum
1848 940 2041 995 perso-
2143 922 2394 977 refertur.
2447 922 2505 977 in
2559 922 2760 976 divinis
2814 932 2997 977 autem
3054 912 3341 994 personis,
3398 927 3542 995 quod
3593 943 3717 982 esse

473 1016 580 1071 nali
611 1015 942 1080 differentia,
977 1030 1083 1085 qua
1115 1015 1257 1070 alius
1290 1016 1484 1087 gignit,
1522 1027 1575 1070 et
1607 1016 1750 1071 alius
1779 1016 2041 1087 gignitur,
2143 1015 2378 1084 alicujus
2405 1016 2629 1079 dicitur,
2657 1028 2747 1068 aut
2777 1031 2843 1069 ex
2879 1016 2972 1069 illo
3000 1026 3105 1081 est,
3134 1027 3227 1070 aut
3262 1033 3426 1073 causa
3456 1028 3539 1074 est
3569 1019 3715 1089 ejus,

475 1116 733 1178 totusque
764 1123 830 1163 ex
853 1114 966 1161 toto
998 1106 1237 1176 Spiritus
1270 1118 1495 1163 sanctus
1525 1108 1793 1163 asseritur
1821 1125 1835 1162 :
1864 1123 2044 1178 neque
2142 1106 2303 1177 cujus
2332 1122 2455 1163 esse
2500 1107 2722 1161 dicitur.
2758 1105 2914 1162 Nulla
2950 1108 3097 1162 enim
3130 1109 3234 1163 alia
3267 1110 3378 1164 illic
3406 1111 3717 1167 diﬂ‘erentia

474 1200 621 1254 aliud
672 1208 759 1256 est
808 1206 958 1257 totus
1002 1198 1186 1263 Pater,
1226 1200 1373 1254 aliud
1424 1209 1572 1256 totus
1618 1200 1812 1265 Filius,
1868 1216 2046 1272 neque
2144 1208 2249 1260 εει,
2309 1207 2505 1266 praeter
2575 1197 2894 1252 relationem
2955 1214 3078 1267 qum
3141 1200 3441 1254 secundum
3491 1217 3718 1257 causam

392 5844 403 5853 ο
498 5815 828 5883 Patrumquc
864 5814 1161 5868 sententias
1197 5813 1399 5867 sentire
1448 5828 1504 5865 se
1547 5815 1778 5869 noverit.

473 1292 780 1356 dissonum,
826 1300 1041 1347 constat
1076 1292 1204 1361 quia
1251 1294 1409 1347 Pater
1472 1303 1527 1347 et
1571 1292 1746 1347 Filius
1776 1309 1919 1349 unus
1963 1302 2047 1349 est
2144 1288 2362 1343 causale
2431 1297 2534 1343 est.
2615 1288 2791 1343 Aliter
2865 1290 3013 1344 enim
3086 1303 3192 1345 nou
3263 1298 3410 1344 esset
3474 1291 3722 1351 Trinitas

476 1386 692 1453 spirans
721 1392 971 1438 sanctum
998 1382 1289 1453 Spiritum,
1322 1399 1558 1454 quorum
1592 1385 1684 1440 ille
1708 1386 2043 1455 spiraculum
2146 1381 2313 1435 Deus.

476 1486 580 1531 est.
619 1472 773 1533 Unde
798 1486 852 1531 et
881 1478 1180 1547 productor
1224 1490 1321 1547 per
1358 1476 1593 1532 Verbum
1622 1478 1812 1541 dictus
1846 1489 1951 1534 est.

549 1566 785 1622 Sanctus
831 1574 1051 1637 quoque
1099 1566 1437 1637 Epiphanius
1486 1568 1542 1623 in
1593 1584 1659 1624 eo
1692 1568 1851 1634 libro,
1885 1584 2045 1639 quem

478 1655 757 1724 inscripsit
791 1655 1086 1721 Anc/raram
1119 1654 1511 1728 [Ancoratum],
1564 1659 1646 1713 sic
1692 1658 1768 1713 ait
1803 1674 1817 1711 :
1845 1676 1863 1709 ι
1890 1658 2051 1713 Pater

478 1756 597 1801 erat
640 1762 875 1818 semper,
929 1755 983 1803 et
1034 1746 1205 1804 Filius
1262 1756 1383 1802 erat
1429 1764 1670 1819 semper,
1707 1758 1763 1805 et
1812 1750 2051 1817 Spiritus

480 1850 705 1893 sanctus
758 1852 971 1908 semper
1002 1852 1068 1892 ex
1103 1836 1264 1893 Patre
1298 1839 1469 1909 spirat
1519 1849 1574 1895 et
1599 1838 1759 1896 Filio.
1791 1859 1810 1894 ι
1848 1841 2047 1897 Verum

426 1952 429 1955 ·
479 1932 780 1999 enimvero,
813 1941 873 1988 ut
907 1948 1155 2004 germen,
1182 1941 1237 1989 et
1266 1932 1436 1989 Filius
1470 1935 1612 1990 idem
1643 1945 1751 2002 est,
1779 1947 1833 1993 et
1870 1936 2045 2008 Spiri~

482 2036 587 2093 tus,
622 2034 678 2081 et
724 2026 871 2098 quod
913 2027 1168 2097 spiratur.
1220 2028 1385 2099 Atqui
1433 2029 1729 2097 productdr
1764 2044 1861 2098 per
1893 2044 1952 2084 se
1981 2030 2049 2086 ad

480 2121 809 2188 productum
844 2120 1082 2184 dicitur;
1116 2134 1249 2191 ergo
1294 2129 1348 2175 et
1381 2120 1449 2174 ad
1499 2118 1765 2190 Spiritum
1808 2119 2047 2176 dicetur.

480 2215 690 2283 Itaque,
738 2211 901 2282 cujus
935 2222 1018 2267 est
1049 2213 1287 2282 Spiritus
1320 2220 1374 2267 et
1427 2212 1498 2266 ab
1530 2228 1597 2268 eo
1640 2212 1966 2284 inspiratur,
1997 2222 2052 2269 et

479 2305 545 2358 ad
577 2304 729 2359 illum
773 2304 1007 2360 relative
1037 2304 1257 2360 dicitur.
1292 2304 1372 2360 Ex
1408 2305 1607 2373 quibus
1642 2306 1771 2361 item
1806 2315 2048 2371 constat,

483 2397 742 2466 quoniam
803 2395 1045 2468 Spir-itus
1095 2395 1321 2452 relative
1374 2394 1494 2451 Filii
1555 2397 1795 2468 Spiritus
1827 2397 2055 2453 dicitur.

479 2490 749 2555 Quocirca
785 2500 839 2546 et
866 2491 970 2545 hoc
1000 2489 1066 2545 ad
1102 2488 1489 2545 insinuandam
1523 2490 1641 2560 ejus
1684 2490 2048 2546 substantiam

482 2584 751 2652 suﬂieere,
797 2590 1030 2652 magnus
1082 2581 1260 2653 inquit
1311 2580 1568 2638 Basilius.
1613 2581 1729 2637 Nisi
1774 2582 1921 2637 enim
1978 2584 2050 2637 ita

444 2715 458 2730 .
483 2687 651 2742 esset,
676 2692 797 2732 cum
828 2676 1097 2746 Spiritum
1125 2674 1386 2741 dicimus,
1413 2675 1466 2730 in
1508 2691 1670 2730 unam
1705 2684 1907 2730 sanctae
1932 2673 2056 2730 Tri-

486 2768 676 2822 nitatis
709 2783 1003 2838 personam
1053 2768 1315 2837 COgitatio
1341 2782 1451 2822 non
1500 2778 1829 2836 recurreret,
1862 2769 1953 2825 sed
1995 2768 2050 2825 in

485 2876 657 2915 unum
690 2860 878 2914 Deum.
916 2858 982 2915 Et
1014 2860 1157 2915 Deus
1183 2860 1328 2915 enim
1368 2859 1618 2915 absolute
1647 2860 1885 2931 Spiritus
1913 2862 2052 2917 dici-

486 2967 592 3021 tur,
626 2962 787 3023 atque
828 2954 899 3009 ita
948 2969 1122 3024 neque
1166 2953 1409 3008 Trinitas
1463 2963 1609 3033 esset
1678 2952 1841 3021 Deus,
1877 2971 2053 3026 neque

486 3064 586 3102 nos
616 3048 854 3118 propriis
900 3063 1021 3103 eam
1069 3046 1383 3102 nominibus
1424 3048 1834 3110 confiteremur,
1876 3063 2050 3118 neque

486 3142 540 3196 in
572 3141 957 3210 cogitationem
996 3141 1160 3197 trium
1188 3154 1549 3211 personarum
1583 3134 2001 3196 adduceremur.

2217 1496 2371 1563 Quod
2416 1506 2599 1551 autern
2643 1511 2672 1550 a
2717 1496 3044 1566 quibusdam
3095 1497 3353 1559 infertur,
3384 1507 3441 1552 ut
3485 1499 3723 1555 dicant:

2154 1606 2173 1639 ι
2210 1588 2348 1653 Quia
2400 1598 2455 1642 et
2500 1588 2668 1658 janua
2726 1589 2926 1644 domus
2976 1591 3197 1654 dicitur,
3248 1603 3302 1645 et
3357 1590 3518 1658 Deus,
3576 1591 3722 1646 Deus

2151 1693 2358 1747 noster,
2392 1682 2484 1737 sed
2533 1697 2707 1751 neque
2734 1683 2903 1759 jauua
2930 1700 2992 1737 cx
3027 1685 3213 1751 domo,
3250 1702 3427 1755 neque
3465 1702 3526 1740 ex
3561 1684 3722 1740 nobis

2150 1774 2315 1840 Deus,
2344 1774 2559 1844 penitus
2585 1774 2885 1830 absurdum
2928 1786 2979 1830 et
3010 1776 3219 1830 foedum
3268 1786 3373 1832 cst.
3414 1796 3431 1829 ι
3476 1776 3721 1832 Primum

2080 1905 2123 1961 Β
2150 1868 2294 1923 enim
2342 1869 2395 1923 in
2438 1856 2642 1924 divinis
2692 1856 2941 1936 personis
2985 1869 3161 1923 solum
3220 1870 3458 1941 dignitas
3496 1868 3715 1926 'servari

2155 1960 2379 2024 dicitur,
2422 1970 2502 2024 ut,
2548 1960 2694 2030 quod
2736 1959 2968 2029 alicujus
3006 1960 3230 2032 dicitur,
3275 1969 3370 2014 aut
3404 1977 3467 2015 ex
3504 1960 3596 2014 illo
3626 1960 3723 2025 sit,

2156 2060 2249 2107 aut
2289 2067 2455 2107 causa
2502 2052 2622 2122 ejus
2670 2066 2816 2118 esse,
2863 2051 3019 2121 cujus
3064 2050 3284 2114 dicitur,
3338 2052 3719 2121 intelligatur:

2154 2144 2600 2214 quandoquidem
2639 2143 2749 2198 illic
2785 2144 2931 2197 nulla
2961 2151 3043 2199 est
3071 2145 3174 2198 alia
3197 2142 3518 2197 dill‘erentia.
3541 2142 3726 2214 Neque

2152 2238 2297 2291 enim
2333 2245 2391 2290 ut
2439 2237 2768 2298 membrum,
2807 2236 2899 2290 aut
2932 2252 3080 2305 pars,
3133 2246 3225 2290 aut
3276 2222 3723 2303 instrumentum,

2152 2343 2244 2382 aut
2281 2318 2579 2397 poSSessio,
2613 2337 2707 2382 aut
2739 2328 3156 2399 quornodolibct
3186 2329 3364 2390 aliter,
3396 2341 3451 2383 ut
3481 2329 3536 2383 in
3568 2342 3725 2383 crca-

2156 2420 2295 2476 turis
2322 2421 2420 2485 'lit,
2460 2423 2562 2475 hoc
2599 2421 2764 2491 hujus
2799 2421 3020 2475 dicitur.
3056 2422 3256 2478 Deinde
3281 2421 3479 2475 dicitur
3503 2422 3724 2495 quidem

2159 2514 2323 2577 Deus,
2367 2514 2508 2569 Deus
2562 2512 2857 2579 Abraham,
2890 2523 2943 2568 et
2993 2513 3169 2575 Isaac,
3205 2524 3261 2568 et
3309 2513 3575 2580 omnium,
3627 2513 3726 2568 sed

2150 2608 2419 2678 justorum
2466 2605 2705 2676 quidem,
2746 2615 2804 2660 ut
2860 2609 3067 2661 mansio
3128 2616 3181 2662 et
3224 2623 3366 2661 sors.
3423 2605 3727 2662 Hmreditas

2154 2700 2298 2755 enim
2361 2708 2678 2753 sanctorum
2749 2700 2889 2753 Deus
2944 2708 3061 2762 est;
3125 2708 3502 2752 creaturarum
3568 2686 3721 2764 vero,

2155 2798 2590 2860 cazterorumque
2626 2789 2974 2859 simpliciter,
3004 2800 3058 2844 ut
3085 2777 3321 2856 creatur,
3349 2797 3402 2843 et
3436 2789 3724 2857 Dominus,

2157 2895 2497 2951 suorumque
2522 2881 2924 2951 providentiam
2955 2896 3165 2949 gerens.

2222 2994 2302 3049 Ex
2330 3009 2439 3064 quo
2467 2994 2661 3064 liquet,
2695 3010 2762 3049 ne
2796 2995 2848 3049 iu
2881 2995 2986 3050 hoc
3012 2996 3451 3071 quidemdeesse
3474 2996 3725 3053 ordinet)

2152 3091 2455 3144 secundum
2489 3105 2549 3143 ea
2575 3096 2695 3156 quae
2725 3090 2984 3144 dicuntur
3006 3090 3087 3143 Ad
3108 3090 3338 3159 aliquid.
3364 3090 3726 3146 Animadver-

2155 3182 2291 3239 titur
2336 3180 2381 3236 is
2420 3181 2560 3237 ordo
2594 3183 2897 3239 secundum
2944 3182 2999 3240 id
3046 3184 3190 3253 quod
3240 3184 3449 3255 perﬁcit
3481 3191 3535 3240 et
3577 3186 3725 3256 quod

558 3255 859 3310 Attestatur
889 3262 1073 3309 autem
1124 3254 1207 3309 his
1244 3262 1298 3309 et
1332 3264 1555 3310 sanctus
1610 3255 1949 3323 Augustinus
1994 3254 2046 3308 in
2080 3236 2122 3296 c
2158 3236 2457 3348 meum,
2489 3236 3008 3347 ,l,,,,,‘,,;.gi,,,
3039 3236 3189 3346 ,1";
3214 3236 3448 3347 ,;,;,,;;,;
3487 3236 3726 3349 ,;,,;,;,;,;

486 3348 623 3402 libro
649 3364 679 3400 v
711 3348 788 3402 De
837 3346 1127 3412 Trinitate,
1184 3346 1260 3401 ita
1316 3346 1507 3402 dicens
1539 3361 1554 3400 :
1598 3366 1615 3399 ι
1653 3346 1887 3416 Spiritus
1922 3360 2050 3399 vero

485 3448 710 3494 sanctus
730 3438 1028 3493 secundum
1059 3436 1133 3501 id,
1165 3435 1313 3506 quod
1339 3435 1607 3506 scriptum
1634 3447 1753 3501 est,
1787 3434 2049 3505 quoniam

490 3529 630 3584 Deus
655 3528 891 3599 Spiritus
921 3538 1026 3589 est,
1051 3536 1229 3599 potest
1260 3526 1482 3598 quidem
1517 3526 1898 3582 universaliter
1923 3525 2052 3587 diei,

487 3621 615 3689 quia
678 3631 731 3676 et
768 3620 925 3676 Pater
954 3619 1217 3690 Spiritus,
1268 3628 1323 3673 et
1359 3618 1528 3673 Filius
1571 3619 1831 3689 Spiritus.
1866 3617 2056 3687 itaque

487 3722 539 3767 et
592 3712 753 3767 Pater
796 3720 1047 3778 sanctus,
1100 3717 1155 3766 et
1204 3709 1380 3766 Filius
1424 3721 1673 3774 sanctus,
1722 3717 1777 3763 et
1820 3709 2057 3782 Spiritus

489 3813 735 3867 sanctus,
789 3805 1052 3873 quoniam
1107 3817 1253 3857 unus
1309 3800 1512 3857 Deus:
1568 3810 1623 3856 et
1670 3802 1856 3874 utique
1910 3801 2056 3858 Deus

488 3907 717 3952 sanctus
746 3904 848 3961 est,
883 3905 938 3951 et
981 3895 1123 3950 Deus
1161 3894 1403 3964 Spiritus
1434 3902 1538 3961 est,
1582 3904 1637 3948 et
1671 3902 1851 3964 potest
1879 3893 2060 3964 appel-

489 3990 590 4044 lari
623 3988 887 4054 Trinitas,
934 3997 985 4043 et
1020 3987 1259 4058 Spiritus
1296 3995 1545 4043 sanctus.
1598 3986 1704 4041 Sed
1742 3995 1923 4042 tamen
1968 3986 2058 4042 ille

492 4081 731 4151 Spiritus
755 4090 978 4137 sanctus
1010 4081 1103 4153 qui
1144 4096 1251 4137 non
1286 4079 1549 4145 Trinitas,
1579 4081 1671 4136 sed
1709 4080 1763 4135 in
1792 4079 2058 4143 Trinitate

492 4176 832 4247 intelligitur,
888 4176 939 4229 in
995 4192 1083 4243 eo,
1135 4176 1278 4245 quod
1317 4174 1536 4246 proprie
1584 4174 1784 4230 dicitur
1820 4173 2057 4244 Spiritus

490 4277 735 4331 sanctus,
790 4266 1015 4321 relative
1067 4266 1288 4330 dicitur,
1351 4281 1476 4322 cum
1524 4266 1591 4321 ad
1640 4264 1853 4321 Patrem
1907 4274 1960 4318 et
1990 4265 2057 4319 ad

489 4360 686 4414 Filium
736 4360 1000 4425 refertur;
1054 4360 1181 4429 quia
1232 4356 1471 4428 Spiritus
1522 4366 1767 4425 sanctus,
1799 4366 1855 4412 et
1883 4356 2059 4413 Patris

489 4463 543 4505 et
567 4451 690 4507 Filii
724 4452 961 4522 Spiritus
990 4461 1095 4505 est.
1134 4468 1151 4501 ι

2156 3384 2330 3438 neque
2362 3368 2605 3437 Spiritus
2636 3367 2934 3423 secundum
2969 3367 3310 3438 personalem
3341 3369 3723 3439 proprietatem

2155 3474 2336 3525 suam,
2388 3470 2655 3515 creaturae
2725 3459 2959 3528 Spiritus
3008 3462 3227 3535 dicitur,
3278 3460 3372 3517 sed
3424 3450 3723 3525 secundum

2154 3552 2299 3623 quod
2352 3551 2495 3605 Deus
2531 3568 2673 3607 unus
2707 3564 2791 3607 est
2833 3568 2957 3606 cum
2994 3552 3153 3607 Patre
3184 3563 3237 3608 et
3283 3552 3446 3619 Filio,
3473 3554 3723 3608 sanctiﬁ-

2155 3634 2312 3705 cans,
2368 3634 2535 3710 atque
2590 3641 2901 3709 inspirans,
2946 3652 3038 3696 aut
3089 3643 3249 3698 aliter
3295 3659 3389 3699 eos
3436 3645 3525 3713 qui
3576 3645 3725 3716 digni

2157 3742 2303 3798 sunt,
2335 3733 2586 3789 meliores
2621 3733 2878 3797 eﬂiciens,
2906 3744 3068 3804 atque
3100 3750 3195 3790 cos
3224 3735 3473 3792 visitans.

2230 3844 2519 3913 Praeterea,
2574 3848 2835 3917 quoniam
2888 3848 3183 3917 productor
3233 3864 3356 3904 cum
3413 3851 3484 3905 sit
3533 3866 3723 3905 eorum

2157 3956 2278 4006 qua:
2329 3940 2413 3993 Ad
2470 3940 2674 4012 aliquid
2726 3940 3010 4003 dicuntur,
3056 3941 3123 3997 ad
3180 3942 3467 4012 solumque
3515 3945 3727 3999 dicatur

2158 4031 2447 4102 Spiritum,
2508 4040 2727 4087 constat
2754 4042 2809 4087 et
2841 4031 3108 4103 Spiritum
3132 4048 3197 4087 ex
3235 4034 3322 4087 his
3358 4049 3477 4100 quae
3507 4032 3585 4086 Ad
3622 4034 3729 4085 ali-

2157 4128 2280 4196 quid
2311 4124 2573 4179 dicuntur
2613 4138 2757 4190 esse,
2790 4136 2954 4195 atque
2996 4125 3062 4178 ad
3096 4125 3273 4179 solum
3304 4114 3732 4194 referri‘produ-

2159 4228 2387 4273 ctorem.
2440 4216 2578 4272 Nam
2617 4218 2662 4274 si
2715 4218 2869 4287 quid,
2912 4216 3217 4272 secundum
3273 4216 3421 4286 quod
3462 4217 3729 4287 ejusmodi

2159 4319 2265 4374 cst,
2299 4309 2365 4363 ad
2398 4308 2544 4363 aliud
2581 4308 2781 4377 aliquid
2814 4306 3038 4372 dicitur,
3074 4316 3311 4375 constat,
3343 4310 3469 4376 quia
3504 4319 3558 4363 et
3598 4309 3731 4363 illud

2160 4401 2226 4455 ad
2258 4404 2515 4471 primum,
2538 4401 2695 4469 quasi
2724 4400 2787 4451 ad
2814 4397 3020 4469 aliquid
3047 4398 3268 4454 dicitur.
3292 4398 3348 4452 Si
3375 4399 3517 4453 enim
3542 4398 3729 4461 homo,

2163 4495 2463 4551 secundum
2489 4493 2633 4563 quod
2674 4492 2960 4558 Dominus,
3003 4491 3068 4545 ad
3118 4491 3285 4543 alium
3328 4491 3562 4557 aliquem
3592 4490 3732 4542 diei-

559 4565 873 4635 ἸΊιεο¹⁰8¹¹⁵
918 4566 1045 4619 item
1097 4563 1392 4634 Gregorius
1438 4563 1511 4618 3“
1556 4580 1571 4618 ε
1615 4581 1635 4617 ⁶
1674 4562 2053 4620 Ειιιθυείίοηίε
2083 4576 2131 4635 Β
2158 4600 2265 4649 tur,
2289 4596 2342 4640 et
2371 4587 2461 4640 ille
2484 4562 2551 4638 ut
2578 4598 2770 4639 servus
2794 4583 2864 4645 ad
2898 4598 3023 4636 eum
3059 4581 3346 4643 referetur,
3368 4582 3512 4649 quod
3539 4597 3734 4635 servus

490 4658 558 4712 ad
605 4657 927 4712 alterutrum
967 4656 1184 4710 habitus
1225 4652 1636 4721 diﬂerentiam;
1692 4655 2055 4711 dill‘ereutiam

489 4749 650 4804 etiam
681 4749 899 4804 illorum
942 4746 1361 4817 appellationem
1404 4748 1695 4813 olfecisse;
1730 4757 1788 4801 ut
1827 4748 2057 4810 scilicet,

489 4843 634 4899 alius
663 4843 885 4913 quidem
922 4840 1118 4909 Filius,
1155 4842 1295 4897 alius
1324 4840 1564 4914 Spiritus
1595 4850 1821 4898 sanctus
1851 4842 2060 4897 dicere-

490 4942 603 4989 tur'.
645 4951 665 4986 ι

563 5046 672 5101 Sed
716 5056 770 5101 ct
799 5044 1097 5117 Gregorius
1130 5043 1411 5117 Nyssenus
1454 5043 1530 5099 ait
1560 5060 1576 5099 :
1611 5062 1630 5097 ί
1666 5042 1840 5098 Filius
1880 5052 2056 5098 autem

426 5202 434 5215 ,
492 5149 722 5197 sanctus
749 5139 993 5210 Spiritus
1026 5153 1207 5209 neque
1236 5148 1341 5204 est,
1392 5153 1569 5208 neque
1612 5139 1832 5199 dicitur,
1886 5153 2061 5205 neque

489 5234 833 5290 convertitur
908 5232 1128 5288 habitus
1194 5233 1303 5287 ista
1382 5232 1796 5301 consequentia.
1862 5249 1881 5283 ο
1957 5230 2058 5285 Ubi

490 5343 623 5382 vero
673 5326 897 5382 habitus
946 5337 1068 5392 cst,
1134 5336 1190 5381 et
1250 5326 1572 5381 relationem
1640 5322 1885 5394 proiecto
1938 5338 2061 5379 esse

488 5428 728 5475 constat.

563 5534 721 5601 Quod
752 5534 798 5590 si
830 5534 952 5605 quis
980 5535 1294 5597 contendat,
1327 5550 1390 5589 ac
1418 5535 1655 5605 Spiritus
1684 5552 1882 5592 nomen
1919 5538 2061 5594 inter

491 5645 577 5696 ea,
662 5644 781 5699 qua:
834 5628 1113 5694 dicuntur,
1178 5629 1245 5680 ad
1309 5630 1533 5699 aliquid,
1581 5646 1783 5699 ponere
1836 5632 2059 5687 omnino

494 5728 724 5786 renuat,
760 5719 997 5789 primum
1031 5718 1275 5787 quidem,
1298 5728 1493 5786 praner
1516 5735 1732 5774 omnem
1771 5722 2057 5786 rationem,

1860 5816 2057 5869 Deinde

501 5907 662 5963 nobis
695 5920 802 5961 non
830 5906 895 5960 de
922 5906 1164 5972 nomine,
1187 5906 1279 5963 sed
1305 5905 1371 5961 de
1400 5920 1455 5961 re
1485 5908 1721 5961 maxime
1752 5920 2056 5961 sermonem

2161 4691 2217 4735 et
2266 4679 2524 4732 dominus
2568 4677 2631 4729 ad
2668 4677 2993 4730 alterutrum
3044 4688 3260 4742 semper
3304 4673 3530 4727 relativa
3584 4674 3727 4733 sint,

2163 4772 2265 4825 hoc
2315 4769 2495 4835 ipsum
2551 4776 2605 4822 et
2640 4768 2693 4822 in
2728 4768 3004 4830 omnibus,
3042 4781 3163 4837 qua:
3204 4766 3361 4834 quasi
3399 4766 3479 4817 Ad
3527 4764 3731 4831 aliquid

2160 4878 2219 4917 se
2247 4862 2312 4917 ad
2347 4862 2578 4916 invicem
2610 4860 2829 4915 habent.
2850 4858 3021 4927 Cujus
3046 4873 3178 4928 ergo
3208 4857 3469 4927 Spiritus,
3497 4856 3734 4925 Spiritus

2160 4964 2268 5019 est,
2311 4955 2401 5009 ille
2433 4954 2733 5025 productor
2763 4934 2873 5016 est,
2911 4951 3262 5021 Spit-ilusque
3307 4951 3375 5005 ad
3416 4965 3539 5003 eum
3576 4952 3733 5012 cujus

2160 5057 2246 5105 est
2282 5044 2539 5117 Spiritus,
2570 5047 2725 5115 quasi
2773 5045 2837 5099 ad
2886 5044 3273 5114 productorem
3310 5041 3565 5098 refertur.
3610 5042 3733 5112 Spi-

2160 5144 2302 5201 ritus
2320 5150 2517 5207 autem
2548 5140 2671 5195 Filii
2700 5139 2941 5209 Spiritus
2972 5138 3212 5200 dicitur;
3246 5136 3413 5191 Filius
3448 5150 3578 5204 ergo
3604 5120 3733 5202 pro-7

2162 5236 2358 5290 ductor
2391 5233 2566 5287 sancti
2607 5230 2848 5300 Spiritus
2877 5239 2980 5292 est,
3032 5239 3084 5285 et
3137 5229 3356 5297 spirans
3396 5228 3573 5296 ipsum
3624 5238 3730 5280 est.

2163 5326 2399 5394 Ideoque
2432 5337 2725 5392 processus
2749 5321 2902 5376 illius
2932 5321 3208 5391 spiraculo
3240 5318 3600 5381 assimilatur,
3623 5328 3675 5370 et
3701 5332 3731 5369 a

2163 5417 2421 5489 spirando
2446 5415 2828 5470 denominatus
2860 5425 2964 5479 est,
3008 5422 3062 5468 et
3098 5412 3432 5483 spiraculum
3474 5409 3594 5463 Filii
3634 5425 3732 5477 ap-

2163 5511 2396 5581 pellatus
2431 5518 2534 5563 est.
2566 5509 2641 5563 Ac
2669 5508 2823 5579 juxta
2860 5514 3110 5561 sanctum
3148 5503 3531 5575 Epiphaniam,
3565 5501 3735 5571 Spiri-

2165 5600 2257 5659 tus
2283 5619 2351 5660 ex
2385 5602 2543 5658 Patre
2573 5601 2743 5670 spirat
2774 5608 2826 5655 et
2859 5599 3020 5654 Filio.

2235 5717 2499 5771 Praeterea
2537 5714 2769 5769 Basilius
2799 5714 2852 5767 in
2898 5712 3048 5768 libris
3084 5718 3276 5765 contra
3323 5708 3648 5761 Eunomium
3680 5716 3735 5759 et

2170 5812 2354 5865 Arium
2388 5826 2402 5862 :
2433 5827 2449 5860 ι
2480 5808 2736 5879 Spiritus,
2768 5806 2965 5876 inquit,
2998 5805 3062 5857 ad
3100 5802 3309 5857 Patrem
3347 5800 3730 5870 proprietatem

2170 5903 2432 5973 itttcllign,
2453 5901 2577 5975 quia
2610 5899 2853 5971 procedit
2886 5915 2949 5955 ex
2978 5896 3161 5953 Patre.
3187 5894 3266 5949 Ad
3298 5892 3490 5949 Filium
3524 5899 3729 5953 autem,
