3984 6558
256 364 368 425 ·65

1392 361 1794 426 anvsnsus
1835 361 2152 424 caecos
2192 364 2338 429 LIB.
2385 366 2461 430 Π.
2825 327 2860 333 ”
3438 354 3547 433 ’co

298 478 559 547 quoniam
592 477 792 534 audio:
823 477 886 534 Si
912 481 1029 550 quis
1066 478 1321 535 Suirituni
1353 477 1551 537 Christi
1584 496 1685 534 non
1705 480 1895 545 habet,
1914 487 1955 543 Α
1986 476 2456 535 consubstantiale
2513 480 2689 551 ipsum
2764 479 3141 553 principaliter
3191 480 3542 555 signiﬁcant.

301 572 383 623 hic
408 586 515 624 non
539 580 619 625 est
657 571 771 640 ejus
798 574 845 626 ’.
884 590 905 625 ι

373 659 649 726 Quoniam
687 662 857 731 igitur
889 679 995 719 non
1023 666 1197 736 magis
1219 666 1473 737 proprius
1495 665 1692 733 Patris,
1716 679 1879 737 quam

304 751 426 806 Filii
450 762 538 807 est
576 753 818 824 Spiritus
843 768 1085 822 sanctus,
1104 758 1231 827 quia
1260 768 1343 814 est
1363 759 1549 814 eadem
1578 758 1877 815 substantia

302 840 489 897 Patris
558 852 616 898 et
666 846 815 909 Filii,
866 845 1105 917 Spiritus
1151 857 1331 905 autem
1389 849 1777 920 proprietatem
1811 847 1877 903 ad

301 933 521 990 Patrem
582 936 668 991 vir
718 946 946 994 sanctus
1000 941 1276 1011 intelligit,
1334 941 1462 1011 quia
1516 942 1762 1013 procedit
1811 956 1877 996 ex

302 1028 485 1089 Patre,
518 1032 841 1086 necessario
890 1043 943 1088 et
988 1034 1055 1089 ad
1109 1032 1308 1088 Filium
1356 1035 1663 1104 proprietas
1686 1034 1875 1090 eadem

298 1119 513 1174 ratione
566 1116 919 1194 intelligenda
967 1134 1076 1180 est.
1108 1125 1297 1196 ltaque
1327 1126 1474 1195 quod
1510 1127 1711 1183 dicitur
1753 1128 1880 1199 Spi-

297 1212 441 1265 ritus
480 1211 722 1278 Christi,
760 1225 815 1270 et
868 1217 1108 1287 Spiritus
1143 1216 1289 1282 Filii,
1327 1233 1392 1272 ex
1427 1233 1494 1274 eo
1532 1219 1706 1288 ipsum
1755 1235 1877 1276 esse

296 1307 692 1370 commendat;
746 1310 986 1365 maxime
1018 1324 1141 1364 cum
1173 1312 1259 1365 vir
1303 1323 1526 1367 sanctus
1558 1313 1877 1382 praemiserit

295 1397 515 1463 dicens,
544 1400 614 1453 ad
646 1401 1044 1457 ostendendum
1074 1402 1222 1457 illius
1250 1403 1635 1470 substantiam,
1670 1418 1737 1460 ex
1763 1401 1876 1460 Deo

292 1503 438 1550 esse,
460 1488 512 1541 id
538 1491 814 1554 sulIit-cre,
834 1496 980 1564 quod
1011 1496 1217 1552 dicitur
1239 1516 1254 1553 :
1274 1493 1509 1565 Spiritus
1530 1499 1639 1554 oris
1667 1500 1810 1554 illius
1828 1499 1870 1554 ³.

292 1579 399 1634 Sed
438 1591 495 1635 et
527 1583 585 1635 in
616 1584 872 1654 capitulis
915 1600 1131 1657 quoque
1162 1590 1229 1644 ad
1279 1591 1721 1660 Amphilochium
1753 1592 1827 1645 ait
1856 1610 1870 1648 :

300 1690 320 1723 ι
352 1672 543 1744 Neque
584 1675 715 1731 hinc
750 1680 925 1734 solum
958 1691 1165 1735 natura;
1198 1683 1517 1737 communio
1541 1684 1870 1746 ostenditur,

255 1764 386 1819 .sed
419 1767 555 1834 quia
605 1768 773 1821 etiam
802 1784 867 1823 ex
905 1770 1012 1823 Deo
1037 1786 1160 1826 esse
1190 1772 1415 1837 dicitur,
1454 1787 1562 1827 non
1591 1776 1748 1844 quasi
1778 1788 1873 1844 per

285 1858 479 1911 omnia
526 1872 594 1912 ex
654 1858 765 1913 Deo
810 1862 1086 1931 prodiens,
1135 1862 1230 1917 sed
1279 1862 1432 1927 quasi
1488 1863 1723 1934 Spiritus
1757 1866 1871 1920 oris

287 1948 481 2013 illius;
513 1950 643 2005 hinc
674 1951 897 2020 quidem
934 1954 1210 2009 insinuata
1238 1946 1589 2026 proprietate,
1613 1957 1871 2013 substan-

285 2043 374 2095 tia:
396 2057 534 2097 vero
560 2044 724 2100 modo
752 2046 1008 2101 ineﬂ‘abili
1037 2056 1276 2104 serVato.
1308 2051 1375 2106 Et
1402 2048 1639 2121 Spiritus
1666 2059 1871 2117 autem,

294 2134 507 2204 inquit,
540 2136 671 2192 Filii
702 2139 927 2207 dicitur,
967 2142 1124 2212 quasi
1169 2143 1422 2215 proprius
1455 2142 1529 2198 illi
1577 2158 1672 2214 per
1709 2151 1869 2199 uatu-

287 2239 432 2283 ram.
476 2245 498 2278 1

358 2316 440 2370 Ex
499 2318 587 2373 bis
647 2327 826 2375 autem
886 2330 1123 2389 constat,
1179 2322 1306 2394 quia
1345 2338 1577 2396 magnus
1633 2323 1869 2381 Basilius

284 2411 685 2479 proprietatem
733 2413 789 2467 in
820 2412 1022 2470 divinis
1056 2417 1308 2486 personis
1336 2416 1520 2473 dicere
1551 2417 1685 2483 vult,
1722 2416 1869 2472 velut

281 2517 476 2557 causa:
539 2505 891 2577 causalisque
936 2510 1298 2565 consortium.
1344 2509 1497 2577 Quod
1538 2510 1683 2566 enim
1714 2510 1866 2574 dicit,

282 2596 397 2650 tale
427 2606 508 2650 est
538 2615 552 2651 :
587 2595 724 2651 Cum
753 2599 1011 2657 audimus
1043 2601 1303 2673 Spiritum
1335 2612 1579 2659 sanctum
1610 2600 1662 2658 et
1693 2601 1869 2674 Spiri-

286 2697 407 2740 tum
464 2687 578 2742 oris
624 2688 745 2753 Dei,
797 2689 1149 2764 intelligimus
1198 2693 1375 2763 ipsum
1446 2694 1770 2749 naturaliter
1800 2708 1867 2749 ex

288 2779 403 2833 Deo
437 2794 591 2834 esse.
617 2779 730 2836 lloc
758 2782 842 2838 est
884 2784 1031 2838 enim
1067 2786 1408 2856 proprietas;
1456 2790 1677 2840 modum
1711 2800 1861 2851 vero,

284 2886 400 2938 quo
423 2887 490 2925 ex
522 2864 630 2925 Deo
654 2881 758 2935 est,
787 2874 893 2939 hoc
914 2886 995 2929 est
1015 2876 1308 2945 procedere
1327 2877 1503 2945 ipsum
1522 2872 1861 2947 ignoramus.

285 2962 405 3018 Etsi
446 2965 593 3017 enim
630 2965 800 3019 alium
832 2966 1053 3035 quidem
1086 2968 1255 3040 gigni,
1299 2969 1467 3022 alium
1500 2984 1630 3024 vero
1673 2986 1866 3040 proce-

281 3053 445 3119 dere,
494 3068 663 3126 atque
698 3058 865 3112 alium
895 3060 1115 3129 quidem
1161 3061 1277 3115 sine
1320 3062 1498 3116 medio
1542 3078 1605 3116 ex
1649 3064 1859 3134 primo,

1981 569 2140 627 Nunc
2173 586 2307 626 vero
2334 572 2648 643 hujusmodi
2672 573 3058 643 proprietatem
3082 574 3547 630 consubstantiale

1980 664 2253 732 sequitur.
2291 662 2443 719 Sicut
2466 672 2520 719 et
2552 664 2743 731 Filius,
2777 681 2974 720 nomen
3000 667 3299 722 secundum
3332 681 3392 722 se
3416 669 3543 736 qui-

1978 756 2103 811 dem
2162 771 2481 825 processum
2534 757 2767 826 alicujus
2817 772 2882 813 ex
2936 759 3124 830 aliquo
3159 758 3449 828 significat,
3486 760 3539 814 in

1978 847 2169 901 eadem
2223 849 2425 916 specie,
2464 859 2864 919 consequenter
2898 866 3027 905 vero
3074 851 3542 907 consubstantiale

1976 940 2168 997 etiam.
2196 940 2351 1008 Quod
2386 942 2532 995 enim
2569 942 2638 996 ita
2675 941 2959 1011 processit,
3012 942 3331 999 necessario
3374 944 3539 998 etiam

1978 1034 2451 1091 consubstantiale
2508 1046 2612 1091 est.
2652 1016 2768 1090 Non
2816 1035 2979 1104 igitur
3029 1034 3266 1106 Spiritus
3318 1045 3542 1091 sanctus

1976 1128 2235 1198 proprius
2290 1126 2413 1183 Filii
2464 1127 2773 1183 secundum
2812 1138 3063 1183 naturam
3098 1128 3389 1191 diceretur,
3434 1128 3540 1183 nisi

1975 1231 2076 1286 per
2104 1218 2283 1287 ipsum
2324 1219 2627 1289 procedens
2653 1218 3000 1281 naturaliter,
3033 1206 3340 1295 per-ipsum
3373 1216 3541 1271 etiam

1976 1310 2343 1364 substantiam
2378 1310 2618 1367 haberet.
2649 1309 2804 1377 Quod
2831 1311 2977 1364 enim
3005 1326 3070 1364 ex
3100 1296 3303 1379 aliquo,
3330 1317 3423 1363 aut
3448 1325 3543 1380 per

1974 1402 2198 1471 aliquod
2242 1404 2544 1457 secundum
2593 1393 2935 1472 tequ'ivocum
2972 1417 3287 1471 processum
3338 1401 3541 1470 prodit,

1974 1507 2192 1562 unaque
2224 1507 2291 1548 ex
2327 1493 2419 1547 illo
2452 1508 2577 1548 esse
2609 1502 2972 1558 monstratur,
3009 1508 3037 1545 a
3069 1506 3180 1562 quo
3212 1500 3263 1546 et
3298 1492 3543 1570 proprie-

1976 1594 2058 1638 tas
2083 1584 2316 1639 maxime
2337 1584 2536 1649 elucet,
2560 1594 2613 1639 et
2637 1584 3106 1639 consubstantiale
3121 1592 3539 1653 consequenter,

1972 1674 2332 1747 ejusdemque
2358 1677 2557 1749 speciei
2588 1676 3014 1731 demonstratur.

2046 1768 2255 1823 idcirco
2280 1784 2510 1840 magnus
2539 1783 2758 1839 quoque
2809 1767 3044 1823 Basilius
3072 1766 3201 1821 hinc
3235 1766 3539 1836 proprieta-

1977 1870 2083 1915 tem
2113 1860 2380 1916 insinuari
2411 1860 2572 1924 dixit,
2595 1859 2724 1931 quia
2753 1874 2817 1913 ex
2849 1858 2957 1911 Deo
2983 1870 3104 1911 esse
3140 1856 3355 1939 dicitur.
3382 1854 3536 1923 Quod

1976 1964 2155 2008 autem
2190 1940 2256 2007 ex
2300 1940 2414 2008 Deo
2451 1968 2571 2008 esse
2617 1950 2840 2017 dicitur,
2890 1966 3111 2006 causam
3144 1951 3399 2014 ostendit,
3430 1965 3536 2020 qua

1973 2047 2309 2114 praecedente
2336 2043 2809 2101 consubstantiale
2832 2043 2994 2099 etiam
3030 2043 3326 2102 secundum
3350 2041 3541 2110 hujus-

1973 2137 2119 2191 modi
2173 2136 2561 2207 proprietatem
2626 2136 2681 2190 in
2735 2136 2937 2191 divinis
2986 2136 3236 2205 personis
3267 2137 3536 2203 sequitur.

1952 2227 2238 2295 Quoniam
2265 2229 2434 2299 igitur
2456 2226 2692 2298 Spiritus
2716 2237 2939 2282 sanctus
2961 2227 3259 2282 secundum
3281 2236 3533 2282 naturam

1968 2306 2224 2392 proprius
2258 2331 2342 2377 est
2386 2320 2549 2388 Fiiio,
2581 2327 2798 2375 constat
2829 2319 2959 2389 quia
2993 2319 3061 2374 ad
3089 2319 3242 2373 illum
3268 2318 3429 2373 veluti
3465 2318 3533 2371 ad

1967 2426 2193 2468 causam
2242 2410 2498 2468 refertur.
2532 2411 2688 2468 Unde
2718 2410 2884 2467 etiam
2935 2409 3420 2466 consubstantialis
3454 2409 3536 2465 illi

1964 2512 2072 2561 εει.

2038 2620 2267 2693 Magnus
2296 2620 2425 2675 item
2446 2618 2676 2676 Basilius
2700 2619 2754 2674 in
2785 2617 3137 2688 Expositione
3163 2632 3311 2673 xxxii
3340 2617 3535 2688 psalmi

1965 2712 2043 2768 ait
2102 2731 2117 2768 :
2200 2732 2218 2765 ι
2261 2711 2415 2766 Sicut
2475 2711 2639 2782 igitur
2720 2719 2937 2766 creator
2996 2707 3232 2763 Verbum
3299 2706 3537 2763 ﬁrmavit

1963 2805 2134 2860 ccelos
2156 2843 2171 2869 ,
2209 2804 2281 2859 ita
2314 2811 2365 2858 et
2390 2801 2650 2872 Spiritus,
2678 2802 2769 2872 qui
2808 2817 2871 2856 cx
2902 2800 3012 2855 Deo
3041 2808 3143 2864 est,
3178 2800 3272 2870 qui
3309 2815 3340 2854 a
3369 2801 3534 2854 Patre

1963 2893 2229 2963 procedit,
2266 2892 2367 2947 hoc
2396 2900 2499 2955 est,
2546 2895 2641 2961 qui
2691 2906 2755 2945 ex
2795 2905 2891 2945 ore
2939 2891 3080 2959 ejus,
3114 2904 3182 2944 ne
3236 2889 3367 2960 quid
3404 2905 3529 2943 eum

1959 2986 2294 3041 exteriorum
2345 3000 2489 3050 esse,
2535 3000 2711 3054 neque
2741 2992 3142 3047 creaturarum,
3187 2983 3472 3038 arbitreris
3513 3002 3528 3039 :

1967 3077 2060 3133 sed
2090 3086 2148 3132 ut
2178 3078 2322 3146 quod
2351 3092 2415 3132 ex
2446 3075 2561 3131 Deo
2585 3076 2785 3130 habeat
2812 3073 3204 3138 substantiam,
3236 3073 3533 3145 gloriﬁccs.

282 3146 458 3203 alium
488 3164 623 3205 vero
652 3166 749 3221 per
778 3168 928 3219 eum.
961 3155 1052 3222 qui
1087 3153 1206 3207 sine
1243 3153 1422 3208 medio
1451 3169 1517 3209 ex
1552 3154 1727 3225 primo
1756 3165 1859 3222 est.
1889 3146 1935 3207 α
1969 3168 2171 3225 Omnes
2204 3168 2347 3223 enim
2382 3167 2435 3221 in
2470 3182 2533 3223 eo
2566 3167 2799 3222 virtutes
2828 3166 2990 3221 simul
3026 3164 3278 3220 contulit.
3311 3183 3330 3217 ι

285 3241 661 3296 substantiam
711 3244 911 3299 habere
953 3246 1254 3311 credimus,
1296 3246 1651 3303 nihilominus
1683 3255 1861 3303 tamen

282 3332 511 3386 modum
546 3334 887 3404 ignoramus.
936 3337 1051 3393 Hoc
1080 3354 1207 3410 ergo
1235 3340 1472 3411 cognito,
1518 3341 1644 3411 quia
1666 3326 1763 3396 ἐει
1794 3357 1862 3396 ex

287 3423 401 3479 Dite
455 3429 809 3495 naturaliter,
862 3442 1259 3501 consequenter
1289 3434 1566 3504 quomodo
1613 3434 1684 3491 sit
1713 3450 1862 3505 quas-

281 3528 448 3570 l’lilll'.

353 3610 548 3679 Itaque
587 3613 901 3682 proprietas
938 3616 1052 3670 haec
1082 3617 1455 3687 principaliter
1487 3617 1707 3689 quidem
1733 3634 1863 3675 cau-

280 3720 402 3760 sam
467 3718 524 3762 et
574 3715 794 3764 causale
843 3712 1133 3782 signiﬁcat.
1183 3712 1406 3781 Deinde,
1446 3725 1859 3786 consequenter,

282 3800 767 3857 consubstantiale
796 3804 987 3857 etiam.
1014 3805 1190 3875 Atque
1221 3805 1385 3875 hujus
1434 3807 1697 3862 iudicium
1731 3818 1813 3863 est
1843 3826 1858 3865 :

279 3888 526 3957 primum
590 3892 859 3960 quidem,
933 3896 1061 3964 quia
1119 3882 1590 3952 consubstantiale
1651 3898 1859 3952 nullam

284 3981 494 4036 indicat
523 3982 939 4068 disereticqtem.
973 3987 1286 4056 Proprietas
1312 4003 1443 4043 vero
1493 3988 1861 4044 dill'erentiam

283 4077 793 4147 diseretiunemque
841 4082 1210 4135 commendat.
1254 4079 1483 4149 Deinde,
1531 4082 1677 4151 quod
1726 4096 1861 4136 con-

283 4169 676 4224 substantiaiia
726 4172 947 4242 quidem
995 4173 1252 4241 invicem,
1283 4175 1582 4229 secundum
1615 4177 1859 4230 eamdem

281 4260 582 4315 verborum
626 4263 915 4328 rationem,
967 4265 1173 4335 absque
1223 4264 1333 4320 ulla
1388 4265 1695 4336 adjectione
1731 4280 1862 4321 con-

282 4361 617 4421 vertuntur;
653 4355 814 4410 Pater
838 4356 1038 4426 quippe
1068 4357 1552 4414 consubstantialis
1590 4370 1671 4415 est
1696 4358 1854 4424 Filio,

2036 3261 2103 3316 Et
2131 3270 2255 3331 post
2283 3275 2453 3332 pauca
2486 3279 2500 3317 :
2534 3279 2552 3313 ‹
2589 3259 2699 3316 Hoc
2739 3259 2957 3330 quidem
3008 3259 3063 3313 in
3120 3258 3241 3313 loco
3291 3256 3530 3328 Spiritus

1965 3356 2079 3410 oris
2112 3355 2231 3424 ejus
2277 3354 2406 3420 dici,
2454 3362 2511 3408 ut
2557 3352 2893 3424 intelligatur
2935 3351 3204 3418 Salvator,
3244 3352 3532 3423 sanctissi-

1958 3428 2196 3517 ‘musque
2256 3445 2374 3514 ejus
2437 3445 2692 3516 Spiritus.
2776 3442 2876 3499 Ubi
2949 3452 3130 3498 autem
3191 3442 3533 3498 invenietur?

1962 3538 2223 3608 Apostolo
2266 3538 2476 3593 scilicet
2524 3536 2738 3592 dicente
2784 3536 2850 3590 de
2893 3534 3083 3590 Filio:
3120 3532 3318 3589 Ferens
3352 3537 3532 3589 omnia

1972 3628 2139 3683 Verbo
2184 3630 2393 3683 virtutis
2441 3645 2554 3684 sua:
2582 3628 2623 3683 ⁸.
2680 3626 2951 3701 Virtutem
3025 3638 3078 3682 et
3119 3628 3353 3682 Verbum
3406 3627 3528 3683 Filii

1962 3722 2226 3793 Spiritum
2282 3732 2531 3778 sanctum
2584 3721 2784 3793 posuit.
2828 3740 2847 3774 ι
2906 3722 2982 3777 Ac
3040 3737 3305 3776 rursum:
3360 3721 3528 3787 Quem

1966 3816 2223 3871 Dominus
2258 3815 2414 3871 Iesus
2467 3816 2749 3885 inter/iciet
2787 3815 2994 3889 Spiritu
3038 3816 3144 3870 oris
3194 3817 3298 3881 sui,
3330 3808 3378 3871 et
3430 3818 3525 3870 de-

1958 3916 2127 3964 struet
2182 3908 2543 3963 illustratioue
2585 3908 2838 3963 adventus
2885 3910 2967 3962 sui
2990 3908 3035 3963 '.
3084 3906 3162 3962 Ex
3207 3924 3315 3979 quo
3358 3908 3523 3964 etiam

1959 4007 2197 4065 constat,
2225 4001 2453 4055 stultum
2491 4008 2546 4054 et
2580 4001 3013 4055 irrationabilem
3057 4000 3225 4055 fuisse
3255 4015 3525 4070 quorum-

1960 4094 2085 4148 dam
2118 4093 2537 4163 malignitatem,
2561 4094 2654 4162 qui
2683 4108 2748 4147 ex
2776 4094 2877 4148 hoc
2897 4093 3137 4162 Apostoli
3164 4093 3314 4149 dicto
3343 4093 3525 4159 Iesus,

1958 4184 2301 4249 deleverunt,
2331 4200 2399 4239 ne
2435 4184 2502 4239 de
2527 4182 2666 4238 Filio
2704 4183 2795 4239 Dei
2840 4184 2941 4239 hoc
2972 4185 3325 4255 intelligatur.
3360 4184 3437 4239 Ex
3461 4201 3528 4241 eo

1956 4290 2128 4341 enim,
2171 4273 2316 4345 quod
2372 4274 2576 4328 illatum
2631 4282 2733 4340 est,
2768 4274 3147 4339 illustratiane,
3191 4284 3521 4344 arguuntur.

1956 4366 2164 4423 Futura
2235 4366 2378 4421 enim
2445 4366 2714 4436 apparitio
2779 4364 2993 4421 Domini
3061 4365 3189 4421 Jesu
3257 4366 3522 4432 creditur,

283 4455 341 4499 ει
396 4443 571 4500 Filius
632 4450 1117 4505 CODSUbSlanlialiS
1170 4461 1254 4505 εει
1302 4450 1471 4507 Patrio
1498 4442 1680 4517 ‘Quod
1723 4468 1856 4509 sane
1888 4488 1931 4544 ι)
1960 4462 2233 4531 simulque
2278 4460 2333 4514 in
2365 4459 2757 4515 vetustissimis
2800 4460 3200 4529 exemplaribus
3236 4459 3525 4530 integritas

284 4536 759 4592 consubstantiale
796 4538 881 4593 hic
924 4541 1087 4594 etiam
1127 4540 1511 4596 discretionem
1542 4557 1853 4612 praesuppo-

287 4628 389 4689 nit,
414 4642 476 4680 ex
511 4627 828 4684 nominibus
854 4627 1035 4684 Patris
1090 4646 1152 4686 ac
1177 4630 1297 4686 Filii
1327 4634 1462 4689 satis
1489 4646 1857 4705 apparentem.

288 4716 513 4787 Propria
544 4734 677 4774 vero
707 4736 813 4774 non
868 4722 1208 4792 simpliciter,
1243 4724 1337 4780 sed
1370 4728 1858 4797 cum-adjectione;

289 4823 467 4877 neque
493 4810 639 4862 enim
681 4812 865 4864 dicere
895 4826 1209 4878 possumus,
1241 4814 1399 4870 Pater
1429 4817 1679 4887 proprius
1722 4816 1861 4872 Filio

286 4907 340 4951 et
376 4899 547 4955 Filius
568 4902 835 4971 proprius
863 4900 1151 4973 Patri,jsed
1187 4907 1256 4960 ita
1282 4907 1501 4978 proprie
1526 4909 1813 4963 reddemus
1841 4926 1855 4964 :

291 4988 463 5045 Filius
525 4994 743 5061 quidem
811 4996 1064 5064 proprius
1118 5007 1199 5051 est
1254 4996 1399 5052 Patri
1434 4998 1642 5063 Filius;
1698 4999 1858 5055 Pater
1912 4996 1923 4999 ”

291 5095 471 5137 autem
524 5087 778 5154 proprius
829 5100 912 5143 est
949 5088 1090 5143 Filio
1128 5090 1310 5146 Pater.
1362 5091 1456 5145 Illo
1504 5093 1650 5147 enim
1701 5092 1859 5149 modo

293 5175 607 5243 indiscrete,
636 5190 693 5231 et
749 5180 866 5234 sine
912 5182 1173 5237 relatione
1212 5183 1277 5237 ad
1320 5183 1547 5239 invicem
1580 5185 1853 5240 reddetur.

215 5258 225 5285 ‘
292 5266 383 5321 Sic
420 5278 602 5323 autem
637 5272 1023 5341 proprietatem
1055 5274 1174 5328 Filii
1208 5275 1273 5331 ad
1303 5274 1518 5330 Patrem
1554 5280 1853 5333 secundum

290 5374 451 5428 anm
483 5376 545 5415 ex
571 5363 666 5417 illo
700 5368 935 5431 genitus,
961 5365 1249 5438 Patrisque
1299 5370 1365 5423 ad
1411 5368 1631 5437 Filium,
1662 5386 1858 5427 secun-

289 5450 418 5503 dum
450 5468 610 5520 quam
643 5454 821 5523 ipsius
849 5453 1007 5511 Pater
1036 5468 1140 5525 est,
1171 5460 1466 5516 reddimus.

359 5546 652 5611 Oportebat
682 5547 849 5615 igitur
879 5549 1126 5604 similiter
1170 5554 1408 5607 converti
1439 5556 1851 5624 proprietatem,

291 5633 428 5686 sicut
485 5636 958 5693 consubstantiale
1015 5652 1098 5695 est
1147 5661 1160 5697 :
1229 5644 1493 5712 siquidem
1552 5650 1854 5716 pmprietas

398 5815 417 5844 ⁸
452 5814 609 5870 Rem.
648 5834 766 5885 nit,
802 5820 854 5875 9.

1962 4553 2279 4624 apostolica:
2331 4551 2617 4607 sententia:
2672 4539 2995 4606 ostenditur.
3054 4550 3171 4605 Hoc
3229 4560 3407 4606 tamen
3468 4551 3523 4606 in

1957 4646 2080 4700 loco
2125 4654 2349 4699 sanctus
2383 4643 2464 4696 vir
2510 4658 2571 4697 os
2624 4641 2717 4696 Dei
2749 4640 2944 4697 Filium
2997 4658 3120 4697 esse
3170 4644 3278 4710 ait;
3312 4642 3526 4698 dixerat

1958 4736 2103 4790 enim
2164 4735 2416 4804 superius
2465 4732 2734 4803 Spiritum
2797 4750 2863 4789 ex
2926 4734 3016 4789 Dei
3070 4749 3165 4788 ore
3198 4749 3341 4799 esse,
3377 4737 3523 4806 quod

1958 4825 2101 4880 idem
2132 4824 2440 4895 significare
2474 4824 2613 4878 dixit
2656 4842 2669 4877 :
2705 4824 2809 4889 Qui
2838 4841 2870 4877 a
2902 4824 3065 4878 Patre
3096 4824 3356 4891 procedit.

2032 4918 2267 4972 Sanctus
2309 4925 2489 4970 autem
2520 4916 2855 4972 Athanasius
2895 4917 3268 4991 Antiochenus
3311 4917 3526 4986 episco~

1959 5025 2084 5077 pus,
2136 5010 2189 5062 in
2242 5024 2309 5062 eo
2369 5009 2528 5071 libro,
2581 5024 2739 5077 quem
2797 5009 3170 5080 praediximus,
3207 5030 3223 5061 ι
3263 5005 3523 5073 Verbum,

1962 5102 2159 5169 inquit,
2217 5100 2334 5154 sine
2385 5099 2589 5169 Spiritu
2642 5117 2748 5154 non
2804 5111 2925 5169 est,
2981 5103 3122 5157 sicut
3176 5121 3354 5175 neque
3407 5107 3526 5159 sine

1967 5191 2140 5248 Verbo
2198 5210 2371 5247 meus.
2430 5191 2658 5247 Mentem
2720 5209 2848 5248 vero
2901 5210 3026 5250 esse
3088 5194 3301 5250 Patrem
3366 5196 3526 5251 Vi'l‘iii

1961 5286 2216 5341 dicimus.
2248 5284 2418 5349 Mens,
2452 5286 2502 5339 in
2535 5301 2640 5355 qua
2674 5282 2930 5353 Verbum,
2969 5303 3092 5341 cum
3122 5305 3229 5359 qua
3265 5287 3524 5358 Spiritus,

1965 5387 2215 5434 sanctum
2256 5375 2518 5447 Spiritum
2562 5377 2676 5432 oris
2708 5378 2797 5433 Dei
2827 5378 3037 5448 dicens,
3071 5395 3133 5435 os
3164 5381 3311 5435 enim
3346 5381 3527 5437 Patris

1961 5464 2156 5521 Filius.
2193 5485 2214 5519 ι

2038 5556 2095 5613 Si
2129 5559 2295 5629 igitur
2360 5558 2594 5630 Spiritus
2624 5560 2841 5631 quidem
2889 5576 2955 5615 ex
3003 5574 3098 5615 ore
3146 5559 3237 5616 Dci
3270 5569 3378 5624 est,
3426 5561 3530 5615 hoc

1963 5659 2143 5706 autem
2193 5651 2335 5706 idem
2385 5663 2489 5717 est,
2524 5653 2668 5722 quod
2724 5654 2812 5724 qui
2860 5669 2893 5707 a
2945 5651 3104 5708 Patre
3150 5655 3410 5725 procedit;
3466 5670 3529 5709 es

972 5820 1159 5876 ’1’:ai.
1205 5839 1373 5893 xxxtt,
1409 5826 1461 5881 6.
1537 5829 1558 5860 ⁸
1593 5826 1754 5885 llebr.
1783 5847 1820 5896 i,
1855 5830 1907 5885 '5.
1986 5832 2005 5863 ⁵
2037 5832 2075 5888 ll
2110 5833 2300 5890 Thess.
2332 5851 2392 5900 li,
2427 5836 2477 5889 8.
