  <div class='ocr_page' id='page_1' title='image "/cluster/home/n/w/nwhite01/storage/ocr_20150623/152/hvd.32044019208404/043.png"; bbox 0 0 4010 6602; ppageno 0'>
   <div class='ocr_carea' id='block_1_1' title="bbox 441 361 3698 430">
    <p class='ocr_par' dir='ltr' id='par_1_1' title="bbox 441 361 3698 430">
     <span class='ocr_line' id='line_1_1' title="bbox 441 361 3698 430; baseline 0.002 -9"><span class='ocrx_word' id='word_1_1' title='bbox 441 361 516 421; x_wconf 77' lang='lat'><strong>67</strong></span> <span class='ocrx_word' id='word_1_2' title='bbox 1715 363 1816 422; x_wconf 77' lang='grc' dir='ltr'><strong>ΜΛ</strong></span> <span class='ocrx_word' id='word_1_3' title='bbox 1826 362 2108 423; x_wconf 68' lang='lat' dir='ltr'><strong>N&#39;UELI’S</strong></span> <span class='ocrx_word' id='word_1_4' title='bbox 2143 362 2443 424; x_wconf 77' lang='lat' dir='ltr'><strong>CALEC/E</strong></span> <span class='ocrx_word' id='word_1_5' title='bbox 3052 391 3055 395; x_wconf 93' lang='grc'><strong>·</strong></span> <span class='ocrx_word' id='word_1_6' title='bbox 3625 370 3698 430; x_wconf 68' lang='lat' dir='ltr'><strong>i3</strong></span> 
     </span>
    </p>
   </div>
   <div class='ocr_carea' id='block_1_2' title="bbox 446 473 3692 545">
    <p class='ocr_par' dir='ltr' id='par_1_2' title="bbox 446 473 3692 545">
     <span class='ocr_line' id='line_1_2' title="bbox 446 473 3692 545; baseline 0.002 -17"><span class='ocrx_word' id='word_1_7' title='bbox 446 481 629 529; x_wconf 84' lang='lat' dir='ltr'><strong>autem</strong></span> <span class='ocrx_word' id='word_1_8' title='bbox 677 473 852 530; x_wconf 98' lang='lat' dir='ltr'><strong>Patris</strong></span> <span class='ocrx_word' id='word_1_9' title='bbox 885 474 1054 531; x_wconf 84' lang='lat' dir='ltr'><strong>Filius</strong></span> <span class='ocrx_word' id='word_1_10' title='bbox 1086 482 1203 541; x_wconf 84' lang='lat' dir='ltr'><strong>est;</strong></span> <span class='ocrx_word' id='word_1_11' title='bbox 1247 484 1299 529; x_wconf 91' lang='lat' dir='ltr'><strong>et</strong></span> <span class='ocrx_word' id='word_1_12' title='bbox 1329 475 1473 545; x_wconf 87' lang='lat' dir='ltr'><strong>quod</strong></span> <span class='ocrx_word' id='word_1_13' title='bbox 1511 475 1710 530; x_wconf 86' lang='lat' dir='ltr'><strong>dicitur</strong></span> <span class='ocrx_word' id='word_1_14' title='bbox 1749 492 1812 529; x_wconf 77' lang='lat' dir='ltr'><strong>ex</strong></span> <span class='ocrx_word' id='word_1_15' title='bbox 1856 475 2014 530; x_wconf 90' lang='lat' dir='ltr'><strong>Patre</strong></span> <span class='ocrx_word' id='word_1_16' title='bbox 2041 473 2177 532; x_wconf 66' lang='lat' dir='ltr'><strong>Aes</strong></span> <span class='ocrx_word' id='word_1_17' title='bbox 2214 476 2358 538; x_wconf 87' lang='lat' dir='ltr'><strong>tiliis,</strong></span> <span class='ocrx_word' id='word_1_18' title='bbox 2423 486 2480 530; x_wconf 91' lang='lat' dir='ltr'><strong>ut</strong></span> <span class='ocrx_word' id='word_1_19' title='bbox 2533 476 2587 530; x_wconf 82' lang='lat' dir='ltr'><strong>lit</strong></span> <span class='ocrx_word' id='word_1_20' title='bbox 2641 477 2693 530; x_wconf 93' lang='lat' dir='ltr'><strong>in</strong></span> <span class='ocrx_word' id='word_1_21' title='bbox 2751 477 3087 544; x_wconf 84' lang='lat' dir='ltr'><strong>hominibus,</strong></span> <span class='ocrx_word' id='word_1_22' title='bbox 3145 480 3346 536; x_wconf 74' lang='lat' dir='ltr'><strong>habere</strong></span> <span class='ocrx_word' id='word_1_23' title='bbox 3401 484 3627 536; x_wconf 79' lang='lat' dir='ltr'><strong>credita.</strong></span> <span class='ocrx_word' id='word_1_24' title='bbox 3671 499 3692 528; x_wconf 75' lang='grc' dir='ltr'><strong>ι</strong></span> 
     </span>
    </p>
   </div>
   <div class='ocr_carea' id='block_1_3' title="bbox 450 557 2016 636">
    <p class='ocr_par' dir='ltr' id='par_1_3' title="bbox 450 557 2016 636">
     <span class='ocr_line' id='line_1_3' title="bbox 450 557 2016 636; baseline 0.001 -18"><span class='ocrx_word' id='word_1_25' title='bbox 450 567 766 635; x_wconf 82' lang='lat' dir='ltr'><strong>procedere,</strong></span> <span class='ocrx_word' id='word_1_26' title='bbox 798 569 943 622; x_wconf 87' lang='lat' dir='ltr'><strong>illius</strong></span> <span class='ocrx_word' id='word_1_27' title='bbox 991 569 1352 623; x_wconf 74' lang='lat' dir='ltr'><strong>substantiam</strong></span> <span class='ocrx_word' id='word_1_28' title='bbox 1400 567 1672 636; x_wconf 76' lang='lat' dir='ltr'><strong>signiticet</strong></span> <span class='ocrx_word' id='word_1_29' title='bbox 1706 585 1719 621; x_wconf 89' lang='lat'><strong>:</strong></span> <span class='ocrx_word' id='word_1_30' title='bbox 1773 557 1873 622; x_wconf 81' lang='lat' dir='ltr'><strong>cur</strong></span> <span class='ocrx_word' id='word_1_31' title='bbox 1909 581 2016 620; x_wconf 82' lang='lat' dir='ltr'><strong>non</strong></span> 
     </span>
    </p>
   </div>
   <div class='ocr_carea' id='block_1_4' title="bbox 449 657 2019 728">
    <p class='ocr_par' dir='ltr' id='par_1_4' title="bbox 449 657 2019 728">
     <span class='ocr_line' id='line_1_4' title="bbox 449 657 2019 728; baseline -0.001 -16"><span class='ocrx_word' id='word_1_32' title='bbox 449 658 504 712; x_wconf 91' lang='lat' dir='ltr'><strong>id</strong></span> <span class='ocrx_word' id='word_1_33' title='bbox 535 674 778 727; x_wconf 83' lang='lat' dir='ltr'><strong>quoque,</strong></span> <span class='ocrx_word' id='word_1_34' title='bbox 814 659 958 728; x_wconf 87' lang='lat' dir='ltr'><strong>quod</strong></span> <span class='ocrx_word' id='word_1_35' title='bbox 993 659 1199 712; x_wconf 88' lang='lat' dir='ltr'><strong>dicitur</strong></span> <span class='ocrx_word' id='word_1_36' title='bbox 1230 658 1348 713; x_wconf 85' lang='lat' dir='ltr'><strong>Filii</strong></span> <span class='ocrx_word' id='word_1_37' title='bbox 1390 657 1648 726; x_wconf 77' lang='lat' dir='ltr'><strong>Spiritus,</strong></span> <span class='ocrx_word' id='word_1_38' title='bbox 1687 667 1739 711; x_wconf 86' lang='lat' dir='ltr'><strong>et</strong></span> <span class='ocrx_word' id='word_1_39' title='bbox 1781 657 2019 724; x_wconf 78' lang='lat' dir='ltr'><strong>Spiritus</strong></span> 
     </span>
    </p>
   </div>
   <div class='ocr_carea' id='block_1_5' title="bbox 449 749 2016 818">
    <p class='ocr_par' dir='ltr' id='par_1_5' title="bbox 449 749 2016 818">
     <span class='ocr_line' id='line_1_5' title="bbox 449 749 2016 818; baseline -0.001 -16"><span class='ocrx_word' id='word_1_40' title='bbox 449 750 562 803; x_wconf 84' lang='lat' dir='ltr'><strong>oris</strong></span> <span class='ocrx_word' id='word_1_41' title='bbox 595 749 737 818; x_wconf 84' lang='lat' dir='ltr'><strong>ejus,</strong></span> <span class='ocrx_word' id='word_1_42' title='bbox 765 750 1135 804; x_wconf 76' lang='lat' dir='ltr'><strong>indifferenter</strong></span> <span class='ocrx_word' id='word_1_43' title='bbox 1160 749 1304 804; x_wconf 92' lang='lat' dir='ltr'><strong>illius</strong></span> <span class='ocrx_word' id='word_1_44' title='bbox 1333 750 1690 804; x_wconf 89' lang='lat' dir='ltr'><strong>substantiam</strong></span> <span class='ocrx_word' id='word_1_45' title='bbox 1723 749 2016 818; x_wconf 82' lang='lat' dir='ltr'><strong>signiticet,</strong></span> 
     </span>
    </p>
   </div>
   <div class='ocr_carea' id='block_1_6' title="bbox 449 839 2021 911">
    <p class='ocr_par' dir='ltr' id='par_1_6' title="bbox 449 839 2021 911">
     <span class='ocr_line' id='line_1_6' title="bbox 449 839 2021 911; baseline -0.002 -16"><span class='ocrx_word' id='word_1_46' title='bbox 449 841 749 896; x_wconf 79' lang='lat' dir='ltr'><strong>secundum</strong></span> <span class='ocrx_word' id='word_1_47' title='bbox 787 855 948 910; x_wconf 87' lang='lat' dir='ltr'><strong>quam</strong></span> <span class='ocrx_word' id='word_1_48' title='bbox 980 857 1043 894; x_wconf 76' lang='lat' dir='ltr'><strong>ex</strong></span> <span class='ocrx_word' id='word_1_49' title='bbox 1080 839 1242 895; x_wconf 82' lang='lat' dir='ltr'><strong>Patre</strong></span> <span class='ocrx_word' id='word_1_50' title='bbox 1281 858 1375 911; x_wconf 89' lang='lat' dir='ltr'><strong>per</strong></span> <span class='ocrx_word' id='word_1_51' title='bbox 1423 840 1621 895; x_wconf 78' lang='lat' dir='ltr'><strong>Filium</strong></span> <span class='ocrx_word' id='word_1_52' title='bbox 1663 839 1926 911; x_wconf 82' lang='lat' dir='ltr'><strong>procedit,</strong></span> <span class='ocrx_word' id='word_1_53' title='bbox 1959 851 2021 892; x_wconf 91' lang='lat' dir='ltr'><strong>ac</strong></span> 
     </span>
    </p>
   </div>
   <div class='ocr_carea' id='block_1_7' title="bbox 447 932 1486 1002">
    <p class='ocr_par' dir='ltr' id='par_1_7' title="bbox 447 932 1486 1002">
     <span class='ocr_line' id='line_1_7' title="bbox 447 932 1486 1002; baseline 0.003 -18"><span class='ocrx_word' id='word_1_54' title='bbox 447 947 545 1001; x_wconf 91' lang='lat' dir='ltr'><strong>per</strong></span> <span class='ocrx_word' id='word_1_55' title='bbox 580 933 776 999; x_wconf 90' lang='lat' dir='ltr'><strong>ipsum,</strong></span> <span class='ocrx_word' id='word_1_56' title='bbox 803 940 856 985; x_wconf 89' lang='lat' dir='ltr'><strong>et</strong></span> <span class='ocrx_word' id='word_1_57' title='bbox 887 932 954 986; x_wconf 88' lang='lat' dir='ltr'><strong>ab</strong></span> <span class='ocrx_word' id='word_1_58' title='bbox 983 932 1100 1002; x_wconf 89' lang='lat' dir='ltr'><strong>ipso</strong></span> <span class='ocrx_word' id='word_1_59' title='bbox 1126 949 1245 988; x_wconf 90' lang='lat' dir='ltr'><strong>esse</strong></span> <span class='ocrx_word' id='word_1_60' title='bbox 1281 933 1486 988; x_wconf 83' lang='lat' dir='ltr'><strong>habet?</strong></span> 
     </span>
    </p>
   </div>
   <div class='ocr_carea' id='block_1_8' title="bbox 517 1023 2023 1092">
    <p class='ocr_par' dir='ltr' id='par_1_8' title="bbox 517 1023 2023 1092">
     <span class='ocr_line' id='line_1_8' title="bbox 517 1023 2023 1092; baseline 0.003 -17"><span class='ocrx_word' id='word_1_61' title='bbox 517 1023 746 1092; x_wconf 76' lang='lat' dir='ltr'><strong>Magnus</strong></span> <span class='ocrx_word' id='word_1_62' title='bbox 799 1023 927 1078; x_wconf 90' lang='lat' dir='ltr'><strong>item</strong></span> <span class='ocrx_word' id='word_1_63' title='bbox 990 1025 1227 1081; x_wconf 82' lang='lat' dir='ltr'><strong>Basilius</strong></span> <span class='ocrx_word' id='word_1_64' title='bbox 1267 1027 1321 1080; x_wconf 92' lang='lat' dir='ltr'><strong>in</strong></span> <span class='ocrx_word' id='word_1_65' title='bbox 1379 1025 1473 1080; x_wconf 87' lang='lat' dir='ltr'><strong>lib.</strong></span> <span class='ocrx_word' id='word_1_66' title='bbox 1521 1041 1574 1080; x_wconf 83' lang='lat' dir='ltr'><strong>tv</strong></span> <span class='ocrx_word' id='word_1_67' title='bbox 1608 1025 1809 1080; x_wconf 81' lang='lat' dir='ltr'><strong>Contra</strong></span> <span class='ocrx_word' id='word_1_68' title='bbox 1844 1024 2023 1080; x_wconf 58' lang='lat' dir='ltr'><strong>Enna.</strong></span> 
     </span>
    </p>
   </div>
   <div class='ocr_carea' id='block_1_9' title="bbox 448 1116 2020 1188">
    <p class='ocr_par' dir='ltr' id='par_1_9' title="bbox 448 1116 2020 1188">
     <span class='ocr_line' id='line_1_9' title="bbox 448 1116 2020 1188; baseline 0.003 -20"><span class='ocrx_word' id='word_1_69' title='bbox 448 1116 634 1181; x_wconf 76' lang='lat' dir='ltr'><strong>mium,</strong></span> <span class='ocrx_word' id='word_1_70' title='bbox 666 1117 820 1186; x_wconf 90' lang='lat' dir='ltr'><strong>quasi</strong></span> <span class='ocrx_word' id='word_1_71' title='bbox 859 1132 924 1171; x_wconf 81' lang='lat' dir='ltr'><strong>ex</strong></span> <span class='ocrx_word' id='word_1_72' title='bbox 960 1117 1239 1172; x_wconf 85' lang='lat' dir='ltr'><strong>contrario</strong></span> <span class='ocrx_word' id='word_1_73' title='bbox 1281 1133 1594 1188; x_wconf 88' lang='lat' dir='ltr'><strong>proponens</strong></span> <span class='ocrx_word' id='word_1_74' title='bbox 1627 1135 1640 1172; x_wconf 90' lang='lat'><strong>:</strong></span> <span class='ocrx_word' id='word_1_75' title='bbox 1675 1135 1692 1169; x_wconf 76' lang='grc' dir='ltr'>ι</span> <span class='ocrx_word' id='word_1_76' title='bbox 1726 1117 1830 1172; x_wconf 87' lang='lat' dir='ltr'><strong>Sed</strong></span> <span class='ocrx_word' id='word_1_77' title='bbox 1863 1117 2020 1184; x_wconf 89' lang='lat' dir='ltr'><strong>dicis,</strong></span> 
     </span>
    </p>
   </div>
   <div class='ocr_carea' id='block_1_10' title="bbox 448 1207 2020 1279">
    <p class='ocr_par' dir='ltr' id='par_1_10' title="bbox 448 1207 2020 1279">
     <span class='ocr_line' id='line_1_10' title="bbox 448 1207 2020 1279; baseline 0.002 -20"><span class='ocrx_word' id='word_1_78' title='bbox 448 1207 626 1274; x_wconf 89' lang='lat' dir='ltr'><strong>inquit</strong></span> <span class='ocrx_word' id='word_1_79' title='bbox 660 1227 673 1262; x_wconf 90' lang='lat'><strong>:</strong></span> <span class='ocrx_word' id='word_1_80' title='bbox 705 1207 762 1261; x_wconf 92' lang='lat' dir='ltr'><strong>Si</strong></span> <span class='ocrx_word' id='word_1_81' title='bbox 801 1207 893 1261; x_wconf 89' lang='lat' dir='ltr'><strong>Dei</strong></span> <span class='ocrx_word' id='word_1_82' title='bbox 935 1209 1154 1277; x_wconf 86' lang='lat' dir='ltr'><strong>quidem</strong></span> <span class='ocrx_word' id='word_1_83' title='bbox 1208 1208 1388 1279; x_wconf 82' lang='lat' dir='ltr'><strong>imago</strong></span> <span class='ocrx_word' id='word_1_84' title='bbox 1416 1208 1588 1262; x_wconf 89' lang='lat' dir='ltr'><strong>Filius</strong></span> <span class='ocrx_word' id='word_1_85' title='bbox 1631 1217 1734 1272; x_wconf 89' lang='lat' dir='ltr'><strong>est,</strong></span> <span class='ocrx_word' id='word_1_86' title='bbox 1779 1207 2020 1262; x_wconf 79' lang='lat' dir='ltr'><strong>Verbum</strong></span> 
     </span>
    </p>
   </div>
   <div class='ocr_carea' id='block_1_11' title="bbox 426 1297 2021 1377">
    <p class='ocr_par' dir='ltr' id='par_1_11' title="bbox 426 1297 2021 1377">
     <span class='ocr_line' id='line_1_11' title="bbox 426 1297 2021 1377; baseline 0.001 -26"><span class='ocrx_word' id='word_1_87' title='bbox 426 1308 629 1377; x_wconf 83' lang='lat' dir='ltr'><strong>autem</strong></span> <span class='ocrx_word' id='word_1_88' title='bbox 666 1297 788 1352; x_wconf 84' lang='lat' dir='ltr'><strong>Filii</strong></span> <span class='ocrx_word' id='word_1_89' title='bbox 839 1298 1102 1369; x_wconf 86' lang='lat' dir='ltr'><strong>Spiritus,</strong></span> <span class='ocrx_word' id='word_1_90' title='bbox 1145 1315 1240 1356; x_wconf 90' lang='lat' dir='ltr'><strong>cur</strong></span> <span class='ocrx_word' id='word_1_91' title='bbox 1274 1315 1381 1353; x_wconf 92' lang='lat' dir='ltr'><strong>non</strong></span> <span class='ocrx_word' id='word_1_92' title='bbox 1415 1297 1584 1355; x_wconf 84' lang='lat' dir='ltr'><strong>Filius</strong></span> <span class='ocrx_word' id='word_1_93' title='bbox 1629 1297 1750 1354; x_wconf 87' lang='lat' dir='ltr'><strong>Filii</strong></span> <span class='ocrx_word' id='word_1_94' title='bbox 1784 1298 2021 1367; x_wconf 87' lang='lat' dir='ltr'><strong>Spiritus</strong></span> 
     </span>
    </p>
   </div>
   <div class='ocr_carea' id='block_1_12' title="bbox 450 1390 2025 1462">
    <p class='ocr_par' dir='ltr' id='par_1_12' title="bbox 450 1390 2025 1462">
     <span class='ocr_line' id='line_1_12' title="bbox 450 1390 2025 1462; baseline 0.002 -19"><span class='ocrx_word' id='word_1_95' title='bbox 450 1390 632 1449; x_wconf 78' lang='lat' dir='ltr'><strong>dictus</strong></span> <span class='ocrx_word' id='word_1_96' title='bbox 655 1391 806 1446; x_wconf 64' lang='lat' dir='ltr'><strong>est?»</strong></span> <span class='ocrx_word' id='word_1_97' title='bbox 839 1390 898 1444; x_wconf 86' lang='lat' dir='ltr'><strong>in</strong></span> <span class='ocrx_word' id='word_1_98' title='bbox 929 1392 1024 1446; x_wconf 90' lang='lat' dir='ltr'><strong>has</strong></span> <span class='ocrx_word' id='word_1_99' title='bbox 1051 1393 1218 1460; x_wconf 81' lang='lat' dir='ltr'><strong>igitur</strong></span> <span class='ocrx_word' id='word_1_100' title='bbox 1247 1393 1680 1462; x_wconf 86' lang='lat' dir='ltr'><strong>ineptiasipsum</strong></span> <span class='ocrx_word' id='word_1_101' title='bbox 1715 1392 2025 1461; x_wconf 84' lang='lat' dir='ltr'><strong>impellente</strong></span> 
     </span>
    </p>
   </div>
   <div class='ocr_carea' id='block_1_13' title="bbox 451 1479 2019 1551">
    <p class='ocr_par' dir='ltr' id='par_1_13' title="bbox 451 1479 2019 1551">
     <span class='ocr_line' id='line_1_13' title="bbox 451 1479 2019 1551; baseline 0.001 -18"><span class='ocrx_word' id='word_1_102' title='bbox 451 1479 742 1546; x_wconf 85' lang='lat' dir='ltr'><strong>Eunomio,</strong></span> <span class='ocrx_word' id='word_1_103' title='bbox 803 1483 908 1535; x_wconf 88' lang='lat' dir='ltr'><strong>nisi</strong></span> <span class='ocrx_word' id='word_1_104' title='bbox 959 1499 1024 1536; x_wconf 81' lang='lat' dir='ltr'><strong>ex</strong></span> <span class='ocrx_word' id='word_1_105' title='bbox 1081 1483 1220 1538; x_wconf 85' lang='lat' dir='ltr'><strong>Filio</strong></span> <span class='ocrx_word' id='word_1_106' title='bbox 1272 1498 1393 1538; x_wconf 90' lang='lat' dir='ltr'><strong>esse</strong></span> <span class='ocrx_word' id='word_1_107' title='bbox 1447 1482 1710 1551; x_wconf 90' lang='lat' dir='ltr'><strong>Spiritum</strong></span> <span class='ocrx_word' id='word_1_108' title='bbox 1765 1492 2019 1536; x_wconf 82' lang='lat' dir='ltr'><strong>sanctum</strong></span> 
     </span>
    </p>
   </div>
   <div class='ocr_carea' id='block_1_14' title="bbox 449 1557 2019 1636">
    <p class='ocr_par' dir='ltr' id='par_1_14' title="bbox 449 1557 2019 1636">
     <span class='ocr_line' id='line_1_14' title="bbox 449 1557 2019 1636; baseline 0.001 -11"><span class='ocrx_word' id='word_1_109' title='bbox 449 1557 720 1636; x_wconf 81' lang='lat' dir='ltr'><strong>crederet,</strong></span> <span class='ocrx_word' id='word_1_110' title='bbox 768 1572 1000 1630; x_wconf 87' lang='lat' dir='ltr'><strong>Basilius</strong></span> <span class='ocrx_word' id='word_1_111' title='bbox 1035 1573 1294 1629; x_wconf 78' lang='lat' dir='ltr'><strong>facillime</strong></span> <span class='ocrx_word' id='word_1_112' title='bbox 1326 1575 1402 1629; x_wconf 90' lang='lat' dir='ltr'><strong>illi</strong></span> <span class='ocrx_word' id='word_1_113' title='bbox 1453 1575 1733 1630; x_wconf 87' lang='lat' dir='ltr'><strong>obviasset</strong></span> <span class='ocrx_word' id='word_1_114' title='bbox 1786 1574 1972 1630; x_wconf 87' lang='lat' dir='ltr'><strong>dicens</strong></span> <span class='ocrx_word' id='word_1_115' title='bbox 2006 1591 2019 1627; x_wconf 93' lang='lat'><strong>:</strong></span> 
     </span>
    </p>
   </div>
   <div class='ocr_carea' id='block_1_15' title="bbox 451 1661 2022 1734">
    <p class='ocr_par' dir='ltr' id='par_1_15' title="bbox 451 1661 2022 1734">
     <span class='ocr_line' id='line_1_15' title="bbox 451 1661 2022 1734; baseline 0.002 -19"><span class='ocrx_word' id='word_1_116' title='bbox 451 1661 736 1728; x_wconf 85' lang='lat' dir='ltr'><strong>Quomodo</strong></span> <span class='ocrx_word' id='word_1_117' title='bbox 769 1674 915 1719; x_wconf 85' lang='lat' dir='ltr'><strong>esset</strong></span> <span class='ocrx_word' id='word_1_118' title='bbox 959 1665 1200 1734; x_wconf 86' lang='lat' dir='ltr'><strong>Spiritus</strong></span> <span class='ocrx_word' id='word_1_119' title='bbox 1230 1665 1402 1720; x_wconf 87' lang='lat' dir='ltr'><strong>Filius</strong></span> <span class='ocrx_word' id='word_1_120' title='bbox 1433 1665 1578 1730; x_wconf 83' lang='lat' dir='ltr'><strong>Filii,</strong></span> <span class='ocrx_word' id='word_1_121' title='bbox 1611 1665 1704 1734; x_wconf 85' lang='lat' dir='ltr'><strong>qui</strong></span> <span class='ocrx_word' id='word_1_122' title='bbox 1741 1681 1847 1720; x_wconf 86' lang='lat' dir='ltr'><strong>non</strong></span> <span class='ocrx_word' id='word_1_123' title='bbox 1881 1679 2022 1734; x_wconf 86' lang='lat' dir='ltr'><strong>quo-</strong></span> 
     </span>
    </p>
   </div>
   <div class='ocr_carea' id='block_1_16' title="bbox 453 1753 2020 1827">
    <p class='ocr_par' dir='ltr' id='par_1_16' title="bbox 453 1753 2020 1827">
     <span class='ocr_line' id='line_1_16' title="bbox 453 1753 2020 1827; baseline 0.002 -20"><span class='ocrx_word' id='word_1_124' title='bbox 453 1753 749 1808; x_wconf 77' lang='lat' dir='ltr'><strong>uiodnlibet</strong></span> <span class='ocrx_word' id='word_1_125' title='bbox 774 1770 839 1808; x_wconf 82' lang='lat' dir='ltr'><strong>ex</strong></span> <span class='ocrx_word' id='word_1_126' title='bbox 874 1754 1032 1820; x_wconf 90' lang='lat' dir='ltr'><strong>Filio,</strong></span> <span class='ocrx_word' id='word_1_127' title='bbox 1065 1755 1182 1811; x_wconf 82' lang='lat' dir='ltr'><strong>sive</strong></span> <span class='ocrx_word' id='word_1_128' title='bbox 1208 1772 1303 1826; x_wconf 90' lang='lat' dir='ltr'><strong>per</strong></span> <span class='ocrx_word' id='word_1_129' title='bbox 1330 1755 1527 1811; x_wconf 81' lang='lat' dir='ltr'><strong>Filium</strong></span> <span class='ocrx_word' id='word_1_130' title='bbox 1560 1756 1920 1827; x_wconf 79' lang='lat' dir='ltr'><strong>procederet?</strong></span> <span class='ocrx_word' id='word_1_131' title='bbox 1945 1754 2020 1810; x_wconf 88' lang='lat' dir='ltr'><strong>Ita</strong></span> 
     </span>
    </p>
   </div>
   <div class='ocr_carea' id='block_1_17' title="bbox 453 1845 2017 1917">
    <p class='ocr_par' dir='ltr' id='par_1_17' title="bbox 453 1845 2017 1917">
     <span class='ocr_line' id='line_1_17' title="bbox 453 1845 2017 1917; baseline 0.002 -19"><span class='ocrx_word' id='word_1_132' title='bbox 453 1845 597 1898; x_wconf 88' lang='lat' dir='ltr'><strong>enim</strong></span> <span class='ocrx_word' id='word_1_133' title='bbox 649 1860 709 1900; x_wconf 91' lang='lat' dir='ltr'><strong>se</strong></span> <span class='ocrx_word' id='word_1_134' title='bbox 756 1849 1148 1903; x_wconf 69' lang='lat' dir='ltr'><strong>controversiae</strong></span> <span class='ocrx_word' id='word_1_135' title='bbox 1214 1849 1380 1917; x_wconf 86' lang='lat' dir='ltr'><strong>hujus</strong></span> <span class='ocrx_word' id='word_1_136' title='bbox 1430 1849 1682 1904; x_wconf 87' lang='lat' dir='ltr'><strong>molestia</strong></span> <span class='ocrx_word' id='word_1_137' title='bbox 1737 1848 2017 1904; x_wconf 81' lang='lat' dir='ltr'><strong>eximeret.</strong></span> 
     </span>
    </p>
   </div>
   <div class='ocr_carea' id='block_1_18' title="bbox 454 1933 2022 2012">
    <p class='ocr_par' dir='ltr' id='par_1_18' title="bbox 454 1933 2022 2012">
     <span class='ocr_line' id='line_1_18' title="bbox 454 1933 2022 2012; baseline 0.004 -24"><span class='ocrx_word' id='word_1_138' title='bbox 454 1933 655 1990; x_wconf 88' lang='lat' dir='ltr'><strong>Verum</strong></span> <span class='ocrx_word' id='word_1_139' title='bbox 703 1938 753 1991; x_wconf 91' lang='lat' dir='ltr'><strong>id</strong></span> <span class='ocrx_word' id='word_1_140' title='bbox 787 1939 1008 2007; x_wconf 88' lang='lat' dir='ltr'><strong>quidem</strong></span> <span class='ocrx_word' id='word_1_141' title='bbox 1046 1955 1154 1994; x_wconf 91' lang='lat' dir='ltr'><strong>non</strong></span> <span class='ocrx_word' id='word_1_142' title='bbox 1191 1941 1350 2003; x_wconf 75' lang='lat' dir='ltr'><strong>dixit.</strong></span> <span class='ocrx_word' id='word_1_143' title='bbox 1395 1941 1492 1996; x_wconf 91' lang='lat' dir='ltr'><strong>sed</strong></span> <span class='ocrx_word' id='word_1_144' title='bbox 1539 1942 1840 2012; x_wconf 88' lang='lat' dir='ltr'><strong>subjiciens</strong></span> <span class='ocrx_word' id='word_1_145' title='bbox 1875 1939 2022 2011; x_wconf 89' lang='lat' dir='ltr'><strong>quod</strong></span> 
     </span>
    </p>
   </div>
   <div class='ocr_carea' id='block_1_19' title="bbox 453 2031 2024 2097">
    <p class='ocr_par' dir='ltr' id='par_1_19' title="bbox 453 2031 2024 2097">
     <span class='ocr_line' id='line_1_19' title="bbox 453 2031 2024 2097; baseline 0.006 -21"><span class='ocrx_word' id='word_1_146' title='bbox 453 2038 837 2097; x_wconf 75' lang='lat' dir='ltr'><strong>proposuerat,</strong></span> <span class='ocrx_word' id='word_1_147' title='bbox 870 2031 1035 2085; x_wconf 86' lang='lat' dir='ltr'><strong>solvit</strong></span> <span class='ocrx_word' id='word_1_148' title='bbox 1063 2050 1076 2086; x_wconf 90' lang='lat'><strong>:</strong></span> <span class='ocrx_word' id='word_1_149' title='bbox 1116 2032 1257 2088; x_wconf 68' lang='lat' dir='ltr'><strong>«Nos</strong></span> <span class='ocrx_word' id='word_1_150' title='bbox 1285 2042 1466 2087; x_wconf 88' lang='lat' dir='ltr'><strong>autem</strong></span> <span class='ocrx_word' id='word_1_151' title='bbox 1501 2042 1556 2087; x_wconf 91' lang='lat' dir='ltr'><strong>et</strong></span> <span class='ocrx_word' id='word_1_152' title='bbox 1595 2033 1661 2087; x_wconf 87' lang='lat' dir='ltr'><strong>de</strong></span> <span class='ocrx_word' id='word_1_153' title='bbox 1695 2033 1798 2088; x_wconf 93' lang='lat' dir='ltr'><strong>hoc</strong></span> <span class='ocrx_word' id='word_1_154' title='bbox 1827 2033 1892 2087; x_wconf 90' lang='lat' dir='ltr'><strong>ad</strong></span> <span class='ocrx_word' id='word_1_155' title='bbox 1924 2046 2024 2086; x_wconf 91' lang='lat' dir='ltr'><strong>nos</strong></span> 
     </span>
    </p>
   </div>
   <div class='ocr_carea' id='block_1_20' title="bbox 454 2119 2022 2193">
    <p class='ocr_par' dir='ltr' id='par_1_20' title="bbox 454 2119 2022 2193">
     <span class='ocr_line' id='line_1_20' title="bbox 454 2119 2022 2193; baseline 0.003 -21"><span class='ocrx_word' id='word_1_156' title='bbox 454 2119 626 2190; x_wconf 84' lang='lat' dir='ltr'><strong>ipsos,</strong></span> <span class='ocrx_word' id='word_1_157' title='bbox 666 2131 930 2188; x_wconf 89' lang='lat' dir='ltr'><strong>quantum</strong></span> <span class='ocrx_word' id='word_1_158' title='bbox 966 2123 1229 2192; x_wconf 86' lang='lat' dir='ltr'><strong>possibile</strong></span> <span class='ocrx_word' id='word_1_159' title='bbox 1278 2134 1382 2189; x_wconf 89' lang='lat' dir='ltr'><strong>est,</strong></span> <span class='ocrx_word' id='word_1_160' title='bbox 1438 2124 1851 2193; x_wconf 88' lang='lat' dir='ltr'><strong>respondemus.</strong></span> <span class='ocrx_word' id='word_1_161' title='bbox 1886 2122 2022 2177; x_wconf 79' lang='lat' dir='ltr'><strong>Nam</strong></span> 
     </span>
    </p>
   </div>
   <div class='ocr_carea' id='block_1_21' title="bbox 451 2214 2022 2283">
    <p class='ocr_par' dir='ltr' id='par_1_21' title="bbox 451 2214 2022 2283">
     <span class='ocr_line' id='line_1_21' title="bbox 451 2214 2022 2283; baseline 0.001 -17"><span class='ocrx_word' id='word_1_162' title='bbox 451 2217 519 2267; x_wconf 87' lang='lat' dir='ltr'><strong>ad</strong></span> <span class='ocrx_word' id='word_1_163' title='bbox 578 2221 631 2268; x_wconf 88' lang='lat' dir='ltr'><strong>te</strong></span> <span class='ocrx_word' id='word_1_164' title='bbox 679 2215 902 2283; x_wconf 89' lang='lat' dir='ltr'><strong>quidem</strong></span> <span class='ocrx_word' id='word_1_165' title='bbox 954 2217 1116 2270; x_wconf 88' lang='lat' dir='ltr'><strong>etiam</strong></span> <span class='ocrx_word' id='word_1_166' title='bbox 1178 2216 1358 2271; x_wconf 82' lang='lat' dir='ltr'><strong>facere</strong></span> <span class='ocrx_word' id='word_1_167' title='bbox 1415 2217 1550 2272; x_wconf 87' lang='lat' dir='ltr'><strong>satis</strong></span> <span class='ocrx_word' id='word_1_168' title='bbox 1611 2223 1778 2282; x_wconf 88' lang='lat' dir='ltr'><strong>esset,</strong></span> <span class='ocrx_word' id='word_1_169' title='bbox 1833 2214 2022 2270; x_wconf 86' lang='lat' dir='ltr'><strong>eadem</strong></span> 
     </span>
    </p>
   </div>
   <div class='ocr_carea' id='block_1_22' title="bbox 453 2303 2025 2377">
    <p class='ocr_par' dir='ltr' id='par_1_22' title="bbox 453 2303 2025 2377">
     <span class='ocr_line' id='line_1_22' title="bbox 453 2303 2025 2377; baseline 0.004 -21"><span class='ocrx_word' id='word_1_170' title='bbox 453 2303 979 2373; x_wconf 75' lang='lat' dir='ltr'><strong>interrogatiuncula</strong></span> <span class='ocrx_word' id='word_1_171' title='bbox 1019 2307 1114 2361; x_wconf 89' lang='lat' dir='ltr'><strong>tibi</strong></span> <span class='ocrx_word' id='word_1_172' title='bbox 1163 2316 1378 2377; x_wconf 79' lang='lat' dir='ltr'><strong>queque</strong></span> <span class='ocrx_word' id='word_1_173' title='bbox 1401 2308 1746 2364; x_wconf 90' lang='lat' dir='ltr'><strong>imminente.</strong></span> <span class='ocrx_word' id='word_1_174' title='bbox 1789 2307 2025 2362; x_wconf 89' lang='lat' dir='ltr'><strong>Dicimus</strong></span> 
     </span>
    </p>
   </div>
   <div class='ocr_carea' id='block_1_23' title="bbox 453 2397 2024 2466">
    <p class='ocr_par' dir='ltr' id='par_1_23' title="bbox 453 2397 2024 2466">
     <span class='ocr_line' id='line_1_23' title="bbox 453 2397 2024 2466; baseline 0.004 -17"><span class='ocrx_word' id='word_1_175' title='bbox 453 2397 640 2464; x_wconf 73' lang='lat' dir='ltr'><strong>igitur,</strong></span> <span class='ocrx_word' id='word_1_176' title='bbox 704 2397 963 2466; x_wconf 90' lang='lat' dir='ltr'><strong>quoniam</strong></span> <span class='ocrx_word' id='word_1_177' title='bbox 994 2398 1174 2453; x_wconf 85' lang='lat' dir='ltr'><strong>dicere</strong></span> <span class='ocrx_word' id='word_1_178' title='bbox 1212 2398 1407 2454; x_wconf 71' lang='lat' dir='ltr'><strong>Filium</strong></span> <span class='ocrx_word' id='word_1_179' title='bbox 1438 2415 1503 2454; x_wconf 80' lang='lat' dir='ltr'><strong>ex</strong></span> <span class='ocrx_word' id='word_1_180' title='bbox 1528 2398 1688 2466; x_wconf 84' lang='lat' dir='ltr'><strong>Filio,</strong></span> <span class='ocrx_word' id='word_1_181' title='bbox 1720 2398 2024 2455; x_wconf 71' lang='lat' dir='ltr'><strong>divinitatis</strong></span> 
     </span>
    </p>
   </div>
   <div class='ocr_carea' id='block_1_24' title="bbox 450 2481 2022 2559">
    <p class='ocr_par' dir='ltr' id='par_1_24' title="bbox 450 2481 2022 2559">
     <span class='ocr_line' id='line_1_24' title="bbox 450 2481 2022 2559; baseline 0.002 -22"><span class='ocrx_word' id='word_1_182' title='bbox 450 2481 776 2541; x_wconf 84' lang='lat' dir='ltr'><strong>Trinitatem</strong></span> <span class='ocrx_word' id='word_1_183' title='bbox 808 2488 860 2541; x_wconf 92' lang='lat' dir='ltr'><strong>in</strong></span> <span class='ocrx_word' id='word_1_184' title='bbox 906 2490 1279 2559; x_wconf 88' lang='lat' dir='ltr'><strong>suspicionem</strong></span> <span class='ocrx_word' id='word_1_185' title='bbox 1316 2490 1683 2546; x_wconf 90' lang='lat' dir='ltr'><strong>multitudinis</strong></span> <span class='ocrx_word' id='word_1_186' title='bbox 1707 2490 2022 2554; x_wconf 84' lang='lat' dir='ltr'><strong>adduceret,</strong></span> 
     </span>
    </p>
   </div>
   <div class='ocr_carea' id='block_1_25' title="bbox 453 2577 2023 2650">
    <p class='ocr_par' dir='ltr' id='par_1_25' title="bbox 453 2577 2023 2650">
     <span class='ocr_line' id='line_1_25' title="bbox 453 2577 2023 2650; baseline 0.003 -20"><span class='ocrx_word' id='word_1_187' title='bbox 453 2577 782 2634; x_wconf 85' lang='lat' dir='ltr'><strong>audentibus</strong></span> <span class='ocrx_word' id='word_1_188' title='bbox 855 2580 1193 2636; x_wconf 82' lang='lat' dir='ltr'><strong>hominibus.</strong></span> <span class='ocrx_word' id='word_1_189' title='bbox 1251 2581 1309 2635; x_wconf 89' lang='lat' dir='ltr'><strong>In</strong></span> <span class='ocrx_word' id='word_1_190' title='bbox 1372 2593 1625 2650; x_wconf 89' lang='lat' dir='ltr'><strong>promptu</strong></span> <span class='ocrx_word' id='word_1_191' title='bbox 1681 2581 1824 2635; x_wconf 90' lang='lat' dir='ltr'><strong>enim</strong></span> <span class='ocrx_word' id='word_1_192' title='bbox 1884 2590 2023 2645; x_wconf 86' lang='lat' dir='ltr'><strong>erat,</strong></span> 
     </span>
    </p>
   </div>
   <div class='ocr_carea' id='block_1_26' title="bbox 452 2670 2028 2740">
    <p class='ocr_par' dir='ltr' id='par_1_26' title="bbox 452 2670 2028 2740">
     <span class='ocr_line' id='line_1_26' title="bbox 452 2670 2028 2740; baseline 0.003 -17"><span class='ocrx_word' id='word_1_193' title='bbox 452 2671 723 2739; x_wconf 82' lang='lat' dir='ltr'><strong>suspicari</strong></span> <span class='ocrx_word' id='word_1_194' title='bbox 751 2670 1009 2740; x_wconf 84' lang='lat' dir='ltr'><strong>quoniam</strong></span> <span class='ocrx_word' id='word_1_195' title='bbox 1044 2673 1090 2728; x_wconf 92' lang='lat' dir='ltr'><strong>si</strong></span> <span class='ocrx_word' id='word_1_196' title='bbox 1130 2672 1300 2728; x_wconf 87' lang='lat' dir='ltr'><strong>Filius</strong></span> <span class='ocrx_word' id='word_1_197' title='bbox 1331 2689 1393 2726; x_wconf 84' lang='lat' dir='ltr'><strong>ex</strong></span> <span class='ocrx_word' id='word_1_198' title='bbox 1423 2673 1561 2728; x_wconf 89' lang='lat' dir='ltr'><strong>Filio</strong></span> <span class='ocrx_word' id='word_1_199' title='bbox 1592 2682 1754 2728; x_wconf 89' lang='lat' dir='ltr'><strong>natus</strong></span> <span class='ocrx_word' id='word_1_200' title='bbox 1787 2682 1952 2740; x_wconf 84' lang='lat' dir='ltr'><strong>esset,</strong></span> <span class='ocrx_word' id='word_1_201' title='bbox 1975 2682 2028 2728; x_wconf 89' lang='lat' dir='ltr'><strong>et</strong></span> 
     </span>
    </p>
   </div>
   <div class='ocr_carea' id='block_1_27' title="bbox 450 2764 2026 2834">
    <p class='ocr_par' dir='ltr' id='par_1_27' title="bbox 450 2764 2026 2834">
     <span class='ocr_line' id='line_1_27' title="bbox 450 2764 2026 2834; baseline 0.001 -19"><span class='ocrx_word' id='word_1_202' title='bbox 450 2777 517 2815; x_wconf 84' lang='lat' dir='ltr'><strong>ex</strong></span> <span class='ocrx_word' id='word_1_203' title='bbox 547 2777 612 2817; x_wconf 90' lang='lat' dir='ltr'><strong>eo</strong></span> <span class='ocrx_word' id='word_1_204' title='bbox 652 2779 845 2819; x_wconf 87' lang='lat' dir='ltr'><strong>rursus</strong></span> <span class='ocrx_word' id='word_1_205' title='bbox 881 2764 1043 2818; x_wconf 89' lang='lat' dir='ltr'><strong>alium</strong></span> <span class='ocrx_word' id='word_1_206' title='bbox 1093 2767 1266 2830; x_wconf 86' lang='lat' dir='ltr'><strong>nasci,</strong></span> <span class='ocrx_word' id='word_1_207' title='bbox 1302 2774 1466 2834; x_wconf 89' lang='lat' dir='ltr'><strong>atque</strong></span> <span class='ocrx_word' id='word_1_208' title='bbox 1498 2780 1693 2820; x_wconf 89' lang='lat' dir='ltr'><strong>rursus</strong></span> <span class='ocrx_word' id='word_1_209' title='bbox 1738 2764 1928 2830; x_wconf 88' lang='lat' dir='ltr'><strong>alium,</strong></span> <span class='ocrx_word' id='word_1_210' title='bbox 1962 2777 2026 2818; x_wconf 87' lang='lat' dir='ltr'><strong>ac</strong></span> 
     </span>
    </p>
   </div>
   <div class='ocr_carea' id='block_1_28' title="bbox 453 2855 2026 2927">
    <p class='ocr_par' dir='ltr' id='par_1_28' title="bbox 453 2855 2026 2927">
     <span class='ocr_line' id='line_1_28' title="bbox 453 2855 2026 2927; baseline 0 -18"><span class='ocrx_word' id='word_1_211' title='bbox 453 2856 709 2926; x_wconf 85' lang='lat' dir='ltr'><strong>deinceps</strong></span> <span class='ocrx_word' id='word_1_212' title='bbox 741 2859 792 2912; x_wconf 92' lang='lat' dir='ltr'><strong>in</strong></span> <span class='ocrx_word' id='word_1_213' title='bbox 831 2858 1234 2914; x_wconf 83' lang='lat' dir='ltr'><strong>multitudinem</strong></span> <span class='ocrx_word' id='word_1_214' title='bbox 1284 2874 1550 2914; x_wconf 88' lang='lat' dir='ltr'><strong>crescere.</strong></span> <span class='ocrx_word' id='word_1_215' title='bbox 1586 2859 1760 2927; x_wconf 85' lang='lat' dir='ltr'><strong>Hujus</strong></span> <span class='ocrx_word' id='word_1_216' title='bbox 1795 2873 1924 2927; x_wconf 80' lang='lat' dir='ltr'><strong>ergo</strong></span> <span class='ocrx_word' id='word_1_217' title='bbox 1948 2855 2026 2912; x_wconf 89' lang='lat' dir='ltr'><strong>rei</strong></span> 
     </span>
    </p>
   </div>
   <div class='ocr_carea' id='block_1_29' title="bbox 455 2949 2027 3020">
    <p class='ocr_par' dir='ltr' id='par_1_29' title="bbox 455 2949 2027 3020">
     <span class='ocr_line' id='line_1_29' title="bbox 455 2949 2027 3020; baseline 0.002 -21"><span class='ocrx_word' id='word_1_218' title='bbox 455 2949 650 3016; x_wconf 73' lang='lat' dir='ltr'><strong>gratia,</strong></span> <span class='ocrx_word' id='word_1_219' title='bbox 706 2966 768 3004; x_wconf 84' lang='lat' dir='ltr'><strong>ex</strong></span> <span class='ocrx_word' id='word_1_220' title='bbox 827 2950 936 3004; x_wconf 83' lang='lat' dir='ltr'><strong>Deo</strong></span> <span class='ocrx_word' id='word_1_221' title='bbox 989 2951 1206 3020; x_wconf 90' lang='lat' dir='ltr'><strong>quidem</strong></span> <span class='ocrx_word' id='word_1_222' title='bbox 1256 2966 1378 3005; x_wconf 73' lang='lat' dir='ltr'><strong>esse</strong></span> <span class='ocrx_word' id='word_1_223' title='bbox 1428 2949 1693 3020; x_wconf 88' lang='lat' dir='ltr'><strong>Spiritum</strong></span> <span class='ocrx_word' id='word_1_224' title='bbox 1734 2949 2027 3017; x_wconf 83' lang='lat' dir='ltr'><strong>Apostolus</strong></span> 
     </span>
    </p>
   </div>
   <div class='ocr_carea' id='block_1_30' title="bbox 457 3040 2030 3108">
    <p class='ocr_par' dir='ltr' id='par_1_30' title="bbox 457 3040 2030 3108">
     <span class='ocr_line' id='line_1_30' title="bbox 457 3040 2030 3108; baseline 0.002 -17"><span class='ocrx_word' id='word_1_225' title='bbox 457 3048 643 3108; x_wconf 84' lang='lat' dir='ltr'><strong>aperte</strong></span> <span class='ocrx_word' id='word_1_226' title='bbox 680 3040 996 3108; x_wconf 65' lang='lat' dir='ltr'><strong>praedicavit</strong></span> <span class='ocrx_word' id='word_1_227' title='bbox 1040 3041 1228 3096; x_wconf 90' lang='lat' dir='ltr'><strong>dicens</strong></span> <span class='ocrx_word' id='word_1_228' title='bbox 1262 3059 1278 3094; x_wconf 91' lang='lat'><strong>:</strong></span> <span class='ocrx_word' id='word_1_229' title='bbox 1326 3041 1588 3106; x_wconf 81' lang='lat' dir='ltr'><strong>Quoniam</strong></span> <span class='ocrx_word' id='word_1_230' title='bbox 1639 3040 1896 3105; x_wconf 79' lang='lat' dir='ltr'><strong>Spiritum</strong></span> <span class='ocrx_word' id='word_1_231' title='bbox 1933 3040 2030 3095; x_wconf 88' lang='lat' dir='ltr'><strong>Dei</strong></span> 
     </span>
    </p>
   </div>
   <div class='ocr_carea' id='block_1_31' title="bbox 2129 565 3696 641">
    <p class='ocr_par' dir='ltr' id='par_1_31' title="bbox 2129 565 3696 641">
     <span class='ocr_line' id='line_1_31' title="bbox 2129 565 3696 641; baseline 0.004 -21"><span class='ocrx_word' id='word_1_232' title='bbox 2129 565 2264 620; x_wconf 92' lang='lat' dir='ltr'><strong>Cum</strong></span> <span class='ocrx_word' id='word_1_233' title='bbox 2300 568 2530 624; x_wconf 66' lang='lat' dir='ltr'><strong>dixisst</strong></span> <span class='ocrx_word' id='word_1_234' title='bbox 2562 570 2728 639; x_wconf 75' lang='lat' dir='ltr'><strong>igitur</strong></span> <span class='ocrx_word' id='word_1_235' title='bbox 2760 588 2772 622; x_wconf 88' lang='lat'><strong>:</strong></span> <span class='ocrx_word' id='word_1_236' title='bbox 2809 590 2828 621; x_wconf 78' lang='grc' dir='ltr'><strong><em>ς</em></strong></span> <span class='ocrx_word' id='word_1_237' title='bbox 2865 569 2982 624; x_wconf 85' lang='lat' dir='ltr'><strong>Non</strong></span> <span class='ocrx_word' id='word_1_238' title='bbox 3012 571 3156 632; x_wconf 81' lang='lat' dir='ltr'><strong>ideo.</strong></span> <span class='ocrx_word' id='word_1_239' title='bbox 3190 575 3316 641; x_wconf 89' lang='lat' dir='ltr'><strong>quia</strong></span> <span class='ocrx_word' id='word_1_240' title='bbox 3354 591 3456 627; x_wconf 87' lang='lat' dir='ltr'><strong>non</strong></span> <span class='ocrx_word' id='word_1_241' title='bbox 3490 590 3553 628; x_wconf 78' lang='lat' dir='ltr'><strong>ex</strong></span> <span class='ocrx_word' id='word_1_242' title='bbox 3587 575 3696 629; x_wconf 78' lang='lat' dir='ltr'><strong>Deo</strong></span> 
     </span>
    </p>
   </div>
   <div class='ocr_carea' id='block_1_32' title="bbox 2129 659 3688 736">
    <p class='ocr_par' dir='ltr' id='par_1_32' title="bbox 2129 659 3688 736">
     <span class='ocr_line' id='line_1_32' title="bbox 2129 659 3688 736; baseline 0.006 -23"><span class='ocrx_word' id='word_1_243' title='bbox 2129 675 2227 729; x_wconf 85' lang='lat' dir='ltr'><strong>per</strong></span> <span class='ocrx_word' id='word_1_244' title='bbox 2260 659 2453 715; x_wconf 90' lang='lat' dir='ltr'><strong>Filium</strong></span> <span class='ocrx_word' id='word_1_245' title='bbox 2491 665 2581 722; x_wconf 89' lang='lat' dir='ltr'><strong>sit,</strong></span> <span class='ocrx_word' id='word_1_246' title='bbox 2625 682 2641 714; x_wconf 75' lang='grc' dir='ltr'><strong>ι</strong></span> <span class='ocrx_word' id='word_1_247' title='bbox 2674 665 2932 727; x_wconf 86' lang='lat' dir='ltr'><strong>ostendit,</strong></span> <span class='ocrx_word' id='word_1_248' title='bbox 2961 665 3086 734; x_wconf 88' lang='lat' dir='ltr'><strong>quia</strong></span> <span class='ocrx_word' id='word_1_249' title='bbox 3119 681 3184 720; x_wconf 81' lang='lat' dir='ltr'><strong>ex</strong></span> <span class='ocrx_word' id='word_1_250' title='bbox 3227 666 3332 721; x_wconf 85' lang='lat' dir='ltr'><strong>Deo</strong></span> <span class='ocrx_word' id='word_1_251' title='bbox 3362 682 3456 736; x_wconf 88' lang='lat' dir='ltr'><strong>per</strong></span> <span class='ocrx_word' id='word_1_252' title='bbox 3491 667 3688 722; x_wconf 83' lang='lat' dir='ltr'><strong>Filium</strong></span> 
     </span>
    </p>
   </div>
   <div class='ocr_carea' id='block_1_33' title="bbox 2126 751 3698 821">
    <p class='ocr_par' dir='ltr' id='par_1_33' title="bbox 2126 751 3698 821">
     <span class='ocr_line' id='line_1_33' title="bbox 2126 751 3698 821; baseline 0.003 -17"><span class='ocrx_word' id='word_1_253' title='bbox 2126 760 2229 812; x_wconf 87' lang='lat' dir='ltr'><strong>est,</strong></span> <span class='ocrx_word' id='word_1_254' title='bbox 2275 751 2488 807; x_wconf 87' lang='lat' dir='ltr'><strong>duabus</strong></span> <span class='ocrx_word' id='word_1_255' title='bbox 2547 751 2935 820; x_wconf 80' lang='lat' dir='ltr'><strong>negationibus</strong></span> <span class='ocrx_word' id='word_1_256' title='bbox 2989 767 3086 821; x_wconf 82' lang='lat' dir='ltr'><strong>pro</strong></span> <span class='ocrx_word' id='word_1_257' title='bbox 3160 768 3266 806; x_wconf 87' lang='lat' dir='ltr'><strong>una</strong></span> <span class='ocrx_word' id='word_1_258' title='bbox 3335 753 3698 808; x_wconf 71' lang='lat' dir='ltr'><strong>aflTrmatione</strong></span> 
     </span>
    </p>
   </div>
   <div class='ocr_carea' id='block_1_34' title="bbox 2131 843 3695 914">
    <p class='ocr_par' dir='ltr' id='par_1_34' title="bbox 2131 843 3695 914">
     <span class='ocr_line' id='line_1_34' title="bbox 2131 843 3695 914; baseline -0.001 -13"><span class='ocrx_word' id='word_1_259' title='bbox 2131 852 2310 901; x_wconf 83' lang='lat' dir='ltr'><strong>utens.</strong></span> <span class='ocrx_word' id='word_1_260' title='bbox 2359 844 2532 908; x_wconf 83' lang='lat' dir='ltr'><strong>Quem</strong></span> <span class='ocrx_word' id='word_1_261' title='bbox 2595 845 2758 913; x_wconf 76' lang='lat' dir='ltr'><strong>igitur</strong></span> <span class='ocrx_word' id='word_1_262' title='bbox 2803 859 2926 899; x_wconf 86' lang='lat' dir='ltr'><strong>esse</strong></span> <span class='ocrx_word' id='word_1_263' title='bbox 2973 859 3067 914; x_wconf 88' lang='lat' dir='ltr'><strong>per</strong></span> <span class='ocrx_word' id='word_1_264' title='bbox 3096 843 3291 898; x_wconf 80' lang='lat' dir='ltr'><strong>Filium</strong></span> <span class='ocrx_word' id='word_1_265' title='bbox 3349 845 3507 908; x_wconf 66' lang='lat' dir='ltr'><strong>dixit,</strong></span> <span class='ocrx_word' id='word_1_266' title='bbox 3547 846 3695 900; x_wconf 89' lang='lat' dir='ltr'><strong>hunc</strong></span> 
     </span>
    </p>
   </div>
   <div class='ocr_carea' id='block_1_35' title="bbox 2132 934 3704 1004">
    <p class='ocr_par' dir='ltr' id='par_1_35' title="bbox 2132 934 3704 1004">
     <span class='ocr_line' id='line_1_35' title="bbox 2132 934 3704 1004; baseline -0.001 -13"><span class='ocrx_word' id='word_1_267' title='bbox 2132 936 2294 992; x_wconf 88' lang='lat' dir='ltr'><strong>etiam</strong></span> <span class='ocrx_word' id='word_1_268' title='bbox 2331 952 2427 1004; x_wconf 88' lang='lat' dir='ltr'><strong>per</strong></span> <span class='ocrx_word' id='word_1_269' title='bbox 2462 934 2658 992; x_wconf 82' lang='lat' dir='ltr'><strong>Filium</strong></span> <span class='ocrx_word' id='word_1_270' title='bbox 2709 953 2932 992; x_wconf 85' lang='lat' dir='ltr'><strong>manare</strong></span> <span class='ocrx_word' id='word_1_271' title='bbox 2973 937 3252 1000; x_wconf 82' lang='lat' dir='ltr'><strong>indicavit,</strong></span> <span class='ocrx_word' id='word_1_272' title='bbox 3293 952 3424 1000; x_wconf 73' lang='lat' dir='ltr'><strong>esse,</strong></span> <span class='ocrx_word' id='word_1_273' title='bbox 3461 951 3551 1000; x_wconf 84' lang='lat' dir='ltr'><strong>ac,</strong></span> <span class='ocrx_word' id='word_1_274' title='bbox 3590 954 3704 991; x_wconf 85' lang='lat' dir='ltr'><strong>ma-</strong></span> 
     </span>
    </p>
   </div>
   <div class='ocr_carea' id='block_1_36' title="bbox 2132 1028 3379 1098">
    <p class='ocr_par' dir='ltr' id='par_1_36' title="bbox 2132 1028 3379 1098">
     <span class='ocr_line' id='line_1_36' title="bbox 2132 1028 3379 1098; baseline -0.001 -16"><span class='ocrx_word' id='word_1_275' title='bbox 2132 1045 2262 1083; x_wconf 83' lang='lat' dir='ltr'><strong>nare</strong></span> <span class='ocrx_word' id='word_1_276' title='bbox 2294 1029 2348 1082; x_wconf 85' lang='lat' dir='ltr'><strong>in</strong></span> <span class='ocrx_word' id='word_1_277' title='bbox 2378 1030 2700 1093; x_wconf 74' lang='lat' dir='ltr'><strong>substantia,</strong></span> <span class='ocrx_word' id='word_1_278' title='bbox 2742 1028 3117 1084; x_wconf 71' lang='lat' dir='ltr'><strong>indiliercnter</strong></span> <span class='ocrx_word' id='word_1_279' title='bbox 3152 1043 3379 1098; x_wconf 87' lang='lat' dir='ltr'><strong>ponens.</strong></span> 
     </span>
    </p>
   </div>
   <div class='ocr_carea' id='block_1_37' title="bbox 2201 1111 3702 1190">
    <p class='ocr_par' dir='ltr' id='par_1_37' title="bbox 2201 1111 3702 1190">
     <span class='ocr_line' id='line_1_37' title="bbox 2201 1111 3702 1190; baseline -0.005 -13"><span class='ocrx_word' id='word_1_280' title='bbox 2201 1122 2335 1177; x_wconf 77' lang='lat' dir='ltr'><strong>Nam</strong></span> <span class='ocrx_word' id='word_1_281' title='bbox 2361 1123 2430 1189; x_wconf 86' lang='lat' dir='ltr'><strong>si,</strong></span> <span class='ocrx_word' id='word_1_282' title='bbox 2460 1135 2516 1177; x_wconf 83' lang='grc' dir='ltr'>ιιι</span> <span class='ocrx_word' id='word_1_283' title='bbox 2539 1122 2758 1189; x_wconf 85' lang='lat' dir='ltr'><strong>quidam</strong></span> <span class='ocrx_word' id='word_1_284' title='bbox 2782 1129 2995 1190; x_wconf 87' lang='lat' dir='ltr'><strong>putant,</strong></span> <span class='ocrx_word' id='word_1_285' title='bbox 3026 1135 3264 1182; x_wconf 82' lang='lat' dir='ltr'><strong>manare,</strong></span> <span class='ocrx_word' id='word_1_286' title='bbox 3309 1111 3702 1174; x_wconf 72' lang='lat' dir='ltr'><strong>manifestatin-</strong></span> 
     </span>
    </p>
   </div>
   <div class='ocr_carea' id='block_1_38' title="bbox 2130 1211 3699 1284">
    <p class='ocr_par' dir='ltr' id='par_1_38' title="bbox 2130 1211 3699 1284">
     <span class='ocr_line' id='line_1_38' title="bbox 2130 1211 3699 1284; baseline -0.004 -14"><span class='ocrx_word' id='word_1_287' title='bbox 2130 1231 2276 1279; x_wconf 91' lang='lat' dir='ltr'><strong>nem,</strong></span> <span class='ocrx_word' id='word_1_288' title='bbox 2296 1230 2402 1284; x_wconf 90' lang='lat' dir='ltr'><strong>qua</strong></span> <span class='ocrx_word' id='word_1_289' title='bbox 2432 1214 2634 1268; x_wconf 90' lang='lat' dir='ltr'><strong>mundo</strong></span> <span class='ocrx_word' id='word_1_290' title='bbox 2666 1212 3051 1268; x_wconf 81' lang='lat' dir='ltr'><strong>manifestatus</strong></span> <span class='ocrx_word' id='word_1_291' title='bbox 3083 1220 3186 1275; x_wconf 79' lang='lat' dir='ltr'><strong>est,</strong></span> <span class='ocrx_word' id='word_1_292' title='bbox 3218 1212 3416 1278; x_wconf 75' lang='lat' dir='ltr'><strong>signat,</strong></span> <span class='ocrx_word' id='word_1_293' title='bbox 3442 1211 3699 1278; x_wconf 83' lang='lat' dir='ltr'><strong>quoniam</strong></span> 
     </span>
    </p>
   </div>
   <div class='ocr_carea' id='block_1_39' title="bbox 2130 1301 3697 1372">
    <p class='ocr_par' dir='ltr' id='par_1_39' title="bbox 2130 1301 3697 1372">
     <span class='ocr_line' id='line_1_39' title="bbox 2130 1301 3697 1372; baseline -0.006 -9"><span class='ocrx_word' id='word_1_294' title='bbox 2130 1308 2431 1363; x_wconf 89' lang='lat' dir='ltr'><strong>secundum</strong></span> <span class='ocrx_word' id='word_1_295' title='bbox 2467 1307 2606 1360; x_wconf 87' lang='lat' dir='ltr'><strong>hanc</strong></span> <span class='ocrx_word' id='word_1_296' title='bbox 2654 1306 2826 1367; x_wconf 70' lang='lat' dir='ltr'><strong>magis</strong></span> <span class='ocrx_word' id='word_1_297' title='bbox 2854 1303 3050 1358; x_wconf 88' lang='lat' dir='ltr'><strong>Filium</strong></span> <span class='ocrx_word' id='word_1_298' title='bbox 3091 1302 3328 1372; x_wconf 80' lang='lat' dir='ltr'><strong>Spiritus</strong></span> <span class='ocrx_word' id='word_1_299' title='bbox 3355 1301 3697 1367; x_wconf 86' lang='lat' dir='ltr'><strong>manifestat,</strong></span> 
     </span>
    </p>
   </div>
   <div class='ocr_carea' id='block_1_40' title="bbox 2129 1394 3700 1466">
    <p class='ocr_par' dir='ltr' id='par_1_40' title="bbox 2129 1394 3700 1466">
     <span class='ocr_line' id='line_1_40' title="bbox 2129 1394 3700 1466; baseline -0.004 -14"><span class='ocrx_word' id='word_1_300' title='bbox 2129 1399 2231 1452; x_wconf 85' lang='lat' dir='ltr'><strong>Ille</strong></span> <span class='ocrx_word' id='word_1_301' title='bbox 2256 1399 2421 1463; x_wconf 84' lang='lat' dir='ltr'><strong>enim,</strong></span> <span class='ocrx_word' id='word_1_302' title='bbox 2471 1397 2671 1466; x_wconf 81' lang='lat' dir='ltr'><strong>inquit,</strong></span> <span class='ocrx_word' id='word_1_303' title='bbox 2725 1412 2805 1450; x_wconf 87' lang='lat' dir='ltr'><strong>me</strong></span> <span class='ocrx_word' id='word_1_304' title='bbox 2847 1395 3254 1463; x_wconf 80' lang='lat' dir='ltr'><strong>ctarificabit&quot;;</strong></span> <span class='ocrx_word' id='word_1_305' title='bbox 3307 1394 3411 1447; x_wconf 91' lang='lat' dir='ltr'><strong>erit</strong></span> <span class='ocrx_word' id='word_1_306' title='bbox 3460 1406 3590 1461; x_wconf 77' lang='lat' dir='ltr'><strong>ego</strong></span> <span class='ocrx_word' id='word_1_307' title='bbox 3645 1405 3700 1446; x_wconf 85' lang='lat' dir='ltr'><strong>et</strong></span> 
     </span>
    </p>
   </div>
   <div class='ocr_carea' id='block_1_41' title="bbox 2130 1484 3701 1555">
    <p class='ocr_par' dir='ltr' id='par_1_41' title="bbox 2130 1484 3701 1555">
     <span class='ocr_line' id='line_1_41' title="bbox 2130 1484 3701 1555; baseline -0.004 -11"><span class='ocrx_word' id='word_1_308' title='bbox 2130 1490 2304 1544; x_wconf 87' lang='lat' dir='ltr'><strong>Filius</strong></span> <span class='ocrx_word' id='word_1_309' title='bbox 2341 1489 2575 1543; x_wconf 80' lang='lat' dir='ltr'><strong>Verbum</strong></span> <span class='ocrx_word' id='word_1_310' title='bbox 2635 1488 2807 1541; x_wconf 87' lang='lat' dir='ltr'><strong>sancti</strong></span> <span class='ocrx_word' id='word_1_311' title='bbox 2869 1484 3126 1555; x_wconf 73' lang='lat' dir='ltr'><strong>Spiritus.</strong></span> <span class='ocrx_word' id='word_1_312' title='bbox 3179 1486 3246 1538; x_wconf 79' lang='lat' dir='ltr'><strong>At</strong></span> <span class='ocrx_word' id='word_1_313' title='bbox 3303 1485 3356 1539; x_wconf 90' lang='lat' dir='ltr'><strong>id</strong></span> <span class='ocrx_word' id='word_1_314' title='bbox 3405 1484 3701 1554; x_wconf 73' lang='lat' dir='ltr'><strong>Gregorius</strong></span> 
     </span>
    </p>
   </div>
   <div class='ocr_carea' id='block_1_42' title="bbox 2129 1575 3702 1651">
    <p class='ocr_par' dir='ltr' id='par_1_42' title="bbox 2129 1575 3702 1651">
     <span class='ocr_line' id='line_1_42' title="bbox 2129 1575 3702 1651; baseline -0.001 -18"><span class='ocrx_word' id='word_1_315' title='bbox 2129 1580 2411 1651; x_wconf 86' lang='lat' dir='ltr'><strong>Nyssenus</strong></span> <span class='ocrx_word' id='word_1_316' title='bbox 2452 1579 2680 1649; x_wconf 71' lang='lat' dir='ltr'><strong>negavit</strong></span> <span class='ocrx_word' id='word_1_317' title='bbox 2709 1577 2896 1634; x_wconf 84' lang='lat' dir='ltr'><strong>dicens</strong></span> <span class='ocrx_word' id='word_1_318' title='bbox 2935 1593 2951 1632; x_wconf 93' lang='lat'><strong>:</strong></span> <span class='ocrx_word' id='word_1_319' title='bbox 2997 1597 3016 1628; x_wconf 74' lang='grc' dir='ltr'>ι</span> <span class='ocrx_word' id='word_1_320' title='bbox 3063 1575 3236 1630; x_wconf 89' lang='lat' dir='ltr'><strong>Filius</strong></span> <span class='ocrx_word' id='word_1_321' title='bbox 3267 1586 3450 1630; x_wconf 87' lang='lat' dir='ltr'><strong>autem</strong></span> <span class='ocrx_word' id='word_1_322' title='bbox 3480 1586 3702 1631; x_wconf 85' lang='lat' dir='ltr'><strong>sanctus</strong></span> 
     </span>
    </p>
   </div>
   <div class='ocr_carea' id='block_1_43' title="bbox 2129 1669 3703 1742">
    <p class='ocr_par' dir='ltr' id='par_1_43' title="bbox 2129 1669 3703 1742">
     <span class='ocr_line' id='line_1_43' title="bbox 2129 1669 3703 1742; baseline -0.003 -16"><span class='ocrx_word' id='word_1_323' title='bbox 2129 1673 2366 1742; x_wconf 88' lang='lat' dir='ltr'><strong>Spiritus</strong></span> <span class='ocrx_word' id='word_1_324' title='bbox 2396 1686 2573 1741; x_wconf 87' lang='lat' dir='ltr'><strong>neque</strong></span> <span class='ocrx_word' id='word_1_325' title='bbox 2602 1679 2708 1733; x_wconf 90' lang='lat' dir='ltr'><strong>est,</strong></span> <span class='ocrx_word' id='word_1_326' title='bbox 2743 1684 2920 1738; x_wconf 85' lang='lat' dir='ltr'><strong>neque</strong></span> <span class='ocrx_word' id='word_1_327' title='bbox 2956 1669 3178 1732; x_wconf 90' lang='lat' dir='ltr'><strong>dicitur,</strong></span> <span class='ocrx_word' id='word_1_328' title='bbox 3211 1681 3391 1737; x_wconf 90' lang='lat' dir='ltr'><strong>neque</strong></span> <span class='ocrx_word' id='word_1_329' title='bbox 3431 1671 3703 1721; x_wconf 58' lang='lat' dir='ltr'><strong>converti-</strong></span> 
     </span>
    </p>
   </div>
   <div class='ocr_carea' id='block_1_44' title="bbox 2128 1741 3700 1832">
    <p class='ocr_par' dir='ltr' id='par_1_44' title="bbox 2128 1741 3700 1832">
     <span class='ocr_line' id='line_1_44' title="bbox 2128 1741 3700 1832; baseline -0.003 -18"><span class='ocrx_word' id='word_1_330' title='bbox 2128 1741 2218 1814; x_wconf 86' lang='lat' dir='ltr'><strong>tur</strong></span> <span class='ocrx_word' id='word_1_331' title='bbox 2243 1759 2460 1814; x_wconf 84' lang='lat' dir='ltr'><strong>habitus</strong></span> <span class='ocrx_word' id='word_1_332' title='bbox 2493 1760 2594 1813; x_wconf 88' lang='lat' dir='ltr'><strong>ista</strong></span> <span class='ocrx_word' id='word_1_333' title='bbox 2619 1756 3067 1832; x_wconf 62' lang='lat' dir='ltr'><strong>consequentia.»</strong></span> <span class='ocrx_word' id='word_1_334' title='bbox 3091 1756 3293 1826; x_wconf 83' lang='lat' dir='ltr'><strong>Nempe</strong></span> <span class='ocrx_word' id='word_1_335' title='bbox 3322 1765 3505 1811; x_wconf 90' lang='lat' dir='ltr'><strong>autem</strong></span> <span class='ocrx_word' id='word_1_336' title='bbox 3536 1741 3700 1818; x_wconf 79' lang='lat' dir='ltr'><strong>sitne,</strong></span> 
     </span>
    </p>
   </div>
   <div class='ocr_carea' id='block_1_45' title="bbox 2128 1847 3698 1920">
    <p class='ocr_par' dir='ltr' id='par_1_45' title="bbox 2128 1847 3698 1920">
     <span class='ocr_line' id='line_1_45' title="bbox 2128 1847 3698 1920; baseline -0.003 -15"><span class='ocrx_word' id='word_1_337' title='bbox 2128 1853 2210 1906; x_wconf 80' lang='lat' dir='ltr'><strong>vel</strong></span> <span class='ocrx_word' id='word_1_338' title='bbox 2239 1867 2348 1906; x_wconf 87' lang='lat' dir='ltr'><strong>non</strong></span> <span class='ocrx_word' id='word_1_339' title='bbox 2389 1852 2457 1906; x_wconf 89' lang='lat' dir='ltr'><strong>sit</strong></span> <span class='ocrx_word' id='word_1_340' title='bbox 2487 1849 2657 1905; x_wconf 83' lang='lat' dir='ltr'><strong>Filius</strong></span> <span class='ocrx_word' id='word_1_341' title='bbox 2685 1849 2920 1920; x_wconf 84' lang='lat' dir='ltr'><strong>Spiritus</strong></span> <span class='ocrx_word' id='word_1_342' title='bbox 2955 1849 3128 1904; x_wconf 89' lang='lat' dir='ltr'><strong>sancti</strong></span> <span class='ocrx_word' id='word_1_343' title='bbox 3167 1847 3538 1904; x_wconf 86' lang='lat' dir='ltr'><strong>manifestatio</strong></span> <span class='ocrx_word' id='word_1_344' title='bbox 3565 1849 3698 1902; x_wconf 88' lang='lat' dir='ltr'><strong>nihil</strong></span> 
     </span>
    </p>
   </div>
   <div class='ocr_carea' id='block_1_46' title="bbox 2122 1939 3700 2013">
    <p class='ocr_par' dir='ltr' id='par_1_46' title="bbox 2122 1939 3700 2013">
     <span class='ocr_line' id='line_1_46' title="bbox 2122 1939 3700 2013; baseline -0.003 -17"><span class='ocrx_word' id='word_1_345' title='bbox 2122 1950 2299 2013; x_wconf 87' lang='lat' dir='ltr'><strong>potest</strong></span> <span class='ocrx_word' id='word_1_346' title='bbox 2343 1942 2660 2007; x_wconf 89' lang='lat' dir='ltr'><strong>ostendere;</strong></span> <span class='ocrx_word' id='word_1_347' title='bbox 2710 1940 2814 1996; x_wconf 92' lang='lat' dir='ltr'><strong>nisi</strong></span> <span class='ocrx_word' id='word_1_348' title='bbox 2874 1955 3112 2004; x_wconf 82' lang='lat' dir='ltr'><strong>manare,</strong></span> <span class='ocrx_word' id='word_1_349' title='bbox 3149 1939 3507 2003; x_wconf 70' lang='lat' dir='ltr'><strong>substantiam</strong></span> <span class='ocrx_word' id='word_1_350' title='bbox 3564 1940 3700 1993; x_wconf 87' lang='lat' dir='ltr'><strong>sim-</strong></span> 
     </span>
    </p>
   </div>
   <div class='ocr_carea' id='block_1_47' title="bbox 2122 2031 3698 2104">
    <p class='ocr_par' dir='ltr' id='par_1_47' title="bbox 2122 2031 3698 2104">
     <span class='ocr_line' id='line_1_47' title="bbox 2122 2031 3698 2104; baseline -0.005 -14"><span class='ocrx_word' id='word_1_351' title='bbox 2122 2035 2334 2104; x_wconf 85' lang='lat' dir='ltr'><strong>pliciter</strong></span> <span class='ocrx_word' id='word_1_352' title='bbox 2365 2032 2500 2102; x_wconf 81' lang='lat' dir='ltr'><strong>signi</strong></span> <span class='ocrx_word' id='word_1_353' title='bbox 2515 2034 2655 2096; x_wconf 89' lang='lat' dir='ltr'><strong>licet,</strong></span> <span class='ocrx_word' id='word_1_354' title='bbox 2682 2033 2826 2086; x_wconf 88' lang='lat' dir='ltr'><strong>sicut</strong></span> <span class='ocrx_word' id='word_1_355' title='bbox 2849 2046 2972 2086; x_wconf 86' lang='lat' dir='ltr'><strong>esse</strong></span> <span class='ocrx_word' id='word_1_356' title='bbox 2999 2031 3187 2093; x_wconf 84' lang='lat' dir='ltr'><strong>etiam.</strong></span> <span class='ocrx_word' id='word_1_357' title='bbox 3215 2031 3514 2086; x_wconf 90' lang='lat' dir='ltr'><strong>secundum</strong></span> <span class='ocrx_word' id='word_1_358' title='bbox 3535 2046 3698 2100; x_wconf 89' lang='lat' dir='ltr'><strong>quam</strong></span> 
     </span>
    </p>
   </div>
   <div class='ocr_carea' id='block_1_48' title="bbox 2125 2118 3699 2188">
    <p class='ocr_par' dir='ltr' id='par_1_48' title="bbox 2125 2118 3699 2188">
     <span class='ocr_line' id='line_1_48' title="bbox 2125 2118 3699 2188; baseline -0.007 -9"><span class='ocrx_word' id='word_1_359' title='bbox 2125 2123 2332 2180; x_wconf 88' lang='lat' dir='ltr'><strong>scilicet</strong></span> <span class='ocrx_word' id='word_1_360' title='bbox 2386 2121 2752 2176; x_wconf 88' lang='lat' dir='ltr'><strong>substantiam</strong></span> <span class='ocrx_word' id='word_1_361' title='bbox 2786 2135 2883 2188; x_wconf 86' lang='lat' dir='ltr'><strong>per</strong></span> <span class='ocrx_word' id='word_1_362' title='bbox 2940 2118 3143 2173; x_wconf 86' lang='lat' dir='ltr'><strong>Filium</strong></span> <span class='ocrx_word' id='word_1_363' title='bbox 3199 2133 3382 2174; x_wconf 88' lang='lat' dir='ltr'><strong>essea</strong></span> <span class='ocrx_word' id='word_1_364' title='bbox 3433 2119 3699 2186; x_wconf 81' lang='lat' dir='ltr'><strong>theologis</strong></span> 
     </span>
    </p>
   </div>
   <div class='ocr_carea' id='block_1_49' title="bbox 2125 2213 2415 2267">
    <p class='ocr_par' dir='ltr' id='par_1_49' title="bbox 2125 2213 2415 2267">
     <span class='ocr_line' id='line_1_49' title="bbox 2125 2213 2415 2267; baseline 0 -1"><span class='ocrx_word' id='word_1_365' title='bbox 2125 2213 2415 2267; x_wconf 88' lang='lat' dir='ltr'><strong>asseritur.</strong></span> 
     </span>
    </p>
   </div>
   <div class='ocr_carea' id='block_1_50' title="bbox 2201 2298 3696 2370">
    <p class='ocr_par' dir='ltr' id='par_1_50' title="bbox 2201 2298 3696 2370">
     <span class='ocr_line' id='line_1_50' title="bbox 2201 2298 3696 2370; baseline -0.006 -11"><span class='ocrx_word' id='word_1_366' title='bbox 2201 2306 2267 2359; x_wconf 85' lang='lat' dir='ltr'><strong>Et</strong></span> <span class='ocrx_word' id='word_1_367' title='bbox 2303 2303 2388 2358; x_wconf 88' lang='lat' dir='ltr'><strong>his</strong></span> <span class='ocrx_word' id='word_1_368' title='bbox 2420 2317 2550 2358; x_wconf 88' lang='lat' dir='ltr'><strong>vero</strong></span> <span class='ocrx_word' id='word_1_369' title='bbox 2581 2300 2711 2356; x_wconf 86' lang='lat' dir='ltr'><strong>illud</strong></span> <span class='ocrx_word' id='word_1_370' title='bbox 2740 2300 3028 2357; x_wconf 81' lang='lat' dir='ltr'><strong>conﬁcitur</strong></span> <span class='ocrx_word' id='word_1_371' title='bbox 3051 2311 3139 2366; x_wconf 87' lang='lat' dir='ltr'><strong>,et</strong></span> <span class='ocrx_word' id='word_1_372' title='bbox 3163 2298 3424 2370; x_wconf 83' lang='lat' dir='ltr'><strong>Spiritum</strong></span> <span class='ocrx_word' id='word_1_373' title='bbox 3445 2308 3696 2354; x_wconf 83' lang='lat' dir='ltr'><strong>sanctum</strong></span> 
     </span>
    </p>
   </div>
   <div class='ocr_carea' id='block_1_51' title="bbox 2129 2391 3693 2461">
    <p class='ocr_par' dir='ltr' id='par_1_51' title="bbox 2129 2391 3693 2461">
     <span class='ocr_line' id='line_1_51' title="bbox 2129 2391 3693 2461; baseline -0.006 -11"><span class='ocrx_word' id='word_1_374' title='bbox 2129 2411 2237 2450; x_wconf 76' lang='lat' dir='ltr'><strong>non</strong></span> <span class='ocrx_word' id='word_1_375' title='bbox 2269 2410 2392 2451; x_wconf 91' lang='lat' dir='ltr'><strong>esse</strong></span> <span class='ocrx_word' id='word_1_376' title='bbox 2440 2394 2662 2456; x_wconf 87' lang='lat' dir='ltr'><strong>Filium,</strong></span> <span class='ocrx_word' id='word_1_377' title='bbox 2709 2392 2910 2461; x_wconf 84' lang='lat' dir='ltr'><strong>quippe</strong></span> <span class='ocrx_word' id='word_1_378' title='bbox 2957 2392 3320 2446; x_wconf 87' lang='lat' dir='ltr'><strong>emanationis</strong></span> <span class='ocrx_word' id='word_1_379' title='bbox 3365 2391 3693 2451; x_wconf 75' lang='lat' dir='ltr'><strong>dill‘creutia,</strong></span> 
     </span>
    </p>
   </div>
   <div class='ocr_carea' id='block_1_52' title="bbox 2128 2482 3698 2552">
    <p class='ocr_par' dir='ltr' id='par_1_52' title="bbox 2128 2482 3698 2552">
     <span class='ocr_line' id='line_1_52' title="bbox 2128 2482 3698 2552; baseline -0.004 -12"><span class='ocrx_word' id='word_1_380' title='bbox 2128 2488 2232 2540; x_wconf 91' lang='lat' dir='ltr'><strong>hoc</strong></span> <span class='ocrx_word' id='word_1_381' title='bbox 2269 2493 2370 2547; x_wconf 85' lang='lat' dir='ltr'><strong>est,</strong></span> <span class='ocrx_word' id='word_1_382' title='bbox 2417 2482 2615 2537; x_wconf 88' lang='lat' dir='ltr'><strong>modus</strong></span> <span class='ocrx_word' id='word_1_383' title='bbox 2656 2483 2912 2536; x_wconf 73' lang='lat' dir='ltr'><strong>dilleretts</strong></span> <span class='ocrx_word' id='word_1_384' title='bbox 2955 2496 3246 2552; x_wconf 90' lang='lat' dir='ltr'><strong>processus</strong></span> <span class='ocrx_word' id='word_1_385' title='bbox 3296 2482 3517 2535; x_wconf 88' lang='lat' dir='ltr'><strong>illorunt</strong></span> <span class='ocrx_word' id='word_1_386' title='bbox 3565 2484 3698 2550; x_wconf 40' lang='lat' dir='ltr'><strong>sub:</strong></span> 
     </span>
    </p>
   </div>
   <div class='ocr_carea' id='block_1_53' title="bbox 2127 2573 3699 2645">
    <p class='ocr_par' dir='ltr' id='par_1_53' title="bbox 2127 2573 3699 2645">
     <span class='ocr_line' id='line_1_53' title="bbox 2127 2573 3699 2645; baseline -0.007 -9"><span class='ocrx_word' id='word_1_387' title='bbox 2127 2579 2362 2645; x_wconf 61' lang='lat' dir='ltr'><strong>stantia,</strong></span> <span class='ocrx_word' id='word_1_388' title='bbox 2416 2577 2717 2632; x_wconf 89' lang='lat' dir='ltr'><strong>secundum</strong></span> <span class='ocrx_word' id='word_1_389' title='bbox 2772 2575 3085 2643; x_wconf 76' lang='lat' dir='ltr'><strong>theologum</strong></span> <span class='ocrx_word' id='word_1_390' title='bbox 3139 2573 3502 2642; x_wconf 73' lang='lat' dir='ltr'><strong>Gregorium,</strong></span> <span class='ocrx_word' id='word_1_391' title='bbox 3555 2576 3699 2626; x_wconf 89' lang='lat' dir='ltr'><strong>hunc</strong></span> 
     </span>
    </p>
   </div>
   <div class='ocr_carea' id='block_1_54' title="bbox 2119 2647 3699 2741">
    <p class='ocr_par' dir='ltr' id='par_1_54' title="bbox 2119 2647 3699 2741">
     <span class='ocr_line' id='line_1_54' title="bbox 2119 2647 3699 2741; baseline -0.006 -14"><span class='ocrx_word' id='word_1_392' title='bbox 2119 2647 2536 2741; x_wconf 21' lang='lat' dir='ltr'><strong>,Filiuni,.illum</strong></span> <span class='ocrx_word' id='word_1_393' title='bbox 2569 2667 2836 2736; x_wconf 89' lang='lat' dir='ltr'><strong>Spiritum</strong></span> <span class='ocrx_word' id='word_1_394' title='bbox 2869 2675 3118 2720; x_wconf 83' lang='lat' dir='ltr'><strong>sanctum</strong></span> <span class='ocrx_word' id='word_1_395' title='bbox 3143 2667 3403 2734; x_wconf 87' lang='lat' dir='ltr'><strong>appellari</strong></span> <span class='ocrx_word' id='word_1_396' title='bbox 3429 2663 3572 2719; x_wconf 70' lang='lat' dir='ltr'><strong>ferit.</strong></span> <span class='ocrx_word' id='word_1_397' title='bbox 3602 2663 3699 2718; x_wconf 86' lang='lat' dir='ltr'><strong>llic</strong></span> 
     </span>
    </p>
   </div>
   <div class='ocr_carea' id='block_1_55' title="bbox 2129 2757 3696 2827">
    <p class='ocr_par' dir='ltr' id='par_1_55' title="bbox 2129 2757 3696 2827">
     <span class='ocr_line' id='line_1_55' title="bbox 2129 2757 3696 2827; baseline -0.006 -10"><span class='ocrx_word' id='word_1_398' title='bbox 2129 2764 2272 2817; x_wconf 90' lang='lat' dir='ltr'><strong>enim</strong></span> <span class='ocrx_word' id='word_1_399' title='bbox 2307 2777 2372 2816; x_wconf 86' lang='lat' dir='ltr'><strong>ex</strong></span> <span class='ocrx_word' id='word_1_400' title='bbox 2425 2762 2584 2816; x_wconf 89' lang='lat' dir='ltr'><strong>Patre</strong></span> <span class='ocrx_word' id='word_1_401' title='bbox 2615 2761 2735 2815; x_wconf 90' lang='lat' dir='ltr'><strong>sine</strong></span> <span class='ocrx_word' id='word_1_402' title='bbox 2763 2760 2968 2826; x_wconf 91' lang='lat' dir='ltr'><strong>medio,</strong></span> <span class='ocrx_word' id='word_1_403' title='bbox 3005 2759 3093 2813; x_wconf 91' lang='lat' dir='ltr'><strong>ille</strong></span> <span class='ocrx_word' id='word_1_404' title='bbox 3129 2769 3334 2825; x_wconf 87' lang='lat' dir='ltr'><strong>autem,</strong></span> <span class='ocrx_word' id='word_1_405' title='bbox 3371 2773 3466 2827; x_wconf 82' lang='lat' dir='ltr'><strong>per</strong></span> <span class='ocrx_word' id='word_1_406' title='bbox 3501 2757 3696 2813; x_wconf 83' lang='lat' dir='ltr'><strong>Filiam</strong></span> 
     </span>
    </p>
   </div>
   <div class='ocr_carea' id='block_1_56' title="bbox 2129 2856 2616 2925">
    <p class='ocr_par' dir='ltr' id='par_1_56' title="bbox 2129 2856 2616 2925">
     <span class='ocr_line' id='line_1_56' title="bbox 2129 2856 2616 2925; baseline -0.006 -13"><span class='ocrx_word' id='word_1_407' title='bbox 2129 2871 2250 2912; x_wconf 88' lang='lat' dir='ltr'><strong>esse</strong></span> <span class='ocrx_word' id='word_1_408' title='bbox 2281 2856 2616 2925; x_wconf 89' lang='lat' dir='ltr'><strong>perhibetur.</strong></span> 
     </span>
    </p>
   </div>
   <div class='ocr_carea' id='block_1_57' title="bbox 2200 2943 3695 3019">
    <p class='ocr_par' dir='ltr' id='par_1_57' title="bbox 2200 2943 3695 3019">
     <span class='ocr_line' id='line_1_57' title="bbox 2200 2943 3695 3019; baseline -0.006 -19"><span class='ocrx_word' id='word_1_409' title='bbox 2200 2947 2398 3019; x_wconf 80' lang='lat' dir='ltr'><strong>Liquet</strong></span> <span class='ocrx_word' id='word_1_410' title='bbox 2425 2957 2607 3001; x_wconf 87' lang='lat' dir='ltr'><strong>autem</strong></span> <span class='ocrx_word' id='word_1_411' title='bbox 2643 2956 2697 3001; x_wconf 92' lang='lat' dir='ltr'><strong>et</strong></span> <span class='ocrx_word' id='word_1_412' title='bbox 2729 2945 2856 3010; x_wconf 89' lang='lat' dir='ltr'><strong>hoc,</strong></span> <span class='ocrx_word' id='word_1_413' title='bbox 2885 2943 3030 3015; x_wconf 91' lang='lat' dir='ltr'><strong>quod</strong></span> <span class='ocrx_word' id='word_1_414' title='bbox 3054 2960 3284 3012; x_wconf 75' lang='lat' dir='ltr'><strong>magnus</strong></span> <span class='ocrx_word' id='word_1_415' title='bbox 3315 2943 3547 2998; x_wconf 83' lang='lat' dir='ltr'><strong>Basilius</strong></span> <span class='ocrx_word' id='word_1_416' title='bbox 3571 2959 3695 2996; x_wconf 91' lang='lat' dir='ltr'><strong>cum</strong></span> 
     </span>
    </p>
   </div>
   <div class='ocr_carea' id='block_1_58' title="bbox 2129 3034 3698 3112">
    <p class='ocr_par' dir='ltr' id='par_1_58' title="bbox 2129 3034 3698 3112">
     <span class='ocr_line' id='line_1_58' title="bbox 2129 3034 3698 3112; baseline -0.003 -19"><span class='ocrx_word' id='word_1_417' title='bbox 2129 3043 2249 3112; x_wconf 85' lang='lat' dir='ltr'><strong>jure</strong></span> <span class='ocrx_word' id='word_1_418' title='bbox 2285 3057 2385 3097; x_wconf 90' lang='lat' dir='ltr'><strong>suo</strong></span> <span class='ocrx_word' id='word_1_419' title='bbox 2419 3040 2705 3095; x_wconf 83' lang='lat' dir='ltr'><strong>confutare</strong></span> <span class='ocrx_word' id='word_1_420' title='bbox 2732 3039 2945 3110; x_wconf 85' lang='lat' dir='ltr'><strong>objecta</strong></span> <span class='ocrx_word' id='word_1_421' title='bbox 2978 3038 3244 3094; x_wconf 89' lang='lat' dir='ltr'><strong>valuisset</strong></span> <span class='ocrx_word' id='word_1_422' title='bbox 3269 3039 3458 3094; x_wconf 87' lang='lat' dir='ltr'><strong>dicens</strong></span> <span class='ocrx_word' id='word_1_423' title='bbox 3491 3053 3505 3090; x_wconf 92' lang='lat'><strong>:</strong></span> <span class='ocrx_word' id='word_1_424' title='bbox 3546 3056 3563 3088; x_wconf 74' lang='grc' dir='ltr'>ι</span> <span class='ocrx_word' id='word_1_425' title='bbox 3593 3034 3698 3102; x_wconf 88' lang='lat' dir='ltr'><strong>Qui</strong></span> 
     </span>
    </p>
   </div>
   <div class='ocr_carea' id='block_1_59' title="bbox 455 3131 3698 3212">
    <p class='ocr_par' dir='ltr' id='par_1_59' title="bbox 455 3131 3698 3212">
     <span class='ocr_line' id='line_1_59' title="bbox 455 3131 3698 3212; baseline 0.001 -31"><span class='ocrx_word' id='word_1_426' title='bbox 455 3133 750 3199; x_wconf 73' lang='lat' dir='ltr'><strong>accepimus</strong></span> <span class='ocrx_word' id='word_1_427' title='bbox 778 3134 823 3194; x_wconf 78' lang='grc'><strong>⁸.</strong></span> <span class='ocrx_word' id='word_1_428' title='bbox 856 3148 1095 3202; x_wconf 85' lang='lat' dir='ltr'><strong>cumque</strong></span> <span class='ocrx_word' id='word_1_429' title='bbox 1126 3149 1219 3202; x_wconf 87' lang='lat' dir='ltr'><strong>per</strong></span> <span class='ocrx_word' id='word_1_430' title='bbox 1259 3133 1456 3187; x_wconf 86' lang='lat' dir='ltr'><strong>Filium</strong></span> <span class='ocrx_word' id='word_1_431' title='bbox 1490 3148 1761 3195; x_wconf 83' lang='lat' dir='ltr'><strong>manasse,</strong></span> <span class='ocrx_word' id='word_1_432' title='bbox 1791 3131 2019 3186; x_wconf 81' lang='lat' dir='ltr'><strong>maniie-</strong></span> <span class='ocrx_word' id='word_1_433' title='bbox 2044 3153 2089 3212; x_wconf 66' lang='grc' dir='ltr'><em>ε</em></span> <span class='ocrx_word' id='word_1_434' title='bbox 2134 3135 2297 3205; x_wconf 84' lang='lat' dir='ltr'><strong>igitur</strong></span> <span class='ocrx_word' id='word_1_435' title='bbox 2341 3150 2516 3203; x_wconf 88' lang='lat' dir='ltr'><strong>neque</strong></span> <span class='ocrx_word' id='word_1_436' title='bbox 2549 3150 2614 3188; x_wconf 79' lang='lat' dir='ltr'><strong>ex</strong></span> <span class='ocrx_word' id='word_1_437' title='bbox 2653 3132 2813 3199; x_wconf 90' lang='lat' dir='ltr'><strong>Filio,</strong></span> <span class='ocrx_word' id='word_1_438' title='bbox 2862 3147 3039 3202; x_wconf 89' lang='lat' dir='ltr'><strong>neque</strong></span> <span class='ocrx_word' id='word_1_439' title='bbox 3069 3148 3166 3202; x_wconf 85' lang='lat' dir='ltr'><strong>per</strong></span> <span class='ocrx_word' id='word_1_440' title='bbox 3199 3131 3394 3186; x_wconf 85' lang='lat' dir='ltr'><strong>Filium</strong></span> <span class='ocrx_word' id='word_1_441' title='bbox 3435 3131 3698 3185; x_wconf 65' lang='lat' dir='ltr'><strong>subsun-</strong></span> 
     </span>
    </p>
   </div>
   <div class='ocr_carea' id='block_1_60' title="bbox 452 3218 2020 3292">
    <p class='ocr_par' dir='ltr' id='par_1_60' title="bbox 452 3218 2020 3292">
     <span class='ocr_line' id='line_1_60' title="bbox 452 3218 2020 3292; baseline 0.001 -20"><span class='ocrx_word' id='word_1_442' title='bbox 452 3230 596 3272; x_wconf 86' lang='lat' dir='ltr'><strong>stnm</strong></span> <span class='ocrx_word' id='word_1_443' title='bbox 632 3218 755 3275; x_wconf 81' lang='lat' dir='ltr'><strong>fecit</strong></span> <span class='ocrx_word' id='word_1_444' title='bbox 790 3219 984 3287; x_wconf 79' lang='lat' dir='ltr'><strong>Filius,</strong></span> <span class='ocrx_word' id='word_1_445' title='bbox 1020 3221 1280 3292; x_wconf 79' lang='lat' dir='ltr'><strong>Spiritum</strong></span> <span class='ocrx_word' id='word_1_446' title='bbox 1337 3223 1511 3292; x_wconf 82' lang='lat' dir='ltr'><strong>ipsum</strong></span> <span class='ocrx_word' id='word_1_447' title='bbox 1555 3222 1832 3290; x_wconf 81' lang='lat' dir='ltr'><strong>appellans</strong></span> <span class='ocrx_word' id='word_1_448' title='bbox 1877 3222 2020 3278; x_wconf 84' lang='lat' dir='ltr'><strong>sicut</strong></span> 
     </span>
    </p>
   </div>
   <div class='ocr_carea' id='block_1_61' title="bbox 453 3311 2022 3377">
    <p class='ocr_par' dir='ltr' id='par_1_61' title="bbox 453 3311 2022 3377">
     <span class='ocr_line' id='line_1_61' title="bbox 453 3311 2022 3377; baseline 0.001 -13"><span class='ocrx_word' id='word_1_449' title='bbox 453 3322 508 3366; x_wconf 90' lang='lat' dir='ltr'><strong>et</strong></span> <span class='ocrx_word' id='word_1_450' title='bbox 551 3311 650 3365; x_wconf 89' lang='lat' dir='ltr'><strong>Dei</strong></span> <span class='ocrx_word' id='word_1_451' title='bbox 713 3321 764 3366; x_wconf 89' lang='lat' dir='ltr'><strong>et</strong></span> <span class='ocrx_word' id='word_1_452' title='bbox 797 3311 1000 3367; x_wconf 81' lang='lat' dir='ltr'><strong>Christi</strong></span> <span class='ocrx_word' id='word_1_453' title='bbox 1049 3323 1280 3369; x_wconf 89' lang='lat' dir='ltr'><strong>mentem</strong></span> <span class='ocrx_word' id='word_1_454' title='bbox 1327 3314 1638 3377; x_wconf 88' lang='lat' dir='ltr'><strong>nominans,</strong></span> <span class='ocrx_word' id='word_1_455' title='bbox 1675 3313 1816 3367; x_wconf 87' lang='lat' dir='ltr'><strong>sicut</strong></span> <span class='ocrx_word' id='word_1_456' title='bbox 1845 3323 1899 3367; x_wconf 89' lang='lat' dir='ltr'><strong>et</strong></span> <span class='ocrx_word' id='word_1_457' title='bbox 1929 3313 2022 3367; x_wconf 81' lang='lat' dir='ltr'><strong>Dei</strong></span> 
     </span>
    </p>
   </div>
   <div class='ocr_carea' id='block_1_62' title="bbox 453 3405 2022 3479">
    <p class='ocr_par' dir='ltr' id='par_1_62' title="bbox 453 3405 2022 3479">
     <span class='ocr_line' id='line_1_62' title="bbox 453 3405 2022 3479; baseline 0.003 -22"><span class='ocrx_word' id='word_1_458' title='bbox 453 3405 742 3474; x_wconf 75' lang='lat' dir='ltr'><strong>Spiritum.</strong></span> <span class='ocrx_word' id='word_1_459' title='bbox 816 3408 936 3463; x_wconf 87' lang='lat' dir='ltr'><strong>Filii</strong></span> <span class='ocrx_word' id='word_1_460' title='bbox 1006 3419 1191 3464; x_wconf 90' lang='lat' dir='ltr'><strong>autem</strong></span> <span class='ocrx_word' id='word_1_461' title='bbox 1261 3409 1461 3464; x_wconf 88' lang='lat' dir='ltr'><strong>Filium</strong></span> <span class='ocrx_word' id='word_1_462' title='bbox 1529 3409 1804 3479; x_wconf 88' lang='lat' dir='ltr'><strong>appellare</strong></span> <span class='ocrx_word' id='word_1_463' title='bbox 1864 3418 2022 3463; x_wconf 87' lang='lat' dir='ltr'><strong>caute</strong></span> 
     </span>
    </p>
   </div>
   <div class='ocr_carea' id='block_1_63' title="bbox 451 3499 821 3555">
    <p class='ocr_par' dir='ltr' id='par_1_63' title="bbox 451 3499 821 3555">
     <span class='ocr_line' id='line_1_63' title="bbox 451 3499 821 3555; baseline -0.003 -3"><span class='ocrx_word' id='word_1_464' title='bbox 451 3499 762 3555; x_wconf 84' lang='lat' dir='ltr'><strong>declinavit.</strong></span> <span class='ocrx_word' id='word_1_465' title='bbox 803 3519 821 3551; x_wconf 75' lang='grc' dir='ltr'>ι</span> 
     </span>
    </p>
   </div>
   <div class='ocr_carea' id='block_1_64' title="bbox 524 3590 2021 3662">
    <p class='ocr_par' dir='ltr' id='par_1_64' title="bbox 524 3590 2021 3662">
     <span class='ocr_line' id='line_1_64' title="bbox 524 3590 2021 3662; baseline 0.001 -17"><span class='ocrx_word' id='word_1_466' title='bbox 524 3590 711 3662; x_wconf 86' lang='lat' dir='ltr'><strong>Itaque</strong></span> <span class='ocrx_word' id='word_1_467' title='bbox 746 3607 981 3662; x_wconf 75' lang='lat' dir='ltr'><strong>magnus</strong></span> <span class='ocrx_word' id='word_1_468' title='bbox 1013 3591 1246 3647; x_wconf 88' lang='lat' dir='ltr'><strong>Basilius</strong></span> <span class='ocrx_word' id='word_1_469' title='bbox 1270 3590 1395 3646; x_wconf 89' lang='lat' dir='ltr'><strong>Filii</strong></span> <span class='ocrx_word' id='word_1_470' title='bbox 1423 3592 1639 3662; x_wconf 89' lang='lat' dir='ltr'><strong>quidem</strong></span> <span class='ocrx_word' id='word_1_471' title='bbox 1665 3592 1857 3647; x_wconf 87' lang='lat' dir='ltr'><strong>Filium</strong></span> <span class='ocrx_word' id='word_1_472' title='bbox 1899 3605 2021 3646; x_wconf 87' lang='lat' dir='ltr'><strong>esse</strong></span> 
     </span>
    </p>
   </div>
   <div class='ocr_carea' id='block_1_65' title="bbox 455 3681 2018 3754">
    <p class='ocr_par' dir='ltr' id='par_1_65' title="bbox 455 3681 2018 3754">
     <span class='ocr_line' id='line_1_65' title="bbox 455 3681 2018 3754; baseline -0.001 -17"><span class='ocrx_word' id='word_1_473' title='bbox 455 3683 715 3754; x_wconf 84' lang='lat' dir='ltr'><strong>Spiritum</strong></span> <span class='ocrx_word' id='word_1_474' title='bbox 753 3695 934 3754; x_wconf 83' lang='lat' dir='ltr'><strong>negat,</strong></span> <span class='ocrx_word' id='word_1_475' title='bbox 962 3700 1027 3739; x_wconf 83' lang='lat' dir='ltr'><strong>ex</strong></span> <span class='ocrx_word' id='word_1_476' title='bbox 1069 3683 1206 3739; x_wconf 84' lang='lat' dir='ltr'><strong>Filio</strong></span> <span class='ocrx_word' id='word_1_477' title='bbox 1263 3695 1444 3738; x_wconf 87' lang='lat' dir='ltr'><strong>autem</strong></span> <span class='ocrx_word' id='word_1_478' title='bbox 1503 3685 1618 3739; x_wconf 84' lang='lat' dir='ltr'><strong>sive</strong></span> <span class='ocrx_word' id='word_1_479' title='bbox 1677 3700 1770 3754; x_wconf 90' lang='lat' dir='ltr'><strong>per</strong></span> <span class='ocrx_word' id='word_1_480' title='bbox 1822 3681 2018 3736; x_wconf 83' lang='lat' dir='ltr'><strong>Filium</strong></span> 
     </span>
    </p>
   </div>
   <div class='ocr_carea' id='block_1_66' title="bbox 453 3775 2021 3843">
    <p class='ocr_par' dir='ltr' id='par_1_66' title="bbox 453 3775 2021 3843">
     <span class='ocr_line' id='line_1_66' title="bbox 453 3775 2021 3843; baseline -0.001 -16"><span class='ocrx_word' id='word_1_481' title='bbox 453 3775 670 3843; x_wconf 84' lang='lat' dir='ltr'><strong>prodire</strong></span> <span class='ocrx_word' id='word_1_482' title='bbox 697 3784 999 3830; x_wconf 85' lang='lat' dir='ltr'><strong>asseverat.</strong></span> <span class='ocrx_word' id='word_1_483' title='bbox 1031 3775 1185 3840; x_wconf 83' lang='lat' dir='ltr'><strong>Quod</strong></span> <span class='ocrx_word' id='word_1_484' title='bbox 1231 3788 1411 3832; x_wconf 87' lang='lat' dir='ltr'><strong>autem</strong></span> <span class='ocrx_word' id='word_1_485' title='bbox 1453 3792 1674 3831; x_wconf 88' lang='lat' dir='ltr'><strong>manare</strong></span> <span class='ocrx_word' id='word_1_486' title='bbox 1704 3775 2021 3829; x_wconf 83' lang='lat' dir='ltr'><strong>naturaliter</strong></span> 
     </span>
    </p>
   </div>
   <div class='ocr_carea' id='block_1_67' title="bbox 450 3869 2020 3940">
    <p class='ocr_par' dir='ltr' id='par_1_67' title="bbox 450 3869 2020 3940">
     <span class='ocr_line' id='line_1_67' title="bbox 450 3869 2020 3940; baseline 0.002 -20"><span class='ocrx_word' id='word_1_487' title='bbox 450 3871 730 3934; x_wconf 74' lang='lat' dir='ltr'><strong>procedere</strong></span> <span class='ocrx_word' id='word_1_488' title='bbox 769 3869 1064 3938; x_wconf 72' lang='lat' dir='ltr'><strong>signiticet,</strong></span> <span class='ocrx_word' id='word_1_489' title='bbox 1102 3887 1164 3924; x_wconf 79' lang='lat' dir='ltr'><strong>ex</strong></span> <span class='ocrx_word' id='word_1_490' title='bbox 1199 3885 1264 3925; x_wconf 90' lang='lat' dir='ltr'><strong>eo</strong></span> <span class='ocrx_word' id='word_1_491' title='bbox 1295 3869 1511 3940; x_wconf 91' lang='lat' dir='ltr'><strong>quidem</strong></span> <span class='ocrx_word' id='word_1_492' title='bbox 1547 3869 1889 3923; x_wconf 87' lang='lat' dir='ltr'><strong>manifestum</strong></span> <span class='ocrx_word' id='word_1_493' title='bbox 1919 3880 2020 3934; x_wconf 90' lang='lat' dir='ltr'><strong>est,</strong></span> 
     </span>
    </p>
   </div>
   <div class='ocr_carea' id='block_1_68' title="bbox 452 3960 2020 4031">
    <p class='ocr_par' dir='ltr' id='par_1_68' title="bbox 452 3960 2020 4031">
     <span class='ocr_line' id='line_1_68' title="bbox 452 3960 2020 4031; baseline 0 -18"><span class='ocrx_word' id='word_1_494' title='bbox 452 3961 597 4028; x_wconf 84' lang='lat' dir='ltr'><strong>quod</strong></span> <span class='ocrx_word' id='word_1_495' title='bbox 638 3977 704 4015; x_wconf 81' lang='lat' dir='ltr'><strong>eo</strong></span> <span class='ocrx_word' id='word_1_496' title='bbox 737 3962 902 4017; x_wconf 83' lang='lat' dir='ltr'><strong>verbo</strong></span> <span class='ocrx_word' id='word_1_497' title='bbox 934 3964 1099 4017; x_wconf 85' lang='lat' dir='ltr'><strong>etiam</strong></span> <span class='ocrx_word' id='word_1_498' title='bbox 1153 3964 1207 4017; x_wconf 93' lang='lat' dir='ltr'><strong>in</strong></span> <span class='ocrx_word' id='word_1_499' title='bbox 1261 3964 1546 4017; x_wconf 84' lang='lat' dir='ltr'><strong>nativitate</strong></span> <span class='ocrx_word' id='word_1_500' title='bbox 1606 3960 1728 4014; x_wconf 86' lang='lat' dir='ltr'><strong>Filii</strong></span> <span class='ocrx_word' id='word_1_501' title='bbox 1785 3960 2020 4031; x_wconf 76' lang='lat' dir='ltr'><strong>theologi</strong></span> 
     </span>
    </p>
   </div>
   <div class='ocr_carea' id='block_1_69' title="bbox 458 4051 2021 4122">
    <p class='ocr_par' dir='ltr' id='par_1_69' title="bbox 458 4051 2021 4122">
     <span class='ocr_line' id='line_1_69' title="bbox 458 4051 2021 4122; baseline 0.003 -22"><span class='ocrx_word' id='word_1_502' title='bbox 458 4061 710 4106; x_wconf 89' lang='lat' dir='ltr'><strong>utuntur.</strong></span> <span class='ocrx_word' id='word_1_503' title='bbox 749 4051 986 4108; x_wconf 87' lang='lat' dir='ltr'><strong>Sanctus</strong></span> <span class='ocrx_word' id='word_1_504' title='bbox 1021 4054 1166 4107; x_wconf 86' lang='lat' dir='ltr'><strong>enim</strong></span> <span class='ocrx_word' id='word_1_505' title='bbox 1199 4054 1455 4120; x_wconf 80' lang='lat' dir='ltr'><strong>Cyrillus,</strong></span> <span class='ocrx_word' id='word_1_506' title='bbox 1495 4053 1548 4106; x_wconf 89' lang='lat' dir='ltr'><strong>in</strong></span> <span class='ocrx_word' id='word_1_507' title='bbox 1581 4053 1742 4117; x_wconf 88' lang='lat' dir='ltr'><strong>libro,</strong></span> <span class='ocrx_word' id='word_1_508' title='bbox 1764 4068 1922 4122; x_wconf 89' lang='lat' dir='ltr'><strong>quem</strong></span> <span class='ocrx_word' id='word_1_509' title='bbox 1955 4051 2021 4105; x_wconf 87' lang='lat' dir='ltr'><strong>ad</strong></span> 
     </span>
    </p>
   </div>
   <div class='ocr_carea' id='block_1_70' title="bbox 452 4141 2025 4216">
    <p class='ocr_par' dir='ltr' id='par_1_70' title="bbox 452 4141 2025 4216">
     <span class='ocr_line' id='line_1_70' title="bbox 452 4141 2025 4216; baseline 0.001 -20"><span class='ocrx_word' id='word_1_510' title='bbox 452 4141 805 4198; x_wconf 80' lang='lat' dir='ltr'><strong>Valerianum</strong></span> <span class='ocrx_word' id='word_1_511' title='bbox 837 4146 1157 4216; x_wconf 88' lang='lat' dir='ltr'><strong>episcopum</strong></span> <span class='ocrx_word' id='word_1_512' title='bbox 1191 4146 1436 4215; x_wconf 73' lang='lat' dir='ltr'><strong>Scripsit,</strong></span> <span class='ocrx_word' id='word_1_513' title='bbox 1486 4164 1502 4197; x_wconf 84' lang='lat' dir='ltr'><strong>t</strong></span> <span class='ocrx_word' id='word_1_514' title='bbox 1532 4142 1788 4211; x_wconf 87' lang='lat' dir='ltr'><strong>Sanctus,</strong></span> <span class='ocrx_word' id='word_1_515' title='bbox 1824 4145 2025 4215; x_wconf 85' lang='lat' dir='ltr'><strong>inquit,</strong></span> 
     </span>
    </p>
   </div>
   <div class='ocr_carea' id='block_1_71' title="bbox 456 4237 2022 4307">
    <p class='ocr_par' dir='ltr' id='par_1_71' title="bbox 456 4237 2022 4307">
     <span class='ocr_line' id='line_1_71' title="bbox 456 4237 2022 4307; baseline 0.001 -20"><span class='ocrx_word' id='word_1_516' title='bbox 456 4252 553 4304; x_wconf 86' lang='lat' dir='ltr'><strong>per</strong></span> <span class='ocrx_word' id='word_1_517' title='bbox 589 4247 838 4291; x_wconf 84' lang='lat' dir='ltr'><strong>naturam</strong></span> <span class='ocrx_word' id='word_1_518' title='bbox 881 4253 1005 4293; x_wconf 92' lang='lat' dir='ltr'><strong>cum</strong></span> <span class='ocrx_word' id='word_1_519' title='bbox 1061 4239 1154 4302; x_wconf 88' lang='lat' dir='ltr'><strong>sit,</strong></span> <span class='ocrx_word' id='word_1_520' title='bbox 1211 4237 1671 4307; x_wconf 85' lang='lat' dir='ltr'><strong>quemadmodum</strong></span> <span class='ocrx_word' id='word_1_521' title='bbox 1739 4247 1790 4293; x_wconf 87' lang='lat' dir='ltr'><strong>et</strong></span> <span class='ocrx_word' id='word_1_522' title='bbox 1842 4237 2022 4302; x_wconf 89' lang='lat' dir='ltr'><strong>Pater,</strong></span> 
     </span>
    </p>
   </div>
   <div class='ocr_carea' id='block_1_72' title="bbox 462 4328 2026 4402">
    <p class='ocr_par' dir='ltr' id='par_1_72' title="bbox 462 4328 2026 4402">
     <span class='ocr_line' id='line_1_72' title="bbox 462 4328 2026 4402; baseline 0.001 -21"><span class='ocrx_word' id='word_1_523' title='bbox 462 4328 507 4382; x_wconf 94' lang='lat' dir='ltr'><strong>is</strong></span> <span class='ocrx_word' id='word_1_524' title='bbox 556 4331 648 4398; x_wconf 88' lang='lat' dir='ltr'><strong>qtti</strong></span> <span class='ocrx_word' id='word_1_525' title='bbox 691 4343 768 4402; x_wconf 80' lang='lat' dir='ltr'><strong>ex</strong></span> <span class='ocrx_word' id='word_1_526' title='bbox 817 4343 881 4383; x_wconf 92' lang='lat' dir='ltr'><strong>eo</strong></span> <span class='ocrx_word' id='word_1_527' title='bbox 934 4329 1176 4384; x_wconf 80' lang='lat' dir='ltr'><strong>manavit</strong></span> <span class='ocrx_word' id='word_1_528' title='bbox 1212 4329 1528 4398; x_wconf 80' lang='lat' dir='ltr'><strong>unigenitus</strong></span> <span class='ocrx_word' id='word_1_529' title='bbox 1561 4329 1733 4384; x_wconf 85' lang='lat' dir='ltr'><strong>Filius</strong></span> <span class='ocrx_word' id='word_1_530' title='bbox 1765 4343 1796 4382; x_wconf 91' lang='lat' dir='ltr'><strong>a</strong></span> <span class='ocrx_word' id='word_1_531' title='bbox 1847 4328 2026 4390; x_wconf 81' lang='lat' dir='ltr'><strong>Patre,</strong></span> 
     </span>
    </p>
   </div>
   <div class='ocr_carea' id='block_1_73' title="bbox 459 4421 2026 4491">
    <p class='ocr_par' dir='ltr' id='par_1_73' title="bbox 459 4421 2026 4491">
     <span class='ocr_line' id='line_1_73' title="bbox 459 4421 2026 4491; baseline -0.001 -15"><span class='ocrx_word' id='word_1_532' title='bbox 459 4423 833 4478; x_wconf 82' lang='lat' dir='ltr'><strong>sanctiﬁcatus</strong></span> <span class='ocrx_word' id='word_1_533' title='bbox 898 4422 1101 4477; x_wconf 89' lang='lat' dir='ltr'><strong>dicitur</strong></span> <span class='ocrx_word' id='word_1_534' title='bbox 1177 4421 1480 4478; x_wconf 88' lang='lat' dir='ltr'><strong>secundum</strong></span> <span class='ocrx_word' id='word_1_535' title='bbox 1561 4422 1706 4491; x_wconf 90' lang='lat' dir='ltr'><strong>quod</strong></span> <span class='ocrx_word' id='word_1_536' title='bbox 1773 4422 2026 4491; x_wconf 89' lang='lat' dir='ltr'><strong>apparuit</strong></span> 
     </span>
    </p>
   </div>
   <div class='ocr_carea' id='block_1_74' title="bbox 459 4514 706 4567">
    <p class='ocr_par' dir='ltr' id='par_1_74' title="bbox 459 4514 706 4567">
     <span class='ocr_line' id='line_1_74' title="bbox 459 4514 706 4567; baseline -0.016 0"><span class='ocrx_word' id='word_1_537' title='bbox 459 4514 642 4567; x_wconf 83' lang='lat' dir='ltr'><strong>homo.</strong></span> <span class='ocrx_word' id='word_1_538' title='bbox 687 4531 706 4564; x_wconf 68' lang='grc' dir='ltr'><strong><em>ι</em></strong></span> 
     </span>
    </p>
   </div>
   <div class='ocr_carea' id='block_1_75' title="bbox 522 4602 2030 4676">
    <p class='ocr_par' dir='ltr' id='par_1_75' title="bbox 522 4602 2030 4676">
     <span class='ocr_line' id='line_1_75' title="bbox 522 4602 2030 4676; baseline -0.003 -16"><span class='ocrx_word' id='word_1_539' title='bbox 522 4604 629 4660; x_wconf 83' lang='lat' dir='ltr'><strong>Sed</strong></span> <span class='ocrx_word' id='word_1_540' title='bbox 663 4614 715 4659; x_wconf 92' lang='lat' dir='ltr'><strong>et</strong></span> <span class='ocrx_word' id='word_1_541' title='bbox 752 4606 866 4675; x_wconf 90' lang='lat' dir='ltr'><strong>ipse</strong></span> <span class='ocrx_word' id='word_1_542' title='bbox 896 4619 1116 4676; x_wconf 90' lang='lat' dir='ltr'><strong>quoque</strong></span> <span class='ocrx_word' id='word_1_543' title='bbox 1152 4604 1383 4660; x_wconf 85' lang='lat' dir='ltr'><strong>Basilius</strong></span> <span class='ocrx_word' id='word_1_544' title='bbox 1415 4605 1468 4659; x_wconf 90' lang='lat' dir='ltr'><strong>in</strong></span> <span class='ocrx_word' id='word_1_545' title='bbox 1517 4605 1658 4660; x_wconf 90' lang='lat' dir='ltr'><strong>libro</strong></span> <span class='ocrx_word' id='word_1_546' title='bbox 1694 4603 1766 4658; x_wconf 87' lang='lat' dir='ltr'><strong>De</strong></span> <span class='ocrx_word' id='word_1_547' title='bbox 1808 4602 2030 4673; x_wconf 78' lang='lat' dir='ltr'><strong>.Spiritu</strong></span> 
     </span>
    </p>
   </div>
   <div class='ocr_carea' id='block_1_76' title="bbox 452 4696 2028 4768">
    <p class='ocr_par' dir='ltr' id='par_1_76' title="bbox 452 4696 2028 4768">
     <span class='ocr_line' id='line_1_76' title="bbox 452 4696 2028 4768; baseline 0 -18"><span class='ocrx_word' id='word_1_548' title='bbox 452 4705 669 4762; x_wconf 70' lang='lat' dir='ltr'><strong>sancto,</strong></span> <span class='ocrx_word' id='word_1_549' title='bbox 741 4716 758 4749; x_wconf 83' lang='lat' dir='ltr'><strong>t</strong></span> <span class='ocrx_word' id='word_1_550' title='bbox 813 4697 1073 4768; x_wconf 83' lang='lat' dir='ltr'><strong>Spiritus,</strong></span> <span class='ocrx_word' id='word_1_551' title='bbox 1134 4697 1332 4765; x_wconf 88' lang='lat' dir='ltr'><strong>inquit,</strong></span> <span class='ocrx_word' id='word_1_552' title='bbox 1395 4696 1530 4749; x_wconf 90' lang='lat' dir='ltr'><strong>nihil</strong></span> <span class='ocrx_word' id='word_1_553' title='bbox 1582 4696 1685 4750; x_wconf 88' lang='lat' dir='ltr'><strong>sibi</strong></span> <span class='ocrx_word' id='word_1_554' title='bbox 1742 4697 2028 4766; x_wconf 66' lang='lat' dir='ltr'><strong>qttmsitnm</strong></span> 
     </span>
    </p>
   </div>
   <div class='ocr_carea' id='block_1_77' title="bbox 454 4784 2024 4856">
    <p class='ocr_par' dir='ltr' id='par_1_77' title="bbox 454 4784 2024 4856">
     <span class='ocr_line' id='line_1_77' title="bbox 454 4784 2024 4856; baseline -0.001 -15"><span class='ocrx_word' id='word_1_555' title='bbox 454 4788 637 4853; x_wconf 80' lang='lat' dir='ltr'><strong>habet,</strong></span> <span class='ocrx_word' id='word_1_556' title='bbox 671 4788 762 4843; x_wconf 89' lang='lat' dir='ltr'><strong>sed</strong></span> <span class='ocrx_word' id='word_1_557' title='bbox 816 4799 1019 4842; x_wconf 75' lang='lat' dir='ltr'><strong>teterne</strong></span> <span class='ocrx_word' id='word_1_558' title='bbox 1052 4796 1246 4843; x_wconf 89' lang='lat' dir='ltr'><strong>cuncta</strong></span> <span class='ocrx_word' id='word_1_559' title='bbox 1290 4788 1476 4851; x_wconf 83' lang='lat' dir='ltr'><strong>habet,</strong></span> <span class='ocrx_word' id='word_1_560' title='bbox 1512 4794 1572 4840; x_wconf 90' lang='lat' dir='ltr'><strong>ut</strong></span> <span class='ocrx_word' id='word_1_561' title='bbox 1621 4784 1860 4856; x_wconf 89' lang='lat' dir='ltr'><strong>Spiritus</strong></span> <span class='ocrx_word' id='word_1_562' title='bbox 1911 4787 2024 4850; x_wconf 77' lang='lat' dir='ltr'><strong>Dei,</strong></span> 
     </span>
    </p>
   </div>
   <div class='ocr_carea' id='block_1_78' title="bbox 455 4881 2022 4953">
    <p class='ocr_par' dir='ltr' id='par_1_78' title="bbox 455 4881 2022 4953">
     <span class='ocr_line' id='line_1_78' title="bbox 455 4881 2022 4953; baseline -0.001 -17"><span class='ocrx_word' id='word_1_563' title='bbox 455 4893 616 4953; x_wconf 87' lang='lat' dir='ltr'><strong>atque</strong></span> <span class='ocrx_word' id='word_1_564' title='bbox 645 4898 710 4937; x_wconf 78' lang='lat' dir='ltr'><strong>ex</strong></span> <span class='ocrx_word' id='word_1_565' title='bbox 764 4882 857 4937; x_wconf 93' lang='lat' dir='ltr'><strong>illo</strong></span> <span class='ocrx_word' id='word_1_566' title='bbox 907 4896 1158 4937; x_wconf 87' lang='lat' dir='ltr'><strong>manans.</strong></span> <span class='ocrx_word' id='word_1_567' title='bbox 1203 4901 1222 4933; x_wconf 78' lang='grc' dir='ltr'><strong><em>ι</em></strong></span> <span class='ocrx_word' id='word_1_568' title='bbox 1285 4881 1526 4947; x_wconf 80' lang='lat' dir='ltr'><strong>Manare,</strong></span> <span class='ocrx_word' id='word_1_569' title='bbox 1580 4883 1762 4952; x_wconf 89' lang='lat' dir='ltr'><strong>posuit</strong></span> <span class='ocrx_word' id='word_1_570' title='bbox 1799 4897 1896 4950; x_wconf 90' lang='lat' dir='ltr'><strong>pro</strong></span> <span class='ocrx_word' id='word_1_571' title='bbox 1933 4898 2022 4947; x_wconf 91' lang='lat' dir='ltr'><strong>eo,</strong></span> 
     </span>
    </p>
   </div>
   <div class='ocr_carea' id='block_1_79' title="bbox 453 4973 2017 5045">
    <p class='ocr_par' dir='ltr' id='par_1_79' title="bbox 453 4973 2017 5045">
     <span class='ocr_line' id='line_1_79' title="bbox 453 4973 2017 5045; baseline 0 -17"><span class='ocrx_word' id='word_1_572' title='bbox 453 4975 599 5045; x_wconf 86' lang='lat' dir='ltr'><strong>quod</strong></span> <span class='ocrx_word' id='word_1_573' title='bbox 636 4985 900 5038; x_wconf 76' lang='lat' dir='ltr'><strong>est,eue.</strong></span> <span class='ocrx_word' id='word_1_574' title='bbox 968 4973 1118 5028; x_wconf 88' lang='lat' dir='ltr'><strong>Patet</strong></span> <span class='ocrx_word' id='word_1_575' title='bbox 1178 4985 1358 5027; x_wconf 90' lang='lat' dir='ltr'><strong>autem</strong></span> <span class='ocrx_word' id='word_1_576' title='bbox 1417 4989 1480 5028; x_wconf 83' lang='lat' dir='ltr'><strong>ex</strong></span> <span class='ocrx_word' id='word_1_577' title='bbox 1541 4974 2017 5044; x_wconf 64' lang='lat' dir='ltr'><strong>praecedentibus:</strong></span> 
     </span>
    </p>
   </div>
   <div class='ocr_carea' id='block_1_80' title="bbox 460 5064 2030 5134">
    <p class='ocr_par' dir='ltr' id='par_1_80' title="bbox 460 5064 2030 5134">
     <span class='ocr_line' id='line_1_80' title="bbox 460 5064 2030 5134; baseline -0.001 -14"><span class='ocrx_word' id='word_1_578' title='bbox 460 5087 480 5120; x_wconf 76' lang='grc' dir='ltr'>ι</span> <span class='ocrx_word' id='word_1_579' title='bbox 516 5066 635 5122; x_wconf 81' lang='lat' dir='ltr'><strong>Filii</strong></span> <span class='ocrx_word' id='word_1_580' title='bbox 689 5067 858 5125; x_wconf 88' lang='lat' dir='ltr'><strong>enim,</strong></span> <span class='ocrx_word' id='word_1_581' title='bbox 899 5065 1098 5134; x_wconf 88' lang='lat' dir='ltr'><strong>inquit,</strong></span> <span class='ocrx_word' id='word_1_582' title='bbox 1149 5064 1413 5134; x_wconf 87' lang='lat' dir='ltr'><strong>Spiritum</strong></span> <span class='ocrx_word' id='word_1_583' title='bbox 1469 5065 1644 5134; x_wconf 90' lang='lat' dir='ltr'><strong>ipsum</strong></span> <span class='ocrx_word' id='word_1_584' title='bbox 1697 5065 2030 5129; x_wconf 68' lang='lat' dir='ltr'><strong>nominavit,</strong></span> 
     </span>
    </p>
   </div>
   <div class='ocr_carea' id='block_1_81' title="bbox 453 5156 2018 5228">
    <p class='ocr_par' dir='ltr' id='par_1_81' title="bbox 453 5156 2018 5228">
     <span class='ocr_line' id='line_1_81' title="bbox 453 5156 2018 5228; baseline -0.001 -16"><span class='ocrx_word' id='word_1_585' title='bbox 453 5157 914 5228; x_wconf 83' lang='lat' dir='ltr'><strong>quemadmodum</strong></span> <span class='ocrx_word' id='word_1_586' title='bbox 949 5166 1004 5211; x_wconf 92' lang='lat' dir='ltr'><strong>et</strong></span> <span class='ocrx_word' id='word_1_587' title='bbox 1037 5156 1153 5221; x_wconf 88' lang='lat' dir='ltr'><strong>Dei,</strong></span> <span class='ocrx_word' id='word_1_588' title='bbox 1185 5157 1372 5212; x_wconf 85' lang='lat' dir='ltr'><strong>eodem</strong></span> <span class='ocrx_word' id='word_1_589' title='bbox 1408 5158 1567 5212; x_wconf 87' lang='lat' dir='ltr'><strong>modo</strong></span> <span class='ocrx_word' id='word_1_590' title='bbox 1609 5173 1728 5212; x_wconf 83' lang='lat' dir='ltr'><strong>esse</strong></span> <span class='ocrx_word' id='word_1_591' title='bbox 1757 5156 2018 5227; x_wconf 82' lang='lat' dir='ltr'><strong>Spiritum</strong></span> 
     </span>
    </p>
   </div>
   <div class='ocr_carea' id='block_1_82' title="bbox 452 5234 1854 5320">
    <p class='ocr_par' dir='ltr' id='par_1_82' title="bbox 452 5234 1854 5320">
     <span class='ocr_line' id='line_1_82' title="bbox 452 5234 1854 5320; baseline -0.003 -15"><span class='ocrx_word' id='word_1_592' title='bbox 452 5234 577 5305; x_wconf 82' lang='lat' dir='ltr'><strong>Filii</strong></span> <span class='ocrx_word' id='word_1_593' title='bbox 613 5249 902 5320; x_wconf 86' lang='lat' dir='ltr'><strong>Spiritum,</strong></span> <span class='ocrx_word' id='word_1_594' title='bbox 936 5264 1046 5318; x_wconf 90' lang='lat' dir='ltr'><strong>quo</strong></span> <span class='ocrx_word' id='word_1_595' title='bbox 1075 5251 1240 5304; x_wconf 91' lang='lat' dir='ltr'><strong>etiam</strong></span> <span class='ocrx_word' id='word_1_596' title='bbox 1278 5259 1362 5303; x_wconf 87' lang='lat' dir='ltr'><strong>est</strong></span> <span class='ocrx_word' id='word_1_597' title='bbox 1391 5249 1481 5304; x_wconf 89' lang='lat' dir='ltr'><strong>Dei</strong></span> <span class='ocrx_word' id='word_1_598' title='bbox 1511 5261 1563 5303; x_wconf 92' lang='lat' dir='ltr'><strong>et</strong></span> <span class='ocrx_word' id='word_1_599' title='bbox 1593 5249 1792 5305; x_wconf 85' lang='lat' dir='ltr'><strong>Patris.</strong></span> <span class='ocrx_word' id='word_1_600' title='bbox 1837 5272 1854 5301; x_wconf 74' lang='grc' dir='ltr'>ι</span> 
     </span>
    </p>
   </div>
   <div class='ocr_carea' id='block_1_83' title="bbox 525 5341 2024 5413">
    <p class='ocr_par' dir='ltr' id='par_1_83' title="bbox 525 5341 2024 5413">
     <span class='ocr_line' id='line_1_83' title="bbox 525 5341 2024 5413; baseline 0.001 -17"><span class='ocrx_word' id='word_1_601' title='bbox 525 5345 666 5398; x_wconf 89' lang='lat' dir='ltr'><strong>Idem</strong></span> <span class='ocrx_word' id='word_1_602' title='bbox 702 5359 892 5397; x_wconf 89' lang='lat' dir='ltr'><strong>rursus</strong></span> <span class='ocrx_word' id='word_1_603' title='bbox 933 5341 986 5394; x_wconf 91' lang='lat' dir='ltr'><strong>in</strong></span> <span class='ocrx_word' id='word_1_604' title='bbox 1020 5343 1250 5407; x_wconf 88' lang='lat' dir='ltr'><strong>eisdem,</strong></span> <span class='ocrx_word' id='word_1_605' title='bbox 1281 5343 1548 5412; x_wconf 90' lang='lat' dir='ltr'><strong>capitulo,</strong></span> <span class='ocrx_word' id='word_1_606' title='bbox 1583 5345 1729 5413; x_wconf 89' lang='lat' dir='ltr'><strong>quod</strong></span> <span class='ocrx_word' id='word_1_607' title='bbox 1769 5344 2024 5400; x_wconf 80' lang='lat' dir='ltr'><strong>insct&#39;ihi-</strong></span> 
     </span>
    </p>
   </div>
   <div class='ocr_carea' id='block_1_84' title="bbox 455 5433 2018 5505">
    <p class='ocr_par' dir='ltr' id='par_1_84' title="bbox 455 5433 2018 5505">
     <span class='ocr_line' id='line_1_84' title="bbox 455 5433 2018 5505; baseline 0.001 -16"><span class='ocrx_word' id='word_1_608' title='bbox 455 5447 542 5490; x_wconf 84' lang='lat' dir='ltr'><strong>tur</strong></span> <span class='ocrx_word' id='word_1_609' title='bbox 594 5452 608 5488; x_wconf 89' lang='lat'><strong>:</strong></span> <span class='ocrx_word' id='word_1_610' title='bbox 669 5435 779 5488; x_wconf 80' lang='lat' dir='ltr'><strong>Cur</strong></span> <span class='ocrx_word' id='word_1_611' title='bbox 828 5451 930 5487; x_wconf 87' lang='lat' dir='ltr'><strong>non</strong></span> <span class='ocrx_word' id='word_1_612' title='bbox 983 5447 1034 5488; x_wconf 86' lang='lat' dir='ltr'><strong>et</strong></span> <span class='ocrx_word' id='word_1_613' title='bbox 1089 5433 1323 5503; x_wconf 77' lang='lat' dir='ltr'><strong>Spiritus</strong></span> <span class='ocrx_word' id='word_1_614' title='bbox 1364 5433 1496 5488; x_wconf 81' lang='lat' dir='ltr'><strong>Filii</strong></span> <span class='ocrx_word' id='word_1_615' title='bbox 1536 5433 1738 5496; x_wconf 77' lang='lat' dir='ltr'><strong>Filius,</strong></span> <span class='ocrx_word' id='word_1_616' title='bbox 1793 5435 2018 5505; x_wconf 87' lang='lat' dir='ltr'><strong>inquit:</strong></span> 
     </span>
    </p>
   </div>
   <div class='ocr_carea' id='block_1_85' title="bbox 459 5525 2019 5596">
    <p class='ocr_par' dir='ltr' id='par_1_85' title="bbox 459 5525 2019 5596">
     <span class='ocr_line' id='line_1_85' title="bbox 459 5525 2019 5596; baseline 0.001 -17"><span class='ocrx_word' id='word_1_617' title='bbox 459 5546 478 5579; x_wconf 75' lang='grc' dir='ltr'>ι</span> <span class='ocrx_word' id='word_1_618' title='bbox 513 5527 630 5582; x_wconf 85' lang='lat' dir='ltr'><strong>Non</strong></span> <span class='ocrx_word' id='word_1_619' title='bbox 669 5527 810 5590; x_wconf 83' lang='lat' dir='ltr'><strong>ideo,</strong></span> <span class='ocrx_word' id='word_1_620' title='bbox 846 5529 974 5596; x_wconf 88' lang='lat' dir='ltr'><strong>quia</strong></span> <span class='ocrx_word' id='word_1_621' title='bbox 1033 5543 1138 5579; x_wconf 89' lang='lat' dir='ltr'><strong>non</strong></span> <span class='ocrx_word' id='word_1_622' title='bbox 1173 5541 1236 5580; x_wconf 79' lang='lat' dir='ltr'><strong>cx</strong></span> <span class='ocrx_word' id='word_1_623' title='bbox 1271 5525 1380 5579; x_wconf 82' lang='lat' dir='ltr'><strong>Deo</strong></span> <span class='ocrx_word' id='word_1_624' title='bbox 1429 5541 1524 5596; x_wconf 88' lang='lat' dir='ltr'><strong>per</strong></span> <span class='ocrx_word' id='word_1_625' title='bbox 1570 5525 1768 5580; x_wconf 81' lang='lat' dir='ltr'><strong>Filium</strong></span> <span class='ocrx_word' id='word_1_626' title='bbox 1801 5529 1890 5591; x_wconf 90' lang='lat' dir='ltr'><strong>sit,</strong></span> <span class='ocrx_word' id='word_1_627' title='bbox 1924 5536 2019 5580; x_wconf 85' lang='lat' dir='ltr'><strong>sed</strong></span> 
     </span>
    </p>
   </div>
   <div class='ocr_carea' id='block_1_86' title="bbox 455 5618 2020 5694">
    <p class='ocr_par' dir='ltr' id='par_1_86' title="bbox 455 5618 2020 5694">
     <span class='ocr_line' id='line_1_86' title="bbox 455 5618 2020 5694; baseline -0.001 -18"><span class='ocrx_word' id='word_1_628' title='bbox 455 5637 523 5677; x_wconf 88' lang='lat' dir='ltr'><strong>ne</strong></span> <span class='ocrx_word' id='word_1_629' title='bbox 553 5621 838 5676; x_wconf 87' lang='lat' dir='ltr'><strong>Trinitatis</strong></span> <span class='ocrx_word' id='word_1_630' title='bbox 873 5619 1219 5694; x_wconf 81' lang='lat' dir='ltr'><strong>existimetur</strong></span> <span class='ocrx_word' id='word_1_631' title='bbox 1269 5618 1478 5672; x_wconf 88' lang='lat' dir='ltr'><strong>inlinita</strong></span> <span class='ocrx_word' id='word_1_632' title='bbox 1531 5619 1823 5674; x_wconf 91' lang='lat' dir='ltr'><strong>multitudo</strong></span> <span class='ocrx_word' id='word_1_633' title='bbox 1879 5619 2020 5674; x_wconf 90' lang='lat' dir='ltr'><strong>lilios</strong></span> 
     </span>
    </p>
   </div>
   <div class='ocr_carea' id='block_1_87' title="bbox 2131 3223 3697 3293">
    <p class='ocr_par' dir='ltr' id='par_1_87' title="bbox 2131 3223 3697 3293">
     <span class='ocr_line' id='line_1_87' title="bbox 2131 3223 3697 3293; baseline -0.006 -11"><span class='ocrx_word' id='word_1_634' title='bbox 2131 3229 2260 3282; x_wconf 88' lang='lat' dir='ltr'><strong>tiam</strong></span> <span class='ocrx_word' id='word_1_635' title='bbox 2293 3226 2478 3293; x_wconf 83' lang='lat' dir='ltr'><strong>habet,</strong></span> <span class='ocrx_word' id='word_1_636' title='bbox 2509 3225 2630 3280; x_wconf 84' lang='lat' dir='ltr'><strong>Filii</strong></span> <span class='ocrx_word' id='word_1_637' title='bbox 2686 3223 2860 3280; x_wconf 85' lang='lat' dir='ltr'><strong>Filius</strong></span> <span class='ocrx_word' id='word_1_638' title='bbox 2912 3223 3220 3281; x_wconf 82' lang='lat' dir='ltr'><strong>existimari</strong></span> <span class='ocrx_word' id='word_1_639' title='bbox 3286 3223 3542 3290; x_wconf 85' lang='lat' dir='ltr'><strong>credique</strong></span> <span class='ocrx_word' id='word_1_640' title='bbox 3588 3236 3697 3275; x_wconf 87' lang='lat' dir='ltr'><strong>non</strong></span> 
     </span>
    </p>
   </div>
   <div class='ocr_carea' id='block_1_88' title="bbox 2133 3314 3698 3388">
    <p class='ocr_par' dir='ltr' id='par_1_88' title="bbox 2133 3314 3698 3388">
     <span class='ocr_line' id='line_1_88' title="bbox 2133 3314 3698 3388; baseline -0.006 -14"><span class='ocrx_word' id='word_1_641' title='bbox 2133 3328 2348 3388; x_wconf 84' lang='lat' dir='ltr'><strong>posset;</strong></span> <span class='ocrx_word' id='word_1_642' title='bbox 2390 3338 2407 3370; x_wconf 72' lang='grc' dir='ltr'><strong>ι</strong></span> <span class='ocrx_word' id='word_1_643' title='bbox 2450 3317 2704 3387; x_wconf 88' lang='lat' dir='ltr'><strong>quoniam</strong></span> <span class='ocrx_word' id='word_1_644' title='bbox 2731 3331 2795 3372; x_wconf 90' lang='lat' dir='ltr'><strong>ea</strong></span> <span class='ocrx_word' id='word_1_645' title='bbox 2824 3315 3003 3384; x_wconf 88' lang='lat' dir='ltr'><strong>potius</strong></span> <span class='ocrx_word' id='word_1_646' title='bbox 3035 3314 3305 3369; x_wconf 78' lang='lat' dir='ltr'><strong>Sententia</strong></span> <span class='ocrx_word' id='word_1_647' title='bbox 3339 3328 3436 3367; x_wconf 85' lang='lat' dir='ltr'><strong>sua</strong></span> <span class='ocrx_word' id='word_1_648' title='bbox 3467 3321 3604 3376; x_wconf 86' lang='lat' dir='ltr'><strong>erat,</strong></span> <span class='ocrx_word' id='word_1_649' title='bbox 3631 3327 3698 3365; x_wconf 80' lang='lat' dir='ltr'><strong>ex</strong></span> 
     </span>
    </p>
   </div>
   <div class='ocr_carea' id='block_1_89' title="bbox 2130 3405 3696 3481">
    <p class='ocr_par' dir='ltr' id='par_1_89' title="bbox 2130 3405 3696 3481">
     <span class='ocr_line' id='line_1_89' title="bbox 2130 3405 3696 3481; baseline -0.006 -16"><span class='ocrx_word' id='word_1_650' title='bbox 2130 3411 2291 3466; x_wconf 90' lang='lat' dir='ltr'><strong>Patre</strong></span> <span class='ocrx_word' id='word_1_651' title='bbox 2346 3425 2440 3481; x_wconf 89' lang='lat' dir='ltr'><strong>per</strong></span> <span class='ocrx_word' id='word_1_652' title='bbox 2491 3410 2684 3465; x_wconf 88' lang='lat' dir='ltr'><strong>Filium</strong></span> <span class='ocrx_word' id='word_1_653' title='bbox 2743 3418 2906 3479; x_wconf 87' lang='lat' dir='ltr'><strong>atque</strong></span> <span class='ocrx_word' id='word_1_654' title='bbox 2981 3423 3011 3461; x_wconf 92' lang='lat' dir='ltr'><strong>a</strong></span> <span class='ocrx_word' id='word_1_655' title='bbox 3065 3407 3200 3461; x_wconf 84' lang='lat' dir='ltr'><strong>Filio</strong></span> <span class='ocrx_word' id='word_1_656' title='bbox 3256 3420 3379 3460; x_wconf 86' lang='lat' dir='ltr'><strong>esse</strong></span> <span class='ocrx_word' id='word_1_657' title='bbox 3436 3405 3696 3472; x_wconf 86' lang='lat' dir='ltr'><strong>Spiritum</strong></span> 
     </span>
    </p>
   </div>
   <div class='ocr_carea' id='block_1_90' title="bbox 2128 3497 3698 3570">
    <p class='ocr_par' dir='ltr' id='par_1_90' title="bbox 2128 3497 3698 3570">
     <span class='ocr_line' id='line_1_90' title="bbox 2128 3497 3698 3570; baseline -0.008 -10"><span class='ocrx_word' id='word_1_658' title='bbox 2128 3514 2402 3570; x_wconf 86' lang='lat' dir='ltr'><strong>sanctum,</strong></span> <span class='ocrx_word' id='word_1_659' title='bbox 2421 3505 2468 3558; x_wconf 92' lang='lat' dir='ltr'><strong>ei</strong></span> <span class='ocrx_word' id='word_1_660' title='bbox 2501 3513 2555 3556; x_wconf 92' lang='lat' dir='ltr'><strong>ut</strong></span> <span class='ocrx_word' id='word_1_661' title='bbox 2576 3501 2892 3557; x_wconf 69' lang='lat' dir='ltr'><strong>certissimae</strong></span> <span class='ocrx_word' id='word_1_662' title='bbox 2913 3515 2974 3554; x_wconf 90' lang='lat' dir='ltr'><strong>ac</strong></span> <span class='ocrx_word' id='word_1_663' title='bbox 2999 3498 3362 3552; x_wconf 70' lang='lat' dir='ltr'><strong>veracissimm</strong></span> <span class='ocrx_word' id='word_1_664' title='bbox 3389 3497 3655 3566; x_wconf 78' lang='lat' dir='ltr'><strong>acquievit</strong></span> <span class='ocrx_word' id='word_1_665' title='bbox 3684 3512 3698 3560; x_wconf 87' lang='lat'><strong>;</strong></span> 
     </span>
    </p>
   </div>
   <div class='ocr_carea' id='block_1_91' title="bbox 2132 3591 3700 3661">
    <p class='ocr_par' dir='ltr' id='par_1_91' title="bbox 2132 3591 3700 3661">
     <span class='ocr_line' id='line_1_91' title="bbox 2132 3591 3700 3661; baseline -0.007 -8"><span class='ocrx_word' id='word_1_666' title='bbox 2132 3600 2367 3653; x_wconf 83' lang='lat' dir='ltr'><strong>maxime</strong></span> <span class='ocrx_word' id='word_1_667' title='bbox 2384 3614 2447 3652; x_wconf 90' lang='lat' dir='ltr'><strong>cu</strong></span> <span class='ocrx_word' id='word_1_668' title='bbox 2460 3613 2505 3650; x_wconf 90' lang='lat' dir='ltr'><strong>m</strong></span> <span class='ocrx_word' id='word_1_669' title='bbox 2525 3597 2742 3661; x_wconf 82' lang='lat' dir='ltr'><strong>dixerit,</strong></span> <span class='ocrx_word' id='word_1_670' title='bbox 2766 3597 2837 3649; x_wconf 88' lang='lat' dir='ltr'><strong>ita</strong></span> <span class='ocrx_word' id='word_1_671' title='bbox 2861 3610 2981 3649; x_wconf 89' lang='lat' dir='ltr'><strong>esse</strong></span> <span class='ocrx_word' id='word_1_672' title='bbox 2997 3592 3120 3646; x_wconf 88' lang='lat' dir='ltr'><strong>Filii</strong></span> <span class='ocrx_word' id='word_1_673' title='bbox 3143 3591 3407 3660; x_wconf 87' lang='lat' dir='ltr'><strong>Spiritum</strong></span> <span class='ocrx_word' id='word_1_674' title='bbox 3423 3605 3700 3651; x_wconf 85' lang='lat' dir='ltr'><strong>sanctum,</strong></span> 
     </span>
    </p>
   </div>
   <div class='ocr_carea' id='block_1_92' title="bbox 2133 3681 3699 3756">
    <p class='ocr_par' dir='ltr' id='par_1_92' title="bbox 2133 3681 3699 3756">
     <span class='ocr_line' id='line_1_92' title="bbox 2133 3681 3699 3756; baseline -0.008 -11"><span class='ocrx_word' id='word_1_675' title='bbox 2133 3690 2351 3745; x_wconf 85' lang='lat' dir='ltr'><strong>sicutet</strong></span> <span class='ocrx_word' id='word_1_676' title='bbox 2379 3687 2571 3742; x_wconf 84' lang='lat' dir='ltr'><strong>Patris.</strong></span> <span class='ocrx_word' id='word_1_677' title='bbox 2612 3686 2778 3756; x_wconf 84' lang='lat' dir='ltr'><strong>Atqui</strong></span> <span class='ocrx_word' id='word_1_678' title='bbox 2839 3684 3013 3738; x_wconf 83' lang='lat' dir='ltr'><strong>Patris</strong></span> <span class='ocrx_word' id='word_1_679' title='bbox 3051 3692 3168 3747; x_wconf 86' lang='lat' dir='ltr'><strong>est,</strong></span> <span class='ocrx_word' id='word_1_680' title='bbox 3207 3681 3503 3736; x_wconf 89' lang='lat' dir='ltr'><strong>secundum</strong></span> <span class='ocrx_word' id='word_1_681' title='bbox 3554 3681 3699 3749; x_wconf 89' lang='lat' dir='ltr'><strong>quod</strong></span> 
     </span>
    </p>
   </div>
   <div class='ocr_carea' id='block_1_93' title="bbox 2129 3779 3701 3850">
    <p class='ocr_par' dir='ltr' id='par_1_93' title="bbox 2129 3779 3701 3850">
     <span class='ocr_line' id='line_1_93' title="bbox 2129 3779 3701 3850; baseline -0.008 -10"><span class='ocrx_word' id='word_1_682' title='bbox 2129 3800 2278 3840; x_wconf 78' lang='lat' dir='ltr'><strong>exeo</strong></span> <span class='ocrx_word' id='word_1_683' title='bbox 2305 3793 2409 3840; x_wconf 92' lang='lat' dir='ltr'><strong>est.</strong></span> <span class='ocrx_word' id='word_1_684' title='bbox 2448 3785 2513 3838; x_wconf 80' lang='lat' dir='ltr'><strong>Et</strong></span> <span class='ocrx_word' id='word_1_685' title='bbox 2552 3781 2672 3834; x_wconf 86' lang='lat' dir='ltr'><strong>Filii</strong></span> <span class='ocrx_word' id='word_1_686' title='bbox 2727 3781 2896 3850; x_wconf 75' lang='lat' dir='ltr'><strong>igitur</strong></span> <span class='ocrx_word' id='word_1_687' title='bbox 2929 3779 3117 3834; x_wconf 89' lang='lat' dir='ltr'><strong>eadem</strong></span> <span class='ocrx_word' id='word_1_688' title='bbox 3150 3779 3360 3831; x_wconf 84' lang='lat' dir='ltr'><strong>ratione</strong></span> <span class='ocrx_word' id='word_1_689' title='bbox 3415 3786 3518 3840; x_wconf 91' lang='lat' dir='ltr'><strong>est,</strong></span> <span class='ocrx_word' id='word_1_690' title='bbox 3560 3788 3701 3844; x_wconf 88' lang='lat' dir='ltr'><strong>quo-</strong></span> 
     </span>
    </p>
   </div>
   <div class='ocr_carea' id='block_1_94' title="bbox 2131 3873 3699 3938">
    <p class='ocr_par' dir='ltr' id='par_1_94' title="bbox 2131 3873 3699 3938">
     <span class='ocr_line' id='line_1_94' title="bbox 2131 3873 3699 3938; baseline -0.007 -6"><span class='ocrx_word' id='word_1_691' title='bbox 2131 3881 2278 3932; x_wconf 89' lang='lat' dir='ltr'><strong>niam</strong></span> <span class='ocrx_word' id='word_1_692' title='bbox 2333 3877 2541 3931; x_wconf 87' lang='lat' dir='ltr'><strong>scilicet</strong></span> <span class='ocrx_word' id='word_1_693' title='bbox 2601 3876 2669 3930; x_wconf 88' lang='lat' dir='ltr'><strong>ab</strong></span> <span class='ocrx_word' id='word_1_694' title='bbox 2720 3875 2813 3928; x_wconf 90' lang='lat' dir='ltr'><strong>illo</strong></span> <span class='ocrx_word' id='word_1_695' title='bbox 2874 3887 2996 3928; x_wconf 86' lang='lat' dir='ltr'><strong>esse</strong></span> <span class='ocrx_word' id='word_1_696' title='bbox 3064 3873 3248 3937; x_wconf 84' lang='lat' dir='ltr'><strong>habet,</strong></span> <span class='ocrx_word' id='word_1_697' title='bbox 3308 3886 3373 3925; x_wconf 89' lang='lat' dir='ltr'><strong>ac</strong></span> <span class='ocrx_word' id='word_1_698' title='bbox 3433 3885 3528 3938; x_wconf 89' lang='lat' dir='ltr'><strong>per</strong></span> <span class='ocrx_word' id='word_1_699' title='bbox 3575 3883 3699 3923; x_wconf 89' lang='lat' dir='ltr'><strong>eum</strong></span> 
     </span>
    </p>
   </div>
   <div class='ocr_carea' id='block_1_95' title="bbox 2132 3971 2394 4041">
    <p class='ocr_par' dir='ltr' id='par_1_95' title="bbox 2132 3971 2394 4041">
     <span class='ocr_line' id='line_1_95' title="bbox 2132 3971 2394 4041; baseline 0.011 -19"><span class='ocrx_word' id='word_1_700' title='bbox 2132 3971 2394 4041; x_wconf 90' lang='lat' dir='ltr'><strong>procedit.</strong></span> 
     </span>
    </p>
   </div>
   <div class='ocr_carea' id='block_1_96' title="bbox 2123 4054 3702 4132">
    <p class='ocr_par' dir='ltr' id='par_1_96' title="bbox 2123 4054 3702 4132">
     <span class='ocr_line' id='line_1_96' title="bbox 2123 4054 3702 4132; baseline -0.009 -11"><span class='ocrx_word' id='word_1_701' title='bbox 2123 4118 2132 4122; x_wconf 85' lang='lat'><strong><em>_</em></strong></span> <span class='ocrx_word' id='word_1_702' title='bbox 2205 4065 2348 4118; x_wconf 87' lang='lat' dir='ltr'><strong>Idem</strong></span> <span class='ocrx_word' id='word_1_703' title='bbox 2409 4071 2668 4132; x_wconf 73' lang='lat' dir='ltr'><strong>pra-terea</strong></span> <span class='ocrx_word' id='word_1_704' title='bbox 2724 4059 2995 4120; x_wconf 84' lang='lat' dir='ltr'><strong>Basilius,</strong></span> <span class='ocrx_word' id='word_1_705' title='bbox 3056 4057 3322 4112; x_wconf 80' lang='lat' dir='ltr'><strong>adversus</strong></span> <span class='ocrx_word' id='word_1_706' title='bbox 3376 4054 3702 4110; x_wconf 84' lang='lat' dir='ltr'><strong>Eunomium</strong></span> 
     </span>
    </p>
   </div>
   <div class='ocr_carea' id='block_1_97' title="bbox 2134 4131 3702 4224">
    <p class='ocr_par' dir='ltr' id='par_1_97' title="bbox 2134 4131 3702 4224">
     <span class='ocr_line' id='line_1_97' title="bbox 2134 4131 3702 4224; baseline -0.008 -15"><span class='ocrx_word' id='word_1_707' title='bbox 2134 4131 2758 4224; x_wconf 71' lang='lat' dir='ltr'><strong>pUgnens,asSerentem</strong></span> <span class='ocrx_word' id='word_1_708' title='bbox 2777 4165 2841 4202; x_wconf 81' lang='lat' dir='ltr'><strong>ex</strong></span> <span class='ocrx_word' id='word_1_709' title='bbox 2860 4149 2976 4202; x_wconf 90' lang='lat' dir='ltr'><strong>solo</strong></span> <span class='ocrx_word' id='word_1_710' title='bbox 2991 4146 3126 4201; x_wconf 89' lang='lat' dir='ltr'><strong>Filio</strong></span> <span class='ocrx_word' id='word_1_711' title='bbox 3145 4145 3405 4216; x_wconf 88' lang='lat' dir='ltr'><strong>Spiritum</strong></span> <span class='ocrx_word' id='word_1_712' title='bbox 3427 4155 3702 4210; x_wconf 89' lang='lat' dir='ltr'><strong>sanctum,</strong></span> 
     </span>
    </p>
   </div>
   <div class='ocr_carea' id='block_1_98' title="bbox 2135 4237 3703 4313">
    <p class='ocr_par' dir='ltr' id='par_1_98' title="bbox 2135 4237 3703 4313">
     <span class='ocr_line' id='line_1_98' title="bbox 2135 4237 3703 4313; baseline -0.01 -11"><span class='ocrx_word' id='word_1_713' title='bbox 2135 4261 2256 4302; x_wconf 79' lang='lat' dir='ltr'><strong>esse</strong></span> <span class='ocrx_word' id='word_1_714' title='bbox 2282 4243 2438 4313; x_wconf 88' lang='lat' dir='ltr'><strong>quasi</strong></span> <span class='ocrx_word' id='word_1_715' title='bbox 2457 4251 2788 4305; x_wconf 90' lang='lat' dir='ltr'><strong>creaturam,</strong></span> <span class='ocrx_word' id='word_1_716' title='bbox 2805 4241 2964 4300; x_wconf 85' lang='lat' dir='ltr'><strong>sicuti</strong></span> <span class='ocrx_word' id='word_1_717' title='bbox 2989 4248 3043 4294; x_wconf 90' lang='lat' dir='ltr'><strong>et</strong></span> <span class='ocrx_word' id='word_1_718' title='bbox 3068 4237 3263 4292; x_wconf 88' lang='lat' dir='ltr'><strong>Filiutn</strong></span> <span class='ocrx_word' id='word_1_719' title='bbox 3289 4255 3354 4294; x_wconf 75' lang='lat' dir='ltr'><strong>ex</strong></span> <span class='ocrx_word' id='word_1_720' title='bbox 3375 4238 3495 4292; x_wconf 91' lang='lat' dir='ltr'><strong>solo</strong></span> <span class='ocrx_word' id='word_1_721' title='bbox 3521 4237 3703 4298; x_wconf 86' lang='lat' dir='ltr'><strong>Patre,</strong></span> 
     </span>
    </p>
   </div>
   <div class='ocr_carea' id='block_1_99' title="bbox 2134 4327 3699 4404">
    <p class='ocr_par' dir='ltr' id='par_1_99' title="bbox 2134 4327 3699 4404">
     <span class='ocr_line' id='line_1_99' title="bbox 2134 4327 3699 4404; baseline -0.004 -14"><span class='ocrx_word' id='word_1_722' title='bbox 2134 4346 2189 4390; x_wconf 91' lang='lat' dir='ltr'><strong>et</strong></span> <span class='ocrx_word' id='word_1_723' title='bbox 2219 4335 2396 4404; x_wconf 91' lang='lat' dir='ltr'><strong>ipsum</strong></span> <span class='ocrx_word' id='word_1_724' title='bbox 2429 4333 2584 4400; x_wconf 88' lang='lat' dir='ltr'><strong>quasi</strong></span> <span class='ocrx_word' id='word_1_725' title='bbox 2631 4341 2936 4385; x_wconf 90' lang='lat' dir='ltr'><strong>creaturam</strong></span> <span class='ocrx_word' id='word_1_726' title='bbox 2965 4347 2978 4384; x_wconf 90' lang='lat'><strong>:</strong></span> <span class='ocrx_word' id='word_1_727' title='bbox 3012 4343 3244 4398; x_wconf 79' lang='lat' dir='ltr'><strong>arguere</strong></span> <span class='ocrx_word' id='word_1_728' title='bbox 3275 4328 3494 4398; x_wconf 88' lang='lat' dir='ltr'><strong>quidem</strong></span> <span class='ocrx_word' id='word_1_729' title='bbox 3524 4327 3699 4391; x_wconf 83' lang='lat' dir='ltr'><strong>illum,</strong></span> 
     </span>
    </p>
   </div>
   <div class='ocr_carea' id='block_1_100' title="bbox 2137 4420 3702 4496">
    <p class='ocr_par' dir='ltr' id='par_1_100' title="bbox 2137 4420 3702 4496">
     <span class='ocr_line' id='line_1_100' title="bbox 2137 4420 3702 4496; baseline -0.004 -17"><span class='ocrx_word' id='word_1_730' title='bbox 2137 4426 2280 4496; x_wconf 90' lang='lat' dir='ltr'><strong>quod</strong></span> <span class='ocrx_word' id='word_1_731' title='bbox 2305 4441 2411 4479; x_wconf 90' lang='lat' dir='ltr'><strong>non</strong></span> <span class='ocrx_word' id='word_1_732' title='bbox 2437 4425 2504 4478; x_wconf 88' lang='lat' dir='ltr'><strong>sit</strong></span> <span class='ocrx_word' id='word_1_733' title='bbox 2537 4439 2567 4476; x_wconf 88' lang='lat' dir='ltr'><strong>a</strong></span> <span class='ocrx_word' id='word_1_734' title='bbox 2593 4421 2753 4487; x_wconf 88' lang='lat' dir='ltr'><strong>Filio,</strong></span> <span class='ocrx_word' id='word_1_735' title='bbox 2777 4422 2922 4476; x_wconf 88' lang='lat' dir='ltr'><strong>sicut</strong></span> <span class='ocrx_word' id='word_1_736' title='bbox 2945 4433 3199 4476; x_wconf 85' lang='lat' dir='ltr'><strong>creatura</strong></span> <span class='ocrx_word' id='word_1_737' title='bbox 3233 4420 3449 4474; x_wconf 90' lang='lat' dir='ltr'><strong>interim</strong></span> <span class='ocrx_word' id='word_1_738' title='bbox 3479 4420 3702 4485; x_wconf 84' lang='lat' dir='ltr'><strong>omittit,</strong></span> 
     </span>
    </p>
   </div>
   <div class='ocr_carea' id='block_1_101' title="bbox 2057 4506 3702 4584">
    <p class='ocr_par' dir='ltr' id='par_1_101' title="bbox 2057 4506 3702 4584">
     <span class='ocr_line' id='line_1_101' title="bbox 2057 4506 3702 4584; baseline -0.004 -10"><span class='ocrx_word' id='word_1_739' title='bbox 2057 4506 2102 4562; x_wconf 75' lang='grc' dir='ltr'><strong>ι)</strong></span> <span class='ocrx_word' id='word_1_740' title='bbox 2133 4521 2291 4574; x_wconf 90' lang='lat' dir='ltr'><strong>tertio</strong></span> <span class='ocrx_word' id='word_1_741' title='bbox 2350 4517 2403 4572; x_wconf 91' lang='lat' dir='ltr'><strong>id</strong></span> <span class='ocrx_word' id='word_1_742' title='bbox 2459 4531 2747 4572; x_wconf 80' lang='lat' dir='ltr'><strong>reservans</strong></span> <span class='ocrx_word' id='word_1_743' title='bbox 2777 4515 2916 4570; x_wconf 89' lang='lat' dir='ltr'><strong>libro</strong></span> <span class='ocrx_word' id='word_1_744' title='bbox 2944 4532 2958 4568; x_wconf 92' lang='lat'><strong>:</strong></span> <span class='ocrx_word' id='word_1_745' title='bbox 3025 4533 3044 4565; x_wconf 80' lang='grc' dir='ltr'>ι</span> <span class='ocrx_word' id='word_1_746' title='bbox 3082 4517 3153 4568; x_wconf 86' lang='lat' dir='ltr'><strong>De</strong></span> <span class='ocrx_word' id='word_1_747' title='bbox 3185 4516 3306 4579; x_wconf 91' lang='lat' dir='ltr'><strong>hoc,</strong></span> <span class='ocrx_word' id='word_1_748' title='bbox 3335 4515 3537 4584; x_wconf 90' lang='lat' dir='ltr'><strong>inquit,</strong></span> <span class='ocrx_word' id='word_1_749' title='bbox 3577 4529 3702 4568; x_wconf 90' lang='lat' dir='ltr'><strong>cum</strong></span> 
     </span>
    </p>
   </div>
   <div class='ocr_carea' id='block_1_102' title="bbox 2130 4607 3702 4680">
    <p class='ocr_par' dir='ltr' id='par_1_102' title="bbox 2130 4607 3702 4680">
     <span class='ocr_line' id='line_1_102' title="bbox 2130 4607 3702 4680; baseline -0.001 -20"><span class='ocrx_word' id='word_1_750' title='bbox 2130 4612 2249 4680; x_wconf 79' lang='lat' dir='ltr'><strong>plus</strong></span> <span class='ocrx_word' id='word_1_751' title='bbox 2288 4610 2385 4664; x_wconf 89' lang='lat' dir='ltr'><strong>otii</strong></span> <span class='ocrx_word' id='word_1_752' title='bbox 2453 4609 2641 4671; x_wconf 85' lang='lat' dir='ltr'><strong>fuerit,</strong></span> <span class='ocrx_word' id='word_1_753' title='bbox 2700 4608 2966 4662; x_wconf 85' lang='lat' dir='ltr'><strong>dicemus.</strong></span> <span class='ocrx_word' id='word_1_754' title='bbox 3000 4626 3018 4658; x_wconf 71' lang='grc' dir='ltr'><strong><em>ι</em></strong></span> <span class='ocrx_word' id='word_1_755' title='bbox 3068 4608 3225 4662; x_wconf 81' lang='lat' dir='ltr'><strong>Circa</strong></span> <span class='ocrx_word' id='word_1_756' title='bbox 3299 4607 3460 4662; x_wconf 88' lang='lat' dir='ltr'><strong>tinem</strong></span> <span class='ocrx_word' id='word_1_757' title='bbox 3518 4620 3702 4659; x_wconf 81' lang='lat' dir='ltr'><strong>autem</strong></span> 
     </span>
    </p>
   </div>
   <div class='ocr_carea' id='block_1_103' title="bbox 2127 4701 3699 4765">
    <p class='ocr_par' dir='ltr' id='par_1_103' title="bbox 2127 4701 3699 4765">
     <span class='ocr_line' id='line_1_103' title="bbox 2127 4701 3699 4765; baseline -0.002 -10"><span class='ocrx_word' id='word_1_758' title='bbox 2127 4702 2356 4756; x_wconf 73' lang='lat' dir='ltr'><strong>secundi</strong></span> <span class='ocrx_word' id='word_1_759' title='bbox 2380 4702 2503 4756; x_wconf 88' lang='lat' dir='ltr'><strong>libri</strong></span> <span class='ocrx_word' id='word_1_760' title='bbox 2534 4712 2724 4755; x_wconf 89' lang='lat' dir='ltr'><strong>contra</strong></span> <span class='ocrx_word' id='word_1_761' title='bbox 2753 4701 3106 4765; x_wconf 85' lang='lat' dir='ltr'><strong>Eunomium,</strong></span> <span class='ocrx_word' id='word_1_762' title='bbox 3139 4701 3191 4754; x_wconf 90' lang='lat' dir='ltr'><strong>in</strong></span> <span class='ocrx_word' id='word_1_763' title='bbox 3219 4701 3369 4754; x_wconf 88' lang='lat' dir='ltr'><strong>illum</strong></span> <span class='ocrx_word' id='word_1_764' title='bbox 3401 4701 3699 4754; x_wconf 80' lang='lat' dir='ltr'><strong>inVehens:</strong></span> 
     </span>
    </p>
   </div>
   <div class='ocr_carea' id='block_1_104' title="bbox 2132 4793 3699 4863">
    <p class='ocr_par' dir='ltr' id='par_1_104' title="bbox 2132 4793 3699 4863">
     <span class='ocr_line' id='line_1_104' title="bbox 2132 4793 3699 4863; baseline 0.001 -18"><span class='ocrx_word' id='word_1_765' title='bbox 2132 4815 2149 4845; x_wconf 77' lang='grc' dir='ltr'>ι</span> <span class='ocrx_word' id='word_1_766' title='bbox 2195 4795 2329 4848; x_wconf 93' lang='lat' dir='ltr'><strong>Illud</strong></span> <span class='ocrx_word' id='word_1_767' title='bbox 2383 4803 2592 4857; x_wconf 87' lang='lat' dir='ltr'><strong>autem,</strong></span> <span class='ocrx_word' id='word_1_768' title='bbox 2641 4793 2837 4863; x_wconf 87' lang='lat' dir='ltr'><strong>inquit,</strong></span> <span class='ocrx_word' id='word_1_769' title='bbox 2883 4794 2970 4846; x_wconf 93' lang='lat' dir='ltr'><strong>cni</strong></span> <span class='ocrx_word' id='word_1_770' title='bbox 3007 4810 3071 4847; x_wconf 84' lang='lat' dir='ltr'><strong>ex</strong></span> <span class='ocrx_word' id='word_1_771' title='bbox 3106 4793 3364 4847; x_wconf 89' lang='lat' dir='ltr'><strong>omnibus</strong></span> <span class='ocrx_word' id='word_1_772' title='bbox 3397 4793 3699 4846; x_wconf 81' lang='lat' dir='ltr'><strong>obscurum</strong></span> 
     </span>
    </p>
   </div>
   <div class='ocr_carea' id='block_1_105' title="bbox 2125 4884 3700 4956">
    <p class='ocr_par' dir='ltr' id='par_1_105' title="bbox 2125 4884 3700 4956">
     <span class='ocr_line' id='line_1_105' title="bbox 2125 4884 3700 4956; baseline -0.001 -14"><span class='ocrx_word' id='word_1_773' title='bbox 2125 4903 2245 4942; x_wconf 88' lang='lat' dir='ltr'><strong>esse</strong></span> <span class='ocrx_word' id='word_1_774' title='bbox 2271 4888 2463 4956; x_wconf 88' lang='lat' dir='ltr'><strong>possit,</strong></span> <span class='ocrx_word' id='word_1_775' title='bbox 2492 4885 3057 4953; x_wconf 64' lang='lat' dir='ltr'><strong>nullatnellieientiam</strong></span> <span class='ocrx_word' id='word_1_776' title='bbox 3080 4884 3199 4938; x_wconf 91' lang='lat' dir='ltr'><strong>Filii</strong></span> <span class='ocrx_word' id='word_1_777' title='bbox 3232 4899 3261 4936; x_wconf 91' lang='lat' dir='ltr'><strong>a</strong></span> <span class='ocrx_word' id='word_1_778' title='bbox 3295 4884 3455 4938; x_wconf 87' lang='lat' dir='ltr'><strong>Patre</strong></span> <span class='ocrx_word' id='word_1_779' title='bbox 3476 4884 3700 4940; x_wconf 87' lang='lat' dir='ltr'><strong>dirimi:</strong></span> 
     </span>
    </p>
   </div>
   <div class='ocr_carea' id='block_1_106' title="bbox 2130 4973 3700 5046">
    <p class='ocr_par' dir='ltr' id='par_1_106' title="bbox 2130 4973 3700 5046">
     <span class='ocr_line' id='line_1_106' title="bbox 2130 4973 3700 5046; baseline -0.002 -16"><span class='ocrx_word' id='word_1_780' title='bbox 2130 4977 2378 5046; x_wconf 87' lang='lat' dir='ltr'><strong>nihilque</strong></span> <span class='ocrx_word' id='word_1_781' title='bbox 2407 4991 2530 5032; x_wconf 89' lang='lat' dir='ltr'><strong>esse</strong></span> <span class='ocrx_word' id='word_1_782' title='bbox 2571 4977 2624 5029; x_wconf 92' lang='lat' dir='ltr'><strong>in</strong></span> <span class='ocrx_word' id='word_1_783' title='bbox 2653 4976 2930 5039; x_wconf 85' lang='lat' dir='ltr'><strong>omnibus,</strong></span> <span class='ocrx_word' id='word_1_784' title='bbox 2973 4976 3119 5045; x_wconf 91' lang='lat' dir='ltr'><strong>quod</strong></span> <span class='ocrx_word' id='word_1_785' title='bbox 3156 4975 3286 5029; x_wconf 90' lang='lat' dir='ltr'><strong>insit</strong></span> <span class='ocrx_word' id='word_1_786' title='bbox 3329 4973 3469 5028; x_wconf 88' lang='lat' dir='ltr'><strong>Filio</strong></span> <span class='ocrx_word' id='word_1_787' title='bbox 3495 4976 3638 5044; x_wconf 88' lang='lat' dir='ltr'><strong>quod</strong></span> <span class='ocrx_word' id='word_1_788' title='bbox 3671 4992 3700 5027; x_wconf 87' lang='lat' dir='ltr'><strong>a</strong></span> 
     </span>
    </p>
   </div>
   <div class='ocr_carea' id='block_1_107' title="bbox 2130 5067 3700 5132">
    <p class='ocr_par' dir='ltr' id='par_1_107' title="bbox 2130 5067 3700 5132">
     <span class='ocr_line' id='line_1_107' title="bbox 2130 5067 3700 5132; baseline -0.004 -7"><span class='ocrx_word' id='word_1_789' title='bbox 2130 5070 2292 5125; x_wconf 86' lang='lat' dir='ltr'><strong>Patre</strong></span> <span class='ocrx_word' id='word_1_790' title='bbox 2313 5069 2547 5122; x_wconf 90' lang='lat' dir='ltr'><strong>alienum</strong></span> <span class='ocrx_word' id='word_1_791' title='bbox 2567 5069 2672 5123; x_wconf 85' lang='lat' dir='ltr'><strong>sit?</strong></span> <span class='ocrx_word' id='word_1_792' title='bbox 2697 5067 2889 5122; x_wconf 88' lang='lat' dir='ltr'><strong>Omnia</strong></span> <span class='ocrx_word' id='word_1_793' title='bbox 2919 5067 3085 5128; x_wconf 87' lang='lat' dir='ltr'><strong>enim,</strong></span> <span class='ocrx_word' id='word_1_794' title='bbox 3105 5069 3200 5129; x_wconf 87' lang='lat' dir='ltr'><strong>ait,</strong></span> <span class='ocrx_word' id='word_1_795' title='bbox 3236 5083 3374 5128; x_wconf 80' lang='lat' dir='ltr'><strong>mea,</strong></span> <span class='ocrx_word' id='word_1_796' title='bbox 3415 5078 3506 5119; x_wconf 83' lang='lat' dir='ltr'><strong>tua</strong></span> <span class='ocrx_word' id='word_1_797' title='bbox 3535 5075 3700 5132; x_wconf 80' lang='lat' dir='ltr'><strong>sunt;</strong></span> 
     </span>
    </p>
   </div>
   <div class='ocr_carea' id='block_1_108' title="bbox 2129 5159 3696 5231">
    <p class='ocr_par' dir='ltr' id='par_1_108' title="bbox 2129 5159 3696 5231">
     <span class='ocr_line' id='line_1_108' title="bbox 2129 5159 3696 5231; baseline -0.001 -17"><span class='ocrx_word' id='word_1_798' title='bbox 2129 5173 2176 5214; x_wconf 86' lang='lat' dir='ltr'><strong>et</strong></span> <span class='ocrx_word' id='word_1_799' title='bbox 2218 5171 2329 5226; x_wconf 87' lang='lat' dir='ltr'><strong>tua,</strong></span> <span class='ocrx_word' id='word_1_800' title='bbox 2351 5177 2467 5214; x_wconf 84' lang='lat' dir='ltr'><strong>mea</strong></span> <span class='ocrx_word' id='word_1_801' title='bbox 2502 5171 2621 5215; x_wconf 79' lang='lat' dir='ltr'><strong>sunt</strong></span> <span class='ocrx_word' id='word_1_802' title='bbox 2642 5160 2685 5212; x_wconf 83' lang='grc'><strong>⁸.</strong></span> <span class='ocrx_word' id='word_1_803' title='bbox 2706 5159 2990 5226; x_wconf 88' lang='lat' dir='ltr'><strong>Quomodo</strong></span> <span class='ocrx_word' id='word_1_804' title='bbox 3017 5160 3180 5231; x_wconf 65' lang='lat' dir='ltr'><strong>igitur</strong></span> <span class='ocrx_word' id='word_1_805' title='bbox 3213 5160 3450 5229; x_wconf 82' lang='lat' dir='ltr'><strong>Spiritus</strong></span> <span class='ocrx_word' id='word_1_806' title='bbox 3476 5175 3696 5216; x_wconf 82' lang='lat' dir='ltr'><strong>causam</strong></span> 
     </span>
    </p>
   </div>
   <div class='ocr_carea' id='block_1_109' title="bbox 2130 5251 3696 5323">
    <p class='ocr_par' dir='ltr' id='par_1_109' title="bbox 2130 5251 3696 5323">
     <span class='ocr_line' id='line_1_109' title="bbox 2130 5251 3696 5323; baseline 0.001 -19"><span class='ocrx_word' id='word_1_807' title='bbox 2130 5252 2232 5305; x_wconf 93' lang='lat' dir='ltr'><strong>soli</strong></span> <span class='ocrx_word' id='word_1_808' title='bbox 2273 5251 2411 5306; x_wconf 88' lang='lat' dir='ltr'><strong>Filio</strong></span> <span class='ocrx_word' id='word_1_809' title='bbox 2453 5253 2720 5323; x_wconf 79' lang='lat' dir='ltr'><strong>assignat.</strong></span> <span class='ocrx_word' id='word_1_810' title='bbox 2774 5252 3060 5322; x_wconf 86' lang='lat' dir='ltr'><strong>ipsiusque</strong></span> <span class='ocrx_word' id='word_1_811' title='bbox 3089 5262 3297 5307; x_wconf 75' lang='lat' dir='ltr'><strong>natura:</strong></span> <span class='ocrx_word' id='word_1_812' title='bbox 3321 5255 3696 5322; x_wconf 70' lang='lat' dir='ltr'><strong>prtedicatum,</strong></span> 
     </span>
    </p>
   </div>
   <div class='ocr_carea' id='block_1_110' title="bbox 2130 5343 3701 5413">
    <p class='ocr_par' dir='ltr' id='par_1_110' title="bbox 2130 5343 3701 5413">
     <span class='ocr_line' id='line_1_110' title="bbox 2130 5343 3701 5413; baseline 0.001 -18"><span class='ocrx_word' id='word_1_813' title='bbox 2130 5343 2294 5412; x_wconf 83' lang='lat' dir='ltr'><strong>hujus</strong></span> <span class='ocrx_word' id='word_1_814' title='bbox 2361 5343 2560 5412; x_wconf 87' lang='lat' dir='ltr'><strong>accipit</strong></span> <span class='ocrx_word' id='word_1_815' title='bbox 2630 5343 3014 5396; x_wconf 85' lang='lat' dir='ltr'><strong>creationem?</strong></span> <span class='ocrx_word' id='word_1_816' title='bbox 3077 5343 3354 5412; x_wconf 88' lang='lat' dir='ltr'><strong>Siquidem</strong></span> <span class='ocrx_word' id='word_1_817' title='bbox 3404 5359 3535 5413; x_wconf 83' lang='lat' dir='ltr'><strong>ergo</strong></span> <span class='ocrx_word' id='word_1_818' title='bbox 3573 5344 3701 5398; x_wconf 86' lang='lat' dir='ltr'><strong>duo</strong></span> 
     </span>
    </p>
   </div>
   <div class='ocr_carea' id='block_1_111' title="bbox 2128 5433 3698 5502">
    <p class='ocr_par' dir='ltr' id='par_1_111' title="bbox 2128 5433 3698 5502">
     <span class='ocr_line' id='line_1_111' title="bbox 2128 5433 3698 5502; baseline 0.001 -16"><span class='ocrx_word' id='word_1_819' title='bbox 2128 5433 2394 5502; x_wconf 86' lang='lat' dir='ltr'><strong>principia</strong></span> <span class='ocrx_word' id='word_1_820' title='bbox 2451 5435 2910 5490; x_wconf 89' lang='lat' dir='ltr'><strong>subintroducens</strong></span> <span class='ocrx_word' id='word_1_821' title='bbox 2960 5435 3062 5489; x_wconf 88' lang='lat' dir='ltr'><strong>sibi</strong></span> <span class='ocrx_word' id='word_1_822' title='bbox 3115 5436 3347 5490; x_wconf 86' lang='lat' dir='ltr'><strong>invicem</strong></span> <span class='ocrx_word' id='word_1_823' title='bbox 3403 5435 3698 5500; x_wconf 85' lang='lat' dir='ltr'><strong>contraria,</strong></span> 
     </span>
    </p>
   </div>
   <div class='ocr_carea' id='block_1_112' title="bbox 2131 5525 3698 5589">
    <p class='ocr_par' dir='ltr' id='par_1_112' title="bbox 2131 5525 3698 5589">
     <span class='ocr_line' id='line_1_112' title="bbox 2131 5525 3698 5589; baseline 0.004 -11"><span class='ocrx_word' id='word_1_824' title='bbox 2131 5527 2248 5578; x_wconf 64' lang='lat' dir='ltr'><strong>haec</strong></span> <span class='ocrx_word' id='word_1_825' title='bbox 2283 5525 2358 5579; x_wconf 76' lang='lat' dir='ltr'><strong>ait</strong></span> <span class='ocrx_word' id='word_1_826' title='bbox 2396 5565 2412 5589; x_wconf 94' lang='lat'><strong>,</strong></span> <span class='ocrx_word' id='word_1_827' title='bbox 2445 5542 2568 5581; x_wconf 91' lang='lat' dir='ltr'><strong>cum</strong></span> <span class='ocrx_word' id='word_1_828' title='bbox 2603 5525 2903 5581; x_wconf 77' lang='lat' dir='ltr'><strong>Manieha-o</strong></span> <span class='ocrx_word' id='word_1_829' title='bbox 2939 5537 2994 5581; x_wconf 90' lang='lat' dir='ltr'><strong>et</strong></span> <span class='ocrx_word' id='word_1_830' title='bbox 3037 5526 3312 5582; x_wconf 89' lang='lat' dir='ltr'><strong>Marcione</strong></span> <span class='ocrx_word' id='word_1_831' title='bbox 3363 5536 3698 5584; x_wconf 90' lang='lat' dir='ltr'><strong>conteretur.</strong></span> 
     </span>
    </p>
   </div>
   <div class='ocr_carea' id='block_1_113' title="bbox 2129 5616 3702 5692">
    <p class='ocr_par' dir='ltr' id='par_1_113' title="bbox 2129 5616 3702 5692">
     <span class='ocr_line' id='line_1_113' title="bbox 2129 5616 3702 5692; baseline 0.003 -20"><span class='ocrx_word' id='word_1_832' title='bbox 2129 5616 2223 5672; x_wconf 90' lang='lat' dir='ltr'><strong>Sin</strong></span> <span class='ocrx_word' id='word_1_833' title='bbox 2261 5635 2391 5673; x_wconf 80' lang='lat' dir='ltr'><strong>vero</strong></span> <span class='ocrx_word' id='word_1_834' title='bbox 2459 5634 2523 5675; x_wconf 75' lang='lat' dir='ltr'><strong>ex</strong></span> <span class='ocrx_word' id='word_1_835' title='bbox 2554 5635 2661 5675; x_wconf 90' lang='lat' dir='ltr'><strong>uno</strong></span> <span class='ocrx_word' id='word_1_836' title='bbox 2693 5636 2812 5690; x_wconf 82' lang='lat' dir='ltr'><strong>qua:</strong></span> <span class='ocrx_word' id='word_1_837' title='bbox 2839 5628 2986 5686; x_wconf 76' lang='lat' dir='ltr'><strong>sunt,</strong></span> <span class='ocrx_word' id='word_1_838' title='bbox 3013 5621 3296 5690; x_wconf 86' lang='lat' dir='ltr'><strong>suspendit</strong></span> <span class='ocrx_word' id='word_1_839' title='bbox 3321 5621 3525 5689; x_wconf 86' lang='lat' dir='ltr'><strong>omnia,</strong></span> <span class='ocrx_word' id='word_1_840' title='bbox 3552 5623 3702 5692; x_wconf 67' lang='lat' dir='ltr'><strong>qunti</strong></span> 
     </span>
    </p>
   </div>
   <div class='ocr_carea' id='block_1_114' title="bbox 529 5793 2246 5866">
    <p class='ocr_par' dir='ltr' id='par_1_114' title="bbox 529 5793 2246 5866">
     <span class='ocr_line' id='line_1_114' title="bbox 529 5793 2246 5866; baseline -0.003 -13"><span class='ocrx_word' id='word_1_841' title='bbox 529 5801 548 5828; x_wconf 81' lang='grc'>⁸</span> <span class='ocrx_word' id='word_1_842' title='bbox 576 5799 733 5853; x_wconf 61' lang='lat' dir='ltr'><strong>Itum.</strong></span> <span class='ocrx_word' id='word_1_843' title='bbox 779 5815 892 5866; x_wconf 74' lang='lat' dir='ltr'><strong>vui,</strong></span> <span class='ocrx_word' id='word_1_844' title='bbox 928 5798 1008 5852; x_wconf 79' lang='grc'><strong>15.</strong></span> <span class='ocrx_word' id='word_1_845' title='bbox 1124 5799 1142 5827; x_wconf 91' lang='grc'><strong>”</strong></span> <span class='ocrx_word' id='word_1_846' title='bbox 1172 5795 1328 5850; x_wconf 83' lang='lat' dir='ltr'><strong>Joan.</strong></span> <span class='ocrx_word' id='word_1_847' title='bbox 1374 5811 1484 5860; x_wconf 80' lang='lat' dir='ltr'><strong>xvi,</strong></span> <span class='ocrx_word' id='word_1_848' title='bbox 1526 5795 1608 5849; x_wconf 65' lang='lat' dir='ltr'><strong>li.</strong></span> <span class='ocrx_word' id='word_1_849' title='bbox 1727 5795 1745 5825; x_wconf 80' lang='grc'>⁸</span> <span class='ocrx_word' id='word_1_850' title='bbox 1784 5794 1943 5848; x_wconf 81' lang='lat' dir='ltr'><strong>Juan.</strong></span> <span class='ocrx_word' id='word_1_851' title='bbox 1983 5809 2120 5858; x_wconf 83' lang='lat' dir='ltr'><strong>xvn,</strong></span> <span class='ocrx_word' id='word_1_852' title='bbox 2161 5793 2246 5848; x_wconf 84' lang='lat' dir='ltr'><strong>lO.</strong></span> 
     </span>
    </p>
   </div>
  </div>
