4010 6620
384 401 452 469 ’τί
1638 380 2034 447 MANUELIS
2065 377 2367 441 CALECIF

3551 367 3624 429 72

398 518 540 575 Filii.
580 534 600 569 ι
635 514 735 571 llic
755 508 1079 572 notandum,
1126 503 1268 576 quod
1296 502 1361 559 ad
1387 499 1809 569 ostendendum,
1836 496 1963 569 Spi-
1994 501 2034 558 Α
2064 494 2363 553 secundum
2397 492 2542 564 quod
2570 491 2799 547 invicem
2829 487 3144 545 diﬂ'erentes
3169 483 3622 576 sunttrefertur;

388 615 553 666 ritum
581 616 827 665 sanctum
847 600 1278 661 substantialitcr
1304 611 1445 662 esse,
1467 604 1630 663 atque
1658 593 1957 647 subsistere

389 703 514 766 hoc,
570 698 716 767 quod
768 705 873 758 est,
918 695 1021 747 hoc
1053 700 1138 745 est
1197 703 1227 743 a
1284 686 1421 741 Filio
1458 686 1753 741 discretum
1811 696 1956 749 esse,

389 792 642 863 adjunsit
673 807 688 844 :
722 806 741 842 t
780 787 1020 857 Spiritus
1053 784 1197 838 enim
1235 789 1320 836 est
1352 790 1406 834 et
1436 778 1632 845 Patris,
1660 786 1710 833 et
1741 775 1889 831 Filii.
1932 793 1951 827 ι

390 884 579 954 Itaque
643 895 768 937 cum
828 878 1027 934 dicitur
1090 875 1330 945 Spiritus
1392 872 1539 938 Filii,
1577 870 1958 927 discretionem

391 978 682 1047 quamdam
707 980 923 1042 oportet
956 969 1278 1039 intelligere,
1323 981 1433 1021 non
1482 958 1965 1022 consubstantiali-

392 1080 581 1130 tatem.
611 1074 671 1119 ut
701 1064 926 1135 quidam
964 1064 1218 1119 dixerunt
1242 1077 1258 1128 ;
1281 1059 1403 1126 etsi,
1435 1071 1600 1128 quatn
1624 1053 1880 1117 maxime,
1906 1058 1964 1105 ut

391 1161 599 1216 dictum
631 1166 736 1221 est,
761 1156 889 1211 inde
918 1152 1463 1210 consubstantialitas
1493 1148 1762 1220 sequitur.
1790 1144 1963 1202 Sicuti

392 1263 447 1306 et
470 1251 683 1305 aPatre
712 1248 933 1318 quidem
976 1245 1310 1300 discernitur
1342 1242 1596 1312 Spiritus,
1632 1240 1759 1309 quia
1794 1236 1966 1307 ipsius

394 1356 480 1402 est
518 1345 781 1415 Spiritus,
814 1350 1003 1413 utpote
1043 1342 1112 1396 ab
1147 1342 1265 1410 ipso
1298 1339 1592 1409 prodiens;
1626 1336 1744 1404 ipso
1785 1342 1965 1390 autem

399 1440 526 1503 hoc,
558 1437 703 1507 quod
735 1433 882 1490 illius
922 1443 1007 1489 est
1042 1431 1300 1501 Spiritus,
1334 1429 1576 1500 procedit
1603 1428 1672 1482 ab
1700 1428 1812 1489 illo,
1838 1442 1972 1482 con-

398 1527 890 1596 substantialisque
918 1524 999 1580 illi
1031 1532 1136 1588 est,
1170 1533 1225 1579 et
1250 1521 1417 1577 Filius
1448 1537 1478 1576 a
1501 1520 1658 1574 Patre
1684 1518 1973 1587 distingai-
2006 1516 2023 1527 “’

398 1631 508 1683 tur,
539 1618 838 1674 secundum
863 1616 1009 1686 quod
1032 1614 1205 1669 Filius
1227 1620 1332 1674 est,
1358 1627 1423 1667 ac
1446 1610 1701 1665 discretio
1726 1608 1970 1679 quaedam

400 1710 646 1777 signatur
665 1717 730 1764 es
748 1707 1003 1773 nomine;
1030 1720 1096 1761 eo
1123 1715 1303 1759 autem
1333 1705 1471 1773 ipso,
1499 1702 1643 1773 quod
1668 1700 1840 1756 Filius
1865 1707 1971 1764 est,

401 1803 628 1856 ottinino
661 1801 823 1856 etiam
859 1796 1350 1854 consubstantialis
1384 1803 1490 1850 est.

2063 599 2241 653 neque
2275 583 2525 638 enim-sd
2552 580 2790 646 Patrem,
2818 577 3122 634 secundum
3152 576 3297 646 quod
3321 575 3483 631 Pater
3504 586 3623 631 est:

2059 686 2207 733 esset
2243 676 2389 731 enim
2422 674 2661 745 Spiritus
2689 672 2901 738 Filius;
2940 683 3119 739 neque
3167 668 3234 724 ad
3282 666 3503 731 Filium,
3544 682 3631 722 se-

2061 768 2299 823 cundum
2340 767 2485 837 quod
2510 764 2688 821 Filius
2703 772 2789 821 est
2825 780 2841 820 :
2875 763 2944 817 ad
2974 760 3174 816 Filium
3204 759 3448 816 enimsic
3472 757 3631 813 Pater

2064 858 2301 914 refertur
2333 858 2505 914 solus.
2537 855 2726 924 Itaque
2772 853 3029 926 quoniam
3086 867 3253 907 unum
3292 849 3513 920 aliquod
3566 863 3632 903 ac

2060 952 2289 1021 simplex
2317 961 2423 1016 est,
2454 951 2509 1007 in
2557 951 2720 1008 Patre
2792 964 2855 1005 ac
2906 945 3064 1009 Filio,
3103 946 3169 1001 ad
3212 946 3355 1015 quod
3405 946 3635 999 refertur

2065 1045 2325 1114 Spiritus,
2354 1030 2569 1111 merito,
2596 1052 2653 1099 et
2704 1041 2865 1097 unica
2899 1037 3163 1095 relatione
3198 1037 3266 1091 ad
3314 1050 3413 1092 eos
3443 1034 3633 1090 referri

2061 1138 2330 1194 dicendus
2363 1150 2467 1193 est.

2134 1250 2361 1321 Insuper
2388 1250 2647 1320 quoniam
2680 1248 2823 1304 idem
2853 1256 2907 1305 et
2949 1262 3091 1302 unus
3133 1243 3373 1316 Spiritus
3413 1247 3637 1295 sanctus

2066 1343 2463 1406 indiderenter,
2485 1351 2540 1398 et
2590 1343 2712 1398 sine
2760 1341 2941 1412 aliqua
2982 1338 3309 1409 adiectionis
3350 1334 3637 1395 varietate.

2064 1435 2245 1491 Patris
2288 1450 2355 1491 ac
2446 1434 2569 1491 Filii
2622 1432 2859 1505 Spiritus
2903 1433 3122 1494 dicitur,
3160 1442 3381 1485 necesse
3409 1436 3513 1492 est,
3560 1441 3642 1479 εε-

2066 1526 2305 1584 (ὲιιηιίυῐη
2340 1528 2594 1584 eumdem
2625 1527 2871 1591 modum.
2904 1526 3069 1581 etiam
3108 1524 3393 1579 amborum
3422 1519 3491 1576 sit
3517 1517 3639 1575 :sin

2071 1621 2227 1685 alias,
2262 1620 2382 1674 Filii
2408 1621 2473 1674 ad
2505 1618 2721 1674 Patrem
2754 1616 3099 1687 inzrqnalitas
3144 1613 3416 1684 sequitur,
3448 1608 3643 1667 simili-

2074 1712 2388 1781 tudinisque
2427 1708 2875 1766 incommutabile
2898 1708 3022 1761 hinc
3058 1706 3286 1760 tollitur.
3323 1700 3641 1758 Sicntcuim

2068 1804 2361 1872 sapientia,
2409 1794 2655 1866 bonitas,
2705 1800 2917 1869 justitia
2946 1838 2961 1863 ,
3007 1796 3446 1865 conditionisque
3484 1792 3642 1854 ratio,

478 1890 541 1943 Et
570 1888 828 1958 quoniam
879 1887 932 1940 in
986 1884 1185 1941 divinis
1229 1882 1479 1953 personis
1531 1881 1792 1963 discretio
1832 1880 1969 1935 rela-

2090 1897 2221 1952 i‘atri
2260 1895 2503 1964 Filioque
2524 1892 2839 1956 distributa,
2870 1891 2951 1946 eis
2982 1889 3193 1952 itidem,
3224 1897 3277 1944 et
3309 1889 3426 1942 sine
3468 1885 3647 1939 varie—

403 1983 604 2036 tionem
645 1978 946 2034 secundum
996 1989 1217 2031 causam
1298 1973 1627 2043 causaleque
1684 1971 1973 2041 signiﬁcat,

404 2072 552 2143 quod
615 2080 796 2125 autem
848 2068 1049 2124 dicitur
1096 2066 1219 2121 Filii
1280 2065 1535 2136 Spiritus,
1590 2064 1976 2119 discretionem

406 2162 652 2224 indicat,
690 2167 926 2225 constat,
960 2157 1087 2227 quia
1116 2172 1241 2213 eum
1270 2156 1499 2212 dicimus
1537 2154 1797 2227 Spiritum
1832 2153 1975 2216 Filii,

410 2255 728 2308 relationem
762 2251 1062 2306 secundum
1091 2264 1337 2314 causam,
1368 2258 1532 2318 atque
1553 2248 1775 2303 causale
1792 2248 1979 2318 signa-

410 2361 553 2401 mus.
612 2344 907 2398 Enimvero
954 2342 1004 2396 id
1060 2341 1243 2396 dicere
1270 2350 1394 2395 'non
1424 2356 1739 2410 possumus.
1783 2338 1980 2395 referri

408 2437 629 2507 quidem
662 2435 926 2504 Spiritum
955 2444 1205 2488 sanctum
1231 2432 1296 2487 ad
1318 2431 1533 2487 Patrem
1589 2441 1643 2487 ct
1666 2432 1732 2485 ad
1762 2430 1999 2497 Filium,‘

412 2530 555 2585 idem
627 2544 773 2590 esse,
837 2527 981 2596 quod
1052 2524 1415 2595 proprietates
1464 2523 1665 2578 habere
1719 2521 1981 2592 Spiritum

410 2628 691 2685 sanetum,
742 2625 803 2673 ut
841 2618 906 2672 ad
965 2616 1116 2685 ipsos
1162 2614 1476 2670 diﬂerenter
1534 2615 1835 2679 referatur;
1892 2623 1986 2668 aut

415 2711 683 2781 Spiritum
720 2707 1059 2765 differenten)
1090 2705 1407 2776 quempiam
1429 2719 1575 2771 esse,
1592 2719 1656 2759 ac
1677 2704 1946 2775 duplicem
1968 2720 2007 2769 ;\

413 2792 509 2852 aut
546 2795 766 2859 Filium,
795 2810 902 2848 non
949 2793 1253 2849 secundum
1298 2792 1620 2857 essentiam,
1669 2807 1839 2847 unum
1868 2806 1988 2848 esse

414 2905 539 2946 cum
565 2886 883 2954 Patre,qu:e
910 2885 1249 2940 identitatem
1270 2883 1393 2938 Filii
1417 2885 1485 2939 ad
1517 2883 1733 2939 Patrem
1768 2883 1987 2949 tollunt,

330 2973 349 2993 '
416 2993 698 3050 unumque
762 2992 827 3032 ac
878 2977 1183 3045 simplicem
1230 2974 1467 3046 Spiritus
1522 2991 1860 3047 processum,
1901 2991 1990 3031 se-

418 3070 655 3125 cundum
708 3083 871 3137 quem
927 3067 993 3122 ad
1018 3065 1235 3122 Patrem
1278 3076 1333 3122 et
1382 3067 1893 3132 Filiamvrelertur,
1923 3082 1990 3123 ex

422 3163 581 3217 Patre
616 3177 710 3232 per
742 3160 938 3214 Filium
968 3160 1291 3230 procedens.
1319 3175 1424 3215 una
1450 3159 1726 3215 auferunt.

494 3252 720 3314 Deinde.
768 3252 869 3308 etsi
900 3251 1070 3306 Filius
1102 3252 1167 3305 ad
1211 3251 1428 3306 Patrem
1500 3260 1550 3306 et
1596 3253 1663 3307 ad
1714 3251 1985 3321 Spiritum
2016 3264 2059 3322 α

424 3347 676 3412 refertur,
708 3357 763 3401 et
806 3344 966 3399 Pater
1008 3344 1193 3399 itidem
1226 3345 1293 3398 ad
1333 3342 1530 3399 Filium
1578 3352 1633 3398 et
1681 3342 1987 3412 Spiritum:

423 3437 517 3494 sed
549 3437 774 3491 omnino
807 3435 1117 3490 hatreticutn
1147 3444 1256 3501 est,
1282 3436 1451 3490 etiam
1468 3436 1534 3491 de
1569 3435 1775 3506 Spiritu
1801 3444 1993 3490 sancto

425 3529 571 3586 istuu
617 3539 830 3598 putare,
885 3536 944 3582 ut
996 3529 1112 3597 ipse
1165 3544 1403 3598 quoque,
1460 3529 1676 3600 gemina
1730 3530 1994 3585 relatione

423 3618 637 3674 scilicet
692 3620 758 3672 ad
808 3616 1023 3672 Patrem
1073 3615 1381 3688 Filiumque
1409 3617 1698 3673 referatur.
1758 3618 1995 3688 Spiritus

423 3714 567 3763 enim
594 3706 894 3762 secundum
946 3722 1110 3760 unam
1166 3722 1230 3761 ac
1256 3708 1429 3762 solam
1481 3707 1821 3775 personalem
1873 3722 1999 3776 pro-

425 3801 715 3872 prictatem
771 3814 953 3860 suam,
987 3814 1051 3854 ac
1096 3799 1398 3855 secundum
1430 3800 1577 3869 quod
1629 3798 1889 3869 Spiritus,
1929 3798 1995 3853 ad

427 3894 641 3946 Patrem
674 3890 911 3945 refertur
960 3899 1019 3945 et
1059 3888 1293 3951 Filium:
1342 3889 1502 3946 Pater
1530 3902 1711 3947 autem
1746 3903 1800 3948 et
1831 3891 1999 3947 Filius

427 3982 495 4037 ad
527 3983 757 4037 invicem
784 3980 1005 4051 quidem
1036 3992 1083 4035 et
1129 3982 1229 4051 ipsi
1280 3983 1664 4053 personalibus
1695 3982 2000 4052 proprieta-

429 4075 574 4130 tibus
600 4073 931 4129 referuutur.
969 4074 1049 4127 Ad
1069 4073 1331 4144 Spiritum
1363 4090 1514 4143 vero,
1541 4090 1648 4131 non
1671 4075 1777 4139 his,
1812 4090 1997 4130 verum

428 4169 533 4221 alia
587 4167 872 4229 relatione,
922 4181 1085 4236 quam
1138 4166 1523 4235 generationis,
1563 4181 1628 4223 ac
1674 4166 1998 4227 nativitatis.

429 4256 809 4329 productionis
826 4255 1195 4330 [spirationis]
1226 4259 1460 4324 scilicet,
1489 4258 1789 4313 secundum
1811 4273 1999 4327 quam,

432 4365 606 4406 unum
641 4357 773 4405 sunt
806 4348 969 4404 Pater
1012 4357 1066 4404 et
1111 4347 1321 4413 Filius;
1355 4349 1461 4405 etsi
1508 4348 1620 4404 suis
1665 4349 1733 4405 ad
1765 4349 1999 4404 invicem

434 4441 757 4498 diﬂct‘entiis
830 4442 1078 4497 discreti.
1139 4441 1316 4507 Nam,
1363 4441 1667 4497 secundum
1723 4440 1871 4511 quod
1915 4439 2005 4493 ille

431 4536 613 4601 l‘ater,
639 4536 729 4590 hic
762 4532 932 4591 Filius
960 4544 1064 4611 est,
1119 4533 1184 4589 ad
1245 4534 1482 4590 invicem
1514 4534 1688 4590 solum
1721 4533 2004 4589 dicuntur.

432 4627 621 4697 itaque
655 4627 766 4682 illic
801 4628 1018 4698 quidem
1048 4626 1130 4682 fas
1163 4635 1266 4692 est,
1313 4626 1614 4687 secundum
1661 4639 1831 4679 unum
1860 4624 2007 4680 scili-

433 4727 541 4781 cet,
571 4734 635 4773 ac
669 4718 847 4773 solum
884 4718 1060 4788 ipsius
1092 4716 1433 4788 personalem
1465 4730 1807 4785 processum,
1832 4713 2006 4783 Spiri-

434 4817 552 4861 tum
597 4817 848 4863 sanctum
883 4808 952 4860 ad
1000 4806 1254 4871 Patrem,
1292 4821 1356 4860 ac
1411 4805 1607 4860 Filium
1655 4805 1890 4870 referre;
1951 4804 2005 4858 in

436 4902 593 4956 Patre
632 4914 796 4965 vero,
826 4899 897 4954 ad
929 4899 1191 4969 Spiritum
1216 4909 1268 4952 et
1304 4897 1538 4953 Filium:
1590 4913 1655 4951 ac
1694 4911 1906 4962 rursus,
1953 4894 2007 4949 in

441 4993 579 5047 Filio
626 4992 692 5045 ad
756 4991 979 5046 Patrem
1018 5000 1069 5045 et
1132 4989 1393 5060 Spiritum
1455 4998 1731 5054 sanctum,
1783 4988 2009 5043 omnino

441 5082 781 5152 impossibile
805 5092 889 5135 est
918 5100 933 5148 ;
968 5096 1166 5151 nempe
1201 5082 1371 5147 enim,
1401 5081 1503 5135 etsi
1537 5081 1714 5135 Patris
1749 5096 2007 5146 persoaa,

442 5191 548 5228 una
613 5191 735 5228 cum
768 5174 839 5226 sit
884 5190 947 5228 ac
985 5175 1237 5241 simplex,
1274 5173 1339 5227 ad
1392 5171 1583 5227 Filium
1635 5188 1699 5227 ac
1747 5170 2007 5241 Spiritum

441 5267 696 5331 refertur,
725 5266 907 5321 dicere
953 5281 1269 5337 possumus,
1299 5267 1559 5335 quoniam
1599 5265 1758 5319 Pater
1786 5264 2005 5335 quidem

440 5359 506 5413 ad
533 5358 845 5413 ditiorentes
876 5372 1140 5427 personas
1198 5357 1458 5427 Spiritum
1495 5375 1557 5412 ac
1587 5356 1782 5410 Ftlittnt
1839 5358 2009 5412 refer-

441 5461 552 5515 tur,
574 5452 872 5506 secuudutn
905 5456 1053 5521 quod
1084 5464 1211 5505 sunt
1240 5466 1485 5521 persona:
1514 5451 1853 5515 differentes,
1890 5452 2013 5507 ideo

442 5554 498 5597 et
524 5541 757 5597 refertur
781 5543 1099 5599 diﬂ‘erenter
1118 5544 1230 5613 ($9)
1256 5558 1272 5608 ;
1295 5543 1532 5613 Spiritus
1552 5553 1730 5598 autem
1765 5556 2010 5609 sanctus,

443 5635 546 5690 etsi
595 5635 663 5689 ad
722 5650 986 5705 personas
1053 5634 1370 5691 differentes
1419 5636 1680 5702 refertur,
1736 5638 1832 5693 sed
1902 5653 2006 5692 non

2078 1996 2186 2042 tate
2217 1986 2540 2051 redduntur,
2559 1984 2791 2052 ideoque
2821 1996 2927 2037 una
2953 1980 3211 2045 essentia,
3238 1986 3291 2033 et
3323 1993 3427 2031 una
3452 1978 3645 2041 virtus,

2076 2089 2130 2136 et
2162 2080 2307 2137 inus
2340 2078 2480 2133 Deus
2517 2085 2603 2134 εει
2635 2091 2650 2129 :
2689 2079 2761 2131 ita
2813 2084 2869 2130 et
2905 2076 2957 2130 in
2994 2073 3199 2144 Spiritu
3227 2079 3439 2135 sancto,
3468 2086 3651 2141 aequa-

2076 2173 2244 2229 litatis
2289 2170 2430 2225 ratio
2462 2167 2793 2225 necessario
2832 2166 3077 2221 habenda
3103 2173 3203 2220 est.
3228 2164 3395 2220 Alias
3426 2163 3647 2233 quippe.

2079 2264 2296 2321 sicntin
2332 2262 2461 2323 illis,
2502 2276 2623 2316 cum
2664 2274 2773 2314 non
2800 2257 3051 2313 similiter
3088 2255 3236 2311 Patri
3277 2255 3653 2310 redduntnret

2080 2355 2263 2411 Filio:
2319 2352 2643 2416 diminutio.
2703 2349 3048 2417 varietasque
3103 2346 3356 2402 essentia!
3405 2343 3530 2399 Filii
3584 2346 3655 2400 ad

2083 2445 2319 2509 Patrem,
2348 2442 2614 2514 sequitur.
2646 2450 2703 2494 ut
2736 2441 2942 2497 dictum
2983 2450 3063 2494 est
3084 2480 3098 2503 ,
3133 2440 3433 2521 secundum
3478 2438 3655 2492 Aria-

2085 2553 2280 2594 norum
2308 2535 2728 2606 propositionem
2760 2552 2774 2588 :
2803 2530 3047 2603 profecto
3073 2540 3125 2586 ει
3150 2530 3204 2584 ἰη
3227 2538 3418 2585 sancto
3447 2529 3655 2597 Spiritu

2085 2644 2209 2685 eum
2235 2627 2500 2682 ambobus
2532 2624 2805 2689 similiter,
2842 2639 2904 2679 ac
2938 2624 3056 2678 sine
3101 2622 3205 2675 ulla
3240 2619 3502 2674 varietate
3536 2620 3659 2674 red-

2085 2721 2269 2782 datur,
2315 2719 2362 2774 si
2401 2734 2431 2773 a
2482 2717 2638 2772 nobis
2673 2715 3019 2771 dissimiliter
3101 2728 3165 2767 ac
3207 2712 3352 2765 varie
3390 2711 3657 2775 redditur,

2086 2813 2232 2867 idem
2274 2809 2583 2891 necessario
2628 2807 2899 2877 sequitur,
2930 2804 3211 2875 multoque
3255 2804 3345 2859 hic
3399 2803 3657 2873 amplius,

2088 2906 2349 2977 quoniam
2409 2914 2467 2959 et
2496 2888 2584 2959 Ide
2633 2898 3198 2958 consubstantialitate
3234 2896 3471 2970 Spiritus
3527 2888 3661 2967 ipsis

2089 3013 2270 3053 sermo
2291 3006 2395 3052 65‘.

2166 3112 2222 3167 ld
2263 3118 2312 3165 et
2364 3108 2606 3178 magistri
2657 3105 2911 3163 Ecclesiae
2954 3114 3266 3161 senserunt.
3310 3104 3402 3158 Ait
3460 3102 3663 3173 quippe

2091 3204 2332 3275 Cyrilius
2378 3201 2756 3265 beatissimus,
2812 3213 2937 3252 cum
2994 3198 3126 3253 illud
3170 3204 3470 3266 exponeret
3500 3212 3513 3249 :
3548 3194 3663 3262 Ego

2096 3295 2289 3367 rogabo
2318 3293 2555 3359 Patrem,
2585 3302 2631 3346 et
2668 3293 2833 3345 alium
2888 3289 3226 3344 Paracletum
3282 3288 3427 3341 dabit
3477 3288 3619 3341 vobis
3642 3301 3662 3339 :

2104 3408 2123 3442 ι
2163 3387 2253 3441 Dei
2298 3387 2443 3441 enim
2488 3393 2543 3439 et
2582 3382 2760 3440 Patris
2805 3382 3134 3437 naturalium
3171 3380 3442 3435 bonorum
3478 3393 3667 3434 essen-

2100 3476 2303 3533 tialiter
2346 3475 2525 3530 socius
2573 3488 2932 3544 consorsque,
2991 3488 3116 3527 cum
3152 3472 3234 3526 sic
3269 3471 3460 3526 eodem
3503 3469 3668 3524 modo

2104 3568 2265 3623 habet
2293 3567 2577 3637 Spiritum,
2609 3579 2719 3637 quo
2747 3564 2949 3619 habere
2975 3579 3101 3618 eum
3131 3563 3291 3618 Pater
3322 3561 3667 3631 intelligitur,

2104 3678 2214 3717 non
2262 3662 2586 3726 inductum,
2646 3674 2824 3728 neque
2865 3659 3209 3739 extrinsecus
3266 3654 3565 3726 injectum,
3615 3655 3667 3708 id

2104 3757 2305 3828 quippe
2351 3754 2578 3818 sentire,
2623 3767 2852 3810 summae
2899 3752 3133 3807 vesania:
3186 3758 3306 3817 est;
3348 3748 3464 3814 sed.
3508 3747 3671 3803 sicuti

2108 3846 2484 3917 unusquisque
2510 3855 2758 3901 nostrum
2801 3844 3081 3914 proprium
3134 3844 3237 3898 sibi
3274 3842 3523 3896 continet
3559 3839 3673 3909 spi-

2108 3938 2293 4004 ritum,
2358 3949 2519 4009 atqne
2564 3953 2627 3992 ex
2670 3936 2876 3992 intimis
2931 3937 3235 3992 visceribus
3290 3936 3354 3989 ad
3401 3933 3673 3989 exteriora

2108 4029 2405 4096 profundit.
2448 4028 2677 4099 Pr0pter
2723 4028 2828 4083 hoc
2863 4028 3039 4098 ipsum
3087 4027 3323 4097 denique
3374 4025 3678 4083 insulllavit

2107 4121 2467 4192 corporaliter
2498 4119 2773 4186 Cb'ristus,
2801 4119 3120 4185 ostendens,
3149 4120 3408 4189 quoniam
3440 4118 3582 4173 sicut
3609 4133 3677 4171 ex

2111 4216 2349 4269 humano
2397 4227 2492 4269 ore
2547 4213 2789 4283 procedit
2852 4211 3209 4282 corporaliter
3262 4211 3531 4282 spiritus,
3595 4211 3671 4265 ita

2110 4316 2163 4360 et
2199 4305 2255 4360 in
2303 4306 2485 4360 divina
2524 4304 2858 4369 substantia,
2891 4305 2984 4375 qui
3034 4318 3101 4359 ex
3143 4301 3260 4375 ipsa
3303 4311 3389 4359 est
3440 4302 3680 4373 Spiritus

2111 4396 2301 4452 deiﬁce
2329 4396 2598 4468 digneque
2625 4394 2990 4467 profunditur.
3025 4414 3046 4450 ι

2182 4506 2328 4563 Idem
2368 4521 2558 4561 rursus
2598 4521 2721 4561 cum
2749 4506 2879 4562 illud
2913 4507 3284 4578 evangelicum
3333 4515 3679 4578 exponeret:

2039 4628 2082 4685 υ
2115 4596 2184 4651 Et
2205 4598 2341 4652 Deus
2379 4608 2493 4652 erat
2542 4596 2789 4663 Verbum,
2856 4616 2876 4651 ι
2920 4596 3039 4653 Non
3073 4614 3222 4668 ergo.
3248 4600 3459 4669 inquit,
3502 4601 3685 4653 minor

2114 4699 2219 4758 est,
2253 4690 2345 4761 qui
2379 4689 2629 4744 eamdem
2662 4689 2826 4744 habet
2846 4688 3189 4744 eﬂicientiam
3221 4706 3385 4760 quam
3409 4690 3685 4761 perfectus

2115 4782 2296 4850 Pater,
2332 4781 2707 4851 genitorisque
2762 4780 3026 4850 Spiritum
3077 4782 3240 4836 habet
3274 4782 3557 4851 proprium
3588 4797 3685 4837 na~
3729 4778 3745 4789 ’

2118 4884 2253 4930 tura:
2285 4875 2491 4929 bonum
2532 4873 2848 4943 vivumque,
2873 4881 2928 4930 et
2981 4873 3087 4930 sibi
3138 4874 3569 4931 substantialiter
3602 4874 3688 4928 iu-

2117 4970 2305 5036 situm,
2345 4967 2807 5038 quemadmodum
2841 4967 3093 5023 videlicet
3122 4979 3177 5022 et
3222 4968 3402 5022 Pater.
3446 4987 3467 5020 ι

2188 5086 2368 5153 llic,si
2390 5101 2580 5142 rursus
2598 5086 2724 5157 quis
2758 5087 2894 5141 duos
2925 5099 3219 5153 processus
3250 5084 3424 5140 sancti
3447 5082 3688 5154 Spiritus

2118 5196 2345 5253 ponens,
2384 5194 2552 5233 unum
2587 5178 2994 5247 intemporalem
3031 5175 3303 5248 [ἄχρονον]
3335 5192 3397 5230 ac
3429 5178 3690 5230 substan-

2116 5276 2321 5339 tialem,
2380 5271 2738 5338 temporalem
2795 5273 3026 5325 alterum
3081 5285 3181 5325 nec
3242 5269 3687 5335 substantialem,

2115 5363 2265 5418 Patri
2298 5360 2519 5432 quidem
2552 5362 2744 5415 ambos
2772 5360 3031 5430 assignet,
3070 5359 3206 5415 Filio
3235 5374 3363 5413 vero
3386 5358 3687 5414 secundum

2121 5472 2187 5513 ac
2226 5455 2606 5527 temporalem,
2644 5454 2947 5509 secundum
2999 5468 3160 5523 quem
3204 5460 3260 5508 ει
3306 5453 3446 5506 mitti
3486 5451 3688 5506 dicitur

2120 5550 2190 5604 ab
2222 5550 2369 5618 ipso,
2396 5560 2450 5602 et
2481 5548 2623 5611 dari,
2655 5555 2710 5601 et
2749 5547 2983 5613 infundi,
3011 5556 3062 5601 et
3087 5546 3131 5601 si
3158 5547 3288 5616 quid
3320 5545 3467 5601 aliud
3499 5544 3691 5615 hujus-

2123 5641 2270 5695 tnodi
2300 5640 2369 5695 de
2403 5651 2551 5694 tanta
2582 5654 2639 5696 re
2679 5640 2787 5695 dici
2821 5639 3236 5697 convenientius
3274 5648 3472 5710 potest.
3505 5636 3691 5691 Primo

518 5814 628 5887 (29)
656 5812 783 5884 Leg.
809 5812 969 5885 Greg.
995 5817 1062 5873 de
1084 5814 1352 5880 Valentia,
1381 5825 1515 5871 tom.
1548 5814 1564 5866 l
1595 5814 1798 5871 Comm.
1829 5816 1967 5870 Ilico!
1999 5855 2013 5881 ,
2059 5790 2201 5871 disc.
2226 5815 2282 5879 2,
2314 5831 2369 5885 q.
2413 5817 2496 5877 10.
2534 5835 2563 5880 ιι
2627 5822 2648 5847 ⁸
