4010 6558
269 501 337 566 ’23
1329 515 1724 576 ADVERSUS
1762 516 1787 572 ί

1891 518 2077 577 ἘΟΟΞ
2121 522 2190 579 Ll
2208 523 2266 582 ii.
2313 524 2393 584 Ii.
3421 536 3491 595 '74

271 627 467 695 quidem
503 626 552 678 id
594 625 758 694 legent
796 624 1020 680 ferentis
1051 633 1132 680 est
1161 625 1306 697 (50);
1337 644 1511 696 neque
1542 630 1685 683 enim
1719 631 1818 682 ida
1849 631 1894 690 Α
1927 633 2140 688 etiamsi
2178 652 2282 689 non
2336 636 2669 708 intelligatur
2706 655 2824 693 esse
2869 639 3062 706 Pater;
3097 646 3278 700 omnia
3309 663 3490 704 ειιιρηι

269 733 518 787 quoquam
579 729 893 773 sanctorum
951 719 1157 774 dictum
1195 729 1314 787 .est,
1375 730 1539 790 atque
1572 738 1676 775 una
1713 723 1816 776 hoc

269 813 424 880 ipsum
452 811 504 863 in
546 810 737 881 primis
772 821 876 877 est,
928 810 1071 881 quod
1117 811 1383 868 minorem
1417 813 1577 869 Patre
1618 814 1812 868 Filium

265 901 501 958 ostendit.

331 994 520 1048 Deinde
591 1010 698 1048 non
739 993 942 1049 dicitur
999 1001 1210 1048 tantum
1249 1012 1262 1048 :
1296 994 1434 1060 Quia
1486 1010 1579 1065 per
1630 995 1808 1065 ipsum

219 1092 221 1094 ’
264 1087 492 1144 mittitur.
526 1095 580 1138 et
609 1084 774 1138 datur
799 1103 814 1152 ;
840 1086 955 1150 sed,
990 1086 1127 1152 Quia
1171 1088 1333 1140 etiam
1365 1087 1631 1156 procedit,
1665 1089 1810 1156 quod

261 1179 480 1246 profecto
500 1179 922 1233 substantialem
990 1180 1161 1234 sancti
1217 1179 1452 1246 Spiritus
1493 1196 1806 1250 processum

259 1270 437 1339 signat,
467 1272 557 1339 qui
585 1271 753 1325 etiam
796 1282 1040 1327 aeternus
1087 1282 1253 1342 atque
1283 1282 1409 1326 ante
1461 1275 1657 1327 sarcula
1689 1289 1807 1328 cre-

257 1361 401 1414 ditur.
455 1361 560 1414 Sed
599 1364 746 1416 enim
788 1364 899 1431 jam
955 1379 1117 1432 supra
1169 1364 1507 1418 declaratum
1543 1377 1648 1431 est,
1687 1382 1808 1435 qua:

256 1453 467 1523 ineptiae,
492 1469 618 1522 qua:
651 1454 873 1525 indigna
923 1455 1237 1525 huiusmodi
1287 1456 1540 1511 homines
1571 1473 1807 1527 sequan-

255 1555 348 1598 tur.
379 1544 578 1598 Pra‘ter
612 1546 664 1598 id
692 1562 948 1616 namque,
1011 1549 1158 1617 quod
1208 1547 1347 1602 Filio
1387 1549 1619 1604 ministri
1655 1551 1805 1604 ordi-

255 1655 358 1692 iem
390 1640 692 1707 assignant,
723 1641 884 1694 etiam
915 1641 1219 1696 accidentia
1256 1643 1552 1696 secundum
1591 1653 1803 1714 tempus

253 1732 370 1784 Filio
395 1747 455 1786 ac
512 1731 770 1800 Spiritui,
817 1732 1398 1804 imperfectionemque
1451 1737 1614 1792 simul
1667 1739 1804 1792 assi-

249 1838 394 1891 gnare
424 1833 716 1891 cogentur.

310 1911 403 1964 Sed
429 1925 495 1975 ne
525 1911 583 1964 in
621 1913 716 1964 has
748 1926 922 1980 nugas
971 1911 1309 1975 decidamus,
1372 1913 1662 1969 dicendum
1719 1927 1801 1972 est

250 2001 520 2056 secundum
583 2017 848 2071 magnum
903 2001 1164 2057 Basilium
1201 2005 1354 2073 quia,
1387 2005 1531 2074 quod
1584 2023 1646 2060 ex
1687 2007 1798 2062 Deo

231 2092 483 2160 procedit,
513 2107 628 2145 non
660 2093 904 2160 procedit
936 2093 989 2146 in
1025 2104 1290 2162 tempore,
1324 2097 1540 2150 etiantsi
1578 2099 1631 2150 itt
1665 2076 1800 2152 tent-

252 2198 359 2250 pore
384 2182 498 2250 ejus
550 2181 798 2236 eﬂieacia
847 2192 1142 2252 appareat;
1171 2193 1224 2238 et
1249 2184 1379 2253 quia
1408 2189 1706 2241 secundum
1747 2190 1796 2242 id

251 2270 436 2340 quidem
493 2271 652 2339 quod
692 2273 916 2333 dicitur,
968 2287 1033 2326 ex
1073 2289 1194 2342 quo,
1255 2275 1450 2330 unicus
1485 2291 1796 2345 proceSsus,

246 2363 514 2416 secundum
546 2377 689 2417 vero
725 2363 777 2418 id
811 2365 957 2434 quod
991 2366 1218 2429 dicitur,
1256 2371 1308 2419 in
1347 2368 1506 2436 quod,
1546 2370 1794 2437 geminus

244 2468 348 2507 esse
403 2454 716 2508 secundum
785 2465 1032 2508 nostrum
1085 2456 1329 2510 habitum
1363 2459 1698 2528 agnoscitur.
1741 2472 1795 2516 et

243 2560 444 2614 qumque
469 2546 578 2599 alia
620 2562 782 2616 supra
812 2547 954 2601 dicta
989 2557 1135 2603 sunt.
1163 2548 1485 2620 Quanquam
1514 2570 1790 2624 nunquam

241 2653 266 2690 a
295 2635 419 2690 Filio
445 2637 700 2701 daretur,
743 2638 846 2693 nisi
882 2639 951 2692 ab
987 2640 1105 2708 ipso
1132 2651 1298 2696 esset.
1347 2661 1365 2694 ι
1403 2644 1444 2696 Α
1485 2660 1594 2713 quo
1620 2647 1790 2711 enim,

241 2729 306 2782 ait
352 2745 582 2798 magnus
630 2729 992 2793 Athanasius,
1026 2731 1142 2786 dari
1183 2733 1470 2802 Oportebat
1504 2736 1789 2805 Spiritum,

243 2817 329 2869 nisi
355 2817 419 2871 ab
443 2833 530 2880 eo,
551 2819 721 2888 cujus
752 2817 866 2872 eet?
904 2836 922 2870 ι
950 2819 1100 2875 Alias
1130 2823 1331 2892 quippe
1370 2825 1618 2880 minister
1646 2839 1793 2884 esset

241 2906 404 2962 Filius.
442 2909 505 2963 Et
537 2921 715 2975 certe,
771 2909 816 2964 si
857 2909 1094 2980 priorem
1137 2913 1292 2969 illum
1338 2920 1786 2974 substantialem-

238 3020 328 3072 que
348 3020 693 3074 processum,
737 3007 1040 3062 secundum
1076 3024 1238 3078 quem
1290 3012 1359 3066 ab
1408 3028 1472 3067 eo
1518 3017 1787 3084 procedit,

240 3098 379 3151 l‘ater
405 3101 572 3167 sapud
631 3099 876 3169 seipsum
919 3102 1078 3170 quasi
1137 3119 1246 3156 non
1273 3118 1618 3160 communem
1652 3106 1790 3162 Filio

238 3200 474 3252 servaret,
512 3191 909 3261 missionisque
950 3196 1324 3250 tantummodo
1361 3196 1512 3252 illum
1537 3215 1784 3254 commu-

238 3279 380 3334 aione
427 3281 785 3350 dignaretur;
842 3299 907 3338 ex
947 3299 1201 3340 mensura
1257 3302 1388 3358 ergo
1432 3289 1586 3344 daret
1625 3289 1786 3345 Pater

196 3380 199 3381 '
235 3367 351 3424 Filio
379 3369 670 3440 Spiritum,
723 3383 775 3428 et
818 3389 952 3442 non,
995 3384 1054 3430 ut
1087 3376 1322 3447 Baptista
1368 3378 1538 3446 dixit,
1571 3388 1673 3434 non
1716 3384 1783 3434 ad

240 3477 513 3517 mensuram
548 3466 619 3520 “.

295 3553 552 3612 PaL-terea
611 3560 886 3630 siquidem
944 3562 1133 3617 missio
1167 3561 1314 3618 Patri
1350 3563 1598 3636 Filioque
1637 3582 1787 3622 com-

235 3652 392 3704 munis
418 3652 505 3714 sit,
539 3657 828 3721 processio
885 3671 1014 3710 vcro
1051 3671 1080 3710 a
1108 3656 1264 3712 Patre
1293 3660 1435 3725 solo,
1469 3675 1580 3712 non
1634 3677 1786 3715 com-

196 3746 521 3802 -municante
575 3749 684 3804 sibi
739 3750 896 3818 Filio,
929 3754 1113 3806 omnia
1158 3755 1374 3822 quidem
1417 3755 1538 3810 Filii
1604 3757 1783 3815 Patris

231 3847 399 3902 erunt;
433 3855 538 3892 non
573 3851 758 3894 autem
790 3843 969 3894 omnia
1018 3842 1191 3896 Patris
1222 3858 1274 3899 et
1314 3845 1459 3900 Filii.
1492 3845 1612 3902 Non
1652 3865 1784 3919 ergo

203 3944 394 3984 «rerum
447 3933 578 3996 erit,
632 3934 778 4002 quod
829 3949 857 3987 a
920 3936 1148 3990 veritate
1214 3939 1329 4006 ipsa
1389 3939 1590 3994 dictum
1653 3953 1779 4000 est:

233 4020 400 4076 Omnia
431 4040 544 4076 mea
586 4036 680 4077 tua
729 4037 872 4090 sunt,
901 4039 950 4080 et
988 4038 1081 4080 tua
1139 4044 1252 4082 mea
1281 4041 1403 4084 sunt
1431 4033 1495 4084 ".
1516 4031 1582 4086 Et
1612 4035 1738 4088 illud
1763 4053 1778 4091 :

231 4111 422 4179 Omnia,
452 4132 572 4185 qua:
601 4116 754 4169 habet
796 4115 980 4184 Pater,
1016 4135 1128 4173 mea
1154 4131 1276 4174 sunt
1311 4121 1376 4187 “,
1407 4125 1552 4192 quod
1584 4125 1778 4180 absur-

227 4204 484 4259 dissimqu
514 4217 626 4270 est,
663 4219 1094 4279 sanctorumque
1125 4216 1409 4268 sententiis
1437 4215 1653 4283 penitus
1686 4218 1781 4272 ad-

227 4313 437 4354 versum.

286 4392 366 4445 Ait
402 4394 547 4448 enim
580 4394 820 4466 Cyrillus
848 4397 1202 4454 beatissimus
1241 4414 1406 4470 super
1436 4402 1565 4456 illud
1594 4421 1606 4456 :
1643 4402 1773 4458 0m-

227 4481 301 4530 nia
345 4499 454 4550 qua:
486 4484 642 4538 habet
685 4485 862 4552 l’atcr,
921 4502 1034 4539 mea
1076 4497 1218 4542 sunt.
1270 4509 1288 4542 ε
1329 4489 1562 4549 Fructus
1610 4499 1774 4566 igitur

225 4581 268 4621 et
299 4572 453 4635 iia'ut'a
486 4589 750 4644 expressa
798 4587 1036 4643 paternae
1076 4579 1390 4634 substantia:
1442 4581 1608 4638 Filius
1647 4603 1770 4639 cum

1921 725 2160 794 perfecte
2191 729 2242 783 in
2278 710 2484 798 seipso'
2516 731 2742 798 habens,
2775 751 2897 804 quae
2931 750 3057 792 sunt
3090 754 3336 808 persona:
3359 746 3490 797 sub-

1916 818 2131 871 ttantim
2165 822 2379 889 prepria
2407 834 2568 892 atque
2599 827 2892 894 principua.
2929 848 2946 880 ι

1988 909 2130 964 Idem
2164 928 2327 982 super
2349 913 2475 986 illud
2512 915 2694 969 :Sicut
2725 929 2778 971 tn
2800 938 2877 974 me
2907 925 3098 978 misisti
3131 927 3182 980 in
3204 930 3482 995 mundum,

1922 1019 1940 1052 t
1972 1002 2262 1067 Quintium
2295 1007 2579 1075 inquit,”
2609 1009 2787 1074 Patre,
2814 1014 2944 1066 etin
2976 1013 3154 1078 Patre,
3187 1021 3484 1076 secundum

1914 1105 2168 1150 naturam
2207 1108 2290 1153 est
2322 1099 2514 1158 Filius.
2576 1103 2788 1158 fruetus
2835 1107 3107 1163 exsistens
3155 1127 3314 1166 verus
3353 1118 3487 1170 sub-

1913 1189 2130 1243 srantize
2162 1191 2352 1259 ipsius,
2391 1191 2564 1248 Patris
2599 1197 2880 1266 proprium
2937 1199 3198 1270 Spiritum
3241 1205 3343 1260 sibi
3387 1223 3484 1276 per

1914 1289 2160 1334 naturam
2192 1283 2446 1338 vindicat.
2499 1304 2517 1336 ι

1982 1369 2084 1424 Sed
2147 1381 2199 1426 et
2250 1392 2476 1447 magnus
2533 1379 2765 1436 Basilius
2817 1383 2868 1437 in
2921 1385 3014 1438 lib.
3051 1385 3124 1440 De
3163 1389 3290 1455 ﬁde,
3323 1390 3483 1459 cujus

1911 1460 2124 1516 initintn
2158 1476 2239 1518 est
2272 1485 2284 1518 :
2322 1468 2415 1520 Dei
2445 1472 2650 1539 quidem
2681 1475 2972 1529 meminisse
2995 1477 3221 1547 jugiler,
3269 1499 3287 1532 ι
3313 1481 3483 1535 Filius

1909 1553 2149 1619 quidem,
2195 1557 2393 1628 inquit.
2423 1573 2479 1615 ut
2519 1561 2708 1628 Filius,
2761 1569 3101 1633 naturaliter,
3143 1589 3260 1641 qua:
3299 1574 3479 1628 Patris

1907 1655 2036 1697 sunt
2075 1649 2352 1715 possidet;
2395 1662 2451 1706 ut
2484 1665 2661 1710 autem
2696 1655 3020 1728 Unigenitus
3044 1703 3057 1726 ,
3094 1667 3278 1720 omnia
3315 1667 3514 1738 habete

1908 1733 1960 1786 in
1991 1739 2174 1806 seipso
2201 1741 2454 1797 collecta.
2501 1767 2519 1797 ι

1979 1829 2033 1883 Si
2075 1848 2202 1903 ergo
2228 1838 2432 1899 omnia,
2465 1855 2585 1908 quae
2641 1842 2802 1898 habet
2834 1843 2992 1900 Pater
3032 1849 3170 1902 bona
3203 1852 3473 1920 praecipua

1903 1929 1956 1974 et
1990 1928 2206 1992 propria
2238 1925 2432 1992 Patris,
2475 1941 2530 1985 et
2557 1931 2727 1990 Filius
2756 1937 2941 1992 itidem
2967 1942 3147 2007 habet,
3169 1948 3474 2014 pra-cipnus

1903 2022 2082 2068 autem
2114 2025 2199 2070 est
2233 2019 2467 2088 Spiritus
2516 2026 2726 2094 vivens,
2781 2040 2835 2085 et
2869 2034 3304 2092 substantialiter
3343 2040 3474 2094 insi-

1903 2115 2011 2173 tus,
2045 2111 2196 2180 isque
2232 2117 2446 2184 pt'Oprie
2488 2116 2606 2172 Filii
2647 2131 2854 2178 natura:
2889 2125 3089 2181 bonum
3113 2145 3234 2185 esse
3259 2147 3289 2185 a
3322 2136 3475 2187 theo-

1900 2201 2038 2268 logis
2061 2207 2347 2272 asseritnr,
2386 2215 2640 2278 quamvis
2664 2217 2826 2269 etiam
2870 2229 3065 2285 prmter
3099 2223 3314 2278 Patrem
3347 2241 3473 2284 esse

1897 2293 2094 2358 solum,
2129 2301 2310 2354 omnia
2341 2317 2458 2370 qum
2487 2303 2663 2358 Patris
2691 2323 2811 2362 sun'
2839 2308 3034 2365 Filium
3063 2312 3262 2368 habere
3283 2318 3466 2372 itidem

1898 2391 2264 2456 :Yssevet'atur,
2295 2405 2510 2449 coostat
2537 2398 2780 2464 profecto
2809 2404 2933 2472 quia
2963 2406 3152 2460 etFilii
3184 2420 3264 2463 ('Sl
3297 2407 3470 2479 Spiri-

1897 2488 1984 2530 tus
2018 2491 2263 2545 sanctus,
2302 2485 2446 2540 sicut
2476 2498 2528 2542 ct
2559 2489 2757 2559 Patris,
2787 2509 2850 2549 ac
2883 2500 3180 2554 secundum
3214 2507 3465 2558 eumdem

1899 2570 2142 2626 modum.
2181 2575 2330 2631 Alias
2365 2581 2509 2634 enint
2542 2599 2754 2639 summa
2796 2588 2885 2642 illa
2921 2606 3044 2644 cum
3075 2593 3233 2649 Patre
3269 2597 3465 2652 identiu

1896 2673 2003 2718 tale
2034 2676 2087 2717 et
2121 2667 2666 2730 inco:nmutabilitate
2696 2677 2891 2733 Filium
2923 2684 3360 2742 esclttderemus.

1965 2755 2199 2825 Verum,
2231 2763 2332 2816 etsi
2364 2767 2608 2821 eamdem
2641 2774 2997 2830 substantiam
3045 2778 3204 2833 habet
3229 2792 3282 2834 et
3304 2781 3463 2838 Pater

1897 2855 1949 2899 et
1985 2845 2176 2913 Filius,
2210 2851 2350 2906 sicut
2385 2854 2437 2910 in
2469 2857 2651 2912 divina
2694 2861 2782 2916 illa
2815 2863 3333 2942 sitnplieissimaque
3366 2893 3458 2929 tta~

1894 2951 2013 2994 tura
2039 2943 2196 3011 digne
2223 2946 2426 3004 habere
2454 2951 2796 3022 intelligitur,
2819 2958 3062 3014 eamdem
3090 2971 3268 3020 tamen
3306 2967 3462 3024 Pater

1893 3031 1964 3084 ita
2003 3031 2186 3097 habet,
2223 3047 2330 3090 uta
2365 3039 2512 3095 nullo
2540 3046 2838 3112 accepisse,
2871 3063 2991 3102 cum
3025 3051 3145 3106 sine
3173 3069 3337 3111 causa
3367 3061 3457 3122 sit,

1892 3118 2271 3192 intelligatur:
2308 3125 2479 3184 Filius
2515 3142 2691 3187 autem
2733 3140 2979 3193 eamdem
3011 3141 3082 3196 ita
3122 3145 3301 3214 habet,
3346 3118 3460 3207 uta

1890 3212 2049 3268 Patre
2107 3221 2416 3286 acieperit,
2479 3234 2537 3278 ut
2587 3240 2614 3278 a
2647 3241 2853 3294 causa,
2911 3230 3139 3304 Filiiqne
3193 3241 3458 3298 rationem

1890 3309 2162 3361 nascendo
2204 3312 2306 3365 sibi
2352 3314 2730 3374 vindicaverit.
2773 3321 3038 3379 Similiter
3083 3341 3264 3384 autem
3311 3346 3364 3390 et
3393 3337 3458 3390 de

1893 3394 2101 3464 Spiritu
2141 3401 2430 3460 dicendum
2456 3451 2469 3473 ,
2505 3413 2650 3480 quod
2685 3416 2927 3469 eamdem
2965 3436 3088 3473 cum
3125 3424 3234 3480 illis
3267 3429 3458 3482 habent

1891 3491 2287 3562 substantiam,
2325 3516 2353 3552 a
2401 3501 2558 3558 Patre
2598 3507 2816 3575 quidem
2865 3513 3194 3581 procedens,
3243 3534 3270 3572 a
3320 3519 3458 3576 Filio

1888 3589 2069 3636 autem
2131 3588 2402 3658 accipiens
2452 3591 2840 3664 causztbilitei,
2888 3602 2992 3658 hoc
3039 3597 3121 3659 es't
3169 3625 3456 3676 processus

1890 3675 2101 3730 ratione
2131 3697 2143 3732 :
2185 3682 2298 3736 sive
2324 3701 2386 3738 ex
2420 3683 2577 3740 Patre
2607 3707 2700 3756 per
2727 3691 2924 3747 Filium
2960 3702 3261 3756 secundum
3294 3720 3452 3760 suum

1888 3763 2300 3824 substantialem
2328 3789 2668 3845 procossum,
2711 3786 3008 3840 secundum
3031 3804 3189 3844 ouem
3212 3805 3275 3846 ex
3298 3793 3455 3850 Patre

1887 3870 2008 3911 esse
2034 3873 2131 3928 per
2164 3859 2358 3917 Filium
2391 3871 2675 3924 asseritur.
3053 3860 3061 3866 ’

1956 3947 2144 4006 Dicere
2185 3966 2402 4012 autem:
2441 3959 2495 4014 Si
2531 3966 2718 4020 oumia
2751 3967 2929 4027 Patris
2966 3973 3125 4031 habet
3158 3977 3358 4048 Fdius,
3395 3991 3452 4035 et

1885 4035 2053 4094 Filius
2087 4051 2398 4101 necessario
2433 4051 2542 4118 jam
2590 4055 2750 4111 Pater
2782 4075 2898 4128 est;
2939 4065 3218 4122 hominum
3251 4083 3332 4126 est
3359 4088 3452 4138 pa-

1884 4142 2003 4181 rum
2035 4133 2374 4190 considerate
2415 4141 2775 4212 loquentium,
2820 4153 3228 4227 Salvatorzsque
3260 4133 3449 4216 delen-

1884 4220 2016 4273 tium
2052 4239 2259 4291 vocem,
2285 4245 2347 4282 ac
2373 4246 2729 4298 personarum
2762 4244 3009 4299 ordinem
3043 4255 3267 4306 omnino
3295 4256 3449 4325 ig..o-

1881 4311 2141 4372 rantium.
2206 4317 2391 4388 Neque
2439 4328 2578 4380 νηίου
2631 4331 2741 4400 jam
2793 4347 2938 4391 esset
2994 4339 3164 4398 Filius
3232 4346 3447 4414 Filius,

1877 4417 2055 4474 neque
2100 4409 2256 4464 Pater
2296 4413 2471 4480 Pater,
2508 4421 2601 4474 sed
2667 4423 2821 4478 mista
2883 4433 3064 4485 omnia
3119 4444 3172 4488 et
3215 4439 3444 4493 contusa

1877 4509 2081 4563 essent,
2106 4506 2523 4572 proprietatibus
2598 4515 2845 4575 sublatis.
2870 4521 3136 4578 Caeterum
3199 4544 3445 4594 constat,

1878 4593 2109 4646 servatis
2143 4603 2354 4650 tantum
2392 4603 2832 4673 propria-tatibus,
2859 4628 2979 4680 quae
3008 4631 3270 4683 personas
3301 4638 3446 4677 com-

2392 4659 2406 4668 '
2493 4659 2504 4670 '
2715 4659 2719 4660 ⁷
2755 4659 2764 4660 ί
2788 4659 2832 4673 ⁷1
2863 4659 2968 4680 'l""‘
3008 4659 3270 4683 l""UV'lu°
3301 4659 3442 4677 νυνι-

226 4659 302 4722 sit,
335 4666 534 4729 omnia,
568 4682 691 4733 quae
719 4667 889 4736 ipsius
920 4680 1048 4722 sunt
1079 4685 1176 4739 per
1217 4681 1488 4736 naturam,
1518 4677 1619 4731 sibi
1653 4679 1767 4732 vin~
1804 4665 1846 4718 ί)
1877 4683 2154 4745 mendant,
2198 4689 2404 4758 reliqua
2439 4698 2618 4750 otnnia
2673 4717 2791 4755 esse
2828 4709 3158 4763 communia.
3197 4712 3442 4787 Namque

226 4751 375 4787 iiii-rn-
409 4755 618 4787 LII-imus
647 4759 714 4787 nil
759 4774 770 4786 ο
810 4760 998 4787 Π.....ἕ,.
1079 4778 1192 4787 ...υ-
1228 4764 1375 4787 1..-ι.Α,
1444 4765 1479 4787 n
1524 4779 1535 4787 .
1589 4786 1594 4787 ,
1879 4774 1888 4787 ι
1917 4773 1929 4783 ο
2002 4775 2036 4787 -κ
2082 4785 2089 4787 Α
2135 4779 2146 4787 .

225 4751 377 4817 dit-at;
409 4755 618 4808 idcirco
643 4759 721 4809 ait
758 4774 770 4810 :
810 4760 1022 4823 Omnia,
1073 4778 1192 4831 qua:
1222 4764 1376 4818 habet
1437 4765 1618 4829 Pater,
1657 4787 1769 4824 mea

223 4853 364 4907 :unt;
398 4845 524 4930 ideo.
549 4847 667 4899 dixi
711 4851 875 4913 vobis,
911 4852 1036 4919 quia
1062 4853 1124 4904 de
1169 4869 1280 4907 meo
1317 4857 1554 4924 accipiet,
1592 4871 1638 4913 et
1670 4877 1767 4912 an-

225 4938 464 4989 nuutiabit
526 4939 698 5002 vobis,
751 4940 988 5008 Spiritus
1030 4944 1258 5012 scilitet,
1293 4951 1386 5017 qui
1450 4967 1542 5019 per
1593 4952 1768 5021 ipsum

222 5037 363 5093 atque
401 5029 451 5081 in
494 5035 612 5099 ipso
643 5043 748 5086 est.
788 5053 806 5084 ι

281 5118 339 5170 Et
367 5121 504 5175 idem
541 5141 734 5178 rursus
765 5144 930 5195 super
952 5129 1082 5182 illud
1116 5149 1128 5184 :
1159 5130 1395 5186 [lacerat
1428 5135 1479 5189 in
1504 5139 1765 5208 principio

222 5209 345 5274 apud
380 5211 570 5274 (leum,
611 5237 628 5265 σ
668 5217 858 5281 Deum,
906 5220 1102 5288 inquit,
1137 5239 1322 5276 verum
1372 5241 1432 5278 ex
1473 5230 1578 5283 lJeo
1611 5231 1767 5286 Patre

224 5314 334 5354 vero
361 5308 604 5372 gt'ttitttttt
649 5313 887 5378 seipsum
954 5313 1269 5383 Unigenitus
1309 5325 1602 5376 ostendens
1631 5326 1705 5377 ait
1748 5344 1761 5378 :

224 5390 415 5458 Omnia,
445 5413 562 5465 qua
602 5401 757 5453 habet
813 5401 994 5466 Pater,
1028 5424 1140 5459 mea
1189 5419 1346 5474 sunt;
1407 5415 1762 5484 omniumque

223 5487 588 5552 proprietatum
629 5510 748 5562 quae
783 5496 923 5548 Patri
968 5499 1148 5553 insunt
1180 5503 1500 5558 naturaliter
1533 5545 1547 5569 ,
1587 5509 1760 5563 tta-res

219 5570 367 5630 Filius
390 5592 491 5646 est,
527 5593 583 5636 ut
609 5600 671 5639 ex
717 5588 836 5655 ipso
863 5593 1163 5646 secundum
1191 5605 1435 5648 naturam
1465 5600 1756 5664 exsistens,

309 5766 348 5794 "
377 5767 536 5820 .loan.
575 5787 654 5835 Ill,
682 5773 769 5826 54.
887 5775 928 5806 ’³
965 5775 1122 5833 Joan.
1163 5797 1293 5847 xvtt,
1331 5783 1410 5837 10.

1878 4773 1965 4827 hic
2000 4775 2180 4832 Patris
2235 4797 2297 4836 ac
2359 4787 2440 4838 sui
2489 4791 2814 4847 mentionem
2853 4797 3058 4856 faciens
3095 4801 3357 4861 Dominus
3389 4825 3442 4860 et.

1876 4865 2143 4930 omnium,
2175 4868 2366 4926 Omnia
2398 4875 2556 4941 enim,
2585 4879 2780 4950 inquit,
2810 4902 2925 4953 qua
2951 4888 3101 4944 habet
3135 4892 3296 4949 Pater
3323 4913 3441 4953 mea

1867 4968 2024 5020 sunt,
2060 4961 2146 5016 his
2179 4967 2270 5032 qui
2303 4965 2626 5023 Trinitatem
2680 4985 2732 5026 et
2792 4980 3054 5034 unitatem
3084 4988 3435 5052 conﬁtentur,

1867 5050 2116 5120 dicendo,
2152 5053 2329 5123 Pater,
2362 5073 2414 5113 et
2449 5062 2640 5130 Filius,
2673 5067 3051 5139 intelligendas
3079 5081 3436 5147 proprietates

1865 5142 2032 5207 dedit,
2059 5145 2556 5222 discretionctnqtte
2605 5174 2992 5228 personaruttt;
3020 5170 3198 5222 omnia
3258 5184 3432 5226 autem

1865 5233 2130 5298 dicendo,
2171 5254 2367 5296 cuncta
2415 5259 2622 5302 natura:
2673 5239 2978 5323 bona'qnaz
3033 5259 3188 5314 Pater
3238 5264 3434 5322 habet.

1871 5341 2228 5400 praeterquam
2255 5351 2374 5390 esse
2401 5337 2614 5394 Patrem
2647 5343 2871 5414 intelligi
2906 5349 3095 5402 voluit.

1944 5423 2095 5478 Unde
2135 5444 2361 5496 magnus
2393 5447 2610 5502 quoque
2653 5435 2885 5491 Basilius
2916 5442 2966 5492 in
3011 5442 3148 5498 libro
3189 5444 3260 5496 De
3291 5447 3428 5513 [ide-

1877 5537 1892 5567 t
1939 5509 2286 5588 Omnia-qum
2319 5523 2472 5576 l'ater
2509 5536 2590 5578 est
2623 5526 2789 5582 Filius
2831 5539 2931 5584 est.
2970 5534 3180 5588 Patrem
3217 5538 3327 5592 disi
3385 5554 3438 5594 rt

1874 5610 2095 5677 blitum,
2135 5613 2230 5664 bas
2269 5616 2395 5666 mihi
2436 5619 2795 5685 proprietates
2831 5623 3244 5682 set'v.i.Manens
3273 5613 3433 5700 igitur

1491 5785 1531 5816 "
1563 5785 1718 5841 Josn.
1766 5807 1848 5842 xvi
1920 5794 1999 5845 13.

278 5924 380 5995 (50)
417 5927 529 5984 Hoc
557 5939 659 5996 est,
697 5933 835 5988 nihil
883 5938 1180 6007 probantis,
1215 5945 1306 5997 sed
1364 5955 1574 5997 tantum
1627 5965 1748 6000 eum
1793 5953 2120 6006 auctoritate
2163 5959 2547 6013 a~sct’ct‘antis.

519 6026 784 6090 Puncta
833 6031 948 6092 Gn.
996 6033 1173 6096 CL“.
