  <div class='ocr_page' id='page_1' title='image "/cluster/home/n/w/nwhite01/storage/ocr_20150623/152/hvd.32044019208404/047.png"; bbox 0 0 4010 6550; ppageno 0'>
   <div class='ocr_carea' id='block_1_1' title="bbox 470 469 3746 544">
    <p class='ocr_par' dir='ltr' id='par_1_1' title="bbox 470 469 3746 544">
     <span class='ocr_line' id='line_1_1' title="bbox 470 469 3746 544; baseline 0.003 -17"><span class='ocrx_word' id='word_1_1' title='bbox 470 471 566 527; x_wconf 71' lang='grc'><strong>’⁸⁷5</strong></span> <span class='ocrx_word' id='word_1_2' title='bbox 1749 469 2146 530; x_wconf 73' lang='lat' dir='ltr'><strong>MANUELIS</strong></span> <span class='ocrx_word' id='word_1_3' title='bbox 2185 470 2488 531; x_wconf 68' lang='lat' dir='ltr'><strong>CALECE</strong></span> <span class='ocrx_word' id='word_1_4' title='bbox 3672 482 3746 544; x_wconf 70' lang='grc' dir='ltr'><strong>’τῦ</strong></span> 
     </span>
    </p>
   </div>
   <div class='ocr_carea' id='block_1_2' title="bbox 497 580 3743 660">
    <p class='ocr_par' dir='ltr' id='par_1_2' title="bbox 497 580 3743 660">
     <span class='ocr_line' id='line_1_2' title="bbox 497 580 3743 660; baseline 0.002 -24"><span class='ocrx_word' id='word_1_5' title='bbox 497 582 691 646; x_wconf 66' lang='grc' dir='ltr'>Ὲιιὶιιε.</span> <span class='ocrx_word' id='word_1_6' title='bbox 723 583 892 639; x_wconf 82' lang='lat' dir='ltr'><strong>Filius</strong></span> <span class='ocrx_word' id='word_1_7' title='bbox 933 582 1116 637; x_wconf 84' lang='lat' dir='ltr'><strong>omnia</strong></span> <span class='ocrx_word' id='word_1_8' title='bbox 1154 588 1236 637; x_wconf 88' lang='lat' dir='ltr'><strong>est</strong></span> <span class='ocrx_word' id='word_1_9' title='bbox 1259 625 1272 647; x_wconf 84' lang='lat'><strong>,</strong></span> <span class='ocrx_word' id='word_1_10' title='bbox 1313 597 1431 651; x_wconf 69' lang='lat' dir='ltr'><strong>qua:</strong></span> <span class='ocrx_word' id='word_1_11' title='bbox 1476 580 1669 648; x_wconf 76' lang='lat' dir='ltr'><strong>Pater,</strong></span> <span class='ocrx_word' id='word_1_12' title='bbox 1709 584 1859 654; x_wconf 79' lang='lat' dir='ltr'><strong>juxta</strong></span> <span class='ocrx_word' id='word_1_13' title='bbox 1897 586 2068 654; x_wconf 80' lang='lat' dir='ltr'><strong>ipsius</strong></span> <span class='ocrx_word' id='word_1_14' title='bbox 2100 590 2142 642; x_wconf 88' lang='grc' dir='ltr'>Λ</span> <span class='ocrx_word' id='word_1_15' title='bbox 2244 587 2321 645; x_wconf 80' lang='lat' dir='ltr'><strong>Ex</strong></span> <span class='ocrx_word' id='word_1_16' title='bbox 2357 588 2441 642; x_wconf 97' lang='lat' dir='ltr'><strong>his</strong></span> <span class='ocrx_word' id='word_1_17' title='bbox 2473 604 2601 657; x_wconf 77' lang='lat' dir='ltr'><strong>ergo</strong></span> <span class='ocrx_word' id='word_1_18' title='bbox 2637 604 2756 657; x_wconf 72' lang='lat' dir='ltr'><strong>quae</strong></span> <span class='ocrx_word' id='word_1_19' title='bbox 2788 588 3045 653; x_wconf 70' lang='lat' dir='ltr'><strong>diximus,</strong></span> <span class='ocrx_word' id='word_1_20' title='bbox 3074 598 3295 659; x_wconf 76' lang='lat' dir='ltr'><strong>apparet</strong></span> <span class='ocrx_word' id='word_1_21' title='bbox 3344 599 3396 647; x_wconf 85' lang='lat' dir='ltr'><strong>rt</strong></span> <span class='ocrx_word' id='word_1_22' title='bbox 3420 590 3592 660; x_wconf 82' lang='lat' dir='ltr'><strong>ipsum</strong></span> <span class='ocrx_word' id='word_1_23' title='bbox 3618 589 3743 645; x_wconf 82' lang='lat' dir='ltr'><strong>Filii</strong></span> 
     </span>
    </p>
   </div>
   <div class='ocr_carea' id='block_1_3' title="bbox 500 673 2065 741">
    <p class='ocr_par' dir='ltr' id='par_1_3' title="bbox 500 673 2065 741">
     <span class='ocr_line' id='line_1_3' title="bbox 500 673 2065 741; baseline 0 -13"><span class='ocrx_word' id='word_1_24' title='bbox 500 675 710 730; x_wconf 86' lang='lat' dir='ltr'><strong>Domini</strong></span> <span class='ocrx_word' id='word_1_25' title='bbox 743 689 930 731; x_wconf 82' lang='lat' dir='ltr'><strong>vocem</strong></span> <span class='ocrx_word' id='word_1_26' title='bbox 967 674 1240 729; x_wconf 84' lang='lat' dir='ltr'><strong>dicentis:</strong></span> <span class='ocrx_word' id='word_1_27' title='bbox 1281 673 1473 731; x_wconf 86' lang='lat' dir='ltr'><strong>Omnia</strong></span> <span class='ocrx_word' id='word_1_28' title='bbox 1495 683 1520 739; x_wconf 64' lang='grc' dir='ltr'><em>τ</em></span> <span class='ocrx_word' id='word_1_29' title='bbox 1544 692 1661 740; x_wconf 79' lang='lat' dir='ltr'><strong>qua:</strong></span> <span class='ocrx_word' id='word_1_30' title='bbox 1695 677 1848 731; x_wconf 74' lang='lat' dir='ltr'><strong>habet</strong></span> <span class='ocrx_word' id='word_1_31' title='bbox 1885 675 2065 741; x_wconf 76' lang='lat' dir='ltr'><strong>Pater,</strong></span> 
     </span>
    </p>
   </div>
   <div class='ocr_carea' id='block_1_4' title="bbox 498 767 2067 847">
    <p class='ocr_par' dir='ltr' id='par_1_4' title="bbox 498 767 2067 847">
     <span class='ocr_line' id='line_1_4' title="bbox 498 767 2067 847; baseline 0.003 -28"><span class='ocrx_word' id='word_1_32' title='bbox 498 786 613 822; x_wconf 80' lang='lat' dir='ltr'><strong>mea</strong></span> <span class='ocrx_word' id='word_1_33' title='bbox 637 777 782 823; x_wconf 80' lang='lat' dir='ltr'><strong>sunt.</strong></span> <span class='ocrx_word' id='word_1_34' title='bbox 808 767 884 821; x_wconf 76' lang='lat' dir='ltr'><strong>lie</strong></span> <span class='ocrx_word' id='word_1_35' title='bbox 914 767 1058 823; x_wconf 87' lang='lat' dir='ltr'><strong>enim</strong></span> <span class='ocrx_word' id='word_1_36' title='bbox 1090 784 1213 821; x_wconf 82' lang='lat' dir='ltr'><strong>vera</strong></span> <span class='ocrx_word' id='word_1_37' title='bbox 1252 768 1507 847; x_wconf 73' lang='lat' dir='ltr'><strong>imaginis</strong></span> <span class='ocrx_word' id='word_1_38' title='bbox 1542 780 1671 826; x_wconf 88' lang='lat' dir='ltr'><strong>sunt</strong></span> <span class='ocrx_word' id='word_1_39' title='bbox 1705 770 1911 837; x_wconf 88' lang='lat' dir='ltr'><strong>omnia,</strong></span> <span class='ocrx_word' id='word_1_40' title='bbox 1944 784 2067 841; x_wconf 78' lang='lat' dir='ltr'><strong>quae</strong></span> 
     </span>
    </p>
   </div>
   <div class='ocr_carea' id='block_1_5' title="bbox 433 860 1479 932">
    <p class='ocr_par' dir='ltr' id='par_1_5' title="bbox 433 860 1479 932">
     <span class='ocr_line' id='line_1_5' title="bbox 433 860 1479 932; baseline 0.001 -16"><span class='ocrx_word' id='word_1_41' title='bbox 433 866 437 923; x_wconf 75' lang='grc' dir='ltr'>ἶ</span> <span class='ocrx_word' id='word_1_42' title='bbox 498 862 700 917; x_wconf 84' lang='lat' dir='ltr'><strong>adsunt</strong></span> <span class='ocrx_word' id='word_1_43' title='bbox 731 861 1020 932; x_wconf 68' lang='lat' dir='ltr'><strong>primitivze</strong></span> <span class='ocrx_word' id='word_1_44' title='bbox 1043 860 1253 917; x_wconf 77' lang='lat' dir='ltr'><strong>formae.</strong></span> <span class='ocrx_word' id='word_1_45' title='bbox 1304 882 1324 916; x_wconf 75' lang='grc' dir='ltr'><strong>ι</strong></span> <span class='ocrx_word' id='word_1_46' title='bbox 1474 872 1479 877; x_wconf 85' lang='lat'>‘</span> 
     </span>
    </p>
   </div>
   <div class='ocr_carea' id='block_1_6' title="bbox 430 934 2063 1021">
    <p class='ocr_par' dir='ltr' id='par_1_6' title="bbox 430 934 2063 1021">
     <span class='ocr_line' id='line_1_6' title="bbox 430 934 2063 1021; baseline 0.002 -18"><span class='ocrx_word' id='word_1_47' title='bbox 567 950 766 1005; x_wconf 80' lang='lat' dir='ltr'><strong>Beatus</strong></span> <span class='ocrx_word' id='word_1_48' title='bbox 790 951 922 1013; x_wconf 90' lang='lat' dir='ltr'><strong>item</strong></span> <span class='ocrx_word' id='word_1_49' title='bbox 953 938 1189 1021; x_wconf 69' lang='lat' dir='ltr'><strong>Cyrillits</strong></span> <span class='ocrx_word' id='word_1_50' title='bbox 1214 952 1266 1005; x_wconf 88' lang='lat' dir='ltr'><strong>in</strong></span> <span class='ocrx_word' id='word_1_51' title='bbox 1296 951 1539 1009; x_wconf 85' lang='lat' dir='ltr'><strong>secundo</strong></span> <span class='ocrx_word' id='word_1_52' title='bbox 1564 953 1629 1007; x_wconf 89' lang='lat' dir='ltr'><strong>ad</strong></span> <span class='ocrx_word' id='word_1_53' title='bbox 1656 951 1928 1007; x_wconf 88' lang='lat' dir='ltr'><strong>licrmiam</strong></span> <span class='ocrx_word' id='word_1_54' title='bbox 1952 952 2063 1006; x_wconf 88' lang='lat' dir='ltr'><strong>ait:</strong></span> 
     </span>
    </p>
   </div>
   <div class='ocr_carea' id='block_1_7' title="bbox 504 1042 2067 1117">
    <p class='ocr_par' dir='ltr' id='par_1_7' title="bbox 504 1042 2067 1117">
     <span class='ocr_line' id='line_1_7' title="bbox 504 1042 2067 1117; baseline 0.002 -23"><span class='ocrx_word' id='word_1_55' title='bbox 504 1061 522 1093; x_wconf 73' lang='lat' dir='ltr'><strong>c</strong></span> <span class='ocrx_word' id='word_1_56' title='bbox 567 1042 910 1098; x_wconf 75' lang='lat' dir='ltr'><strong>Coaaternum</strong></span> <span class='ocrx_word' id='word_1_57' title='bbox 970 1042 1117 1099; x_wconf 87' lang='lat' dir='ltr'><strong>Patri</strong></span> <span class='ocrx_word' id='word_1_58' title='bbox 1181 1045 1456 1101; x_wconf 83' lang='lat' dir='ltr'><strong>credimus</strong></span> <span class='ocrx_word' id='word_1_59' title='bbox 1512 1045 1711 1105; x_wconf 82' lang='lat' dir='ltr'><strong>Filium</strong></span> <span class='ocrx_word' id='word_1_60' title='bbox 1775 1045 2067 1117; x_wconf 82' lang='lat' dir='ltr'><strong>omniaque</strong></span> 
     </span>
    </p>
   </div>
   <div class='ocr_carea' id='block_1_8' title="bbox 496 1135 2067 1211">
    <p class='ocr_par' dir='ltr' id='par_1_8' title="bbox 496 1135 2067 1211">
     <span class='ocr_line' id='line_1_8' title="bbox 496 1135 2067 1211; baseline 0.002 -24"><span class='ocrx_word' id='word_1_61' title='bbox 496 1135 777 1205; x_wconf 73' lang='lat' dir='ltr'><strong>aequaliter</strong></span> <span class='ocrx_word' id='word_1_62' title='bbox 801 1136 1115 1201; x_wconf 79' lang='lat' dir='ltr'><strong>habentem,</strong></span> <span class='ocrx_word' id='word_1_63' title='bbox 1141 1146 1338 1205; x_wconf 76' lang='lat' dir='ltr'><strong>praeter</strong></span> <span class='ocrx_word' id='word_1_64' title='bbox 1366 1136 1541 1192; x_wconf 91' lang='lat' dir='ltr'><strong>solum</strong></span> <span class='ocrx_word' id='word_1_65' title='bbox 1568 1137 1813 1211; x_wconf 84' lang='lat' dir='ltr'><strong>gignere.</strong></span> <span class='ocrx_word' id='word_1_66' title='bbox 1844 1155 1862 1189; x_wconf 70' lang='grc' dir='ltr'><strong>ο</strong></span> <span class='ocrx_word' id='word_1_67' title='bbox 1888 1135 2067 1191; x_wconf 81' lang='lat' dir='ltr'><strong>idem-</strong></span> 
     </span>
    </p>
   </div>
   <div class='ocr_carea' id='block_1_9' title="bbox 495 1227 2066 1300">
    <p class='ocr_par' dir='ltr' id='par_1_9' title="bbox 495 1227 2066 1300">
     <span class='ocr_line' id='line_1_9' title="bbox 495 1227 2066 1300; baseline 0.001 -20"><span class='ocrx_word' id='word_1_68' title='bbox 495 1242 601 1296; x_wconf 84' lang='lat' dir='ltr'><strong>que</strong></span> <span class='ocrx_word' id='word_1_69' title='bbox 632 1228 688 1283; x_wconf 91' lang='lat' dir='ltr'><strong>in</strong></span> <span class='ocrx_word' id='word_1_70' title='bbox 723 1227 862 1283; x_wconf 90' lang='lat' dir='ltr'><strong>libro</strong></span> <span class='ocrx_word' id='word_1_71' title='bbox 897 1245 1000 1284; x_wconf 92' lang='lat' dir='ltr'><strong>suo</strong></span> <span class='ocrx_word' id='word_1_72' title='bbox 1033 1228 1107 1283; x_wconf 82' lang='lat' dir='ltr'><strong>De</strong></span> <span class='ocrx_word' id='word_1_73' title='bbox 1145 1229 1432 1293; x_wconf 84' lang='lat' dir='ltr'><strong>Trinitate,</strong></span> <span class='ocrx_word' id='word_1_74' title='bbox 1489 1248 1506 1281; x_wconf 72' lang='grc' dir='ltr'><strong>ι</strong></span> <span class='ocrx_word' id='word_1_75' title='bbox 1553 1228 1609 1284; x_wconf 83' lang='grc' dir='ltr'><strong>1η</strong></span> <span class='ocrx_word' id='word_1_76' title='bbox 1650 1228 1786 1283; x_wconf 89' lang='lat' dir='ltr'><strong>Filio</strong></span> <span class='ocrx_word' id='word_1_77' title='bbox 1811 1268 1827 1292; x_wconf 86' lang='lat'><strong>,</strong></span> <span class='ocrx_word' id='word_1_78' title='bbox 1866 1229 2066 1300; x_wconf 84' lang='lat' dir='ltr'><strong>inquit,</strong></span> 
     </span>
    </p>
   </div>
   <div class='ocr_carea' id='block_1_10' title="bbox 497 1319 2068 1393">
    <p class='ocr_par' dir='ltr' id='par_1_10' title="bbox 497 1319 2068 1393">
     <span class='ocr_line' id='line_1_10' title="bbox 497 1319 2068 1393; baseline 0.001 -21"><span class='ocrx_word' id='word_1_79' title='bbox 497 1321 800 1393; x_wconf 85' lang='lat' dir='ltr'><strong>unigenito,</strong></span> <span class='ocrx_word' id='word_1_80' title='bbox 831 1336 927 1391; x_wconf 89' lang='lat' dir='ltr'><strong>per</strong></span> <span class='ocrx_word' id='word_1_81' title='bbox 954 1322 1136 1376; x_wconf 81' lang='lat' dir='ltr'><strong>omnia</strong></span> <span class='ocrx_word' id='word_1_82' title='bbox 1166 1320 1331 1375; x_wconf 86' lang='lat' dir='ltr'><strong>simili</strong></span> <span class='ocrx_word' id='word_1_83' title='bbox 1353 1319 1499 1376; x_wconf 82' lang='lat' dir='ltr'><strong>Patri</strong></span> <span class='ocrx_word' id='word_1_84' title='bbox 1553 1330 1605 1376; x_wconf 88' lang='lat' dir='ltr'><strong>et</strong></span> <span class='ocrx_word' id='word_1_85' title='bbox 1629 1320 1848 1391; x_wconf 69' lang='lat' dir='ltr'><strong>aaquaii,</strong></span> <span class='ocrx_word' id='word_1_86' title='bbox 1874 1328 2068 1390; x_wconf 83' lang='lat' dir='ltr'><strong>praeter</strong></span> 
     </span>
    </p>
   </div>
   <div class='ocr_carea' id='block_1_11' title="bbox 496 1412 1495 1484">
    <p class='ocr_par' dir='ltr' id='par_1_11' title="bbox 496 1412 1495 1484">
     <span class='ocr_line' id='line_1_11' title="bbox 496 1412 1495 1484; baseline -0.005 -15"><span class='ocrx_word' id='word_1_87' title='bbox 496 1415 547 1470; x_wconf 93' lang='lat' dir='ltr'><strong>id</strong></span> <span class='ocrx_word' id='word_1_88' title='bbox 579 1413 783 1479; x_wconf 82' lang='lat' dir='ltr'><strong>solum,</strong></span> <span class='ocrx_word' id='word_1_89' title='bbox 811 1414 959 1484; x_wconf 87' lang='lat' dir='ltr'><strong>quod</strong></span> <span class='ocrx_word' id='word_1_90' title='bbox 990 1412 1151 1467; x_wconf 86' lang='lat' dir='ltr'><strong>Pater</strong></span> <span class='ocrx_word' id='word_1_91' title='bbox 1182 1428 1288 1467; x_wconf 90' lang='lat' dir='ltr'><strong>non</strong></span> <span class='ocrx_word' id='word_1_92' title='bbox 1323 1421 1429 1468; x_wconf 89' lang='lat' dir='ltr'><strong>est.</strong></span> <span class='ocrx_word' id='word_1_93' title='bbox 1477 1430 1495 1464; x_wconf 75' lang='grc' dir='ltr'><strong>ι</strong></span> 
     </span>
    </p>
   </div>
   <div class='ocr_carea' id='block_1_12' title="bbox 566 1502 2068 1577">
    <p class='ocr_par' dir='ltr' id='par_1_12' title="bbox 566 1502 2068 1577">
     <span class='ocr_line' id='line_1_12' title="bbox 566 1502 2068 1577; baseline -0.002 -19"><span class='ocrx_word' id='word_1_94' title='bbox 566 1504 736 1561; x_wconf 81' lang='lat' dir='ltr'><strong>Divus</strong></span> <span class='ocrx_word' id='word_1_95' title='bbox 773 1506 898 1560; x_wconf 89' lang='lat' dir='ltr'><strong>item</strong></span> <span class='ocrx_word' id='word_1_96' title='bbox 952 1505 1382 1577; x_wconf 82' lang='lat' dir='ltr'><strong>Chrysostomus</strong></span> <span class='ocrx_word' id='word_1_97' title='bbox 1425 1503 1478 1559; x_wconf 85' lang='lat' dir='ltr'><strong>in</strong></span> <span class='ocrx_word' id='word_1_98' title='bbox 1527 1502 1747 1559; x_wconf 87' lang='lat' dir='ltr'><strong>homilia</strong></span> <span class='ocrx_word' id='word_1_99' title='bbox 1797 1503 1864 1556; x_wconf 80' lang='lat'><strong>39</strong></span> <span class='ocrx_word' id='word_1_100' title='bbox 1903 1516 2068 1575; x_wconf 85' lang='lat' dir='ltr'><strong>super</strong></span> 
     </span>
    </p>
   </div>
   <div class='ocr_carea' id='block_1_13' title="bbox 496 1593 2067 1668">
    <p class='ocr_par' dir='ltr' id='par_1_13' title="bbox 496 1593 2067 1668">
     <span class='ocr_line' id='line_1_13' title="bbox 496 1593 2067 1668; baseline -0.004 -15"><span class='ocrx_word' id='word_1_101' title='bbox 496 1598 790 1663; x_wconf 82' lang='lat' dir='ltr'><strong>Joannem,</strong></span> <span class='ocrx_word' id='word_1_102' title='bbox 826 1613 992 1668; x_wconf 88' lang='lat' dir='ltr'><strong>super</strong></span> <span class='ocrx_word' id='word_1_103' title='bbox 1020 1598 1150 1652; x_wconf 89' lang='lat' dir='ltr'><strong>illud</strong></span> <span class='ocrx_word' id='word_1_104' title='bbox 1178 1615 1191 1653; x_wconf 91' lang='lat'><strong>:</strong></span> <span class='ocrx_word' id='word_1_105' title='bbox 1242 1593 1307 1651; x_wconf 86' lang='lat' dir='ltr'><strong>Ut</strong></span> <span class='ocrx_word' id='word_1_106' title='bbox 1350 1613 1525 1651; x_wconf 84' lang='lat' dir='ltr'><strong>omnes</strong></span> <span class='ocrx_word' id='word_1_107' title='bbox 1559 1597 1810 1652; x_wconf 85' lang='lat' dir='ltr'><strong>honorent</strong></span> <span class='ocrx_word' id='word_1_108' title='bbox 1844 1593 2067 1660; x_wconf 80' lang='lat' dir='ltr'><strong>Filium,</strong></span> 
     </span>
    </p>
   </div>
   <div class='ocr_carea' id='block_1_14' title="bbox 498 1688 2071 1761">
    <p class='ocr_par' dir='ltr' id='par_1_14' title="bbox 498 1688 2071 1761">
     <span class='ocr_line' id='line_1_14' title="bbox 498 1688 2071 1761; baseline -0.001 -15"><span class='ocrx_word' id='word_1_109' title='bbox 498 1694 632 1746; x_wconf 80' lang='lat' dir='ltr'><strong>sicut</strong></span> <span class='ocrx_word' id='word_1_110' title='bbox 678 1694 941 1746; x_wconf 78' lang='lat' dir='ltr'><strong>honorant</strong></span> <span class='ocrx_word' id='word_1_111' title='bbox 979 1702 1027 1747; x_wconf 80' lang='lat' dir='ltr'><strong>et</strong></span> <span class='ocrx_word' id='word_1_112' title='bbox 1075 1688 1292 1744; x_wconf 77' lang='lat' dir='ltr'><strong>Patrem</strong></span> <span class='ocrx_word' id='word_1_113' title='bbox 1323 1731 1338 1756; x_wconf 90' lang='lat'><strong>,</strong></span> <span class='ocrx_word' id='word_1_114' title='bbox 1376 1708 1394 1741; x_wconf 76' lang='grc' dir='ltr'><strong>ι</strong></span> <span class='ocrx_word' id='word_1_115' title='bbox 1436 1689 1573 1744; x_wconf 79' lang='lat' dir='ltr'><strong>Num</strong></span> <span class='ocrx_word' id='word_1_116' title='bbox 1612 1704 1762 1757; x_wconf 74' lang='lat' dir='ltr'><strong>ergo,</strong></span> <span class='ocrx_word' id='word_1_117' title='bbox 1794 1690 1988 1761; x_wconf 84' lang='lat' dir='ltr'><strong>inquit,</strong></span> <span class='ocrx_word' id='word_1_118' title='bbox 2015 1697 2071 1744; x_wconf 88' lang='lat' dir='ltr'><strong>et</strong></span> 
     </span>
    </p>
   </div>
   <div class='ocr_carea' id='block_1_15' title="bbox 500 1781 2065 1855">
    <p class='ocr_par' dir='ltr' id='par_1_15' title="bbox 500 1781 2065 1855">
     <span class='ocr_line' id='line_1_15' title="bbox 500 1781 2065 1855; baseline -0.004 -16"><span class='ocrx_word' id='word_1_119' title='bbox 500 1788 714 1839; x_wconf 74' lang='lat' dir='ltr'><strong>Patrem</strong></span> <span class='ocrx_word' id='word_1_120' title='bbox 757 1785 937 1852; x_wconf 88' lang='lat' dir='ltr'><strong>ipsum</strong></span> <span class='ocrx_word' id='word_1_121' title='bbox 974 1783 1411 1855; x_wconf 75' lang='lat' dir='ltr'><strong>appellabimus?</strong></span> <span class='ocrx_word' id='word_1_122' title='bbox 1460 1782 1636 1837; x_wconf 82' lang='lat' dir='ltr'><strong>Absit.</strong></span> <span class='ocrx_word' id='word_1_123' title='bbox 1677 1781 1888 1845; x_wconf 81' lang='lat' dir='ltr'><strong>Idcirco</strong></span> <span class='ocrx_word' id='word_1_124' title='bbox 1920 1781 2065 1835; x_wconf 86' lang='lat' dir='ltr'><strong>enim</strong></span> 
     </span>
    </p>
   </div>
   <div class='ocr_carea' id='block_1_16' title="bbox 499 1871 2067 1942">
    <p class='ocr_par' dir='ltr' id='par_1_16' title="bbox 499 1871 2067 1942">
     <span class='ocr_line' id='line_1_16' title="bbox 499 1871 2067 1942; baseline -0.003 -12"><span class='ocrx_word' id='word_1_125' title='bbox 499 1878 637 1932; x_wconf 80' lang='lat' dir='ltr'><strong>dixit</strong></span> <span class='ocrx_word' id='word_1_126' title='bbox 664 1876 884 1942; x_wconf 87' lang='lat' dir='ltr'><strong>Filium,</strong></span> <span class='ocrx_word' id='word_1_127' title='bbox 918 1883 978 1931; x_wconf 91' lang='lat' dir='ltr'><strong>ut</strong></span> <span class='ocrx_word' id='word_1_128' title='bbox 1011 1883 1318 1930; x_wconf 87' lang='lat' dir='ltr'><strong>manentem</strong></span> <span class='ocrx_word' id='word_1_129' title='bbox 1354 1871 1575 1938; x_wconf 83' lang='lat' dir='ltr'><strong>Filium,</strong></span> <span class='ocrx_word' id='word_1_130' title='bbox 1607 1882 1665 1927; x_wconf 88' lang='lat' dir='ltr'><strong>ut</strong></span> <span class='ocrx_word' id='word_1_131' title='bbox 1695 1873 1934 1936; x_wconf 85' lang='lat' dir='ltr'><strong>Patrem,</strong></span> <span class='ocrx_word' id='word_1_132' title='bbox 1971 1873 2067 1927; x_wconf 91' lang='lat' dir='ltr'><strong>ho-</strong></span> 
     </span>
    </p>
   </div>
   <div class='ocr_carea' id='block_1_17' title="bbox 500 1964 2064 2037">
    <p class='ocr_par' dir='ltr' id='par_1_17' title="bbox 500 1964 2064 2037">
     <span class='ocr_line' id='line_1_17' title="bbox 500 1964 2064 2037; baseline -0.004 -13"><span class='ocrx_word' id='word_1_133' title='bbox 500 1969 903 2037; x_wconf 79' lang='lat' dir='ltr'><strong>noremus.Qni</strong></span> <span class='ocrx_word' id='word_1_134' title='bbox 935 1978 1113 2025; x_wconf 90' lang='lat' dir='ltr'><strong>autem</strong></span> <span class='ocrx_word' id='word_1_135' title='bbox 1157 1969 1334 2036; x_wconf 89' lang='lat' dir='ltr'><strong>ipsum</strong></span> <span class='ocrx_word' id='word_1_136' title='bbox 1371 1966 1503 2022; x_wconf 86' lang='lat' dir='ltr'><strong>dicit</strong></span> <span class='ocrx_word' id='word_1_137' title='bbox 1529 1964 1769 2031; x_wconf 86' lang='lat' dir='ltr'><strong>Patrem,</strong></span> <span class='ocrx_word' id='word_1_138' title='bbox 1810 1981 1917 2021; x_wconf 91' lang='lat' dir='ltr'><strong>non</strong></span> <span class='ocrx_word' id='word_1_139' title='bbox 1953 1965 2064 2035; x_wconf 90' lang='lat' dir='ltr'><strong>jam</strong></span> 
     </span>
    </p>
   </div>
   <div class='ocr_carea' id='block_1_18' title="bbox 500 2059 2064 2130">
    <p class='ocr_par' dir='ltr' id='par_1_18' title="bbox 500 2059 2064 2130">
     <span class='ocr_line' id='line_1_18' title="bbox 500 2059 2064 2130; baseline -0.006 -10"><span class='ocrx_word' id='word_1_140' title='bbox 500 2075 558 2120; x_wconf 86' lang='lat' dir='ltr'><strong>ut</strong></span> <span class='ocrx_word' id='word_1_141' title='bbox 600 2064 818 2119; x_wconf 85' lang='lat' dir='ltr'><strong>Patrem</strong></span> <span class='ocrx_word' id='word_1_142' title='bbox 864 2062 1063 2118; x_wconf 88' lang='lat' dir='ltr'><strong>Filium</strong></span> <span class='ocrx_word' id='word_1_143' title='bbox 1098 2061 1355 2125; x_wconf 86' lang='lat' dir='ltr'><strong>honorat,</strong></span> <span class='ocrx_word' id='word_1_144' title='bbox 1389 2059 1485 2116; x_wconf 89' lang='lat' dir='ltr'><strong>sed</strong></span> <span class='ocrx_word' id='word_1_145' title='bbox 1518 2059 1810 2130; x_wconf 83' lang='lat' dir='ltr'><strong>permiscet</strong></span> <span class='ocrx_word' id='word_1_146' title='bbox 1849 2065 1903 2117; x_wconf 86' lang='lat' dir='ltr'><strong>ct</strong></span> <span class='ocrx_word' id='word_1_147' title='bbox 1927 2073 2064 2115; x_wconf 87' lang='lat' dir='ltr'><strong>con-</strong></span> 
     </span>
    </p>
   </div>
   <div class='ocr_carea' id='block_1_19' title="bbox 500 2149 2069 2222">
    <p class='ocr_par' dir='ltr' id='par_1_19' title="bbox 500 2149 2069 2222">
     <span class='ocr_line' id='line_1_19' title="bbox 500 2149 2069 2222; baseline -0.004 -11"><span class='ocrx_word' id='word_1_148' title='bbox 500 2158 676 2211; x_wconf 82' lang='lat' dir='ltr'><strong>fundit</strong></span> <span class='ocrx_word' id='word_1_149' title='bbox 704 2155 913 2210; x_wconf 85' lang='lat' dir='ltr'><strong>omnia.</strong></span> <span class='ocrx_word' id='word_1_150' title='bbox 951 2172 969 2205; x_wconf 76' lang='grc' dir='ltr'><strong>ι</strong></span> <span class='ocrx_word' id='word_1_151' title='bbox 1012 2155 1089 2208; x_wconf 83' lang='lat' dir='ltr'><strong>Ac</strong></span> <span class='ocrx_word' id='word_1_152' title='bbox 1115 2162 1241 2222; x_wconf 90' lang='lat' dir='ltr'><strong>post</strong></span> <span class='ocrx_word' id='word_1_153' title='bbox 1273 2150 1574 2220; x_wconf 84' lang='lat' dir='ltr'><strong>pusillum:</strong></span> <span class='ocrx_word' id='word_1_154' title='bbox 1613 2169 1632 2202; x_wconf 76' lang='grc' dir='ltr'><strong>ι</strong></span> <span class='ocrx_word' id='word_1_155' title='bbox 1671 2149 1828 2207; x_wconf 84' lang='lat' dir='ltr'><strong>Dedit</strong></span> <span class='ocrx_word' id='word_1_156' title='bbox 1883 2160 2069 2207; x_wconf 85' lang='lat' dir='ltr'><strong>autem</strong></span> 
     </span>
    </p>
   </div>
   <div class='ocr_carea' id='block_1_20' title="bbox 500 2241 2067 2314">
    <p class='ocr_par' dir='ltr' id='par_1_20' title="bbox 500 2241 2067 2314">
     <span class='ocr_line' id='line_1_20' title="bbox 500 2241 2067 2314; baseline -0.004 -11"><span class='ocrx_word' id='word_1_157' title='bbox 500 2250 703 2304; x_wconf 76' lang='lat' dir='ltr'><strong>idcirco</strong></span> <span class='ocrx_word' id='word_1_158' title='bbox 751 2247 991 2309; x_wconf 84' lang='lat' dir='ltr'><strong>dictum,</strong></span> <span class='ocrx_word' id='word_1_159' title='bbox 1046 2259 1114 2303; x_wconf 85' lang='lat' dir='ltr'><strong>ne</strong></span> <span class='ocrx_word' id='word_1_160' title='bbox 1160 2244 1463 2314; x_wconf 88' lang='lat' dir='ltr'><strong>ingenitum</strong></span> <span class='ocrx_word' id='word_1_161' title='bbox 1516 2244 1693 2312; x_wconf 91' lang='lat' dir='ltr'><strong>ipsum</strong></span> <span class='ocrx_word' id='word_1_162' title='bbox 1744 2241 2067 2312; x_wconf 80' lang='lat' dir='ltr'><strong>suspiceris,</strong></span> 
     </span>
    </p>
   </div>
   <div class='ocr_carea' id='block_1_21' title="bbox 501 2329 2068 2405">
    <p class='ocr_par' dir='ltr' id='par_1_21' title="bbox 501 2329 2068 2405">
     <span class='ocr_line' id='line_1_21' title="bbox 501 2329 2068 2405; baseline -0.003 -16"><span class='ocrx_word' id='word_1_163' title='bbox 501 2349 677 2405; x_wconf 88' lang='lat' dir='ltr'><strong>neque</strong></span> <span class='ocrx_word' id='word_1_164' title='bbox 717 2334 853 2389; x_wconf 87' lang='lat' dir='ltr'><strong>duos</strong></span> <span class='ocrx_word' id='word_1_165' title='bbox 904 2331 1091 2388; x_wconf 87' lang='lat' dir='ltr'><strong>Patres</strong></span> <span class='ocrx_word' id='word_1_166' title='bbox 1134 2345 1256 2386; x_wconf 88' lang='lat' dir='ltr'><strong>esse</strong></span> <span class='ocrx_word' id='word_1_167' title='bbox 1298 2339 1474 2400; x_wconf 86' lang='lat' dir='ltr'><strong>putes.</strong></span> <span class='ocrx_word' id='word_1_168' title='bbox 1522 2329 1715 2385; x_wconf 86' lang='lat' dir='ltr'><strong>Omnia</strong></span> <span class='ocrx_word' id='word_1_169' title='bbox 1762 2332 1903 2389; x_wconf 89' lang='lat' dir='ltr'><strong>enim</strong></span> <span class='ocrx_word' id='word_1_170' title='bbox 1946 2347 2068 2402; x_wconf 69' lang='lat' dir='ltr'><strong>qua:</strong></span> 
     </span>
    </p>
   </div>
   <div class='ocr_carea' id='block_1_22' title="bbox 503 2422 2068 2492">
    <p class='ocr_par' dir='ltr' id='par_1_22' title="bbox 503 2422 2068 2492">
     <span class='ocr_line' id='line_1_22' title="bbox 503 2422 2068 2492; baseline -0.001 -11"><span class='ocrx_word' id='word_1_171' title='bbox 503 2429 660 2481; x_wconf 84' lang='lat' dir='ltr'><strong>Pater</strong></span> <span class='ocrx_word' id='word_1_172' title='bbox 702 2434 807 2492; x_wconf 84' lang='lat' dir='ltr'><strong>est,</strong></span> <span class='ocrx_word' id='word_1_173' title='bbox 845 2423 961 2480; x_wconf 73' lang='lat' dir='ltr'><strong>hrec</strong></span> <span class='ocrx_word' id='word_1_174' title='bbox 997 2432 1051 2480; x_wconf 89' lang='lat' dir='ltr'><strong>et</strong></span> <span class='ocrx_word' id='word_1_175' title='bbox 1100 2423 1271 2480; x_wconf 85' lang='lat' dir='ltr'><strong>Filius</strong></span> <span class='ocrx_word' id='word_1_176' title='bbox 1307 2430 1426 2489; x_wconf 89' lang='lat' dir='ltr'><strong>est,</strong></span> <span class='ocrx_word' id='word_1_177' title='bbox 1463 2422 1678 2492; x_wconf 80' lang='lat' dir='ltr'><strong>genitus</strong></span> <span class='ocrx_word' id='word_1_178' title='bbox 1736 2432 1790 2479; x_wconf 91' lang='lat' dir='ltr'><strong>et</strong></span> <span class='ocrx_word' id='word_1_179' title='bbox 1841 2439 2068 2483; x_wconf 88' lang='lat' dir='ltr'><strong>manens</strong></span> 
     </span>
    </p>
   </div>
   <div class='ocr_carea' id='block_1_23' title="bbox 498 2516 1808 2575">
    <p class='ocr_par' dir='ltr' id='par_1_23' title="bbox 498 2516 1808 2575">
     <span class='ocr_line' id='line_1_23' title="bbox 498 2516 1808 2575; baseline 0 -2"><span class='ocrx_word' id='word_1_180' title='bbox 498 2517 689 2575; x_wconf 89' lang='lat' dir='ltr'><strong>Filius.</strong></span> <span class='ocrx_word' id='word_1_181' title='bbox 738 2538 759 2571; x_wconf 69' lang='grc' dir='ltr'><strong>ι</strong></span> <span class='ocrx_word' id='word_1_182' title='bbox 796 2516 799 2517; x_wconf 17' lang='grc' dir='ltr'><em>ν</em></span> <span class='ocrx_word' id='word_1_183' title='bbox 1801 2534 1808 2541; x_wconf 87' lang='grc'><strong>’</strong></span> 
     </span>
    </p>
   </div>
   <div class='ocr_carea' id='block_1_24' title="bbox 569 2607 2063 2685">
    <p class='ocr_par' dir='ltr' id='par_1_24' title="bbox 569 2607 2063 2685">
     <span class='ocr_line' id='line_1_24' title="bbox 569 2607 2063 2685; baseline -0.001 -21"><span class='ocrx_word' id='word_1_184' title='bbox 569 2611 759 2676; x_wconf 86' lang='lat' dir='ltr'><strong>Porro,</strong></span> <span class='ocrx_word' id='word_1_185' title='bbox 796 2611 840 2665; x_wconf 91' lang='lat' dir='ltr'><strong>si</strong></span> <span class='ocrx_word' id='word_1_186' title='bbox 870 2611 995 2685; x_wconf 89' lang='lat' dir='ltr'><strong>quis</strong></span> <span class='ocrx_word' id='word_1_187' title='bbox 1031 2608 1193 2665; x_wconf 90' lang='lat' dir='ltr'><strong>etiam</strong></span> <span class='ocrx_word' id='word_1_188' title='bbox 1222 2608 1483 2681; x_wconf 89' lang='lat' dir='ltr'><strong>Spiritum</strong></span> <span class='ocrx_word' id='word_1_189' title='bbox 1514 2619 1787 2678; x_wconf 89' lang='lat' dir='ltr'><strong>sanctum,</strong></span> <span class='ocrx_word' id='word_1_190' title='bbox 1818 2607 2063 2678; x_wconf 85' lang='lat' dir='ltr'><strong>ejusdem</strong></span> 
     </span>
    </p>
   </div>
   <div class='ocr_carea' id='block_1_25' title="bbox 497 2697 2066 2773">
    <p class='ocr_par' dir='ltr' id='par_1_25' title="bbox 497 2697 2066 2773">
     <span class='ocr_line' id='line_1_25' title="bbox 497 2697 2066 2773; baseline -0.004 -16"><span class='ocrx_word' id='word_1_191' title='bbox 497 2703 751 2758; x_wconf 81' lang='lat' dir='ltr'><strong>essentiac</strong></span> <span class='ocrx_word' id='word_1_192' title='bbox 782 2716 904 2757; x_wconf 82' lang='lat' dir='ltr'><strong>eum</strong></span> <span class='ocrx_word' id='word_1_193' title='bbox 932 2701 1093 2756; x_wconf 88' lang='lat' dir='ltr'><strong>Patre</strong></span> <span class='ocrx_word' id='word_1_194' title='bbox 1125 2710 1178 2756; x_wconf 90' lang='lat' dir='ltr'><strong>et</strong></span> <span class='ocrx_word' id='word_1_195' title='bbox 1205 2701 1344 2757; x_wconf 88' lang='lat' dir='ltr'><strong>Filio</strong></span> <span class='ocrx_word' id='word_1_196' title='bbox 1367 2717 1490 2757; x_wconf 90' lang='lat' dir='ltr'><strong>cum</strong></span> <span class='ocrx_word' id='word_1_197' title='bbox 1515 2702 1604 2768; x_wconf 91' lang='lat' dir='ltr'><strong>sit,</strong></span> <span class='ocrx_word' id='word_1_198' title='bbox 1626 2711 1680 2757; x_wconf 89' lang='lat' dir='ltr'><strong>et</strong></span> <span class='ocrx_word' id='word_1_199' title='bbox 1707 2700 1883 2773; x_wconf 91' lang='lat' dir='ltr'><strong>ipsum</strong></span> <span class='ocrx_word' id='word_1_200' title='bbox 1910 2697 2066 2769; x_wconf 88' lang='lat' dir='ltr'><strong>quasi</strong></span> 
     </span>
    </p>
   </div>
   <div class='ocr_carea' id='block_1_26' title="bbox 501 2793 2067 2881">
    <p class='ocr_par' dir='ltr' id='par_1_26' title="bbox 501 2793 2067 2881">
     <span class='ocr_line' id='line_1_26' title="bbox 501 2793 2067 2881; baseline -0.001 -34"><span class='ocrx_word' id='word_1_201' title='bbox 501 2794 810 2849; x_wconf 82' lang='lat' dir='ltr'><strong>necessario</strong></span> <span class='ocrx_word' id='word_1_202' title='bbox 865 2810 923 2849; x_wconf 88' lang='lat' dir='ltr'><strong>se</strong></span> <span class='ocrx_word' id='word_1_203' title='bbox 975 2796 1277 2863; x_wconf 84' lang='lat' dir='ltr'><strong>producere</strong></span> <span class='ocrx_word' id='word_1_204' title='bbox 1322 2795 1660 2881; x_wconf 74' lang='lat' dir='ltr'><strong>subinferat,</strong></span> <span class='ocrx_word' id='word_1_205' title='bbox 1707 2794 1891 2853; x_wconf 87' lang='lat' dir='ltr'><strong>audiet</strong></span> <span class='ocrx_word' id='word_1_206' title='bbox 1938 2793 2067 2848; x_wconf 89' lang='lat' dir='ltr'><strong>hinc</strong></span> 
     </span>
    </p>
   </div>
   <div class='ocr_carea' id='block_1_27' title="bbox 498 2884 2062 2957">
    <p class='ocr_par' dir='ltr' id='par_1_27' title="bbox 498 2884 2062 2957">
     <span class='ocr_line' id='line_1_27' title="bbox 498 2884 2062 2957; baseline 0.002 -19"><span class='ocrx_word' id='word_1_207' title='bbox 498 2884 715 2954; x_wconf 88' lang='lat' dir='ltr'><strong>quidem</strong></span> <span class='ocrx_word' id='word_1_208' title='bbox 765 2900 883 2939; x_wconf 87' lang='lat' dir='ltr'><strong>esse</strong></span> <span class='ocrx_word' id='word_1_209' title='bbox 917 2885 1051 2943; x_wconf 88' lang='lat' dir='ltr'><strong>nihil</strong></span> <span class='ocrx_word' id='word_1_210' title='bbox 1122 2885 1267 2954; x_wconf 92' lang='lat' dir='ltr'><strong>quod</strong></span> <span class='ocrx_word' id='word_1_211' title='bbox 1308 2886 1487 2957; x_wconf 91' lang='lat' dir='ltr'><strong>ipsum</strong></span> <span class='ocrx_word' id='word_1_212' title='bbox 1522 2890 1759 2957; x_wconf 87' lang='lat' dir='ltr'><strong>seipsum</strong></span> <span class='ocrx_word' id='word_1_213' title='bbox 1798 2885 2062 2955; x_wconf 87' lang='lat' dir='ltr'><strong>proferat,</strong></span> 
     </span>
    </p>
   </div>
   <div class='ocr_carea' id='block_1_28' title="bbox 500 2960 2062 3044">
    <p class='ocr_par' dir='ltr' id='par_1_28' title="bbox 500 2960 2062 3044">
     <span class='ocr_line' id='line_1_28' title="bbox 500 2960 2062 3044; baseline 0.003 -20"><span class='ocrx_word' id='word_1_214' title='bbox 500 2978 788 3042; x_wconf 84' lang='lat' dir='ltr'><strong>ipsumque</strong></span> <span class='ocrx_word' id='word_1_215' title='bbox 831 2972 915 3031; x_wconf 89' lang='lat' dir='ltr'><strong>sui</strong></span> <span class='ocrx_word' id='word_1_216' title='bbox 959 2974 1135 3044; x_wconf 91' lang='lat' dir='ltr'><strong>ipsius</strong></span> <span class='ocrx_word' id='word_1_217' title='bbox 1175 2989 1341 3031; x_wconf 89' lang='lat' dir='ltr'><strong>causa</strong></span> <span class='ocrx_word' id='word_1_218' title='bbox 1389 2976 1494 3042; x_wconf 91' lang='lat' dir='ltr'><strong>sit;</strong></span> <span class='ocrx_word' id='word_1_219' title='bbox 1531 2960 1656 3042; x_wconf 79' lang='lat' dir='ltr'><strong>hinc</strong></span> <span class='ocrx_word' id='word_1_220' title='bbox 1701 2990 1829 3039; x_wconf 86' lang='lat' dir='ltr'><strong>vero</strong></span> <span class='ocrx_word' id='word_1_221' title='bbox 1861 2974 2062 3029; x_wconf 90' lang='lat' dir='ltr'><strong>nullam</strong></span> 
     </span>
    </p>
   </div>
   <div class='ocr_carea' id='block_1_29' title="bbox 497 3063 2062 3138">
    <p class='ocr_par' dir='ltr' id='par_1_29' title="bbox 497 3063 2062 3138">
     <span class='ocr_line' id='line_1_29' title="bbox 497 3063 2062 3138; baseline 0.001 -20"><span class='ocrx_word' id='word_1_222' title='bbox 497 3065 658 3119; x_wconf 89' lang='lat' dir='ltr'><strong>aliam</strong></span> <span class='ocrx_word' id='word_1_223' title='bbox 683 3063 842 3119; x_wconf 89' lang='lat' dir='ltr'><strong>nobis</strong></span> <span class='ocrx_word' id='word_1_224' title='bbox 870 3080 1156 3134; x_wconf 87' lang='lat' dir='ltr'><strong>personam</strong></span> <span class='ocrx_word' id='word_1_225' title='bbox 1188 3075 1382 3138; x_wconf 55' lang='lat' dir='ltr'><strong>praeter</strong></span> <span class='ocrx_word' id='word_1_226' title='bbox 1411 3075 1542 3133; x_wconf 90' lang='lat' dir='ltr'><strong>tres,</strong></span> <span class='ocrx_word' id='word_1_227' title='bbox 1576 3068 1629 3124; x_wconf 90' lang='lat' dir='ltr'><strong>in</strong></span> <span class='ocrx_word' id='word_1_228' title='bbox 1655 3067 1854 3123; x_wconf 86' lang='lat' dir='ltr'><strong>divinis</strong></span> <span class='ocrx_word' id='word_1_229' title='bbox 1886 3067 2062 3122; x_wconf 84' lang='lat' dir='ltr'><strong>tradi-</strong></span> 
     </span>
    </p>
   </div>
   <div class='ocr_carea' id='block_1_30' title="bbox 2170 680 3743 751">
    <p class='ocr_par' dir='ltr' id='par_1_30' title="bbox 2170 680 3743 751">
     <span class='ocr_line' id='line_1_30' title="bbox 2170 680 3743 751; baseline 0.002 -19"><span class='ocrx_word' id='word_1_230' title='bbox 2170 693 2390 743; x_wconf 87' lang='lat' dir='ltr'><strong>nomen,</strong></span> <span class='ocrx_word' id='word_1_231' title='bbox 2410 688 2466 735; x_wconf 88' lang='lat' dir='ltr'><strong>et</strong></span> <span class='ocrx_word' id='word_1_232' title='bbox 2504 680 2739 739; x_wconf 84' lang='lat' dir='ltr'><strong>multum</strong></span> <span class='ocrx_word' id='word_1_233' title='bbox 2764 681 3001 748; x_wconf 78' lang='lat' dir='ltr'><strong>quidem.</strong></span> <span class='ocrx_word' id='word_1_234' title='bbox 3023 683 3088 735; x_wconf 84' lang='lat' dir='ltr'><strong>ad</strong></span> <span class='ocrx_word' id='word_1_235' title='bbox 3109 681 3443 751; x_wconf 80' lang='lat' dir='ltr'><strong>propositum</strong></span> <span class='ocrx_word' id='word_1_236' title='bbox 3469 683 3743 738; x_wconf 88' lang='lat' dir='ltr'><strong>conferre.</strong></span> 
     </span>
    </p>
   </div>
   <div class='ocr_carea' id='block_1_31' title="bbox 2165 770 3741 844">
    <p class='ocr_par' dir='ltr' id='par_1_31' title="bbox 2165 770 3741 844">
     <span class='ocr_line' id='line_1_31' title="bbox 2165 770 3741 844; baseline 0.002 -16"><span class='ocrx_word' id='word_1_237' title='bbox 2165 770 2351 844; x_wconf 84' lang='lat' dir='ltr'><strong>Neque</strong></span> <span class='ocrx_word' id='word_1_238' title='bbox 2375 773 2518 833; x_wconf 88' lang='lat' dir='ltr'><strong>enim</strong></span> <span class='ocrx_word' id='word_1_239' title='bbox 2554 772 2714 828; x_wconf 89' lang='lat' dir='ltr'><strong>Pater</strong></span> <span class='ocrx_word' id='word_1_240' title='bbox 2750 787 2921 833; x_wconf 86' lang='lat' dir='ltr'><strong>verus</strong></span> <span class='ocrx_word' id='word_1_241' title='bbox 2973 773 3136 835; x_wconf 79' lang='lat' dir='ltr'><strong>Pater</strong></span> <span class='ocrx_word' id='word_1_242' title='bbox 3164 791 3288 837; x_wconf 82' lang='lat' dir='ltr'><strong>esse</strong></span> <span class='ocrx_word' id='word_1_243' title='bbox 3309 776 3603 841; x_wconf 83' lang='lat' dir='ltr'><strong>diceretur,</strong></span> <span class='ocrx_word' id='word_1_244' title='bbox 3637 778 3741 831; x_wconf 84' lang='lat' dir='ltr'><strong>nisi</strong></span> 
     </span>
    </p>
   </div>
   <div class='ocr_carea' id='block_1_32' title="bbox 2166 862 3784 937">
    <p class='ocr_par' dir='ltr' id='par_1_32' title="bbox 2166 862 3784 937">
     <span class='ocr_line' id='line_1_32' title="bbox 2166 862 3784 937; baseline 0.001 -20"><span class='ocrx_word' id='word_1_245' title='bbox 2166 862 2406 932; x_wconf 87' lang='lat' dir='ltr'><strong>seipsum</strong></span> <span class='ocrx_word' id='word_1_246' title='bbox 2435 864 2651 932; x_wconf 83' lang='lat' dir='ltr'><strong>penitus</strong></span> <span class='ocrx_word' id='word_1_247' title='bbox 2707 866 3136 921; x_wconf 89' lang='lat' dir='ltr'><strong>communicaret</strong></span> <span class='ocrx_word' id='word_1_248' title='bbox 3184 866 3351 932; x_wconf 85' lang='lat' dir='ltr'><strong>Filio;</strong></span> <span class='ocrx_word' id='word_1_249' title='bbox 3378 883 3553 937; x_wconf 86' lang='lat' dir='ltr'><strong>neque</strong></span> <span class='ocrx_word' id='word_1_250' title='bbox 3572 867 3744 923; x_wconf 81' lang='lat' dir='ltr'><strong>Filius</strong></span> <span class='ocrx_word' id='word_1_251' title='bbox 3780 915 3784 918; x_wconf 86' lang='lat'><strong>.</strong></span> 
     </span>
    </p>
   </div>
   <div class='ocr_carea' id='block_1_33' title="bbox 2168 954 3744 1025">
    <p class='ocr_par' dir='ltr' id='par_1_33' title="bbox 2168 954 3744 1025">
     <span class='ocr_line' id='line_1_33' title="bbox 2168 954 3744 1025; baseline 0.006 -19"><span class='ocrx_word' id='word_1_252' title='bbox 2168 968 2334 1011; x_wconf 82' lang='lat' dir='ltr'><strong>verus</strong></span> <span class='ocrx_word' id='word_1_253' title='bbox 2364 965 2509 1010; x_wconf 80' lang='lat' dir='ltr'><strong>esset</strong></span> <span class='ocrx_word' id='word_1_254' title='bbox 2550 954 2588 1011; x_wconf 67' lang='grc' dir='ltr'><strong>ι’</strong></span> <span class='ocrx_word' id='word_1_255' title='bbox 2596 957 2740 1019; x_wconf 81' lang='lat' dir='ltr'><strong>ilius,</strong></span> <span class='ocrx_word' id='word_1_256' title='bbox 2765 959 2870 1017; x_wconf 82' lang='lat' dir='ltr'><strong>nisi</strong></span> <span class='ocrx_word' id='word_1_257' title='bbox 2890 956 3068 1025; x_wconf 88' lang='lat' dir='ltr'><strong>Patris</strong></span> <span class='ocrx_word' id='word_1_258' title='bbox 3093 961 3274 1019; x_wconf 85' lang='lat' dir='ltr'><strong>omnia</strong></span> <span class='ocrx_word' id='word_1_259' title='bbox 3312 960 3533 1019; x_wconf 82' lang='lat' dir='ltr'><strong>haberet</strong></span> <span class='ocrx_word' id='word_1_260' title='bbox 3571 962 3625 1015; x_wconf 90' lang='lat' dir='ltr'><strong>in</strong></span> <span class='ocrx_word' id='word_1_261' title='bbox 3656 977 3744 1015; x_wconf 82' lang='lat' dir='ltr'><strong>se-</strong></span> 
     </span>
    </p>
   </div>
   <div class='ocr_carea' id='block_1_34' title="bbox 2166 1045 3741 1121">
    <p class='ocr_par' dir='ltr' id='par_1_34' title="bbox 2166 1045 3741 1121">
     <span class='ocr_line' id='line_1_34' title="bbox 2166 1045 3741 1121; baseline 0.003 -18"><span class='ocrx_word' id='word_1_262' title='bbox 2166 1045 2320 1117; x_wconf 83' lang='lat' dir='ltr'><strong>ipso;</strong></span> <span class='ocrx_word' id='word_1_263' title='bbox 2347 1048 2438 1101; x_wconf 75' lang='lat' dir='ltr'><strong>sed</strong></span> <span class='ocrx_word' id='word_1_264' title='bbox 2470 1063 2646 1117; x_wconf 85' lang='lat' dir='ltr'><strong>neque</strong></span> <span class='ocrx_word' id='word_1_265' title='bbox 2671 1058 2818 1109; x_wconf 82' lang='lat' dir='ltr'><strong>esset</strong></span> <span class='ocrx_word' id='word_1_266' title='bbox 2843 1050 3311 1109; x_wconf 74' lang='lat' dir='ltr'><strong>incommutabilis</strong></span> <span class='ocrx_word' id='word_1_267' title='bbox 3338 1052 3517 1121; x_wconf 83' lang='lat' dir='ltr'><strong>imago</strong></span> <span class='ocrx_word' id='word_1_268' title='bbox 3541 1050 3741 1118; x_wconf 83' lang='lat' dir='ltr'><strong>Patris,</strong></span> 
     </span>
    </p>
   </div>
   <div class='ocr_carea' id='block_1_35' title="bbox 2167 1138 3746 1213">
    <p class='ocr_par' dir='ltr' id='par_1_35' title="bbox 2167 1138 3746 1213">
     <span class='ocr_line' id='line_1_35' title="bbox 2167 1138 3746 1213; baseline 0.005 -20"><span class='ocrx_word' id='word_1_269' title='bbox 2167 1138 2215 1193; x_wconf 88' lang='lat' dir='ltr'><strong>si</strong></span> <span class='ocrx_word' id='word_1_270' title='bbox 2246 1138 2337 1194; x_wconf 91' lang='lat' dir='ltr'><strong>illo</strong></span> <span class='ocrx_word' id='word_1_271' title='bbox 2384 1139 2562 1197; x_wconf 88' lang='lat' dir='ltr'><strong>minor</strong></span> <span class='ocrx_word' id='word_1_272' title='bbox 2594 1150 2920 1210; x_wconf 86' lang='lat' dir='ltr'><strong>appareret;</strong></span> <span class='ocrx_word' id='word_1_273' title='bbox 2968 1157 3145 1211; x_wconf 84' lang='lat' dir='ltr'><strong>neque</strong></span> <span class='ocrx_word' id='word_1_274' title='bbox 3188 1143 3428 1213; x_wconf 79' lang='lat' dir='ltr'><strong>sigillum</strong></span> <span class='ocrx_word' id='word_1_275' title='bbox 3473 1144 3746 1201; x_wconf 84' lang='lat' dir='ltr'><strong>uniforme</strong></span> 
     </span>
    </p>
   </div>
   <div class='ocr_carea' id='block_1_36' title="bbox 2170 1232 3745 1307">
    <p class='ocr_par' dir='ltr' id='par_1_36' title="bbox 2170 1232 3745 1307">
     <span class='ocr_line' id='line_1_36' title="bbox 2170 1232 3745 1307; baseline 0.003 -20"><span class='ocrx_word' id='word_1_276' title='bbox 2170 1242 2342 1295; x_wconf 83' lang='lat' dir='ltr'><strong>esset.</strong></span> <span class='ocrx_word' id='word_1_277' title='bbox 2380 1233 2525 1303; x_wconf 82' lang='lat' dir='ltr'><strong>quod</strong></span> <span class='ocrx_word' id='word_1_278' title='bbox 2562 1232 2620 1288; x_wconf 89' lang='lat' dir='ltr'><strong>in</strong></span> <span class='ocrx_word' id='word_1_279' title='bbox 2653 1249 2713 1289; x_wconf 86' lang='lat' dir='ltr'><strong>se</strong></span> <span class='ocrx_word' id='word_1_280' title='bbox 2755 1233 2992 1293; x_wconf 80' lang='lat' dir='ltr'><strong>ostendit</strong></span> <span class='ocrx_word' id='word_1_281' title='bbox 3027 1234 3246 1291; x_wconf 85' lang='lat' dir='ltr'><strong>Patrem</strong></span> <span class='ocrx_word' id='word_1_282' title='bbox 3285 1236 3440 1306; x_wconf 77' lang='lat' dir='ltr'><strong>juxta</strong></span> <span class='ocrx_word' id='word_1_283' title='bbox 3482 1252 3745 1307; x_wconf 83' lang='lat' dir='ltr'><strong>magnum</strong></span> 
     </span>
    </p>
   </div>
   <div class='ocr_carea' id='block_1_37' title="bbox 2168 1310 3745 1400">
    <p class='ocr_par' dir='ltr' id='par_1_37' title="bbox 2168 1310 3745 1400">
     <span class='ocr_line' id='line_1_37' title="bbox 2168 1310 3745 1400; baseline 0.003 -22"><span class='ocrx_word' id='word_1_284' title='bbox 2168 1324 2466 1389; x_wconf 78' lang='lat' dir='ltr'><strong>Basilium:</strong></span> <span class='ocrx_word' id='word_1_285' title='bbox 2495 1346 2513 1379; x_wconf 73' lang='grc' dir='ltr'><strong><em>ο</em></strong></span> <span class='ocrx_word' id='word_1_286' title='bbox 2543 1326 2795 1396; x_wconf 81' lang='lat' dir='ltr'><strong>Imaginis</strong></span> <span class='ocrx_word' id='word_1_287' title='bbox 2817 1310 3160 1398; x_wconf 69' lang='lat' dir='ltr'><strong>quippestmt</strong></span> <span class='ocrx_word' id='word_1_288' title='bbox 3179 1328 3384 1395; x_wconf 76' lang='lat' dir='ltr'><strong>ontnia,</strong></span> <span class='ocrx_word' id='word_1_289' title='bbox 3403 1345 3745 1400; x_wconf 60' lang='lat' dir='ltr'><strong>quaecunque</strong></span> 
     </span>
    </p>
   </div>
   <div class='ocr_carea' id='block_1_38' title="bbox 2168 1413 3744 1487">
    <p class='ocr_par' dir='ltr' id='par_1_38' title="bbox 2168 1413 3744 1487">
     <span class='ocr_line' id='line_1_38' title="bbox 2168 1413 3744 1487; baseline 0.006 -19"><span class='ocrx_word' id='word_1_290' title='bbox 2168 1413 2353 1471; x_wconf 87' lang='lat' dir='ltr'><strong>insunt</strong></span> <span class='ocrx_word' id='word_1_291' title='bbox 2379 1416 2668 1487; x_wconf 75' lang='lat' dir='ltr'><strong>primitivze</strong></span> <span class='ocrx_word' id='word_1_292' title='bbox 2692 1415 2905 1484; x_wconf 62' lang='lat' dir='ltr'><strong>format,</strong></span> <span class='ocrx_word' id='word_1_293' title='bbox 2939 1436 2959 1469; x_wconf 71' lang='grc' dir='ltr'><strong>ι</strong></span> <span class='ocrx_word' id='word_1_294' title='bbox 2988 1428 3051 1473; x_wconf 91' lang='lat' dir='ltr'><strong>ut</strong></span> <span class='ocrx_word' id='word_1_295' title='bbox 3075 1419 3189 1487; x_wconf 84' lang='lat' dir='ltr'><strong>ipse</strong></span> <span class='ocrx_word' id='word_1_296' title='bbox 3215 1421 3327 1487; x_wconf 78' lang='lat' dir='ltr'><strong>ait;</strong></span> <span class='ocrx_word' id='word_1_297' title='bbox 3355 1429 3411 1478; x_wconf 79' lang='lat' dir='ltr'><strong>et</strong></span> <span class='ocrx_word' id='word_1_298' title='bbox 3435 1420 3579 1477; x_wconf 84' lang='lat' dir='ltr'><strong>sicut</strong></span> <span class='ocrx_word' id='word_1_299' title='bbox 3604 1421 3744 1477; x_wconf 84' lang='lat' dir='ltr'><strong>Gre-</strong></span> 
     </span>
    </p>
   </div>
   <div class='ocr_carea' id='block_1_39' title="bbox 2168 1506 3745 1580">
    <p class='ocr_par' dir='ltr' id='par_1_39' title="bbox 2168 1506 3745 1580">
     <span class='ocr_line' id='line_1_39' title="bbox 2168 1506 3745 1580; baseline 0.007 -23"><span class='ocrx_word' id='word_1_300' title='bbox 2168 1507 2353 1573; x_wconf 84' lang='lat' dir='ltr'><strong>gorius</strong></span> <span class='ocrx_word' id='word_1_301' title='bbox 2371 1506 2681 1580; x_wconf 83' lang='lat' dir='ltr'><strong>Theologus</strong></span> <span class='ocrx_word' id='word_1_302' title='bbox 2698 1509 2752 1565; x_wconf 89' lang='lat' dir='ltr'><strong>in</strong></span> <span class='ocrx_word' id='word_1_303' title='bbox 2766 1510 3113 1575; x_wconf 81' lang='lat' dir='ltr'><strong>sermonibus</strong></span> <span class='ocrx_word' id='word_1_304' title='bbox 3127 1512 3193 1566; x_wconf 90' lang='lat' dir='ltr'><strong>de</strong></span> <span class='ocrx_word' id='word_1_305' title='bbox 3206 1510 3347 1569; x_wconf 84' lang='lat' dir='ltr'><strong>Filio</strong></span> <span class='ocrx_word' id='word_1_306' title='bbox 3366 1512 3508 1573; x_wconf 68' lang='lat' dir='ltr'><strong>dixit</strong></span> <span class='ocrx_word' id='word_1_307' title='bbox 3529 1531 3545 1567; x_wconf 88' lang='lat'><strong>:</strong></span> <span class='ocrx_word' id='word_1_308' title='bbox 3569 1533 3590 1566; x_wconf 75' lang='grc' dir='ltr'><strong>ι</strong></span> <span class='ocrx_word' id='word_1_309' title='bbox 3616 1512 3745 1573; x_wconf 52' lang='lat' dir='ltr'><strong>[iure</strong></span> 
     </span>
    </p>
   </div>
   <div class='ocr_carea' id='block_1_40' title="bbox 2168 1588 3739 1676">
    <p class='ocr_par' dir='ltr' id='par_1_40' title="bbox 2168 1588 3739 1676">
     <span class='ocr_line' id='line_1_40' title="bbox 2168 1588 3739 1676; baseline 0.004 -24"><span class='ocrx_word' id='word_1_310' title='bbox 2168 1600 2311 1653; x_wconf 82' lang='lat' dir='ltr'><strong>enim</strong></span> <span class='ocrx_word' id='word_1_311' title='bbox 2356 1602 2610 1670; x_wconf 78' lang='lat' dir='ltr'><strong>imaginis</strong></span> <span class='ocrx_word' id='word_1_312' title='bbox 2642 1613 2838 1658; x_wconf 80' lang='lat' dir='ltr'><strong>natura</strong></span> <span class='ocrx_word' id='word_1_313' title='bbox 2869 1612 2982 1670; x_wconf 86' lang='lat' dir='ltr'><strong>est,</strong></span> <span class='ocrx_word' id='word_1_314' title='bbox 3031 1588 3397 1661; x_wconf 72' lang='lat' dir='ltr'><strong>imitationem</strong></span> <span class='ocrx_word' id='word_1_315' title='bbox 3430 1621 3550 1661; x_wconf 85' lang='lat' dir='ltr'><strong>esse</strong></span> <span class='ocrx_word' id='word_1_316' title='bbox 3579 1608 3739 1676; x_wconf 80' lang='lat' dir='ltr'><strong>primi</strong></span> 
     </span>
    </p>
   </div>
   <div class='ocr_carea' id='block_1_41' title="bbox 2168 1691 3739 1770">
    <p class='ocr_par' dir='ltr' id='par_1_41' title="bbox 2168 1691 3739 1770">
     <span class='ocr_line' id='line_1_41' title="bbox 2168 1691 3739 1770; baseline 0.003 -25"><span class='ocrx_word' id='word_1_317' title='bbox 2168 1691 2498 1760; x_wconf 77' lang='lat' dir='ltr'><strong>exemplaris</strong></span> <span class='ocrx_word' id='word_1_318' title='bbox 2519 1730 2535 1757; x_wconf 88' lang='lat'><strong>,</strong></span> <span class='ocrx_word' id='word_1_319' title='bbox 2570 1693 2824 1764; x_wconf 86' lang='lat' dir='ltr'><strong>idemque</strong></span> <span class='ocrx_word' id='word_1_320' title='bbox 2853 1710 2978 1757; x_wconf 85' lang='lat' dir='ltr'><strong>esse</strong></span> <span class='ocrx_word' id='word_1_321' title='bbox 3014 1696 3220 1770; x_wconf 88' lang='lat' dir='ltr'><strong>potius,</strong></span> <span class='ocrx_word' id='word_1_322' title='bbox 3252 1712 3415 1767; x_wconf 85' lang='lat' dir='ltr'><strong>quam</strong></span> <span class='ocrx_word' id='word_1_323' title='bbox 3444 1698 3739 1753; x_wconf 82' lang='lat' dir='ltr'><strong>assimula-</strong></span> 
     </span>
    </p>
   </div>
   <div class='ocr_carea' id='block_1_42' title="bbox 2171 1780 3735 1852">
    <p class='ocr_par' dir='ltr' id='par_1_42' title="bbox 2171 1780 3735 1852">
     <span class='ocr_line' id='line_1_42' title="bbox 2171 1780 3735 1852; baseline 0.003 -19"><span class='ocrx_word' id='word_1_324' title='bbox 2171 1780 2374 1835; x_wconf 90' lang='lat' dir='ltr'><strong>tionem</strong></span> <span class='ocrx_word' id='word_1_325' title='bbox 2402 1821 2417 1846; x_wconf 89' lang='lat'><strong>,</strong></span> <span class='ocrx_word' id='word_1_326' title='bbox 2459 1798 2526 1837; x_wconf 89' lang='lat' dir='ltr'><strong>ne</strong></span> <span class='ocrx_word' id='word_1_327' title='bbox 2560 1784 2634 1838; x_wconf 92' lang='lat' dir='ltr'><strong>sit</strong></span> <span class='ocrx_word' id='word_1_328' title='bbox 2668 1785 2719 1837; x_wconf 91' lang='lat' dir='ltr'><strong>in</strong></span> <span class='ocrx_word' id='word_1_329' title='bbox 2753 1786 2863 1839; x_wconf 90' lang='lat' dir='ltr'><strong>alio</strong></span> <span class='ocrx_word' id='word_1_330' title='bbox 2898 1787 3117 1852; x_wconf 88' lang='lat' dir='ltr'><strong>similis,</strong></span> <span class='ocrx_word' id='word_1_331' title='bbox 3149 1788 3203 1842; x_wconf 92' lang='lat' dir='ltr'><strong>in</strong></span> <span class='ocrx_word' id='word_1_332' title='bbox 3235 1788 3345 1847; x_wconf 86' lang='lat' dir='ltr'><strong>alio</strong></span> <span class='ocrx_word' id='word_1_333' title='bbox 3377 1788 3676 1846; x_wconf 86' lang='lat' dir='ltr'><strong>dissimilis.</strong></span> <span class='ocrx_word' id='word_1_334' title='bbox 3718 1810 3735 1838; x_wconf 75' lang='grc' dir='ltr'><strong>ο</strong></span> 
     </span>
    </p>
   </div>
   <div class='ocr_carea' id='block_1_43' title="bbox 2167 1871 3741 1949">
    <p class='ocr_par' dir='ltr' id='par_1_43' title="bbox 2167 1871 3741 1949">
     <span class='ocr_line' id='line_1_43' title="bbox 2167 1871 3741 1949; baseline 0.004 -22"><span class='ocrx_word' id='word_1_335' title='bbox 2167 1873 2232 1927; x_wconf 84' lang='grc' dir='ltr'>Ει</span> <span class='ocrx_word' id='word_1_336' title='bbox 2256 1871 2489 1942; x_wconf 71' lang='lat' dir='ltr'><strong>adjecit:</strong></span> <span class='ocrx_word' id='word_1_337' title='bbox 2515 1893 2533 1924; x_wconf 72' lang='grc' dir='ltr'><strong>ι</strong></span> <span class='ocrx_word' id='word_1_338' title='bbox 2563 1873 2665 1931; x_wconf 81' lang='lat' dir='ltr'><strong>Hic</strong></span> <span class='ocrx_word' id='word_1_339' title='bbox 2695 1887 2876 1933; x_wconf 85' lang='lat' dir='ltr'><strong>autem</strong></span> <span class='ocrx_word' id='word_1_340' title='bbox 2905 1892 2970 1931; x_wconf 91' lang='lat' dir='ltr'><strong>eo</strong></span> <span class='ocrx_word' id='word_1_341' title='bbox 2996 1879 3159 1933; x_wconf 78' lang='lat' dir='ltr'><strong>etiam</strong></span> <span class='ocrx_word' id='word_1_342' title='bbox 3188 1880 3380 1949; x_wconf 83' lang='lat' dir='ltr'><strong>magis,</strong></span> <span class='ocrx_word' id='word_1_343' title='bbox 3411 1894 3520 1949; x_wconf 89' lang='lat' dir='ltr'><strong>quo</strong></span> <span class='ocrx_word' id='word_1_344' title='bbox 3550 1879 3741 1934; x_wconf 79' lang='lat' dir='ltr'><strong>vivens</strong></span> 
     </span>
    </p>
   </div>
   <div class='ocr_carea' id='block_1_44' title="bbox 2166 1963 3740 2039">
    <p class='ocr_par' dir='ltr' id='par_1_44' title="bbox 2166 1963 3740 2039">
     <span class='ocr_line' id='line_1_44' title="bbox 2166 1963 3740 2039; baseline 0.004 -22"><span class='ocrx_word' id='word_1_345' title='bbox 2166 1963 2387 2021; x_wconf 69' lang='lat' dir='ltr'><strong>viventis</strong></span> <span class='ocrx_word' id='word_1_346' title='bbox 2407 1975 2483 2019; x_wconf 80' lang='lat' dir='ltr'><strong>est</strong></span> <span class='ocrx_word' id='word_1_347' title='bbox 2518 1967 2715 2036; x_wconf 80' lang='lat' dir='ltr'><strong>imago.</strong></span> <span class='ocrx_word' id='word_1_348' title='bbox 2757 1985 2776 2020; x_wconf 76' lang='grc' dir='ltr'><strong>ι</strong></span> <span class='ocrx_word' id='word_1_349' title='bbox 2811 1967 2917 2025; x_wconf 84' lang='lat' dir='ltr'><strong>Sed</strong></span> <span class='ocrx_word' id='word_1_350' title='bbox 2958 1983 3139 2039; x_wconf 81' lang='lat' dir='ltr'><strong>neque</strong></span> <span class='ocrx_word' id='word_1_351' title='bbox 3166 1969 3418 2027; x_wconf 86' lang='lat' dir='ltr'><strong>Christus</strong></span> <span class='ocrx_word' id='word_1_352' title='bbox 3453 1985 3578 2025; x_wconf 84' lang='lat' dir='ltr'><strong>vera</strong></span> <span class='ocrx_word' id='word_1_353' title='bbox 3608 1985 3740 2039; x_wconf 75' lang='lat' dir='ltr'><strong>pre-</strong></span> 
     </span>
    </p>
   </div>
   <div class='ocr_carea' id='block_1_45' title="bbox 2166 2055 3737 2129">
    <p class='ocr_par' dir='ltr' id='par_1_45' title="bbox 2166 2055 3737 2129">
     <span class='ocr_line' id='line_1_45' title="bbox 2166 2055 3737 2129; baseline 0.003 -20"><span class='ocrx_word' id='word_1_354' title='bbox 2166 2057 2388 2110; x_wconf 70' lang='lat' dir='ltr'><strong>seOutus</strong></span> <span class='ocrx_word' id='word_1_355' title='bbox 2418 2064 2569 2109; x_wconf 89' lang='lat' dir='ltr'><strong>esset</strong></span> <span class='ocrx_word' id='word_1_356' title='bbox 2593 2055 2660 2115; x_wconf 84' lang='lat' dir='ltr'><strong>de</strong></span> <span class='ocrx_word' id='word_1_357' title='bbox 2701 2056 2889 2126; x_wconf 76' lang='lat' dir='ltr'><strong>seipse</strong></span> <span class='ocrx_word' id='word_1_358' title='bbox 2939 2056 3129 2113; x_wconf 83' lang='lat' dir='ltr'><strong>dicens</strong></span> <span class='ocrx_word' id='word_1_359' title='bbox 3156 2061 3366 2125; x_wconf 84' lang='lat' dir='ltr'><strong>omnia,</strong></span> <span class='ocrx_word' id='word_1_360' title='bbox 3394 2074 3522 2129; x_wconf 77' lang='lat' dir='ltr'><strong>qua:</strong></span> <span class='ocrx_word' id='word_1_361' title='bbox 3559 2059 3597 2113; x_wconf 92' lang='lat' dir='ltr'><strong>P</strong></span> <span class='ocrx_word' id='word_1_362' title='bbox 3637 2070 3737 2115; x_wconf 75' lang='lat' dir='ltr'><strong>ll‘ls</strong></span> 
     </span>
    </p>
   </div>
   <div class='ocr_carea' id='block_1_46' title="bbox 2165 2145 3735 2222">
    <p class='ocr_par' dir='ltr' id='par_1_46' title="bbox 2165 2145 3735 2222">
     <span class='ocr_line' id='line_1_46' title="bbox 2165 2145 3735 2222; baseline 0.004 -24"><span class='ocrx_word' id='word_1_363' title='bbox 2165 2152 2387 2210; x_wconf 83' lang='lat' dir='ltr'><strong>essent,</strong></span> <span class='ocrx_word' id='word_1_364' title='bbox 2435 2159 2494 2201; x_wconf 87' lang='lat' dir='ltr'><strong>se</strong></span> <span class='ocrx_word' id='word_1_365' title='bbox 2539 2145 2773 2216; x_wconf 76' lang='lat' dir='ltr'><strong>habere;</strong></span> <span class='ocrx_word' id='word_1_366' title='bbox 2823 2148 2988 2205; x_wconf 83' lang='lat' dir='ltr'><strong>habet</strong></span> <span class='ocrx_word' id='word_1_367' title='bbox 3026 2158 3208 2207; x_wconf 88' lang='lat' dir='ltr'><strong>autem</strong></span> <span class='ocrx_word' id='word_1_368' title='bbox 3248 2150 3407 2209; x_wconf 77' lang='lat' dir='ltr'><strong>Pater</strong></span> <span class='ocrx_word' id='word_1_369' title='bbox 3456 2153 3735 2222; x_wconf 84' lang='lat' dir='ltr'><strong>propriqu</strong></span> 
     </span>
    </p>
   </div>
   <div class='ocr_carea' id='block_1_47' title="bbox 2168 2237 3735 2313">
    <p class='ocr_par' dir='ltr' id='par_1_47' title="bbox 2168 2237 3735 2313">
     <span class='ocr_line' id='line_1_47' title="bbox 2168 2237 3735 2313; baseline 0.004 -24"><span class='ocrx_word' id='word_1_370' title='bbox 2168 2245 2376 2293; x_wconf 56' lang='lat' dir='ltr'><strong>natura:</strong></span> <span class='ocrx_word' id='word_1_371' title='bbox 2398 2252 2511 2293; x_wconf 70' lang='lat' dir='ltr'><strong>sua:</strong></span> <span class='ocrx_word' id='word_1_372' title='bbox 2539 2237 2766 2305; x_wconf 88' lang='lat' dir='ltr'><strong>bonum,</strong></span> <span class='ocrx_word' id='word_1_373' title='bbox 2792 2238 3054 2309; x_wconf 84' lang='lat' dir='ltr'><strong>Spiritum</strong></span> <span class='ocrx_word' id='word_1_374' title='bbox 3080 2253 3356 2305; x_wconf 78' lang='lat' dir='ltr'><strong>sanctum.</strong></span> <span class='ocrx_word' id='word_1_375' title='bbox 3380 2242 3448 2299; x_wconf 83' lang='lat' dir='ltr'><strong>Et</strong></span> <span class='ocrx_word' id='word_1_376' title='bbox 3467 2246 3735 2313; x_wconf 83' lang='lat' dir='ltr'><strong>quoniam</strong></span> 
     </span>
    </p>
   </div>
   <div class='ocr_carea' id='block_1_48' title="bbox 2167 2332 3736 2409">
    <p class='ocr_par' dir='ltr' id='par_1_48' title="bbox 2167 2332 3736 2409">
     <span class='ocr_line' id='line_1_48' title="bbox 2167 2332 3736 2409; baseline 0.009 -27"><span class='ocrx_word' id='word_1_377' title='bbox 2167 2343 2329 2383; x_wconf 87' lang='lat' dir='ltr'><strong>unam</strong></span> <span class='ocrx_word' id='word_1_378' title='bbox 2355 2332 2715 2402; x_wconf 79' lang='lat' dir='ltr'><strong>eamdemque</strong></span> <span class='ocrx_word' id='word_1_379' title='bbox 2760 2342 3011 2396; x_wconf 84' lang='lat' dir='ltr'><strong>naturam</strong></span> <span class='ocrx_word' id='word_1_380' title='bbox 3041 2334 3082 2389; x_wconf 71' lang='grc' dir='ltr'>Ρ</span> <span class='ocrx_word' id='word_1_381' title='bbox 3084 2336 3210 2395; x_wconf 85' lang='lat' dir='ltr'><strong>ilius</strong></span> <span class='ocrx_word' id='word_1_382' title='bbox 3240 2352 3305 2393; x_wconf 75' lang='lat' dir='ltr'><strong>ex</strong></span> <span class='ocrx_word' id='word_1_383' title='bbox 3333 2337 3496 2395; x_wconf 79' lang='lat' dir='ltr'><strong>Patre</strong></span> <span class='ocrx_word' id='word_1_384' title='bbox 3514 2340 3736 2409; x_wconf 83' lang='lat' dir='ltr'><strong>genitus</strong></span> 
     </span>
    </p>
   </div>
   <div class='ocr_carea' id='block_1_49' title="bbox 2167 2419 3733 2499">
    <p class='ocr_par' dir='ltr' id='par_1_49' title="bbox 2167 2419 3733 2499">
     <span class='ocr_line' id='line_1_49' title="bbox 2167 2419 3733 2499; baseline 0.005 -24"><span class='ocrx_word' id='word_1_385' title='bbox 2167 2419 2332 2475; x_wconf 87' lang='lat' dir='ltr'><strong>etiam</strong></span> <span class='ocrx_word' id='word_1_386' title='bbox 2366 2435 2491 2479; x_wconf 86' lang='lat' dir='ltr'><strong>cum</strong></span> <span class='ocrx_word' id='word_1_387' title='bbox 2531 2422 2691 2483; x_wconf 83' lang='lat' dir='ltr'><strong>Patre</strong></span> <span class='ocrx_word' id='word_1_388' title='bbox 2719 2424 2904 2494; x_wconf 80' lang='lat' dir='ltr'><strong>habet,</strong></span> <span class='ocrx_word' id='word_1_389' title='bbox 2936 2426 3060 2495; x_wconf 79' lang='lat' dir='ltr'><strong>quis</strong></span> <span class='ocrx_word' id='word_1_390' title='bbox 3089 2428 3286 2487; x_wconf 79' lang='lat' dir='ltr'><strong>audeat</strong></span> <span class='ocrx_word' id='word_1_391' title='bbox 3317 2429 3421 2485; x_wconf 85' lang='lat' dir='ltr'><strong>hae</strong></span> <span class='ocrx_word' id='word_1_392' title='bbox 3446 2429 3733 2499; x_wconf 60' lang='lat' dir='ltr'><strong>[traditum</strong></span> 
     </span>
    </p>
   </div>
   <div class='ocr_carea' id='block_1_50' title="bbox 2169 2509 3734 2591">
    <p class='ocr_par' dir='ltr' id='par_1_50' title="bbox 2169 2509 3734 2591">
     <span class='ocr_line' id='line_1_50' title="bbox 2169 2509 3734 2591; baseline 0.006 -23"><span class='ocrx_word' id='word_1_393' title='bbox 2169 2509 2366 2571; x_wconf 82' lang='lat' dir='ltr'><strong>Filium</strong></span> <span class='ocrx_word' id='word_1_394' title='bbox 2398 2529 2648 2572; x_wconf 82' lang='lat' dir='ltr'><strong>asserere</strong></span> <span class='ocrx_word' id='word_1_395' title='bbox 2666 2526 3021 2584; x_wconf 87' lang='lat' dir='ltr'><strong>paternorum</strong></span> <span class='ocrx_word' id='word_1_396' title='bbox 3040 2519 3311 2581; x_wconf 83' lang='lat' dir='ltr'><strong>bonorum</strong></span> <span class='ocrx_word' id='word_1_397' title='bbox 3332 2522 3457 2575; x_wconf 85' lang='lat' dir='ltr'><strong>aliis</strong></span> <span class='ocrx_word' id='word_1_398' title='bbox 3476 2522 3734 2591; x_wconf 69' lang='lat' dir='ltr'><strong>gaudere,</strong></span> 
     </span>
    </p>
   </div>
   <div class='ocr_carea' id='block_1_51' title="bbox 2168 2606 3738 2683">
    <p class='ocr_par' dir='ltr' id='par_1_51' title="bbox 2168 2606 3738 2683">
     <span class='ocr_line' id='line_1_51' title="bbox 2168 2606 3738 2683; baseline 0.008 -23"><span class='ocrx_word' id='word_1_399' title='bbox 2168 2606 2292 2661; x_wconf 89' lang='lat' dir='ltr'><strong>aliis</strong></span> <span class='ocrx_word' id='word_1_400' title='bbox 2312 2606 2560 2677; x_wconf 76' lang='lat' dir='ltr'><strong>privari?</strong></span> <span class='ocrx_word' id='word_1_401' title='bbox 2586 2609 2763 2678; x_wconf 81' lang='lat' dir='ltr'><strong>Atque</strong></span> <span class='ocrx_word' id='word_1_402' title='bbox 2795 2609 2923 2667; x_wconf 88' lang='lat' dir='ltr'><strong>hinc</strong></span> <span class='ocrx_word' id='word_1_403' title='bbox 2951 2612 3223 2675; x_wconf 86' lang='lat' dir='ltr'><strong>omnium,</strong></span> <span class='ocrx_word' id='word_1_404' title='bbox 3250 2612 3395 2683; x_wconf 86' lang='lat' dir='ltr'><strong>quod</strong></span> <span class='ocrx_word' id='word_1_405' title='bbox 3416 2613 3617 2670; x_wconf 91' lang='lat' dir='ltr'><strong>dicitur</strong></span> <span class='ocrx_word' id='word_1_406' title='bbox 3643 2619 3738 2672; x_wconf 71' lang='lat' dir='ltr'><strong>tie-</strong></span> 
     </span>
    </p>
   </div>
   <div class='ocr_carea' id='block_1_52' title="bbox 2168 2698 3737 2766">
    <p class='ocr_par' dir='ltr' id='par_1_52' title="bbox 2168 2698 3737 2766">
     <span class='ocr_line' id='line_1_52' title="bbox 2168 2698 3737 2766; baseline 0.004 -14"><span class='ocrx_word' id='word_1_407' title='bbox 2168 2698 2468 2753; x_wconf 86' lang='lat' dir='ltr'><strong>finitionem</strong></span> <span class='ocrx_word' id='word_1_408' title='bbox 2506 2698 2722 2766; x_wconf 76' lang='lat' dir='ltr'><strong>tollere,</strong></span> <span class='ocrx_word' id='word_1_409' title='bbox 2766 2714 2896 2761; x_wconf 74' lang='lat' dir='ltr'><strong>cum</strong></span> <span class='ocrx_word' id='word_1_410' title='bbox 2925 2700 3188 2761; x_wconf 76' lang='lat' dir='ltr'><strong>Dominus</strong></span> <span class='ocrx_word' id='word_1_411' title='bbox 3233 2703 3411 2765; x_wconf 78' lang='lat' dir='ltr'><strong>Patris.</strong></span> <span class='ocrx_word' id='word_1_412' title='bbox 3454 2704 3639 2759; x_wconf 82' lang='lat' dir='ltr'><strong>omnia</strong></span> <span class='ocrx_word' id='word_1_413' title='bbox 3675 2717 3737 2765; x_wconf 82' lang='lat' dir='ltr'><strong>se</strong></span> 
     </span>
    </p>
   </div>
   <div class='ocr_carea' id='block_1_53' title="bbox 2168 2789 3733 2862">
    <p class='ocr_par' dir='ltr' id='par_1_53' title="bbox 2168 2789 3733 2862">
     <span class='ocr_line' id='line_1_53' title="bbox 2168 2789 3733 2862; baseline 0.003 -19"><span class='ocrx_word' id='word_1_414' title='bbox 2168 2791 2367 2849; x_wconf 88' lang='lat' dir='ltr'><strong>habere</strong></span> <span class='ocrx_word' id='word_1_415' title='bbox 2398 2790 2635 2847; x_wconf 78' lang='lat' dir='ltr'><strong>dixerit?</strong></span> <span class='ocrx_word' id='word_1_416' title='bbox 2661 2789 2931 2848; x_wconf 69' lang='lat' dir='ltr'><strong>Praeterea</strong></span> <span class='ocrx_word' id='word_1_417' title='bbox 2957 2792 3164 2851; x_wconf 85' lang='lat' dir='ltr'><strong>dictum</strong></span> <span class='ocrx_word' id='word_1_418' title='bbox 3190 2803 3313 2855; x_wconf 83' lang='lat' dir='ltr'><strong>est:</strong></span> <span class='ocrx_word' id='word_1_419' title='bbox 3343 2794 3449 2862; x_wconf 82' lang='lat' dir='ltr'><strong>Qui</strong></span> <span class='ocrx_word' id='word_1_420' title='bbox 3472 2796 3601 2851; x_wconf 74' lang='lat' dir='ltr'><strong>ridet</strong></span> <span class='ocrx_word' id='word_1_421' title='bbox 3629 2810 3733 2861; x_wconf 67' lang='lat' dir='ltr'><strong>me,</strong></span> 
     </span>
    </p>
   </div>
   <div class='ocr_carea' id='block_1_54' title="bbox 2167 2876 3737 2954">
    <p class='ocr_par' dir='ltr' id='par_1_54' title="bbox 2167 2876 3737 2954">
     <span class='ocr_line' id='line_1_54' title="bbox 2167 2876 3737 2954; baseline 0.003 -20"><span class='ocrx_word' id='word_1_422' title='bbox 2167 2882 2301 2935; x_wconf 75' lang='lat' dir='ltr'><strong>videt</strong></span> <span class='ocrx_word' id='word_1_423' title='bbox 2338 2890 2385 2933; x_wconf 82' lang='lat' dir='ltr'><strong>et</strong></span> <span class='ocrx_word' id='word_1_424' title='bbox 2421 2878 2635 2937; x_wconf 76' lang='lat' dir='ltr'><strong>Patrem</strong></span> <span class='ocrx_word' id='word_1_425' title='bbox 2667 2880 2729 2937; x_wconf 82' lang='grc'><strong>¹⁸.</strong></span> <span class='ocrx_word' id='word_1_426' title='bbox 2770 2880 2927 2947; x_wconf 84' lang='lat' dir='ltr'><strong>Quod</strong></span> <span class='ocrx_word' id='word_1_427' title='bbox 2956 2876 3137 2941; x_wconf 73' lang='lat' dir='ltr'><strong>autem</strong></span> <span class='ocrx_word' id='word_1_428' title='bbox 3170 2884 3404 2950; x_wconf 81' lang='lat' dir='ltr'><strong>dicitur,</strong></span> <span class='ocrx_word' id='word_1_429' title='bbox 3441 2886 3597 2949; x_wconf 79' lang='lat' dir='ltr'><strong>videt,</strong></span> <span class='ocrx_word' id='word_1_430' title='bbox 3630 2898 3737 2954; x_wconf 90' lang='lat' dir='ltr'><strong>pro</strong></span> 
     </span>
    </p>
   </div>
   <div class='ocr_carea' id='block_1_55' title="bbox 2166 2970 3736 3044">
    <p class='ocr_par' dir='ltr' id='par_1_55' title="bbox 2166 2970 3736 3044">
     <span class='ocr_line' id='line_1_55' title="bbox 2166 2970 3736 3044; baseline 0.003 -20"><span class='ocrx_word' id='word_1_431' title='bbox 2166 2987 2231 3026; x_wconf 91' lang='lat' dir='ltr'><strong>co</strong></span> <span class='ocrx_word' id='word_1_432' title='bbox 2255 2971 2490 3043; x_wconf 87' lang='lat' dir='ltr'><strong>positum</strong></span> <span class='ocrx_word' id='word_1_433' title='bbox 2510 2977 2621 3037; x_wconf 76' lang='lat' dir='ltr'><strong>est,</strong></span> <span class='ocrx_word' id='word_1_434' title='bbox 2635 2970 2782 3042; x_wconf 83' lang='lat' dir='ltr'><strong>quod</strong></span> <span class='ocrx_word' id='word_1_435' title='bbox 2802 2980 2907 3036; x_wconf 82' lang='lat' dir='ltr'><strong>est,</strong></span> <span class='ocrx_word' id='word_1_436' title='bbox 2930 2970 3205 3043; x_wconf 77' lang='lat' dir='ltr'><strong>intelligit,</strong></span> <span class='ocrx_word' id='word_1_437' title='bbox 3233 2973 3307 3028; x_wconf 88' lang='lat' dir='ltr'><strong>ita</strong></span> <span class='ocrx_word' id='word_1_438' title='bbox 3328 2973 3736 3044; x_wconf 74' lang='lat' dir='ltr'><strong>exponentibus</strong></span> 
     </span>
    </p>
   </div>
   <div class='ocr_carea' id='block_1_56' title="bbox 2168 3062 3377 3121">
    <p class='ocr_par' dir='ltr' id='par_1_56' title="bbox 2168 3062 3377 3121">
     <span class='ocr_line' id='line_1_56' title="bbox 2168 3062 3377 3121; baseline 0 0"><span class='ocrx_word' id='word_1_439' title='bbox 2168 3062 2441 3121; x_wconf 85' lang='lat' dir='ltr'><strong>Patribus.</strong></span> <span class='ocrx_word' id='word_1_440' title='bbox 2630 3097 2641 3106; x_wconf 69' lang='grc' dir='ltr'>α</span> <span class='ocrx_word' id='word_1_441' title='bbox 3368 3084 3377 3085; x_wconf 46' lang='grc' dir='ltr'>ί</span> 
     </span>
    </p>
   </div>
   <div class='ocr_carea' id='block_1_57' title="bbox 500 3144 3735 3231">
    <p class='ocr_par' dir='ltr' id='par_1_57' title="bbox 500 3144 3735 3231">
     <span class='ocr_line' id='line_1_57' title="bbox 500 3144 3735 3231; baseline 0 -21"><span class='ocrx_word' id='word_1_442' title='bbox 500 3168 632 3222; x_wconf 86' lang='lat' dir='ltr'><strong>tam,</strong></span> <span class='ocrx_word' id='word_1_443' title='bbox 666 3166 728 3219; x_wconf 72' lang='lat' dir='ltr'><strong>nt</strong></span> <span class='ocrx_word' id='word_1_444' title='bbox 778 3156 922 3211; x_wconf 83' lang='lat' dir='ltr'><strong>illam</strong></span> <span class='ocrx_word' id='word_1_445' title='bbox 968 3158 1232 3228; x_wconf 79' lang='lat' dir='ltr'><strong>producat</strong></span> <span class='ocrx_word' id='word_1_446' title='bbox 1284 3158 1542 3229; x_wconf 89' lang='lat' dir='ltr'><strong>Spiritus.</strong></span> <span class='ocrx_word' id='word_1_447' title='bbox 1590 3159 1783 3231; x_wconf 82' lang='lat' dir='ltr'><strong>itaque</strong></span> <span class='ocrx_word' id='word_1_448' title='bbox 1836 3169 2060 3228; x_wconf 79' lang='lat' dir='ltr'><strong>cogetur</strong></span> <span class='ocrx_word' id='word_1_449' title='bbox 2088 3144 2130 3203; x_wconf 85' lang='lat' dir='ltr'><strong><em>C</em></strong></span> <span class='ocrx_word' id='word_1_450' title='bbox 2235 3153 2299 3208; x_wconf 87' lang='lat' dir='ltr'><strong>Et</strong></span> <span class='ocrx_word' id='word_1_451' title='bbox 2339 3154 2467 3225; x_wconf 78' lang='lat' dir='ltr'><strong>hinc</strong></span> <span class='ocrx_word' id='word_1_452' title='bbox 2512 3154 2696 3224; x_wconf 81' lang='lat' dir='ltr'><strong>itaque</strong></span> <span class='ocrx_word' id='word_1_453' title='bbox 2745 3163 2998 3222; x_wconf 85' lang='lat' dir='ltr'><strong>constat,</strong></span> <span class='ocrx_word' id='word_1_454' title='bbox 3042 3156 3189 3226; x_wconf 91' lang='lat' dir='ltr'><strong>quod</strong></span> <span class='ocrx_word' id='word_1_455' title='bbox 3234 3156 3331 3227; x_wconf 89' lang='lat' dir='ltr'><strong>qui</strong></span> <span class='ocrx_word' id='word_1_456' title='bbox 3367 3154 3567 3213; x_wconf 83' lang='lat' dir='ltr'><strong>Filium</strong></span> <span class='ocrx_word' id='word_1_457' title='bbox 3613 3157 3735 3218; x_wconf 75' lang='lat' dir='ltr'><strong>sine</strong></span> 
     </span>
    </p>
   </div>
   <div class='ocr_carea' id='block_1_58' title="bbox 498 3251 2064 3322">
    <p class='ocr_par' dir='ltr' id='par_1_58' title="bbox 498 3251 2064 3322">
     <span class='ocr_line' id='line_1_58' title="bbox 498 3251 2064 3322; baseline -0.001 -17"><span class='ocrx_word' id='word_1_458' title='bbox 498 3265 790 3320; x_wconf 85' lang='lat' dir='ltr'><strong>personam</strong></span> <span class='ocrx_word' id='word_1_459' title='bbox 826 3251 1014 3317; x_wconf 89' lang='lat' dir='ltr'><strong>aliam,</strong></span> <span class='ocrx_word' id='word_1_460' title='bbox 1040 3266 1164 3321; x_wconf 65' lang='lat' dir='ltr'><strong>quae</strong></span> <span class='ocrx_word' id='word_1_461' title='bbox 1190 3252 1538 3320; x_wconf 88' lang='lat' dir='ltr'><strong>producatur,</strong></span> <span class='ocrx_word' id='word_1_462' title='bbox 1568 3252 1837 3318; x_wconf 87' lang='lat' dir='ltr'><strong>invenire,</strong></span> <span class='ocrx_word' id='word_1_463' title='bbox 1890 3267 2064 3322; x_wconf 89' lang='lat' dir='ltr'><strong>quan-</strong></span> 
     </span>
    </p>
   </div>
   <div class='ocr_carea' id='block_1_59' title="bbox 496 3342 2065 3416">
    <p class='ocr_par' dir='ltr' id='par_1_59' title="bbox 496 3342 2065 3416">
     <span class='ocr_line' id='line_1_59' title="bbox 496 3342 2065 3416; baseline 0.001 -19"><span class='ocrx_word' id='word_1_464' title='bbox 496 3343 808 3412; x_wconf 86' lang='lat' dir='ltr'><strong>doquidem,</strong></span> <span class='ocrx_word' id='word_1_465' title='bbox 837 3342 984 3413; x_wconf 91' lang='lat' dir='ltr'><strong>quod</strong></span> <span class='ocrx_word' id='word_1_466' title='bbox 1014 3344 1285 3414; x_wconf 89' lang='lat' dir='ltr'><strong>producit,</strong></span> <span class='ocrx_word' id='word_1_467' title='bbox 1305 3352 1360 3401; x_wconf 90' lang='lat' dir='ltr'><strong>et</strong></span> <span class='ocrx_word' id='word_1_468' title='bbox 1383 3344 1528 3416; x_wconf 91' lang='lat' dir='ltr'><strong>quod</strong></span> <span class='ocrx_word' id='word_1_469' title='bbox 1556 3343 1898 3415; x_wconf 84' lang='lat' dir='ltr'><strong>producitur,</strong></span> <span class='ocrx_word' id='word_1_470' title='bbox 1924 3343 2065 3399; x_wconf 86' lang='lat' dir='ltr'><strong>idem</strong></span> 
     </span>
    </p>
   </div>
   <div class='ocr_carea' id='block_1_60' title="bbox 495 3425 2063 3504">
    <p class='ocr_par' dir='ltr' id='par_1_60' title="bbox 495 3425 2063 3504">
     <span class='ocr_line' id='line_1_60' title="bbox 495 3425 2063 3504; baseline 0.001 -17"><span class='ocrx_word' id='word_1_471' title='bbox 495 3449 618 3488; x_wconf 89' lang='lat' dir='ltr'><strong>esse</strong></span> <span class='ocrx_word' id='word_1_472' title='bbox 652 3449 761 3487; x_wconf 90' lang='lat' dir='ltr'><strong>non</strong></span> <span class='ocrx_word' id='word_1_473' title='bbox 797 3441 993 3501; x_wconf 85' lang='lat' dir='ltr'><strong>potest,</strong></span> <span class='ocrx_word' id='word_1_474' title='bbox 1020 3433 1294 3504; x_wconf 90' lang='lat' dir='ltr'><strong>simulque</strong></span> <span class='ocrx_word' id='word_1_475' title='bbox 1322 3425 1595 3490; x_wconf 82' lang='lat' dir='ltr'><strong>sermonis</strong></span> <span class='ocrx_word' id='word_1_476' title='bbox 1631 3434 1848 3489; x_wconf 87' lang='lat' dir='ltr'><strong>tolletur</strong></span> <span class='ocrx_word' id='word_1_477' title='bbox 1873 3433 2063 3489; x_wconf 79' lang='lat' dir='ltr'><strong>funda-</strong></span> 
     </span>
    </p>
   </div>
   <div class='ocr_carea' id='block_1_61' title="bbox 500 3523 2063 3597">
    <p class='ocr_par' dir='ltr' id='par_1_61' title="bbox 500 3523 2063 3597">
     <span class='ocr_line' id='line_1_61' title="bbox 500 3523 2063 3597; baseline 0 -19"><span class='ocrx_word' id='word_1_478' title='bbox 500 3535 764 3580; x_wconf 89' lang='lat' dir='ltr'><strong>mentum.</strong></span> <span class='ocrx_word' id='word_1_479' title='bbox 796 3523 1244 3595; x_wconf 70' lang='lat' dir='ltr'><strong>Praasupponitnr</strong></span> <span class='ocrx_word' id='word_1_480' title='bbox 1269 3525 1491 3597; x_wconf 89' lang='lat' dir='ltr'><strong>quippe,</strong></span> <span class='ocrx_word' id='word_1_481' title='bbox 1516 3525 1672 3597; x_wconf 82' lang='lat' dir='ltr'><strong>juxta</strong></span> <span class='ocrx_word' id='word_1_482' title='bbox 1697 3524 1837 3581; x_wconf 88' lang='lat' dir='ltr'><strong>sacri</strong></span> <span class='ocrx_word' id='word_1_483' title='bbox 1865 3524 2063 3595; x_wconf 79' lang='lat' dir='ltr'><strong>eloquii</strong></span> 
     </span>
    </p>
   </div>
   <div class='ocr_carea' id='block_1_62' title="bbox 499 3613 2063 3688">
    <p class='ocr_par' dir='ltr' id='par_1_62' title="bbox 499 3613 2063 3688">
     <span class='ocr_line' id='line_1_62' title="bbox 499 3613 2063 3688; baseline -0.001 -17"><span class='ocrx_word' id='word_1_484' title='bbox 499 3615 828 3688; x_wconf 87' lang='lat' dir='ltr'><strong>positionem</strong></span> <span class='ocrx_word' id='word_1_485' title='bbox 853 3653 869 3681; x_wconf 92' lang='lat'><strong>,</strong></span> <span class='ocrx_word' id='word_1_486' title='bbox 905 3616 1166 3686; x_wconf 82' lang='lat' dir='ltr'><strong>Spiritum</strong></span> <span class='ocrx_word' id='word_1_487' title='bbox 1215 3613 1465 3687; x_wconf 89' lang='lat' dir='ltr'><strong>produci,</strong></span> <span class='ocrx_word' id='word_1_488' title='bbox 1504 3615 1585 3669; x_wconf 89' lang='lat' dir='ltr'><strong>vel</strong></span> <span class='ocrx_word' id='word_1_489' title='bbox 1617 3614 1940 3686; x_wconf 87' lang='lat' dir='ltr'><strong>procedere;</strong></span> <span class='ocrx_word' id='word_1_490' title='bbox 1972 3629 2063 3669; x_wconf 91' lang='lat' dir='ltr'><strong>so-</strong></span> 
     </span>
    </p>
   </div>
   <div class='ocr_carea' id='block_1_63' title="bbox 496 3704 2064 3781">
    <p class='ocr_par' dir='ltr' id='par_1_63' title="bbox 496 3704 2064 3781">
     <span class='ocr_line' id='line_1_63' title="bbox 496 3704 2064 3781; baseline -0.001 -20"><span class='ocrx_word' id='word_1_491' title='bbox 496 3710 717 3781; x_wconf 83' lang='lat' dir='ltr'><strong>lumque</strong></span> <span class='ocrx_word' id='word_1_492' title='bbox 748 3707 894 3764; x_wconf 89' lang='lat' dir='ltr'><strong>unde</strong></span> <span class='ocrx_word' id='word_1_493' title='bbox 927 3708 1226 3778; x_wconf 68' lang='lat' dir='ltr'><strong>quaeritur:</strong></span> <span class='ocrx_word' id='word_1_494' title='bbox 1260 3718 1314 3764; x_wconf 90' lang='lat' dir='ltr'><strong>et</strong></span> <span class='ocrx_word' id='word_1_495' title='bbox 1345 3707 1392 3764; x_wconf 90' lang='lat' dir='ltr'><strong>si</strong></span> <span class='ocrx_word' id='word_1_496' title='bbox 1426 3706 1604 3772; x_wconf 89' lang='lat' dir='ltr'><strong>Pater,</strong></span> <span class='ocrx_word' id='word_1_497' title='bbox 1638 3716 1691 3761; x_wconf 90' lang='lat' dir='ltr'><strong>et</strong></span> <span class='ocrx_word' id='word_1_498' title='bbox 1721 3704 1891 3759; x_wconf 81' lang='lat' dir='ltr'><strong>Filius</strong></span> <span class='ocrx_word' id='word_1_499' title='bbox 1925 3720 2064 3759; x_wconf 85' lang='lat' dir='ltr'><strong>unus</strong></span> 
     </span>
    </p>
   </div>
   <div class='ocr_carea' id='block_1_64' title="bbox 496 3799 2061 3873">
    <p class='ocr_par' dir='ltr' id='par_1_64' title="bbox 496 3799 2061 3873">
     <span class='ocr_line' id='line_1_64' title="bbox 496 3799 2061 3873; baseline -0.003 -17"><span class='ocrx_word' id='word_1_500' title='bbox 496 3800 792 3873; x_wconf 90' lang='lat' dir='ltr'><strong>productor</strong></span> <span class='ocrx_word' id='word_1_501' title='bbox 812 3807 921 3866; x_wconf 88' lang='lat' dir='ltr'><strong>est,</strong></span> <span class='ocrx_word' id='word_1_502' title='bbox 938 3807 995 3856; x_wconf 91' lang='lat' dir='ltr'><strong>at</strong></span> <span class='ocrx_word' id='word_1_503' title='bbox 1020 3800 1163 3870; x_wconf 86' lang='lat' dir='ltr'><strong>quod</strong></span> <span class='ocrx_word' id='word_1_504' title='bbox 1186 3801 1456 3872; x_wconf 90' lang='lat' dir='ltr'><strong>producit,</strong></span> <span class='ocrx_word' id='word_1_505' title='bbox 1479 3812 1534 3854; x_wconf 91' lang='lat' dir='ltr'><strong>et</strong></span> <span class='ocrx_word' id='word_1_506' title='bbox 1556 3800 1700 3869; x_wconf 91' lang='lat' dir='ltr'><strong>quod</strong></span> <span class='ocrx_word' id='word_1_507' title='bbox 1725 3799 2061 3869; x_wconf 71' lang='lat' dir='ltr'><strong>producitur,</strong></span> 
     </span>
    </p>
   </div>
   <div class='ocr_carea' id='block_1_65' title="bbox 498 3880 2059 3961">
    <p class='ocr_par' dir='ltr' id='par_1_65' title="bbox 498 3880 2059 3961">
     <span class='ocr_line' id='line_1_65' title="bbox 498 3880 2059 3961; baseline -0.001 -17"><span class='ocrx_word' id='word_1_508' title='bbox 498 3886 639 3945; x_wconf 82' lang='lat' dir='ltr'><strong>idem</strong></span> <span class='ocrx_word' id='word_1_509' title='bbox 684 3905 804 3946; x_wconf 89' lang='lat' dir='ltr'><strong>esse</strong></span> <span class='ocrx_word' id='word_1_510' title='bbox 844 3880 952 3946; x_wconf 79' lang='lat' dir='ltr'><strong>nco</strong></span> <span class='ocrx_word' id='word_1_511' title='bbox 1002 3899 1211 3961; x_wconf 72' lang='lat' dir='ltr'><strong>potest.</strong></span> <span class='ocrx_word' id='word_1_512' title='bbox 1256 3891 1347 3947; x_wconf 92' lang='lat' dir='ltr'><strong>Sic</strong></span> <span class='ocrx_word' id='word_1_513' title='bbox 1387 3892 1531 3946; x_wconf 89' lang='lat' dir='ltr'><strong>enim</strong></span> <span class='ocrx_word' id='word_1_514' title='bbox 1568 3891 1879 3946; x_wconf 88' lang='lat' dir='ltr'><strong>necessario</strong></span> <span class='ocrx_word' id='word_1_515' title='bbox 1918 3890 2059 3959; x_wconf 85' lang='lat' dir='ltr'><strong>ejus,</strong></span> 
     </span>
    </p>
   </div>
   <div class='ocr_carea' id='block_1_66' title="bbox 494 3981 2063 4050">
    <p class='ocr_par' dir='ltr' id='par_1_66' title="bbox 494 3981 2063 4050">
     <span class='ocr_line' id='line_1_66' title="bbox 494 3981 2063 4050; baseline 0 -17"><span class='ocrx_word' id='word_1_516' title='bbox 494 3983 644 4050; x_wconf 86' lang='lat' dir='ltr'><strong>quod</strong></span> <span class='ocrx_word' id='word_1_517' title='bbox 701 3981 937 4044; x_wconf 87' lang='lat' dir='ltr'><strong>dicitur.</strong></span> <span class='ocrx_word' id='word_1_518' title='bbox 989 3982 1172 4048; x_wconf 87' lang='lat' dir='ltr'><strong>unde,</strong></span> <span class='ocrx_word' id='word_1_519' title='bbox 1235 3997 1401 4037; x_wconf 88' lang='lat' dir='ltr'><strong>causa</strong></span> <span class='ocrx_word' id='word_1_520' title='bbox 1459 3981 1724 4037; x_wconf 87' lang='lat' dir='ltr'><strong>tolletur:</strong></span> <span class='ocrx_word' id='word_1_521' title='bbox 1782 3983 1882 4035; x_wconf 86' lang='lat' dir='ltr'><strong>hac</strong></span> <span class='ocrx_word' id='word_1_522' title='bbox 1932 3994 2063 4034; x_wconf 86' lang='lat' dir='ltr'><strong>vero</strong></span> 
     </span>
    </p>
   </div>
   <div class='ocr_carea' id='block_1_67' title="bbox 496 4071 2063 4145">
    <p class='ocr_par' dir='ltr' id='par_1_67' title="bbox 496 4071 2063 4145">
     <span class='ocr_line' id='line_1_67' title="bbox 496 4071 2063 4145; baseline 0.003 -22"><span class='ocrx_word' id='word_1_523' title='bbox 496 4071 731 4136; x_wconf 89' lang='lat' dir='ltr'><strong>ratione,</strong></span> <span class='ocrx_word' id='word_1_524' title='bbox 751 4072 979 4145; x_wconf 83' lang='lat' dir='ltr'><strong>etquod</strong></span> <span class='ocrx_word' id='word_1_525' title='bbox 1001 4072 1204 4128; x_wconf 89' lang='lat' dir='ltr'><strong>dicitur</strong></span> <span class='ocrx_word' id='word_1_526' title='bbox 1226 4089 1292 4128; x_wconf 78' lang='lat' dir='ltr'><strong>ex</strong></span> <span class='ocrx_word' id='word_1_527' title='bbox 1317 4073 1471 4128; x_wconf 86' lang='lat' dir='ltr'><strong>Patre</strong></span> <span class='ocrx_word' id='word_1_528' title='bbox 1495 4088 1590 4144; x_wconf 88' lang='lat' dir='ltr'><strong>per</strong></span> <span class='ocrx_word' id='word_1_529' title='bbox 1611 4071 1806 4128; x_wconf 84' lang='lat' dir='ltr'><strong>Filium</strong></span> <span class='ocrx_word' id='word_1_530' title='bbox 1836 4086 2063 4142; x_wconf 89' lang='lat' dir='ltr'><strong>prorsus</strong></span> 
     </span>
    </p>
   </div>
   <div class='ocr_carea' id='block_1_68' title="bbox 494 4158 2059 4236">
    <p class='ocr_par' dir='ltr' id='par_1_68' title="bbox 494 4158 2059 4236">
     <span class='ocr_line' id='line_1_68' title="bbox 494 4158 2059 4236; baseline 0.001 -21"><span class='ocrx_word' id='word_1_531' title='bbox 494 4160 798 4218; x_wconf 87' lang='lat' dir='ltr'><strong>auferetur.</strong></span> <span class='ocrx_word' id='word_1_532' title='bbox 841 4162 961 4219; x_wconf 87' lang='lat' dir='ltr'><strong>Non</strong></span> <span class='ocrx_word' id='word_1_533' title='bbox 995 4179 1125 4236; x_wconf 85' lang='lat' dir='ltr'><strong>ergo</strong></span> <span class='ocrx_word' id='word_1_534' title='bbox 1162 4176 1247 4220; x_wconf 86' lang='lat' dir='ltr'><strong>est</strong></span> <span class='ocrx_word' id='word_1_535' title='bbox 1283 4165 1520 4235; x_wconf 87' lang='lat' dir='ltr'><strong>putanda</strong></span> <span class='ocrx_word' id='word_1_536' title='bbox 1560 4158 1819 4227; x_wconf 68' lang='lat' dir='ltr'><strong>initantia</strong></span> <span class='ocrx_word' id='word_1_537' title='bbox 1843 4203 1856 4227; x_wconf 93' lang='lat'><strong>,</strong></span> <span class='ocrx_word' id='word_1_538' title='bbox 1895 4179 2059 4234; x_wconf 89' lang='lat' dir='ltr'><strong>quam</strong></span> 
     </span>
    </p>
   </div>
   <div class='ocr_carea' id='block_1_69' title="bbox 492 4254 2061 4328">
    <p class='ocr_par' dir='ltr' id='par_1_69' title="bbox 492 4254 2061 4328">
     <span class='ocr_line' id='line_1_69' title="bbox 492 4254 2061 4328; baseline 0.002 -21"><span class='ocrx_word' id='word_1_539' title='bbox 492 4264 549 4307; x_wconf 87' lang='lat' dir='ltr'><strong>et</strong></span> <span class='ocrx_word' id='word_1_540' title='bbox 580 4269 666 4318; x_wconf 90' lang='lat' dir='ltr'><strong>ea,</strong></span> <span class='ocrx_word' id='word_1_541' title='bbox 693 4254 759 4308; x_wconf 89' lang='lat' dir='ltr'><strong>de</strong></span> <span class='ocrx_word' id='word_1_542' title='bbox 783 4255 984 4325; x_wconf 86' lang='lat' dir='ltr'><strong>quibus</strong></span> <span class='ocrx_word' id='word_1_543' title='bbox 1007 4270 1190 4311; x_wconf 89' lang='lat' dir='ltr'><strong>sermo</strong></span> <span class='ocrx_word' id='word_1_544' title='bbox 1212 4265 1315 4323; x_wconf 87' lang='lat' dir='ltr'><strong>est,</strong></span> <span class='ocrx_word' id='word_1_545' title='bbox 1342 4266 1395 4313; x_wconf 92' lang='lat' dir='ltr'><strong>et</strong></span> <span class='ocrx_word' id='word_1_546' title='bbox 1412 4272 1529 4328; x_wconf 77' lang='lat' dir='ltr'><strong>qua:</strong></span> <span class='ocrx_word' id='word_1_547' title='bbox 1548 4272 1579 4311; x_wconf 91' lang='lat' dir='ltr'><strong>a</strong></span> <span class='ocrx_word' id='word_1_548' title='bbox 1601 4254 2061 4328; x_wconf 84' lang='lat' dir='ltr'><strong>disputationibus</strong></span> 
     </span>
    </p>
   </div>
   <div class='ocr_carea' id='block_1_70' title="bbox 492 4346 1188 4415">
    <p class='ocr_par' dir='ltr' id='par_1_70' title="bbox 492 4346 1188 4415">
     <span class='ocr_line' id='line_1_70' title="bbox 492 4346 1188 4415; baseline 0.009 -16"><span class='ocrx_word' id='word_1_549' title='bbox 492 4346 757 4401; x_wconf 71' lang='lat' dir='ltr'><strong>consessu</strong></span> <span class='ocrx_word' id='word_1_550' title='bbox 785 4356 936 4415; x_wconf 88' lang='lat' dir='ltr'><strong>sunt,</strong></span> <span class='ocrx_word' id='word_1_551' title='bbox 969 4349 1188 4406; x_wconf 89' lang='lat' dir='ltr'><strong>tollunt.</strong></span> 
     </span>
    </p>
   </div>
   <div class='ocr_carea' id='block_1_71' title="bbox 2168 3244 3729 3318">
    <p class='ocr_par' dir='ltr' id='par_1_71' title="bbox 2168 3244 3729 3318">
     <span class='ocr_line' id='line_1_71' title="bbox 2168 3244 3729 3318; baseline 0.004 -18"><span class='ocrx_word' id='word_1_552' title='bbox 2168 3244 2370 3315; x_wconf 87' lang='lat' dir='ltr'><strong>Spiritu</strong></span> <span class='ocrx_word' id='word_1_553' title='bbox 2421 3247 2655 3315; x_wconf 82' lang='lat' dir='ltr'><strong>cogitat,</strong></span> <span class='ocrx_word' id='word_1_554' title='bbox 2695 3246 2859 3305; x_wconf 84' lang='lat' dir='ltr'><strong>etiam</strong></span> <span class='ocrx_word' id='word_1_555' title='bbox 2894 3247 3108 3302; x_wconf 81' lang='lat' dir='ltr'><strong>Patrem</strong></span> <span class='ocrx_word' id='word_1_556' title='bbox 3147 3246 3357 3318; x_wconf 88' lang='lat' dir='ltr'><strong>Spiritu</strong></span> <span class='ocrx_word' id='word_1_557' title='bbox 3406 3251 3729 3307; x_wconf 82' lang='lat' dir='ltr'><strong>destitutum</strong></span> 
     </span>
    </p>
   </div>
   <div class='ocr_carea' id='block_1_72' title="bbox 2167 3335 3732 3407">
    <p class='ocr_par' dir='ltr' id='par_1_72' title="bbox 2167 3335 3732 3407">
     <span class='ocr_line' id='line_1_72' title="bbox 2167 3335 3732 3407; baseline 0.001 -17"><span class='ocrx_word' id='word_1_558' title='bbox 2167 3336 2450 3407; x_wconf 78' lang='lat' dir='ltr'><strong>intelliget.</strong></span> <span class='ocrx_word' id='word_1_559' title='bbox 2491 3335 2628 3405; x_wconf 82' lang='lat' dir='ltr'><strong>Quia</strong></span> <span class='ocrx_word' id='word_1_560' title='bbox 2671 3338 2821 3393; x_wconf 87' lang='lat' dir='ltr'><strong>enim</strong></span> <span class='ocrx_word' id='word_1_561' title='bbox 2858 3336 2898 3401; x_wconf 70' lang='grc' dir='ltr'><strong><em>Ε</em></strong></span> <span class='ocrx_word' id='word_1_562' title='bbox 2904 3338 3029 3392; x_wconf 87' lang='lat' dir='ltr'><strong>ilius</strong></span> <span class='ocrx_word' id='word_1_563' title='bbox 3066 3335 3245 3394; x_wconf 89' lang='lat' dir='ltr'><strong>Patris</strong></span> <span class='ocrx_word' id='word_1_564' title='bbox 3275 3348 3360 3395; x_wconf 88' lang='lat' dir='ltr'><strong>est</strong></span> <span class='ocrx_word' id='word_1_565' title='bbox 3388 3338 3640 3394; x_wconf 82' lang='lat' dir='ltr'><strong>definitio</strong></span> <span class='ocrx_word' id='word_1_566' title='bbox 3674 3347 3732 3393; x_wconf 88' lang='lat' dir='ltr'><strong>et</strong></span> 
     </span>
    </p>
   </div>
   <div class='ocr_carea' id='block_1_73' title="bbox 2167 3426 3731 3493">
    <p class='ocr_par' dir='ltr' id='par_1_73' title="bbox 2167 3426 3731 3493">
     <span class='ocr_line' id='line_1_73' title="bbox 2167 3426 3731 3493; baseline 0.002 -15"><span class='ocrx_word' id='word_1_567' title='bbox 2167 3426 2426 3493; x_wconf 77' lang='lat' dir='ltr'><strong>verbum;</strong></span> <span class='ocrx_word' id='word_1_568' title='bbox 2456 3437 2509 3479; x_wconf 91' lang='lat' dir='ltr'><strong>et</strong></span> <span class='ocrx_word' id='word_1_569' title='bbox 2545 3428 2690 3481; x_wconf 90' lang='lat' dir='ltr'><strong>sicut</strong></span> <span class='ocrx_word' id='word_1_570' title='bbox 2718 3426 2962 3481; x_wconf 88' lang='lat' dir='ltr'><strong>deﬁnitio</strong></span> <span class='ocrx_word' id='word_1_571' title='bbox 2998 3429 3065 3481; x_wconf 92' lang='lat' dir='ltr'><strong>ad</strong></span> <span class='ocrx_word' id='word_1_572' title='bbox 3107 3426 3413 3492; x_wconf 80' lang='lat' dir='ltr'><strong>definitum,</strong></span> <span class='ocrx_word' id='word_1_573' title='bbox 3441 3428 3557 3483; x_wconf 82' lang='lat' dir='ltr'><strong>sive</strong></span> <span class='ocrx_word' id='word_1_574' title='bbox 3594 3428 3731 3485; x_wconf 83' lang='lat' dir='ltr'><strong>deli-</strong></span> 
     </span>
    </p>
   </div>
   <div class='ocr_carea' id='block_1_74' title="bbox 2165 3515 3729 3589">
    <p class='ocr_par' dir='ltr' id='par_1_74' title="bbox 2165 3515 3729 3589">
     <span class='ocr_line' id='line_1_74' title="bbox 2165 3515 3729 3589; baseline 0 -18"><span class='ocrx_word' id='word_1_575' title='bbox 2165 3515 2354 3582; x_wconf 88' lang='lat' dir='ltr'><strong>nihile,</strong></span> <span class='ocrx_word' id='word_1_576' title='bbox 2377 3516 2456 3572; x_wconf 91' lang='lat' dir='ltr'><strong>sic</strong></span> <span class='ocrx_word' id='word_1_577' title='bbox 2477 3531 2534 3572; x_wconf 90' lang='lat' dir='ltr'><strong>se</strong></span> <span class='ocrx_word' id='word_1_578' title='bbox 2554 3516 2719 3573; x_wconf 84' lang='lat' dir='ltr'><strong>habet</strong></span> <span class='ocrx_word' id='word_1_579' title='bbox 2738 3515 2910 3571; x_wconf 90' lang='lat' dir='ltr'><strong>Filius</strong></span> <span class='ocrx_word' id='word_1_580' title='bbox 2931 3517 2998 3571; x_wconf 91' lang='lat' dir='ltr'><strong>ad</strong></span> <span class='ocrx_word' id='word_1_581' title='bbox 3017 3515 3229 3571; x_wconf 88' lang='lat' dir='ltr'><strong>Patrem</strong></span> <span class='ocrx_word' id='word_1_582' title='bbox 3252 3519 3405 3587; x_wconf 68' lang='lat' dir='ltr'><strong>juxta</strong></span> <span class='ocrx_word' id='word_1_583' title='bbox 3421 3516 3729 3589; x_wconf 72' lang='lat' dir='ltr'><strong>theologum</strong></span> 
     </span>
    </p>
   </div>
   <div class='ocr_carea' id='block_1_75' title="bbox 2166 3606 3730 3680">
    <p class='ocr_par' dir='ltr' id='par_1_75' title="bbox 2166 3606 3730 3680">
     <span class='ocr_line' id='line_1_75' title="bbox 2166 3606 3730 3680; baseline 0 -16"><span class='ocrx_word' id='word_1_584' title='bbox 2166 3607 2488 3680; x_wconf 79' lang='lat' dir='ltr'><strong>Gregorium</strong></span> <span class='ocrx_word' id='word_1_585' title='bbox 2515 3625 2527 3661; x_wconf 89' lang='lat'><strong>:</strong></span> <span class='ocrx_word' id='word_1_586' title='bbox 2548 3607 2791 3672; x_wconf 90' lang='lat' dir='ltr'><strong>omnino,</strong></span> <span class='ocrx_word' id='word_1_587' title='bbox 2810 3610 2902 3678; x_wconf 92' lang='lat' dir='ltr'><strong>qui</strong></span> <span class='ocrx_word' id='word_1_588' title='bbox 2920 3606 3123 3663; x_wconf 87' lang='lat' dir='ltr'><strong>deﬁniti</strong></span> <span class='ocrx_word' id='word_1_589' title='bbox 3148 3610 3516 3664; x_wconf 83' lang='lat' dir='ltr'><strong>deﬁnitionem</strong></span> <span class='ocrx_word' id='word_1_590' title='bbox 3538 3611 3730 3665; x_wconf 86' lang='lat' dir='ltr'><strong>nescit</strong></span> 
     </span>
    </p>
   </div>
   <div class='ocr_carea' id='block_1_76' title="bbox 2164 3700 3730 3773">
    <p class='ocr_par' dir='ltr' id='par_1_76' title="bbox 2164 3700 3730 3773">
     <span class='ocr_line' id='line_1_76' title="bbox 2164 3700 3730 3773; baseline 0.003 -20"><span class='ocrx_word' id='word_1_591' title='bbox 2164 3715 2343 3770; x_wconf 88' lang='lat' dir='ltr'><strong>neque</strong></span> <span class='ocrx_word' id='word_1_592' title='bbox 2368 3701 2547 3769; x_wconf 84' lang='lat' dir='ltr'><strong>ipsum</strong></span> <span class='ocrx_word' id='word_1_593' title='bbox 2576 3700 2849 3757; x_wconf 87' lang='lat' dir='ltr'><strong>delinibilc</strong></span> <span class='ocrx_word' id='word_1_594' title='bbox 2878 3715 2942 3756; x_wconf 92' lang='lat' dir='ltr'><strong>ac</strong></span> <span class='ocrx_word' id='word_1_595' title='bbox 2970 3700 3252 3755; x_wconf 88' lang='lat' dir='ltr'><strong>deﬁnitum</strong></span> <span class='ocrx_word' id='word_1_596' title='bbox 3291 3701 3658 3773; x_wconf 63' lang='lat' dir='ltr'><strong>scietJtaque</strong></span> <span class='ocrx_word' id='word_1_597' title='bbox 3684 3703 3730 3757; x_wconf 88' lang='lat' dir='ltr'><strong>si</strong></span> 
     </span>
    </p>
   </div>
   <div class='ocr_carea' id='block_1_77' title="bbox 2164 3788 3732 3865">
    <p class='ocr_par' dir='ltr' id='par_1_77' title="bbox 2164 3788 3732 3865">
     <span class='ocr_line' id='line_1_77' title="bbox 2164 3788 3732 3865; baseline 0.003 -21"><span class='ocrx_word' id='word_1_598' title='bbox 2164 3791 2383 3865; x_wconf 84' lang='lat' dir='ltr'><strong>quidem</strong></span> <span class='ocrx_word' id='word_1_599' title='bbox 2422 3788 2585 3849; x_wconf 87' lang='lat' dir='ltr'><strong>Pater</strong></span> <span class='ocrx_word' id='word_1_600' title='bbox 2630 3790 2865 3861; x_wconf 89' lang='lat' dir='ltr'><strong>Spiritus</strong></span> <span class='ocrx_word' id='word_1_601' title='bbox 2908 3792 3085 3847; x_wconf 88' lang='lat' dir='ltr'><strong>sancti</strong></span> <span class='ocrx_word' id='word_1_602' title='bbox 3122 3807 3289 3851; x_wconf 86' lang='lat' dir='ltr'><strong>causa</strong></span> <span class='ocrx_word' id='word_1_603' title='bbox 3327 3801 3443 3861; x_wconf 88' lang='lat' dir='ltr'><strong>est,</strong></span> <span class='ocrx_word' id='word_1_604' title='bbox 3475 3804 3527 3848; x_wconf 91' lang='lat' dir='ltr'><strong>et</strong></span> <span class='ocrx_word' id='word_1_605' title='bbox 3561 3792 3732 3848; x_wconf 86' lang='lat' dir='ltr'><strong>Filius</strong></span> 
     </span>
    </p>
   </div>
   <div class='ocr_carea' id='block_1_78' title="bbox 2164 3882 3729 3958">
    <p class='ocr_par' dir='ltr' id='par_1_78' title="bbox 2164 3882 3729 3958">
     <span class='ocr_line' id='line_1_78' title="bbox 2164 3882 3729 3958; baseline 0.002 -20"><span class='ocrx_word' id='word_1_606' title='bbox 2164 3898 2287 3938; x_wconf 89' lang='lat' dir='ltr'><strong>cum</strong></span> <span class='ocrx_word' id='word_1_607' title='bbox 2320 3899 2404 3938; x_wconf 93' lang='lat' dir='ltr'><strong>eo.</strong></span> <span class='ocrx_word' id='word_1_608' title='bbox 2447 3883 2605 3958; x_wconf 84' lang='lat' dir='ltr'><strong>Quod</strong></span> <span class='ocrx_word' id='word_1_609' title='bbox 2640 3885 2683 3940; x_wconf 87' lang='lat' dir='ltr'><strong>si</strong></span> <span class='ocrx_word' id='word_1_610' title='bbox 2723 3899 2833 3938; x_wconf 90' lang='lat' dir='ltr'><strong>non</strong></span> <span class='ocrx_word' id='word_1_611' title='bbox 2866 3882 3066 3947; x_wconf 83' lang='lat' dir='ltr'><strong>Filius,</strong></span> <span class='ocrx_word' id='word_1_612' title='bbox 3099 3900 3273 3956; x_wconf 88' lang='lat' dir='ltr'><strong>neque</strong></span> <span class='ocrx_word' id='word_1_613' title='bbox 3299 3884 3456 3940; x_wconf 88' lang='lat' dir='ltr'><strong>Pater</strong></span> <span class='ocrx_word' id='word_1_614' title='bbox 3483 3887 3729 3957; x_wconf 86' lang='lat' dir='ltr'><strong>quidem.</strong></span> 
     </span>
    </p>
   </div>
   <div class='ocr_carea' id='block_1_79' title="bbox 2163 3973 3727 4048">
    <p class='ocr_par' dir='ltr' id='par_1_79' title="bbox 2163 3973 3727 4048">
     <span class='ocr_line' id='line_1_79' title="bbox 2163 3973 3727 4048; baseline 0.004 -21"><span class='ocrx_word' id='word_1_615' title='bbox 2163 3973 2297 4030; x_wconf 90' lang='lat' dir='ltr'><strong>Nam</strong></span> <span class='ocrx_word' id='word_1_616' title='bbox 2324 3974 2469 4047; x_wconf 88' lang='lat' dir='ltr'><strong>quod</strong></span> <span class='ocrx_word' id='word_1_617' title='bbox 2501 3977 2554 4033; x_wconf 89' lang='lat' dir='ltr'><strong>in</strong></span> <span class='ocrx_word' id='word_1_618' title='bbox 2591 3976 3031 4038; x_wconf 87' lang='lat' dir='ltr'><strong>incommutabili</strong></span> <span class='ocrx_word' id='word_1_619' title='bbox 3062 3976 3297 4048; x_wconf 75' lang='lat' dir='ltr'><strong>imagine</strong></span> <span class='ocrx_word' id='word_1_620' title='bbox 3326 3992 3434 4032; x_wconf 91' lang='lat' dir='ltr'><strong>non</strong></span> <span class='ocrx_word' id='word_1_621' title='bbox 3462 3979 3727 4044; x_wconf 89' lang='lat' dir='ltr'><strong>cernitur,</strong></span> 
     </span>
    </p>
   </div>
   <div class='ocr_carea' id='block_1_80' title="bbox 2163 4065 3728 4141">
    <p class='ocr_par' dir='ltr' id='par_1_80' title="bbox 2163 4065 3728 4141">
     <span class='ocr_line' id='line_1_80' title="bbox 2163 4065 3728 4141; baseline 0.002 -21"><span class='ocrx_word' id='word_1_622' title='bbox 2163 4065 2215 4120; x_wconf 89' lang='lat' dir='ltr'><strong>id</strong></span> <span class='ocrx_word' id='word_1_623' title='bbox 2259 4081 2437 4135; x_wconf 86' lang='lat' dir='ltr'><strong>neque</strong></span> <span class='ocrx_word' id='word_1_624' title='bbox 2475 4066 2529 4119; x_wconf 92' lang='lat' dir='ltr'><strong>in</strong></span> <span class='ocrx_word' id='word_1_625' title='bbox 2587 4066 2858 4134; x_wconf 82' lang='lat' dir='ltr'><strong>primitiva</strong></span> <span class='ocrx_word' id='word_1_626' title='bbox 2911 4067 3085 4127; x_wconf 81' lang='lat' dir='ltr'><strong>forma</strong></span> <span class='ocrx_word' id='word_1_627' title='bbox 3133 4068 3483 4137; x_wconf 87' lang='lat' dir='ltr'><strong>inspicietur.</strong></span> <span class='ocrx_word' id='word_1_628' title='bbox 3531 4068 3595 4124; x_wconf 87' lang='lat' dir='ltr'><strong>Et</strong></span> <span class='ocrx_word' id='word_1_629' title='bbox 3634 4070 3728 4141; x_wconf 86' lang='lat' dir='ltr'><strong>qni</strong></span> 
     </span>
    </p>
   </div>
   <div class='ocr_carea' id='block_1_81' title="bbox 2165 4154 3733 4233">
    <p class='ocr_par' dir='ltr' id='par_1_81' title="bbox 2165 4154 3733 4233">
     <span class='ocr_line' id='line_1_81' title="bbox 2165 4154 3733 4233; baseline 0.004 -23"><span class='ocrx_word' id='word_1_630' title='bbox 2165 4156 2363 4211; x_wconf 77' lang='lat' dir='ltr'><strong>Filium</strong></span> <span class='ocrx_word' id='word_1_631' title='bbox 2413 4154 2647 4227; x_wconf 84' lang='lat' dir='ltr'><strong>Spiritus</strong></span> <span class='ocrx_word' id='word_1_632' title='bbox 2712 4157 2886 4219; x_wconf 82' lang='lat' dir='ltr'><strong>sancti</strong></span> <span class='ocrx_word' id='word_1_633' title='bbox 2958 4173 3181 4215; x_wconf 85' lang='lat' dir='ltr'><strong>causam</strong></span> <span class='ocrx_word' id='word_1_634' title='bbox 3234 4174 3341 4214; x_wconf 88' lang='lat' dir='ltr'><strong>non</strong></span> <span class='ocrx_word' id='word_1_635' title='bbox 3385 4159 3625 4233; x_wconf 85' lang='lat' dir='ltr'><strong>inspicit,</strong></span> <span class='ocrx_word' id='word_1_636' title='bbox 3664 4177 3733 4216; x_wconf 88' lang='lat' dir='ltr'><strong>ne</strong></span> 
     </span>
    </p>
   </div>
   <div class='ocr_carea' id='block_1_82' title="bbox 2162 4248 3727 4321">
    <p class='ocr_par' dir='ltr' id='par_1_82' title="bbox 2162 4248 3727 4321">
     <span class='ocr_line' id='line_1_82' title="bbox 2162 4248 3727 4321; baseline 0.004 -21"><span class='ocrx_word' id='word_1_637' title='bbox 2162 4250 2381 4303; x_wconf 88' lang='lat' dir='ltr'><strong>Patrem</strong></span> <span class='ocrx_word' id='word_1_638' title='bbox 2418 4249 2633 4317; x_wconf 85' lang='lat' dir='ltr'><strong>quidem</strong></span> <span class='ocrx_word' id='word_1_639' title='bbox 2670 4262 2894 4303; x_wconf 88' lang='lat' dir='ltr'><strong>causam</strong></span> <span class='ocrx_word' id='word_1_640' title='bbox 2934 4248 3244 4319; x_wconf 87' lang='lat' dir='ltr'><strong>hujusmodi</strong></span> <span class='ocrx_word' id='word_1_641' title='bbox 3281 4250 3467 4306; x_wconf 89' lang='lat' dir='ltr'><strong>videre</strong></span> <span class='ocrx_word' id='word_1_642' title='bbox 3507 4253 3727 4321; x_wconf 80' lang='lat' dir='ltr'><strong>poterit.</strong></span> 
     </span>
    </p>
   </div>
   <div class='ocr_carea' id='block_1_83' title="bbox 2163 4336 3731 4413">
    <p class='ocr_par' dir='ltr' id='par_1_83' title="bbox 2163 4336 3731 4413">
     <span class='ocr_line' id='line_1_83' title="bbox 2163 4336 3731 4413; baseline 0.001 -23"><span class='ocrx_word' id='word_1_643' title='bbox 2163 4336 2317 4404; x_wconf 86' lang='lat' dir='ltr'><strong>Quod</strong></span> <span class='ocrx_word' id='word_1_644' title='bbox 2349 4338 2491 4391; x_wconf 91' lang='lat' dir='ltr'><strong>enim</strong></span> <span class='ocrx_word' id='word_1_645' title='bbox 2530 4337 2605 4392; x_wconf 83' lang='lat' dir='ltr'><strong>ait</strong></span> <span class='ocrx_word' id='word_1_646' title='bbox 2635 4337 2905 4404; x_wconf 83' lang='lat' dir='ltr'><strong>Christus,</strong></span> <span class='ocrx_word' id='word_1_647' title='bbox 2938 4339 3104 4392; x_wconf 89' lang='lat' dir='ltr'><strong>veluti</strong></span> <span class='ocrx_word' id='word_1_648' title='bbox 3141 4338 3321 4413; x_wconf 82' lang='lat' dir='ltr'><strong>brevis</strong></span> <span class='ocrx_word' id='word_1_649' title='bbox 3344 4340 3593 4411; x_wconf 66' lang='lat' dir='ltr'><strong>quaedam</strong></span> <span class='ocrx_word' id='word_1_650' title='bbox 3626 4339 3731 4393; x_wconf 80' lang='lat' dir='ltr'><strong>Pa-</strong></span> 
     </span>
    </p>
   </div>
   <div class='ocr_carea' id='block_1_84' title="bbox 563 4427 3725 4529">
    <p class='ocr_par' dir='ltr' id='par_1_84' title="bbox 563 4427 3725 4529">
     <span class='ocr_line' id='line_1_84' title="bbox 563 4427 3725 4529; baseline -0.002 -36"><span class='ocrx_word' id='word_1_651' title='bbox 563 4438 888 4509; x_wconf 80' lang='lat' dir='ltr'><strong>Quanquam</strong></span> <span class='ocrx_word' id='word_1_652' title='bbox 922 4440 1137 4496; x_wconf 88' lang='lat' dir='ltr'><strong>etiamsi</strong></span> <span class='ocrx_word' id='word_1_653' title='bbox 1164 4442 1268 4497; x_wconf 85' lang='lat' dir='ltr'><strong>alia</strong></span> <span class='ocrx_word' id='word_1_654' title='bbox 1291 4456 1521 4513; x_wconf 89' lang='lat' dir='ltr'><strong>persona</strong></span> <span class='ocrx_word' id='word_1_655' title='bbox 1546 4440 1725 4507; x_wconf 87' lang='lat' dir='ltr'><strong>detur,</strong></span> <span class='ocrx_word' id='word_1_656' title='bbox 1751 4439 1857 4495; x_wconf 86' lang='lat' dir='ltr'><strong>hoc</strong></span> <span class='ocrx_word' id='word_1_657' title='bbox 1880 4438 2057 4510; x_wconf 86' lang='lat' dir='ltr'><strong>ipsum</strong></span> <span class='ocrx_word' id='word_1_658' title='bbox 2090 4474 2135 4529; x_wconf 65' lang='grc' dir='ltr'><strong>η</strong></span> <span class='ocrx_word' id='word_1_659' title='bbox 2165 4431 2263 4485; x_wconf 92' lang='lat' dir='ltr'><strong>tris</strong></span> <span class='ocrx_word' id='word_1_660' title='bbox 2284 4440 2335 4483; x_wconf 92' lang='lat' dir='ltr'><strong>et</strong></span> <span class='ocrx_word' id='word_1_661' title='bbox 2360 4427 2479 4484; x_wconf 75' lang='lat' dir='ltr'><strong>Filii</strong></span> <span class='ocrx_word' id='word_1_662' title='bbox 2506 4430 2804 4500; x_wconf 89' lang='lat' dir='ltr'><strong>parilitatis</strong></span> <span class='ocrx_word' id='word_1_663' title='bbox 2834 4441 2886 4484; x_wconf 89' lang='lat' dir='ltr'><strong>et</strong></span> <span class='ocrx_word' id='word_1_664' title='bbox 2940 4431 3084 4499; x_wconf 71' lang='lat' dir='ltr'><strong>a3qui</strong></span> <span class='ocrx_word' id='word_1_665' title='bbox 3111 4428 3332 4485; x_wconf 87' lang='lat' dir='ltr'><strong>honoris</strong></span> <span class='ocrx_word' id='word_1_666' title='bbox 3355 4430 3601 4486; x_wconf 85' lang='lat' dir='ltr'><strong>deﬁnitio</strong></span> <span class='ocrx_word' id='word_1_667' title='bbox 3623 4442 3725 4488; x_wconf 88' lang='lat' dir='ltr'><strong>est.</strong></span> 
     </span>
    </p>
   </div>
   <div class='ocr_carea' id='block_1_85' title="bbox 493 4530 2057 4603">
    <p class='ocr_par' dir='ltr' id='par_1_85' title="bbox 493 4530 2057 4603">
     <span class='ocr_line' id='line_1_85' title="bbox 493 4530 2057 4603; baseline 0 -22"><span class='ocrx_word' id='word_1_668' title='bbox 493 4540 549 4581; x_wconf 74' lang='lat' dir='ltr'><strong>et</strong></span> <span class='ocrx_word' id='word_1_669' title='bbox 579 4531 647 4583; x_wconf 87' lang='lat' dir='ltr'><strong>de</strong></span> <span class='ocrx_word' id='word_1_670' title='bbox 695 4530 784 4584; x_wconf 90' lang='lat' dir='ltr'><strong>illa</strong></span> <span class='ocrx_word' id='word_1_671' title='bbox 830 4532 1099 4601; x_wconf 92' lang='lat' dir='ltr'><strong>quispiam</strong></span> <span class='ocrx_word' id='word_1_672' title='bbox 1149 4533 1405 4603; x_wconf 81' lang='lat' dir='ltr'><strong>inquiret,</strong></span> <span class='ocrx_word' id='word_1_673' title='bbox 1451 4543 1616 4602; x_wconf 88' lang='lat' dir='ltr'><strong>atque</strong></span> <span class='ocrx_word' id='word_1_674' title='bbox 1661 4531 1735 4584; x_wconf 92' lang='lat' dir='ltr'><strong>ita</strong></span> <span class='ocrx_word' id='word_1_675' title='bbox 1788 4545 2057 4597; x_wconf 85' lang='lat' dir='ltr'><strong>nusquam</strong></span> 
     </span>
    </p>
   </div>
   <div class='ocr_carea' id='block_1_86' title="bbox 493 4618 2056 4687">
    <p class='ocr_par' dir='ltr' id='par_1_86' title="bbox 493 4618 2056 4687">
     <span class='ocr_line' id='line_1_86' title="bbox 493 4618 2056 4687; baseline 0.001 -16"><span class='ocrx_word' id='word_1_676' title='bbox 493 4618 714 4673; x_wconf 83' lang='lat' dir='ltr'><strong>sistetur</strong></span> <span class='ocrx_word' id='word_1_677' title='bbox 735 4619 997 4676; x_wconf 85' lang='lat' dir='ltr'><strong>inﬁnitas.</strong></span> <span class='ocrx_word' id='word_1_678' title='bbox 1023 4621 1147 4677; x_wconf 87' lang='lat' dir='ltr'><strong>Pari</strong></span> <span class='ocrx_word' id='word_1_679' title='bbox 1171 4621 1313 4678; x_wconf 91' lang='lat' dir='ltr'><strong>enim</strong></span> <span class='ocrx_word' id='word_1_680' title='bbox 1336 4621 1567 4687; x_wconf 89' lang='lat' dir='ltr'><strong>ratione,</strong></span> <span class='ocrx_word' id='word_1_681' title='bbox 1588 4628 1682 4675; x_wconf 90' lang='lat' dir='ltr'><strong>aut</strong></span> <span class='ocrx_word' id='word_1_682' title='bbox 1706 4619 1761 4674; x_wconf 93' lang='lat' dir='ltr'><strong>in</strong></span> <span class='ocrx_word' id='word_1_683' title='bbox 1783 4618 2056 4673; x_wconf 82' lang='lat' dir='ltr'><strong>infinitum</strong></span> 
     </span>
    </p>
   </div>
   <div class='ocr_carea' id='block_1_87' title="bbox 494 4711 2060 4783">
    <p class='ocr_par' dir='ltr' id='par_1_87' title="bbox 494 4711 2060 4783">
     <span class='ocr_line' id='line_1_87' title="bbox 494 4711 2060 4783; baseline 0.002 -21"><span class='ocrx_word' id='word_1_684' title='bbox 494 4712 839 4780; x_wconf 81' lang='lat' dir='ltr'><strong>progreditur</strong></span> <span class='ocrx_word' id='word_1_685' title='bbox 875 4727 1234 4783; x_wconf 67' lang='lat' dir='ltr'><strong>prooemium</strong></span> <span class='ocrx_word' id='word_1_686' title='bbox 1292 4727 1577 4778; x_wconf 88' lang='lat' dir='ltr'><strong>numerus,</strong></span> <span class='ocrx_word' id='word_1_687' title='bbox 1620 4721 1749 4778; x_wconf 92' lang='lat' dir='ltr'><strong>aut,</strong></span> <span class='ocrx_word' id='word_1_688' title='bbox 1793 4711 1840 4768; x_wconf 90' lang='lat' dir='ltr'><strong>si</strong></span> <span class='ocrx_word' id='word_1_689' title='bbox 1894 4712 2060 4767; x_wconf 88' lang='lat' dir='ltr'><strong>stabit</strong></span> 
     </span>
    </p>
   </div>
   <div class='ocr_carea' id='block_1_88' title="bbox 493 4803 2059 4879">
    <p class='ocr_par' dir='ltr' id='par_1_88' title="bbox 493 4803 2059 4879">
     <span class='ocr_line' id='line_1_88' title="bbox 493 4803 2059 4879; baseline 0.003 -25"><span class='ocrx_word' id='word_1_690' title='bbox 493 4804 724 4872; x_wconf 83' lang='lat' dir='ltr'><strong>uspiam,</strong></span> <span class='ocrx_word' id='word_1_691' title='bbox 746 4819 843 4858; x_wconf 90' lang='lat' dir='ltr'><strong>cur</strong></span> <span class='ocrx_word' id='word_1_692' title='bbox 860 4819 968 4859; x_wconf 91' lang='lat' dir='ltr'><strong>non</strong></span> <span class='ocrx_word' id='word_1_693' title='bbox 998 4806 1100 4860; x_wconf 90' lang='lat' dir='ltr'><strong>hoc</strong></span> <span class='ocrx_word' id='word_1_694' title='bbox 1119 4803 1288 4878; x_wconf 90' lang='lat' dir='ltr'><strong>magis</strong></span> <span class='ocrx_word' id='word_1_695' title='bbox 1310 4807 1359 4859; x_wconf 88' lang='lat' dir='ltr'><strong>in</strong></span> <span class='ocrx_word' id='word_1_696' title='bbox 1386 4805 1613 4879; x_wconf 89' lang='lat' dir='ltr'><strong>Spiritu,</strong></span> <span class='ocrx_word' id='word_1_697' title='bbox 1631 4804 1788 4863; x_wconf 91' lang='lat' dir='ltr'><strong>tertia</strong></span> <span class='ocrx_word' id='word_1_698' title='bbox 1807 4803 2059 4859; x_wconf 88' lang='lat' dir='ltr'><strong>videlicet</strong></span> 
     </span>
    </p>
   </div>
   <div class='ocr_carea' id='block_1_89' title="bbox 490 4894 2058 4971">
    <p class='ocr_par' dir='ltr' id='par_1_89' title="bbox 490 4894 2058 4971">
     <span class='ocr_line' id='line_1_89' title="bbox 490 4894 2058 4971; baseline 0 -22"><span class='ocrx_word' id='word_1_699' title='bbox 490 4908 722 4965; x_wconf 86' lang='lat' dir='ltr'><strong>persona</strong></span> <span class='ocrx_word' id='word_1_700' title='bbox 753 4894 1060 4963; x_wconf 83' lang='lat' dir='ltr'><strong>Trinitatis,</strong></span> <span class='ocrx_word' id='word_1_701' title='bbox 1096 4906 1153 4952; x_wconf 91' lang='lat' dir='ltr'><strong>ut</strong></span> <span class='ocrx_word' id='word_1_702' title='bbox 1187 4907 1240 4952; x_wconf 85' lang='lat' dir='ltr'><strong>et</strong></span> <span class='ocrx_word' id='word_1_703' title='bbox 1273 4896 1557 4971; x_wconf 82' lang='lat' dir='ltr'><strong>Trinitatis</strong></span> <span class='ocrx_word' id='word_1_704' title='bbox 1594 4898 1750 4952; x_wconf 91' lang='lat' dir='ltr'><strong>nobis</strong></span> <span class='ocrx_word' id='word_1_705' title='bbox 1784 4895 2058 4951; x_wconf 83' lang='lat' dir='ltr'><strong>confessio</strong></span> 
     </span>
    </p>
   </div>
   <div class='ocr_carea' id='block_1_90' title="bbox 490 4985 2059 5058">
    <p class='ocr_par' dir='ltr' id='par_1_90' title="bbox 490 4985 2059 5058">
     <span class='ocr_line' id='line_1_90' title="bbox 490 4985 2059 5058; baseline 0.001 -21"><span class='ocrx_word' id='word_1_706' title='bbox 490 4995 773 5053; x_wconf 73' lang='lat' dir='ltr'><strong>servetur,</strong></span> <span class='ocrx_word' id='word_1_707' title='bbox 821 4995 875 5041; x_wconf 93' lang='lat' dir='ltr'><strong>et</strong></span> <span class='ocrx_word' id='word_1_708' title='bbox 917 4987 1227 5058; x_wconf 86' lang='lat' dir='ltr'><strong>hujusmodi</strong></span> <span class='ocrx_word' id='word_1_709' title='bbox 1270 4988 1479 5043; x_wconf 87' lang='lat' dir='ltr'><strong>vanitas</strong></span> <span class='ocrx_word' id='word_1_710' title='bbox 1513 4989 1737 5042; x_wconf 90' lang='lat' dir='ltr'><strong>omnino</strong></span> <span class='ocrx_word' id='word_1_711' title='bbox 1776 4985 2059 5053; x_wconf 83' lang='lat' dir='ltr'><strong>arceatur?</strong></span> 
     </span>
    </p>
   </div>
   <div class='ocr_carea' id='block_1_91' title="bbox 489 5077 2056 5149">
    <p class='ocr_par' dir='ltr' id='par_1_91' title="bbox 489 5077 2056 5149">
     <span class='ocr_line' id='line_1_91' title="bbox 489 5077 2056 5149; baseline 0.004 -19"><span class='ocrx_word' id='word_1_712' title='bbox 489 5078 624 5130; x_wconf 65' lang='lat' dir='ltr'><strong>Nam</strong></span> <span class='ocrx_word' id='word_1_713' title='bbox 680 5077 1011 5147; x_wconf 68' lang='lat' dir='ltr'><strong>praeteriti,</strong></span> <span class='ocrx_word' id='word_1_714' title='bbox 1069 5078 1216 5148; x_wconf 90' lang='lat' dir='ltr'><strong>quod</strong></span> <span class='ocrx_word' id='word_1_715' title='bbox 1274 5079 1583 5149; x_wconf 91' lang='lat' dir='ltr'><strong>hujusmodi</strong></span> <span class='ocrx_word' id='word_1_716' title='bbox 1638 5079 2056 5137; x_wconf 84' lang='lat' dir='ltr'><strong>ratiocinatores</strong></span> 
     </span>
    </p>
   </div>
   <div class='ocr_carea' id='block_1_92' title="bbox 490 5170 2057 5243">
    <p class='ocr_par' dir='ltr' id='par_1_92' title="bbox 490 5170 2057 5243">
     <span class='ocr_line' id='line_1_92' title="bbox 490 5170 2057 5243; baseline 0.004 -22"><span class='ocrx_word' id='word_1_717' title='bbox 490 5170 639 5235; x_wconf 91' lang='lat' dir='ltr'><strong>vani,</strong></span> <span class='ocrx_word' id='word_1_718' title='bbox 677 5170 812 5224; x_wconf 77' lang='lat' dir='ltr'><strong>nihil</strong></span> <span class='ocrx_word' id='word_1_719' title='bbox 845 5170 1222 5235; x_wconf 88' lang='lat' dir='ltr'><strong>concludunt,</strong></span> <span class='ocrx_word' id='word_1_720' title='bbox 1259 5171 1421 5225; x_wconf 88' lang='lat' dir='ltr'><strong>etiam</strong></span> <span class='ocrx_word' id='word_1_721' title='bbox 1468 5188 1589 5243; x_wconf 69' lang='lat' dir='ltr'><strong>quae</strong></span> <span class='ocrx_word' id='word_1_722' title='bbox 1645 5173 1804 5228; x_wconf 88' lang='lat' dir='ltr'><strong>nobis</strong></span> <span class='ocrx_word' id='word_1_723' title='bbox 1836 5172 1903 5228; x_wconf 89' lang='lat' dir='ltr'><strong>de</strong></span> <span class='ocrx_word' id='word_1_724' title='bbox 1932 5171 2057 5227; x_wconf 83' lang='lat' dir='ltr'><strong>Tri-</strong></span> 
     </span>
    </p>
   </div>
   <div class='ocr_carea' id='block_1_93' title="bbox 492 5262 2052 5329">
    <p class='ocr_par' dir='ltr' id='par_1_93' title="bbox 492 5262 2052 5329">
     <span class='ocr_line' id='line_1_93' title="bbox 492 5262 2052 5329; baseline 0.005 -16"><span class='ocrx_word' id='word_1_725' title='bbox 492 5263 658 5316; x_wconf 89' lang='lat' dir='ltr'><strong>nitate</strong></span> <span class='ocrx_word' id='word_1_726' title='bbox 696 5272 822 5317; x_wconf 90' lang='lat' dir='ltr'><strong>sunt</strong></span> <span class='ocrx_word' id='word_1_727' title='bbox 856 5264 1049 5316; x_wconf 80' lang='lat' dir='ltr'><strong>tradita</strong></span> <span class='ocrx_word' id='word_1_728' title='bbox 1075 5305 1092 5329; x_wconf 87' lang='lat'><strong>,</strong></span> <span class='ocrx_word' id='word_1_729' title='bbox 1126 5272 1436 5318; x_wconf 79' lang='lat' dir='ltr'><strong>morentur.</strong></span> <span class='ocrx_word' id='word_1_730' title='bbox 1477 5262 1663 5320; x_wconf 88' lang='lat' dir='ltr'><strong>Posito</strong></span> <span class='ocrx_word' id='word_1_731' title='bbox 1701 5267 1847 5320; x_wconf 92' lang='lat' dir='ltr'><strong>enim</strong></span> <span class='ocrx_word' id='word_1_732' title='bbox 1886 5266 2052 5321; x_wconf 88' lang='lat' dir='ltr'><strong>etiam</strong></span> 
     </span>
    </p>
   </div>
   <div class='ocr_carea' id='block_1_94' title="bbox 487 5352 2057 5423">
    <p class='ocr_par' dir='ltr' id='par_1_94' title="bbox 487 5352 2057 5423">
     <span class='ocr_line' id='line_1_94' title="bbox 487 5352 2057 5423; baseline 0.003 -16"><span class='ocrx_word' id='word_1_733' title='bbox 487 5367 551 5407; x_wconf 83' lang='lat' dir='ltr'><strong>ex</strong></span> <span class='ocrx_word' id='word_1_734' title='bbox 605 5352 723 5406; x_wconf 89' lang='lat' dir='ltr'><strong>solo</strong></span> <span class='ocrx_word' id='word_1_735' title='bbox 778 5352 937 5408; x_wconf 86' lang='lat' dir='ltr'><strong>Patre</strong></span> <span class='ocrx_word' id='word_1_736' title='bbox 988 5368 1109 5408; x_wconf 89' lang='lat' dir='ltr'><strong>esse</strong></span> <span class='ocrx_word' id='word_1_737' title='bbox 1155 5352 1442 5423; x_wconf 87' lang='lat' dir='ltr'><strong>Spiritum,</strong></span> <span class='ocrx_word' id='word_1_738' title='bbox 1489 5355 1677 5410; x_wconf 87' lang='lat' dir='ltr'><strong>eadem</strong></span> <span class='ocrx_word' id='word_1_739' title='bbox 1726 5367 1778 5412; x_wconf 91' lang='lat' dir='ltr'><strong>et</strong></span> <span class='ocrx_word' id='word_1_740' title='bbox 1818 5358 1885 5411; x_wconf 87' lang='lat' dir='ltr'><strong>ad</strong></span> <span class='ocrx_word' id='word_1_741' title='bbox 1936 5357 2057 5411; x_wconf 91' lang='lat' dir='ltr'><strong>illos</strong></span> 
     </span>
    </p>
   </div>
   <div class='ocr_carea' id='block_1_95' title="bbox 486 5442 2051 5520">
    <p class='ocr_par' dir='ltr' id='par_1_95' title="bbox 486 5442 2051 5520">
     <span class='ocr_line' id='line_1_95' title="bbox 486 5442 2051 5520; baseline 0.008 -24"><span class='ocrx_word' id='word_1_742' title='bbox 486 5442 851 5499; x_wconf 89' lang='lat' dir='ltr'><strong>nihilominus</strong></span> <span class='ocrx_word' id='word_1_743' title='bbox 899 5445 1001 5499; x_wconf 82' lang='lat' dir='ltr'><strong>erit</strong></span> <span class='ocrx_word' id='word_1_744' title='bbox 1038 5445 1333 5515; x_wconf 87' lang='lat' dir='ltr'><strong>instantia,</strong></span> <span class='ocrx_word' id='word_1_745' title='bbox 1377 5448 1755 5520; x_wconf 69' lang='lat' dir='ltr'><strong>haesitatioque</strong></span> <span class='ocrx_word' id='word_1_746' title='bbox 1789 5448 2051 5509; x_wconf 86' lang='lat' dir='ltr'><strong>manebit.</strong></span> 
     </span>
    </p>
   </div>
   <div class='ocr_carea' id='block_1_96' title="bbox 486 5534 2054 5614">
    <p class='ocr_par' dir='ltr' id='par_1_96' title="bbox 486 5534 2054 5614">
     <span class='ocr_line' id='line_1_96' title="bbox 486 5534 2054 5614; baseline 0.008 -27"><span class='ocrx_word' id='word_1_747' title='bbox 486 5534 557 5588; x_wconf 82' lang='lat' dir='ltr'><strong>Ut</strong></span> <span class='ocrx_word' id='word_1_748' title='bbox 586 5549 716 5605; x_wconf 76' lang='lat' dir='ltr'><strong>ergo</strong></span> <span class='ocrx_word' id='word_1_749' title='bbox 746 5544 802 5590; x_wconf 90' lang='lat' dir='ltr'><strong>et</strong></span> <span class='ocrx_word' id='word_1_750' title='bbox 822 5536 903 5591; x_wconf 83' lang='lat' dir='ltr'><strong>eis</strong></span> <span class='ocrx_word' id='word_1_751' title='bbox 930 5537 1079 5607; x_wconf 86' lang='lat' dir='ltr'><strong>ipsis,</strong></span> <span class='ocrx_word' id='word_1_752' title='bbox 1114 5548 1169 5592; x_wconf 89' lang='lat' dir='ltr'><strong>et</strong></span> <span class='ocrx_word' id='word_1_753' title='bbox 1200 5539 1357 5595; x_wconf 84' lang='lat' dir='ltr'><strong>nobis</strong></span> <span class='ocrx_word' id='word_1_754' title='bbox 1381 5542 1513 5596; x_wconf 89' lang='lat' dir='ltr'><strong>nihil</strong></span> <span class='ocrx_word' id='word_1_755' title='bbox 1540 5542 1607 5597; x_wconf 91' lang='lat' dir='ltr'><strong>ad</strong></span> <span class='ocrx_word' id='word_1_756' title='bbox 1630 5544 2054 5614; x_wconf 87' lang='lat' dir='ltr'><strong>disputationem</strong></span> 
     </span>
    </p>
   </div>
   <div class='ocr_carea' id='block_1_97' title="bbox 487 5623 2054 5707">
    <p class='ocr_par' dir='ltr' id='par_1_97' title="bbox 487 5623 2054 5707">
     <span class='ocr_line' id='line_1_97' title="bbox 487 5623 2054 5707; baseline 0.008 -30"><span class='ocrx_word' id='word_1_757' title='bbox 487 5623 774 5680; x_wconf 81' lang='lat' dir='ltr'><strong>conferens</strong></span> <span class='ocrx_word' id='word_1_758' title='bbox 817 5628 1081 5695; x_wconf 87' lang='lat' dir='ltr'><strong>ejusmodi</strong></span> <span class='ocrx_word' id='word_1_759' title='bbox 1116 5629 1395 5696; x_wconf 89' lang='lat' dir='ltr'><strong>instantia,</strong></span> <span class='ocrx_word' id='word_1_760' title='bbox 1437 5631 1547 5688; x_wconf 89' lang='lat' dir='ltr'><strong>imo</strong></span> <span class='ocrx_word' id='word_1_761' title='bbox 1574 5634 1735 5689; x_wconf 87' lang='lat' dir='ltr'><strong>etiam</strong></span> <span class='ocrx_word' id='word_1_762' title='bbox 1777 5636 2054 5707; x_wconf 84' lang='lat' dir='ltr'><strong>proposita</strong></span> 
     </span>
    </p>
   </div>
   <div class='ocr_carea' id='block_1_98' title="bbox 486 5720 1113 5794">
    <p class='ocr_par' dir='ltr' id='par_1_98' title="bbox 486 5720 1113 5794">
     <span class='ocr_line' id='line_1_98' title="bbox 486 5720 1113 5794; baseline 0.016 -25"><span class='ocrx_word' id='word_1_763' title='bbox 486 5720 777 5776; x_wconf 82' lang='lat' dir='ltr'><strong>destruens</strong></span> <span class='ocrx_word' id='word_1_764' title='bbox 805 5723 1113 5794; x_wconf 89' lang='lat' dir='ltr'><strong>ahjiciatur.</strong></span> 
     </span>
    </p>
   </div>
   <div class='ocr_carea' id='block_1_99' title="bbox 590 5900 1048 5970">
    <p class='ocr_par' dir='ltr' id='par_1_99' title="bbox 590 5900 1048 5970">
     <span class='ocr_line' id='line_1_99' title="bbox 590 5900 1048 5970; baseline 0.009 -15"><span class='ocrx_word' id='word_1_765' title='bbox 590 5901 634 5931; x_wconf 86' lang='lat'>”</span> <span class='ocrx_word' id='word_1_766' title='bbox 668 5900 823 5956; x_wconf 90' lang='lat' dir='ltr'><strong>Joan.</strong></span> <span class='ocrx_word' id='word_1_767' title='bbox 858 5920 968 5970; x_wconf 58' lang='grc' dir='ltr'>χιι,</span> <span class='ocrx_word' id='word_1_768' title='bbox 996 5907 1048 5959; x_wconf 84' lang='lat'><strong>9.</strong></span> 
     </span>
    </p>
   </div>
   <div class='ocr_carea' id='block_1_100' title="bbox 2162 4519 3727 4590">
    <p class='ocr_par' dir='ltr' id='par_1_100' title="bbox 2162 4519 3727 4590">
     <span class='ocr_line' id='line_1_100' title="bbox 2162 4519 3727 4590; baseline 0.003 -17"><span class='ocrx_word' id='word_1_769' title='bbox 2162 4519 2391 4586; x_wconf 74' lang='lat' dir='ltr'><strong>Quanta:</strong></span> <span class='ocrx_word' id='word_1_770' title='bbox 2437 4520 2639 4589; x_wconf 88' lang='lat' dir='ltr'><strong>igitur,</strong></span> <span class='ocrx_word' id='word_1_771' title='bbox 2682 4530 2737 4574; x_wconf 92' lang='lat' dir='ltr'><strong>et</strong></span> <span class='ocrx_word' id='word_1_772' title='bbox 2776 4534 2941 4590; x_wconf 88' lang='lat' dir='ltr'><strong>quam</strong></span> <span class='ocrx_word' id='word_1_773' title='bbox 2983 4520 3304 4589; x_wconf 84' lang='lat' dir='ltr'><strong>periculosae</strong></span> <span class='ocrx_word' id='word_1_774' title='bbox 3333 4520 3578 4577; x_wconf 67' lang='lat' dir='ltr'><strong>audaciae</strong></span> <span class='ocrx_word' id='word_1_775' title='bbox 3622 4531 3727 4588; x_wconf 82' lang='lat' dir='ltr'><strong>est,</strong></span> 
     </span>
    </p>
   </div>
   <div class='ocr_carea' id='block_1_101' title="bbox 2161 4602 3729 4667">
    <p class='ocr_par' dir='ltr' id='par_1_101' title="bbox 2161 4602 3729 4667">
     <span class='ocr_line' id='line_1_101' title="bbox 2161 4602 3729 4667; baseline 0 -1"><span class='ocrx_word' id='word_1_776' title='bbox 2161 4627 2283 4666; x_wconf 91' lang='lat' dir='ltr'><strong>cum</strong></span> <span class='ocrx_word' id='word_1_777' title='bbox 2311 4602 2456 4665; x_wconf 78' lang='lat' dir='ltr'><strong>tanta</strong></span> <span class='ocrx_word' id='word_1_778' title='bbox 2481 4611 2552 4665; x_wconf 85' lang='lat' dir='ltr'><strong>sit</strong></span> <span class='ocrx_word' id='word_1_779' title='bbox 2576 4610 2842 4667; x_wconf 89' lang='lat' dir='ltr'><strong>ambobus</strong></span> <span class='ocrx_word' id='word_1_780' title='bbox 2877 4611 3441 4666; x_wconf 86' lang='lat' dir='ltr'><strong>incommutabilitatis</strong></span> <span class='ocrx_word' id='word_1_781' title='bbox 3474 4611 3729 4666; x_wconf 80' lang='lat' dir='ltr'><strong>identita—</strong></span> 
     </span>
    </p>
   </div>
   <div class='ocr_carea' id='block_1_102' title="bbox 2162 4699 3729 4772">
    <p class='ocr_par' dir='ltr' id='par_1_102' title="bbox 2162 4699 3729 4772">
     <span class='ocr_line' id='line_1_102' title="bbox 2162 4699 3729 4772; baseline 0 -16"><span class='ocrx_word' id='word_1_782' title='bbox 2162 4703 2343 4772; x_wconf 63' lang='lat' dir='ltr'><strong>ti~que</strong></span> <span class='ocrx_word' id='word_1_783' title='bbox 2372 4702 2546 4767; x_wconf 89' lang='lat' dir='ltr'><strong>ratio,</strong></span> <span class='ocrx_word' id='word_1_784' title='bbox 2580 4701 2840 4772; x_wconf 87' lang='lat' dir='ltr'><strong>Spiritum</strong></span> <span class='ocrx_word' id='word_1_785' title='bbox 2873 4716 2903 4755; x_wconf 90' lang='lat' dir='ltr'><strong>a</strong></span> <span class='ocrx_word' id='word_1_786' title='bbox 2938 4699 3080 4755; x_wconf 81' lang='lat' dir='ltr'><strong>Filio</strong></span> <span class='ocrx_word' id='word_1_787' title='bbox 3110 4700 3328 4755; x_wconf 84' lang='lat' dir='ltr'><strong>auferre</strong></span> <span class='ocrx_word' id='word_1_788' title='bbox 3352 4740 3368 4767; x_wconf 94' lang='lat'><strong>,</strong></span> <span class='ocrx_word' id='word_1_789' title='bbox 3402 4710 3590 4755; x_wconf 89' lang='lat' dir='ltr'><strong>contra</strong></span> <span class='ocrx_word' id='word_1_790' title='bbox 3627 4701 3729 4756; x_wconf 80' lang='lat' dir='ltr'><strong>Do-</strong></span> 
     </span>
    </p>
   </div>
   <div class='ocr_carea' id='block_1_103' title="bbox 2159 4786 3730 4860">
    <p class='ocr_par' dir='ltr' id='par_1_103' title="bbox 2159 4786 3730 4860">
     <span class='ocr_line' id='line_1_103' title="bbox 2159 4786 3730 4860; baseline 0 -14"><span class='ocrx_word' id='word_1_791' title='bbox 2159 4792 2290 4847; x_wconf 89' lang='lat' dir='ltr'><strong>mini</strong></span> <span class='ocrx_word' id='word_1_792' title='bbox 2321 4792 2655 4860; x_wconf 76' lang='lat' dir='ltr'><strong>Petrumque</strong></span> <span class='ocrx_word' id='word_1_793' title='bbox 2680 4790 3034 4855; x_wconf 87' lang='lat' dir='ltr'><strong>sententiam,</strong></span> <span class='ocrx_word' id='word_1_794' title='bbox 3057 4801 3115 4843; x_wconf 91' lang='lat' dir='ltr'><strong>ut</strong></span> <span class='ocrx_word' id='word_1_795' title='bbox 3137 4786 3264 4844; x_wconf 78' lang='lat' dir='ltr'><strong>hiitc</strong></span> <span class='ocrx_word' id='word_1_796' title='bbox 3291 4792 3454 4844; x_wconf 91' lang='lat' dir='ltr'><strong>etiam</strong></span> <span class='ocrx_word' id='word_1_797' title='bbox 3477 4792 3730 4859; x_wconf 85' lang='lat' dir='ltr'><strong>imaginis</strong></span> 
     </span>
    </p>
   </div>
   <div class='ocr_carea' id='block_1_104' title="bbox 2158 4868 3728 4951">
    <p class='ocr_par' dir='ltr' id='par_1_104' title="bbox 2158 4868 3728 4951">
     <span class='ocr_line' id='line_1_104' title="bbox 2158 4868 3728 4951; baseline -0.001 -14"><span class='ocrx_word' id='word_1_798' title='bbox 2158 4868 2684 4938; x_wconf 86' lang='lat' dir='ltr'><strong>incommutabilitas</strong></span> <span class='ocrx_word' id='word_1_799' title='bbox 2732 4881 2961 4937; x_wconf 90' lang='lat' dir='ltr'><strong>tollatur</strong></span> <span class='ocrx_word' id='word_1_800' title='bbox 3017 4879 3387 4951; x_wconf 59' lang='lat' dir='ltr'><strong>essentiaque</strong></span> <span class='ocrx_word' id='word_1_801' title='bbox 3423 4879 3728 4936; x_wconf 52' lang='lat' dir='ltr'><strong>minuenda</strong></span> 
     </span>
    </p>
   </div>
   <div class='ocr_carea' id='block_1_105' title="bbox 2160 4970 3731 5043">
    <p class='ocr_par' dir='ltr' id='par_1_105' title="bbox 2160 4970 3731 5043">
     <span class='ocr_line' id='line_1_105' title="bbox 2160 4970 3731 5043; baseline -0.003 -12"><span class='ocrx_word' id='word_1_802' title='bbox 2160 4977 2470 5032; x_wconf 88' lang='lat' dir='ltr'><strong>necessario</strong></span> <span class='ocrx_word' id='word_1_803' title='bbox 2502 4973 2802 5043; x_wconf 84' lang='lat' dir='ltr'><strong>sequatur?</strong></span> <span class='ocrx_word' id='word_1_804' title='bbox 2824 4971 2979 5028; x_wconf 87' lang='lat' dir='ltr'><strong>Unde</strong></span> <span class='ocrx_word' id='word_1_805' title='bbox 3008 4987 3139 5028; x_wconf 85' lang='lat' dir='ltr'><strong>sane</strong></span> <span class='ocrx_word' id='word_1_806' title='bbox 3169 4980 3402 5037; x_wconf 89' lang='lat' dir='ltr'><strong>constat,</strong></span> <span class='ocrx_word' id='word_1_807' title='bbox 3428 4970 3643 5027; x_wconf 88' lang='lat' dir='ltr'><strong>Patrem</strong></span> <span class='ocrx_word' id='word_1_808' title='bbox 3675 4984 3731 5027; x_wconf 80' lang='lat' dir='ltr'><strong>et</strong></span> 
     </span>
    </p>
   </div>
   <div class='ocr_carea' id='block_1_106' title="bbox 2157 5063 3728 5136">
    <p class='ocr_par' dir='ltr' id='par_1_106' title="bbox 2157 5063 3728 5136">
     <span class='ocr_line' id='line_1_106' title="bbox 2157 5063 3728 5136; baseline -0.001 -16"><span class='ocrx_word' id='word_1_809' title='bbox 2157 5064 2357 5121; x_wconf 86' lang='lat' dir='ltr'><strong>Filium</strong></span> <span class='ocrx_word' id='word_1_810' title='bbox 2389 5080 2553 5119; x_wconf 82' lang='lat' dir='ltr'><strong>unam</strong></span> <span class='ocrx_word' id='word_1_811' title='bbox 2599 5078 2721 5119; x_wconf 88' lang='lat' dir='ltr'><strong>esse</strong></span> <span class='ocrx_word' id='word_1_812' title='bbox 2739 5065 2914 5119; x_wconf 88' lang='lat' dir='ltr'><strong>sancti</strong></span> <span class='ocrx_word' id='word_1_813' title='bbox 2953 5063 3191 5134; x_wconf 84' lang='lat' dir='ltr'><strong>Spiritus</strong></span> <span class='ocrx_word' id='word_1_814' title='bbox 3210 5068 3728 5136; x_wconf 67' lang='lat' dir='ltr'><strong>causam,gignendi</strong></span> 
     </span>
    </p>
   </div>
   <div class='ocr_carea' id='block_1_107' title="bbox 2159 5154 3161 5226">
    <p class='ocr_par' dir='ltr' id='par_1_107' title="bbox 2159 5154 3161 5226">
     <span class='ocr_line' id='line_1_107' title="bbox 2159 5154 3161 5226; baseline -0.004 -14"><span class='ocrx_word' id='word_1_815' title='bbox 2159 5156 2532 5226; x_wconf 89' lang='lat' dir='ltr'><strong>nascendique</strong></span> <span class='ocrx_word' id='word_1_816' title='bbox 2563 5154 2896 5225; x_wconf 88' lang='lat' dir='ltr'><strong>proprietate</strong></span> <span class='ocrx_word' id='word_1_817' title='bbox 2925 5164 3161 5209; x_wconf 85' lang='lat' dir='ltr'><strong>servata.</strong></span> 
     </span>
    </p>
   </div>
   <div class='ocr_carea' id='block_1_108' title="bbox 2228 5261 3728 5337">
    <p class='ocr_par' dir='ltr' id='par_1_108' title="bbox 2228 5261 3728 5337">
     <span class='ocr_line' id='line_1_108' title="bbox 2228 5261 3728 5337; baseline -0.007 -12"><span class='ocrx_word' id='word_1_818' title='bbox 2228 5270 2467 5325; x_wconf 84' lang='lat' dir='ltr'><strong>Joannes</strong></span> <span class='ocrx_word' id='word_1_819' title='bbox 2492 5268 2619 5322; x_wconf 82' lang='lat' dir='ltr'><strong>item</strong></span> <span class='ocrx_word' id='word_1_820' title='bbox 2650 5266 3070 5337; x_wconf 85' lang='lat' dir='ltr'><strong>Chrysostomus</strong></span> <span class='ocrx_word' id='word_1_821' title='bbox 3101 5265 3154 5319; x_wconf 91' lang='lat' dir='ltr'><strong>in</strong></span> <span class='ocrx_word' id='word_1_822' title='bbox 3182 5262 3252 5318; x_wconf 82' lang='lat'><strong>&#39;58</strong></span> <span class='ocrx_word' id='word_1_823' title='bbox 3277 5270 3445 5333; x_wconf 77' lang='lat' dir='ltr'><strong>super</strong></span> <span class='ocrx_word' id='word_1_824' title='bbox 3461 5261 3728 5319; x_wconf 79' lang='lat' dir='ltr'><strong>Joannem</strong></span> 
     </span>
    </p>
   </div>
   <div class='ocr_carea' id='block_1_109' title="bbox 2159 5356 3753 5437">
    <p class='ocr_par' dir='ltr' id='par_1_109' title="bbox 2159 5356 3753 5437">
     <span class='ocr_line' id='line_1_109' title="bbox 2159 5356 3753 5437; baseline -0.008 -17"><span class='ocrx_word' id='word_1_825' title='bbox 2159 5363 2402 5429; x_wconf 87' lang='lat' dir='ltr'><strong>homiiia,</strong></span> <span class='ocrx_word' id='word_1_826' title='bbox 2433 5361 2897 5437; x_wconf 76' lang='lat' dir='ltr'><strong>interrogantibus</strong></span> <span class='ocrx_word' id='word_1_827' title='bbox 2924 5358 3158 5420; x_wconf 81' lang='lat' dir='ltr'><strong>Arianis.</strong></span> <span class='ocrx_word' id='word_1_828' title='bbox 3182 5357 3457 5429; x_wconf 88' lang='lat' dir='ltr'><strong>quomodo</strong></span> <span class='ocrx_word' id='word_1_829' title='bbox 3480 5356 3726 5425; x_wconf 88' lang='lat' dir='ltr'><strong>ejusdem</strong></span> <span class='ocrx_word' id='word_1_830' title='bbox 3748 5362 3753 5367; x_wconf 85' lang='lat'><strong><em>&#39;</em></strong></span> 
     </span>
    </p>
   </div>
   <div class='ocr_carea' id='block_1_110' title="bbox 2158 5447 3725 5524">
    <p class='ocr_par' dir='ltr' id='par_1_110' title="bbox 2158 5447 3725 5524">
     <span class='ocr_line' id='line_1_110' title="bbox 2158 5447 3725 5524; baseline -0.009 -12"><span class='ocrx_word' id='word_1_831' title='bbox 2158 5464 2302 5512; x_wconf 88' lang='lat' dir='ltr'><strong>esset</strong></span> <span class='ocrx_word' id='word_1_832' title='bbox 2351 5453 2624 5518; x_wconf 85' lang='lat' dir='ltr'><strong>essentia,</strong></span> <span class='ocrx_word' id='word_1_833' title='bbox 2672 5452 2767 5524; x_wconf 91' lang='lat' dir='ltr'><strong>qui</strong></span> <span class='ocrx_word' id='word_1_834' title='bbox 2819 5452 3091 5513; x_wconf 88' lang='lat' dir='ltr'><strong>mitteret.</strong></span> <span class='ocrx_word' id='word_1_835' title='bbox 3144 5459 3196 5506; x_wconf 83' lang='lat' dir='ltr'><strong>et</strong></span> <span class='ocrx_word' id='word_1_836' title='bbox 3244 5450 3336 5519; x_wconf 86' lang='lat' dir='ltr'><strong>qui</strong></span> <span class='ocrx_word' id='word_1_837' title='bbox 3391 5447 3725 5513; x_wconf 85' lang='lat' dir='ltr'><strong>mitteretur,</strong></span> 
     </span>
    </p>
   </div>
   <div class='ocr_carea' id='block_1_111' title="bbox 2159 5534 3721 5617">
    <p class='ocr_par' dir='ltr' id='par_1_111' title="bbox 2159 5534 3721 5617">
     <span class='ocr_line' id='line_1_111' title="bbox 2159 5534 3721 5617; baseline -0.007 -15"><span class='ocrx_word' id='word_1_838' title='bbox 2159 5547 2441 5617; x_wconf 87' lang='lat' dir='ltr'><strong>respondit</strong></span> <span class='ocrx_word' id='word_1_839' title='bbox 2480 5544 2710 5600; x_wconf 89' lang='lat' dir='ltr'><strong>dicens:</strong></span> <span class='ocrx_word' id='word_1_840' title='bbox 2749 5559 2767 5595; x_wconf 75' lang='grc' dir='ltr'><strong>ι</strong></span> <span class='ocrx_word' id='word_1_841' title='bbox 2800 5541 3015 5597; x_wconf 80' lang='lat' dir='ltr'><strong>Rursus</strong></span> <span class='ocrx_word' id='word_1_842' title='bbox 3054 5540 3121 5595; x_wconf 88' lang='lat' dir='ltr'><strong>ad</strong></span> <span class='ocrx_word' id='word_1_843' title='bbox 3153 5540 3392 5607; x_wconf 82' lang='lat' dir='ltr'><strong>humana</strong></span> <span class='ocrx_word' id='word_1_844' title='bbox 3418 5534 3721 5603; x_wconf 76' lang='lat' dir='ltr'><strong>orationem</strong></span> 
     </span>
    </p>
   </div>
   <div class='ocr_carea' id='block_1_112' title="bbox 2159 5626 3722 5705">
    <p class='ocr_par' dir='ltr' id='par_1_112' title="bbox 2159 5626 3722 5705">
     <span class='ocr_line' id='line_1_112' title="bbox 2159 5626 3722 5705; baseline -0.006 -13"><span class='ocrx_word' id='word_1_845' title='bbox 2159 5637 2433 5692; x_wconf 88' lang='lat' dir='ltr'><strong>convertis</strong></span> <span class='ocrx_word' id='word_1_846' title='bbox 2456 5677 2471 5701; x_wconf 91' lang='lat'><strong>,</strong></span> <span class='ocrx_word' id='word_1_847' title='bbox 2511 5649 2689 5705; x_wconf 89' lang='lat' dir='ltr'><strong>neque</strong></span> <span class='ocrx_word' id='word_1_848' title='bbox 2726 5632 2988 5702; x_wconf 84' lang='lat' dir='ltr'><strong>intelligis</strong></span> <span class='ocrx_word' id='word_1_849' title='bbox 3021 5631 3122 5686; x_wconf 86' lang='lat' dir='ltr'><strong>ista</strong></span> <span class='ocrx_word' id='word_1_850' title='bbox 3157 5626 3376 5701; x_wconf 80' lang='lat' dir='ltr'><strong>propter</strong></span> <span class='ocrx_word' id='word_1_851' title='bbox 3408 5630 3544 5684; x_wconf 89' lang='lat' dir='ltr'><strong>nihil</strong></span> <span class='ocrx_word' id='word_1_852' title='bbox 3574 5629 3722 5683; x_wconf 88' lang='lat' dir='ltr'><strong>aliud</strong></span> 
     </span>
    </p>
   </div>
   <div class='ocr_carea' id='block_1_113' title="bbox 2160 5720 3723 5803">
    <p class='ocr_par' dir='ltr' id='par_1_113' title="bbox 2160 5720 3723 5803">
     <span class='ocr_line' id='line_1_113' title="bbox 2160 5720 3723 5803; baseline -0.009 -17"><span class='ocrx_word' id='word_1_853' title='bbox 2160 5730 2291 5797; x_wconf 89' lang='lat' dir='ltr'><strong>dici,</strong></span> <span class='ocrx_word' id='word_1_854' title='bbox 2326 5729 2431 5785; x_wconf 87' lang='lat' dir='ltr'><strong>nisi</strong></span> <span class='ocrx_word' id='word_1_855' title='bbox 2460 5737 2518 5783; x_wconf 90' lang='lat' dir='ltr'><strong>ut</strong></span> <span class='ocrx_word' id='word_1_856' title='bbox 2546 5735 2601 5785; x_wconf 86' lang='lat' dir='ltr'><strong>et</strong></span> <span class='ocrx_word' id='word_1_857' title='bbox 2625 5740 2845 5787; x_wconf 87' lang='lat' dir='ltr'><strong>causam</strong></span> <span class='ocrx_word' id='word_1_858' title='bbox 2878 5725 3136 5792; x_wconf 79' lang='lat' dir='ltr'><strong>sciamus,</strong></span> <span class='ocrx_word' id='word_1_859' title='bbox 3167 5733 3220 5780; x_wconf 89' lang='lat' dir='ltr'><strong>et</strong></span> <span class='ocrx_word' id='word_1_860' title='bbox 3243 5720 3552 5803; x_wconf 5' lang='lat' dir='ltr'><strong>ianab’ellii</strong></span> <span class='ocrx_word' id='word_1_861' title='bbox 3572 5735 3723 5777; x_wconf 86' lang='lat' dir='ltr'><strong>mor-</strong></span> 
     </span>
    </p>
   </div>
  </div>
