4010 6576
312 538 374 599 ’77
1364 524 1757 586 ADVENSUS
1787 522 2097 581 GRAECOS
2156 527 2284 588 LIB
2344 532 2427 590 Il.
3450 530 3522 588 '73

313 658 425 705 bum
469 663 572 701 non
618 643 940 699 incidamus.
992 659 1010 691 ι
1054 639 1283 695 Constat
1314 653 1378 692 ex
1424 639 1545 698 his.
1595 636 1854 704 Quoniam
1890 639 1933 691 Α
1962 638 2197 691 cundum
2248 656 2305 693 se
2332 656 2452 694 esse
2481 656 2508 694 a
2545 641 2718 697 Patris
2752 642 3011 713 dignitate
3047 642 3313 709 ostendit;
3348 658 3522 712 neque

312 742 471 801 mitti.
516 754 618 791 una
649 734 868 805 quidem
901 731 1209 787 divinarum
1249 744 1607 799 personarum
1646 728 1855 780 discre-

310 846 497 888 ttonem
519 828 889 889 commendat,
913 826 1075 879 simul
1101 824 1264 877 etiam
1291 837 1513 877 causam
1569 830 1622 875 et
1644 821 1859 875 causale

310 926 498 980 indicat
523 942 535 975 :
568 942 585 973 ι
616 923 847 989 Propter
874 918 1011 972 nihil
1033 916 1178 971 enim
1203 915 1347 968 aliud
1383 914 1525 969 mitti
1551 915 1728 967 dictus
1752 922 1857 973 est,

310 1022 401 1073 nisi
434 1027 487 1070 ut
524 1028 744 1069 causam
770 1013 1031 1074 sciamus,
1053 1021 1108 1064 et
1138 1009 1190 1062 iu
1224 1009 1444 1062 Sabellii
1472 1007 1723 1060 morbum
1752 1019 1857 1057 non

311 1108 625 1164 incidamus.
672 1123 689 1155 ι
731 1101 785 1157 Si
827 1114 1009 1155 autem
1072 1102 1287 1153 mittere
1333 1108 1387 1152 et
1439 1098 1597 1158 mitti,
1638 1110 1858 1148 causam

307 1214 349 1257 et
378 1202 589 1255 causale
610 1196 911 1269 signiﬁcat,
932 1210 961 1248 a
989 1193 1127 1246 Filio
1147 1200 1328 1246 autem
1363 1192 1598 1245 mittitur
1620 1187 1860 1258 Spiritus

308 1304 537 1352 sanctus.
588 1291 760 1360 liquet
808 1288 1109 1343 secundum
1155 1288 1337 1340 divum
1384 1285 1858 1352 Chrysostomum,

307 1390 419 1458 quia
448 1388 619 1440 Filius
650 1402 816 1441 causa
847 1396 927 1438 est
957 1383 1192 1452 Spiritus
1220 1380 1423 1442 sancti,
1460 1388 1512 1431 ct
1542 1378 1799 1445 quoniam
1832 1389 1860 1427 a

306 1482 453 1533 Patre
479 1488 531 1531 et
577 1476 722 1530 Filio
758 1476 1027 1540 mittitur;
1070 1473 1231 1527 Pater
1258 1486 1392 1540 ergo
1420 1480 1474 1525 et
1515 1469 1687 1523 Filius
1720 1482 1861 1521 unus

307 1571 531 1624 mittens.
567 1582 787 1637 unaque
816 1579 977 1618 causa
1022 1576 1247 1618 sanctus
1273 1560 1514 1631 Spiritus
1542 1568 1646 1613 est.
1676 1557 1863 1625 Itaque

307 1676 401 1715 nor.
444 1661 625 1713 Solum
673 1674 772 1727 per
815 1657 905 1723 id,
944 1656 1086 1725 quod
1128 1655 1330 1709 dicitur
1370 1652 1698 1722 procedere,
1739 1665 1861 1704 cum

304 1753 526 1820 Spiritus
567 1765 636 1803 ex
680 1748 841 1802 Patre
884 1762 980 1816 per
1023 1745 1220 1799 Filium
1268 1744 1559 1815 procedere
1598 1738 1863 1808 theolOgis

304 1850 663 1903 assereretur,
703 1854 890 1892 verum
920 1851 1015 1905 per
1058 1838 1108 1889 id
1144 1850 1360 1905 quoque
1401 1834 1545 1904 quod
1594 1832 1733 1886 mitti
1771 1846 1863 1898 per

303 1935 483 1989 Filium
511 1933 758 2002 Spiritus
782 1931 1010 1994 dicitur,
1039 1928 1211 1982 Filius
1231 1927 1471 1996 Spiritus
1499 1925 1669 1979 sancti
1700 1940 1859 1979 causa

305 2026 597 2081 secundum
634 2023 1074 2085 substantialem,
1114 2029 1166 2074 et
1198 2021 1441 2080 unicum.
1474 2026 1526 2072 et
1558 2017 1860 2087 simplicem

303 2130 631 2187 processum,
652 2116 806 2185 juxta
839 2113 1095 2168 Ecclesiae
1119 2111 1420 2179 theologos.
1451 2109 1684 2177 ﬁdeique
1711 2110 1861 2176 priu-

305 2212 424 2278 cip‘a
453 2224 582 2262 esse
611 2207 911 2260 invenitur.
938 2203 1003 2257 Et
1022 2204 1151 2256 illud
1181 2219 1286 2256 una
1313 2210 1556 2271 apparet,
1580 2203 1725 2270 quod
1754 2216 1860 2255 non

304 2305 421 2357 dare
444 2302 798 2357 solummodo
828 2311 882 2355 et
929 2299 1117 2355 audire
1158 2308 1213 2352 et
1251 2300 1518 2366 accipere,
1559 2298 1611 2350 in
1642 2296 1861 2353 divinis.

303 2405 356 2449 ut
400 2409 562 2463 supra
620 2394 1055 2447 demonstrantia
1087 2398 1202 2450 est.
1235 2404 1494 2450 causam,
1528 2397 1580 2441 et
1621 2387 1860 2447 causale,

307 2501 769 2557 personarumque
815 2482 1233 2543 discretionem,
1287 2490 1340 2534 et
1382 2480 1449 2533 ab
1491 2479 1595 2532 alio
1638 2493 1779 2541 esse,
1811 2487 1865 2531 et

303 2594 510 2633 causam
544 2594 673 2633 esse
702 2577 907 2632 indicat
930 2617 943 2639 ,
980 2577 1073 2631 sed
1106 2584 1157 2631 et
1194 2578 1419 2637 mittere,
1450 2581 1503 2625 et
1534 2573 1691 2635 mitti,
1733 2586 1864 2624 cau-

304 2686 409 2725 sam
442 2672 639 2725 itidem
666 2679 722 2725 et
759 2668 977 2723 causale
1011 2660 1281 2737 signiﬁcat
1303 2707 1315 2730 ,
1352 2663 1607 2733 mittique
1658 2662 1725 2714 ab
1758 2662 1869 2715 alio

300 2778 403 2815 esse
437 2761 806 2815 demonstrat.
842 2758 965 2812 Ideo
1007 2766 1063 2811 et
1119 2754 1279 2810 Pater
1320 2754 1462 2808 mitti
1510 2767 1618 2806 non
1648 2752 1865 2815 dicitur,

305 2854 554 2923 quoniam
605 2870 673 2909 ex
716 2852 868 2906 nullo
900 2860 1022 2916 est;
1079 2848 1249 2903 Filius
1294 2855 1478 2901 autem
1528 2854 1581 2899 et
1631 2845 1869 2914 Spiritus

303 2950 534 3004 sanctus,
586 2940 847 3010 quoniam
894 2938 960 2992 εἰ
1009 2952 1172 2992 causa
1221 2946 1383 3000 sunt,
1430 2937 1729 2990 secundum
1784 2933 1865 2988 sui

304 3049 595 3103 processus
621 3032 983 3087 didercutiam
1030 3030 1167 3085 mitti
1196 3029 1452 3085 dicuntur
1482 3046 1494 3081 :
1538 3026 1709 3080 Filius
1746 3027 1869 3094 qui-

302 3127 416 3181 dem
438 3168 451 3192 ,
478 3141 513 3181 a
568 3124 736 3180 Patre
765 3126 918 3187 solo,
962 3124 1089 3193 quia
1134 3132 1188 3177 et
1223 3138 1287 3177 ea
1322 3120 1441 3177 solo
1469 3128 1584 3183 est;
1632 3118 1868 3187 Spiritus

304 3228 475 3273 autem
505 3228 742 3273 sanctus
765 3233 796 3271 a
824 3218 978 3270 Patre
1003 3227 1056 3271 et
1078 3216 1235 3280 Filio,
1266 3214 1522 3284 quoniam
1574 3226 1668 3280 per
1692 3211 1866 3278 ipsum

1960 730 2102 781 enim
2138 732 2346 786 servilis
2369 733 2455 787 illa
2484 734 2672 789 missio
2702 735 3046 805 intelligenda
3070 746 3171 799 est,
3204 738 3308 790 etsi
3357 754 3517 806 quam

1963 824 2198 875 maxime
2230 826 2410 879 servili
2445 824 2616 879 forma
2652 830 2911 889 vestitus,
2944 832 3055 882 lia-(3
3089 830 3153 883 de
3188 846 3246 885 se
3272 830 3389 884 siue
3420 833 3522 884 cri-

1964 914 2106 967 tniue
2149 916 2418 983 loquatur.
2462 916 2657 971 Missus
2690 928 2767 972 cst
2802 931 2979 972 autem
3014 923 3107 985 ita,
3138 922 3278 975 sicut
3307 928 3523 975 verbum

1961 1021 2025 1059 ex
2065 1018 2278 1070 mente,
2318 1010 2457 1061 sient
2487 1009 2741 1077 splendor
2783 1012 2909 1065 solis
2937 1028 2998 1065 ex
3038 1014 3172 1082 ipso.
3225 1034 3242 1063 ι

2032 1100 2175 1154 idem
2232 1116 2398 1169 super
2446 1102 2615 1156 illud:
2664 1101 2849 1157 Sciens
2896 1106 3020 1172 quia
3069 1107 3245 1158 omnia
3299 1106 3436 1159 dedit
3482 1107 3527 1159 ei

1963 1188 2123 1243 Pater
2148 1194 2198 1244 in
2231 1209 2415 1245 manus
2436 1193 2478 1224 "
2504 1231 2518 1255 ,
2554 1211 2572 1242 ‹
2609 1194 2669 1246 Et
2698 1204 2862 1253 certe.
2893 1186 3087 1263 inquit,
3116 1210 3221 1248 non
3249 1197 3524 1265 ignorans,

1959 1284 2090 1351 quia
2136 1286 2379 1336 omnium
2434 1285 2594 1337 habet
2649 1294 3007 1352 potestatein,
3059 1299 3109 1339 et
3159 1288 3281 1355 quia
3336 1303 3364 1341 a
3420 1292 3525 1341 Uco

1962 1375 2150 1433 exivit.
2186 1375 2287 1428 hoc
2317 1385 2419 1440 est,
2449 1390 2513 1429 ex
2550 1376 2723 1430 Patris
2754 1378 2990 1431 essentia
3028 1388 3188 1432 natus
3219 1390 3319 1432 est.
3366 1399 3381 1429 ι

2034 1467 2176 1524 Idem
2207 1485 2369 1539 super
2397 1471 2526 1525 illud
2554 1490 2565 1523 :
2594 1471 2927 1533 Credidialis,
2952 1476 3080 1541 quia
3104 1490 3134 1525 a
3163 1474 3266 1525 Deo
3295 1474 3430 1526 exivi
3452 1475 3526 1535 ὀι

1970 1580 1989 1611 ι
2036 1560 2108 1615 Ex
2136 1578 2223 1625 eo,
2259 1563 2457 1631 inquit,
2489 1566 2635 1633 quod
2668 1566 2741 1618 ait
2769 1582 2782 1617 :
2825 1564 2978 1619 Exivi
3005 1583 3035 1618 a
3074 1566 3200 1628 Deo,
3228 1568 3312 1619 hic
3343 1583 3531 1620 rursus

1962 1653 2273 1721 putabimus
2305 1655 2534 1716 dictum,
2570 1656 2674 1718 rel,
2714 1656 2839 1722 quia
2896 1668 3051 1710 natus
3083 1673 3200 1710 sum
3224 1698 3237 1718 ,
3272 1670 3433 1725 atque
3464 1672 3525 1710 ex

1965 1745 2107 1798 illius
2140 1746 2444 1799 substantia
2497 1747 2646 1800 il‘uxi
2698 1750 2999 1802 secundum
3058 1765 3415 1817 processum,
3476 1761 3535 1803 ut

1963 1851 2161 1903 essent,
2197 1846 2248 1890 et
2282 1839 2631 1907 iutelligerer,
2668 1842 2895 1895 fortasse
2920 1840 3135 1908 proptie
3191 1857 3251 1894 ac
3281 1843 3533 1895 substan-

1967 1931 2197 1996 tialiter,
2235 1948 2338 1983 non
2377 1941 2553 1983 tamen
2600 1932 2813 2000 penitus
2862 1932 3099 1987 divisim.
3150 1933 3242 1986 Est
3286 1934 3429 1985 enitr.
3480 1934 3531 1985 in

1971 2022 2105 2077 Filio
2127 2023 2300 2081 Pater.
2327 2040 2651 2091 rursumque
2676 2025 2974 2079 secundum
3003 2033 3246 2077 naturam
3298 2027 3350 2078 in
3376 2024 3536 2077 Patre

1969 2115 2167 2169 Filius.
2214 2115 2339 2168 Sive
2388 2117 2558 2173 exiri,
2612 2132 2709 2185 pro
2752 2132 2815 2169 co
2862 2116 3004 2180 quod
3053 2121 3165 2179 est,
3214 2116 3387 2170 factus
3413 2134 3531 2170 sum

1968 2209 2161 2273 homo,
2210 2220 2439 2261 vostram
2488 2208 2715 2262 formam
2774 2218 3130 2277 naturamque
3206 2210 3532 2278 suscipiens.

1966 2299 2134 2367 Quasi
2170 2303 2310 2353 cnim
2348 2304 2498 2354 lorus
2530 2302 2827 2370 cujuslibet
2860 2303 2933 2356 rei
2970 2313 3053 2356 est
3092 2304 3308 2369 propria
3340 2312 3533 2356 natura

1969 2408 1996 2446 a
2029 2409 2131 2463 qua
2162 2396 2296 2454 exit,
2319 2408 2437 2447 cum
2471 2395 2533 2446 ad
2568 2393 2713 2447 aliud
2740 2394 3019 2464 quodlibet
3052 2395 3274 2463 migrat,
3306 2404 3359 2448 et
3390 2397 3534 2464 quod

1971 2502 2077 2538 non
2114 2494 2233 2540 erat
2262 2486 2513 2539 eﬂicitur.
2564 2503 2582 2536 ι

2039 2576 2273 2633 Sanctus
2322 2581 2446 2630 item
2500 2577 2763 2633 Maximus
2808 2578 3235 2633 controversiam
3286 2578 3535 2630 Anomtri

1971 2684 2069 2722 seu
2101 2668 2285 2721 Ariani
2323 2684 2442 2721 cum
2488 2670 2791 2722 orthodoxo
2837 2670 2889 2721 in
2926 2686 3129 2723 morem
3165 2671 3362 2737 dialogi
3409 2686 3538 2720 (un-

1970 2758 2235 2826 scribens,
2271 2761 2593 2815 Anommuni
2635 2759 3053 2829 interrogantem
3091 2761 3247 2825 iacit,
3282 2762 3535 2829 quidnam

1971 2850 2039 2902 sit
2072 2852 2307 2919 gignere,
2340 2862 2387 2904 et
2432 2851 2607 2914 nasci,
2632 2860 2679 2905 et
2718 2854 2981 2915 emittere,
3026 2865 3186 2920 atque
3213 2842 3541 2919 producere?

1970 2941 2457 3013 Orthoduxumque
2480 2945 2552 2997 ita
2578 2945 2993 3012 respondentem
3025 2945 3319 2999 introducit
3347 2963 3359 2997 :
3390 2963 3406 2993 ι
3434 2942 3537 2995 Pa-

1971 3043 2054 3086 ter
2094 3036 2307 3103 quidem
2368 3036 2573 3104 gignit,
2608 3041 2711 3091 hoc
2766 3046 2845 3091 est
2900 3039 3114 3106 genuit,
3155 3037 3323 3090 Filius
3358 3048 3539 3090 autem

1973 3128 2232 3197 gignitur,
2259 3128 2310 3181 id
2334 3137 2415 3181 est
2466 3129 2686 3198 genitus
2708 3140 2823 3194 est;
2849 3140 3009 3197 atque
3036 3131 3144 3195 ips»
3168 3127 3324 3183 Pater
3344 3131 3543 3184 emittit

1976 3224 2260 3290 Spiritum,
2284 3221 2386 3273 hoc
2414 3231 2495 3275 est
2518 3222 2736 3285 emisit;
2769 3221 2893 3289 Spir
2921 3233 3114 3290 tusun
3144 3223 3405 3291 procedit,
3438 3224 3539 3276 hoc

256 3350 273 3361 .
302 3311 439 3364 etab
463 3310 595 3378 ipso
617 3318 720 3361 est.
748 3307 918 3361 Aliter
942 3307 1085 3360 enim
1106 3306 1149 3360 si
1174 3304 1514 3373 accipiantur
1536 3301 1663 3365 ista,
1690 3300 1866 3354 locum
1897 3302 1941 3363 (ζ
1975 3324 2055 3368 εει
2089 3316 2367 3381 ρτοςωει,
2418 3333 2436 3364 ,

308 3404 356 3457 iu
384 3412 581 3457 sancta
617 3399 883 3454 Trinitate
912 3413 1019 3453 non
1053 3399 1274 3462 habent,
1306 3396 1399 3449 ubi
1433 3395 1751 3450 substantiae
1788 3394 1868 3447 in-

308 3492 772 3548 commutabilitas
805 3501 970 3560 atque
1022 3488 1273 3545 identitas
1310 3502 1453 3551 esse,
1496 3501 1593 3554 pro
1619 3486 1873 3541 confesso

307 3587 555 3641 habetur.

372 3678 571 3749 Liquet
602 3687 779 3732 autem
806 3692 867 3729 ex
899 3675 1006 3737 his,
1034 3674 1176 3742 quod
1204 3673 1256 3727 in
1288 3671 1427 3725 Filio
1456 3672 1674 3741 quidem
1702 3672 1870 3740 gigni,

307 3772 442 3826 mitti
490 3782 613 3835 est,
669 3770 727 3825 in
776 3769 977 3838 Spiritu
1029 3782 1158 3821 vero
1200 3766 1501 3836 procedere
1545 3774 1643 3818 est.
1690 3763 1877 3832 Neque

310 3865 443 3919 mitti
474 3864 684 3928 solum,
718 3863 810 3916 sed
838 3860 1094 3930 quaelibet
1119 3861 1303 3924 verba,
1326 3872 1644 3927 processum
1670 3855 1877 3921 simpli-

309 3958 439 4011 citer
459 3956 855 4029 signiﬁcantia,
872 3953 1121 4023 Filioque
1141 3967 1203 4007 ac
1222 3952 1448 4021 Spiritui
1467 3950 1874 4011 convenientia,

309 4050 359 4101 iu
392 4051 575 4105 altero
601 4047 827 4119 quidem
860 4045 1218 4105 nativitatem,
1248 4043 1301 4096 in
1337 4041 1507 4095 altero
1536 4049 1717 4094 autem
1752 4055 1876 4106 pro-

308 4142 618 4196 cessionem
650 4136 1055 4197 commendant,
1080 4136 1232 4205 juxta
1264 4133 1470 4188 scilicet
1503 4126 1720 4185 illorum
1750 4144 1879 4198 pro-

311 4235 450 4302 prios
512 4230 1019 4293 substantialesque
1067 4239 1376 4295 processus.
1437 4221 1560 4277 Haec
1622 4222 1765 4274 enim
1826 4229 1880 4274 et

310 4327 478 4380 sancti
512 4325 714 4378 Patres
742 4322 949 4375 dicunt.

380 4418 624 4473 Sanctus
658 4414 891 4482 denique
925 4412 1178 4482 Cyrillus.
1222 4424 1387 4479 super
1434 4408 1561 4461 illud
1602 4406 1880 4476 evangeli-

314 4525 431 4565 cum
490 4528 503 4563 :
566 4508 670 4575 Qui
726 4517 901 4559 autem
944 4505 1135 4571 accipit
1164 4503 1311 4555 illius
1367 4500 1742 4561 testimonium,
1802 4500 1880 4552 sio

309 4605 512 4673 gnavit,
557 4604 685 4670 quia
737 4599 871 4652 Deus
927 4611 1086 4651 verax
1144 4605 1217 4648 est
1256 4595 1336 4657 “,
1374 4613 1390 4645 ι
1432 4593 1609 4653 Pater,
1681 4593 1876 4661 inquit,

317 4698 506 4750 Filium
550 4710 609 4749 ex
645 4692 861 4763 proiiria
895 4700 1085 4743 natura
1118 4688 1356 4757 protulit,
1390 4686 1555 4739 veluti
1584 4700 1647 4738 ex
1678 4684 1881 4738 lumine

315 4789 688 4857 splendorem.
722 4784 1019 4838 secundum
1057 4779 1383 4853 incﬂahilem
1414 4790 1575 4846 atque
1602 4778 1881 4829 inenarra-

318 4880 475 4931 bilem
515 4876 714 4929 divina
744 4872 1041 4928 nativitatis
1074 4885 1308 4930 morem,
1343 4870 1486 4937 quod
1521 4870 1635 4937 ipse
1664 4882 1882 4936 quoque

316 4975 472 5029 nobis
524 4971 767 5027 ostendit
810 4970 1036 5023 dicens:
1096 4964 1402 5033 Uitigenitus
1457 4980 1547 5032 ego
1597 4978 1661 5016 ea:
1716 4962 1881 5015 Patre

317 5065 474 5127 exiri,
518 5074 569 5117 et
601 5063 746 5115 venia
773 5060 838 5112 ".
888 5058 1069 5112 Exivit
1103 5057 1300 5126 quippe
1342 5070 1405 5107 ex
1447 5053 1607 5107 Patre
1652 5054 1704 5105 in
1754 5068 1881 5121 pro-

318 5157 489 5223 priam
542 5151 907 5205 substantiam
962 5146 1164 5210 Filius,
1222 5146 1324 5199 etsi
1377 5146 1432 5198 in
1491 5145 1607 5212 ipso
1668 5157 1883 5209 semper

318 5246 619 5298 secundum
647 5250 897 5295 naturam
922 5249 1024 5303 est,
1049 5239 1301 5307 quodque
1326 5234 1484 5289 nobis
1516 5236 1567 5286 in
1598 5234 1689 5286 illo
1704 5234 1885 5286 exisse

318 5337 616 5406 signiﬁcat.
650 5337 753 5388 hoc
788 5326 1001 5385 rursum
1035 5330 1121 5383 hic
1155 5329 1301 5381 mitti
1334 5327 1555 5381 iudicat.
1610 5346 1627 5378 ι

391 5429 536 5481 Idem
579 5441 743 5494 super
777 5424 946 5477 illud:
980 5425 1095 5475 Mea
1121 5421 1367 5472 doctrina
1392 5436 1492 5471 non
1524 5429 1601 5472 est
1626 5438 1762 5484 mea,
1793 5423 1882 5476 sed

318 5524 574 5592 ejusqui
624 5521 763 5574 misit
819 5534 897 5571 me
943 5517 1024 5579 ³⁸,
1066 5534 1085 5565 ι
1124 5514 1412 5569 Sciendum
1475 5528 1642 5577 vero,
1679 5516 1875 5583 inquit,

320 5620 466 5685 quod
501 5630 594 5683 per
626 5615 700 5678 id,
733 5612 875 5682 quod
910 5610 1131 5664 missum
1165 5623 1223 5661 se
1240 5608 1442 5661 iterum
1476 5607 1627 5673 dicit,
1662 5625 1765 5662 non
1796 5625 1879 5663 se-

937 5757 978 5787 ”
1016 5755 1174 5808 Joan.
1214 5768 1324 5813 xvi.
1356 5751 1445 5806 28.

886 5826 930 5856 ³³
959 5824 1116 5878 Joan.
1146 5840 1232 5887 xv,
1262 5822 1352 5875 26.

398 5761 437 5791 "
468 5757 623 5813 Joan.
652 5774 731 5820 ιιι,
768 5759 855 5813 35.

328 5833 371 5860 ”
402 5829 557 5883 Joan.
594 5846 682 5893 xx,
716 5832 807 5883 2t.

399 5971 512 6041 tSI)
553 5972 706 6028 llom.
739 5971 810 6025 20
846 5988 1008 6040 super
1041 5970 1242 6037 Evang.

1522 5751 1564 5783 "
1585 5749 1747 5808 Joan.
1773 5769 1872 5817 vn,
1894 5753 1979 5808 16.
2025 5758 2065 5788 η
2096 5753 2251 5806 Joan.
2284 5768 2396 5816 ιιιι,
2429 5753 2479 5804 3.
2524 5753 2566 5782 ²⁹
2595 5751 2753 5805 Juau.
2778 5764 2885 5810 ut.
2915 5748 3005 5803 9.7.

2042 3402 2295 3455 Consona
2331 3403 2413 3455 his
2463 3411 2519 3456 ct
2543 3403 2732 3455 hcatus
2761 3389 3059 3472 Gregorius
3093 3402 3375 3457 Romanus
3405 3421 3543 3474 pon-

1974 3492 2102 3547 liii-‘x
2135 3494 2184 3547 in
2221 3494 2440 3546 ltuinilia
2464 3510 2623 3563 super
2658 3495 2786 3546 illud
2821 3496 3193 3563 evangelicum
3223 3497 3335 3564 (51)
3364 3512 3376 3547 :
3410 3497 3541 3548 Cum

1973 3604 2087 3641 sero
2103 3598 2231 3639 esset
2254 3586 2337 3637 die
2356 3585 2448 3638 illa
2472 3602 2575 3637 una
2598 3584 2951 3639 Sabbatorum
2968 3586 3007 3617 ¹¹
3020 3626 3034 3649 ,
3047 3586 3297 3653 “loquitur
3314 3587 3501 3641 dicens
3526 3606 3537 3638 :

1978 3701 1994 3729 ι
2018 3679 2161 3733 Sicut
2193 3680 2331 3731 misit
2366 3695 2445 3729 me
2472 3680 2653 3739 Pater,
2673 3687 2718 3730 et
2739 3694 2829 3744 ego
2861 3679 3013 3730 mitto
3041 3694 3128 3731 vos
3144 3678 3212 3730 ²².
3249 3697 3265 3727 ι
3296 3676 3406 3731 Hoc
3434 3687 3539 3735 est.

1975 3788 2036 3827 ea
2084 3788 2179 3825 vos
2213 3771 2479 3825 cbaritate
2510 3769 2706 3839 diligo,
2734 3784 2855 3822 cum
2891 3772 3027 3822 inter
3063 3768 3316 3821 scandala
3356 3774 3539 3836 perse-

1974 3876 2220 3920 cuturum
2276 3864 2465 3925 mitto,
2528 3878 2632 3930 qtta
2686 3877 2769 3914 me
2816 3861 3080 3914 cbaritate
3127 3860 3286 3913 Pater
3344 3860 3539 3929 diligit,

1976 3972 2135 4027 quem
2167 3955 2351 4008 venire
2384 3957 2448 4007 ad
2473 3952 2785 4006 tolerandas
2816 3953 3093 4019 passiones
3118 3952 3261 4012 fecit,
3293 3952 3543 4019 quamvis

1976 4049 2115 4100 mitti
2149 4046 2331 4107 etiam,
2369 4045 2519 4114 juxta
2551 4042 2851 4097 divinitatis
2883 4053 3156 4103 naturain,
3188 4044 3343 4094 aliter
3374 4048 3544 4108 possit

1978 4140 2227 4208 intelligi.
2260 4139 2337 4192 Eo
2371 4139 2514 4191 enim
2549 4140 2665 4205 ipso
2692 4153 2719 4191 a
2765 4137 2922 4189 Patre
2956 4135 3125 4191 Filius
3154 4136 3290 4189 mitti
3323 4137 3542 4193 dicitur.

1978 4246 2086 4301 quo
2113 4246 2139 4282 τι
2175 4228 2331 4281 Patre
2364 4236 2675 4295 generatur.
2717 4225 2845 4278 Nam
2904 4235 3147 4278 sanctum
3182 4240 3398 4293 quoque
3427 4224 3545 4293 δρί-

1982 4324 2181 4385 ritum,
2227 4320 2340 4389 qtti,
2374 4334 2495 4371 cum
2538 4318 2606 4371 sit
2634 4316 2928 4386 coa'qualis
2972 4314 3117 4369 Patri
3152 4328 3203 4371 et
3247 4316 3404 4380 Filio,
3437 4334 3540 4369 non

1982 4424 2162 4467 tamen
2197 4413 2509 4464 incarnatus
2533 4420 2634 4470 cst,
2670 4408 2808 4461 idem
2843 4422 2903 4461 se
2927 4405 3097 4459 Filius
3125 4408 3336 4459 mittere
3363 4406 3544 4475 perh-

1982 4507 2069 4560 bet
2094 4505 2277 4557 dicens
2298 4520 2311 4554 :
2338 4502 2467 4555 Cum
2494 4502 2686 4554 venerit
2705 4499 3040 4561 Paracletus,
3059 4515 3207 4567 quem
3227 4492 3542 4567 ego‘niittam

1983 4600 2123 4653 vobis
2157 4616 2185 4648 (ι
2219 4595 2375 4648 Patre
2402 4594 2469 4646 ”.
2501 4593 2555 4646 Si
2591 4594 2731 4645 enim
2767 4591 2927 4653 mitti,
2959 4590 3335 4643 tantummodo
3368 4592 3544 4643 incur-

1986 4691 2100 4744 nari
2130 4687 2346 4741 deberet
2369 4683 2615 4752 intelligi,
2637 4690 2859 4737 sanctus
2906 4681 3092 4748 procul
3116 4680 3281 4734 dubio
3307 4680 3543 4748 Spiritus

1985 4782 2129 4836 nullo
2163 4780 2322 4834 modo
2354 4777 2629 4831 diceretur
2659 4775 2821 4837 mitti,
2856 4773 2947 4840 qui
2989 4788 3327 4843 nequaquam
3361 4772 3544 4824 incar-

1984 4889 2144 4932 natus
2172 4884 2274 4939 est,
2311 4875 2403 4928 sed
2436 4874 2553 4942 ejus
2587 4871 2797 4935 missio,
2831 4870 2943 4938 ipsa
2979 4871 3257 4939 processio
3288 4877 3365 4922 est
3389 4908 3401 4929 ,
3438 4883 3543 4939 qua

1983 4973 2048 5025 de
2080 4969 2250 5036 lPatre
2294 4967 2533 5036 procedit
2592 4976 2642 5019 et
2685 4964 2844 5020 Filio.
2890 4963 3044 5018 Sicut
3104 4963 3266 5032 igitur
3306 4960 3544 5030 Spiritus

1986 5062 2123 5116 mitti
2150 5060 2371 5123 dicitur,
2396 5060 2521 5128 quia
2553 5058 2818 5127 procedit,
2852 5057 2922 5109 ita
2949 5065 3001 5108 et
3029 5054 3198 5109 Filius
3228 5070 3331 5107 non
3358 5055 3545 5107 incon-

1986 5170 2116 5223 grue
2147 5152 2283 5205 mitti
2310 5150 2533 5211 dicitur,
2563 5151 2652 5219 qui
2685 5161 2995 5218 generatur.
3048 5168 3065 5199 ι

2054 5244 2207 5309 Quod
2237 5243 2397 5310 igitur
2426 5258 2487 5295 ex
2515 5240 2622 5295 divi
2653 5240 2825 5294 Patris
2850 5237 3222 5309 Chrysostomi
3253 5236 3413 5288 dictis
3442 5234 3546 5285 col-

1987 5326 2203 5410 ligitur,’
2226 5336 2329 5389 hoc
2354 5336 2514 5388 etiam
2558 5343 2870 5387 sanctorum
2908 5342 3227 5385 caeterorum
3260 5327 3546 5381 sententiis

1986 5429 2164 5498 colligi
2182 5428 2360 5481 datur.
2387 5424 2519 5478 Mitti
2545 5424 2742 5492 quippe
2767 5422 2940 5475 hocin
2963 5419 3118 5477 Patre
3140 5431 3201 5471 ac
3222 5415 3357 5467 Filio
3378 5412 3517 5479 signi
3538 5441 3547 5447 -

1990 5526 2115 5577 licat
2141 5520 2285 5589 quod
2329 5527 2382 5571 et
2412 5517 2562 5571 nasci
2582 5557 2595 5578 ,
2626 5525 2677 5569 et
2707 5530 2771 5569 ex
2812 5513 2970 5567 Patre
3018 5526 3137 5565 esse
3179 5509 3376 5562 habere
3399 5522 3413 5569 ;
3440 5506 3547 5558 etsi

1979 5612 2133 5681 juxta
2158 5607 2274 5660 Filii
2308 5606 2701 5658 humanitatem
2734 5605 2835 5657 ista
2870 5599 3089 5669 intelligi
3122 5600 3346 5667 possint.
3379 5594 3551 5648 Porro

3082 5747 3120 5775 "
3162 5743 3345 5797 Matth.
3374 5756 3462 5801 xx,
3496 5736 3550 5792 ὃ.
