4010 6570
311 426 379 493 ει

1409 426 1804 485 ADVERSUS
1852 424 2168 483 GRECOS
2201 422 2347 483 LIB.
2382 420 2456 480 II.

3492 422 3574 484 SI

316 556 409 600 tur
443 583 459 597 .
492 541 618 596 Haec
666 548 845 596 autem
907 540 1082 610 ipsum
1138 554 1205 594 cx
1261 539 1351 593 illo
1377 554 1496 592 esse
1526 538 1835 607 signiﬁcant
1872 551 1888 592 :
1926 541 1967 593 Α
2000 535 2325 595 substantia.
2362 542 2413 587 et
2453 532 2662 595 e’i‘cav,
2693 539 2745 583 et
2775 530 3031 599 splendor
3064 529 3249 601 gloria:
3284 529 3396 582 DCI.
3460 536 3564 582 dio

314 633 522 703 quippe
587 632 783 687 Filium
837 648 900 687 ex
956 632 1113 687 Patre
1170 646 1436 695 manare,
1492 630 1658 684 liuere
1729 638 1892 697 atque

314 724 602 795 profundi,
655 724 826 779 sancti
880 722 1065 779 Patres
1091 725 1357 789 dicentes,
1386 722 1749 777 substantiam
1773 719 1892 789 ejus

314 832 382 871 ex
418 815 585 870 Patre
611 817 919 884 signiﬁcare
948 817 1156 870 volunt.

389 910 485 963 Ait
512 909 716 978 quippe
746 918 970 963 sanctus
1001 907 1240 977 Cyrinus
1277 908 1329 961 in
1361 906 1598 977 quodam
1629 906 1890 977 capitulo,

322 997 397 1053 De
450 999 748 1053 mternitate
777 997 942 1063 'Filii,
971 999 1127 1068 cujus
1186 999 1399 1053 initium
1454 1006 1538 1055 est
1566 1016 1582 1053 :
1613 996 1755 1052 Fons
1804 1014 1894 1050 sa-

316 1092 530 1154 pientiae
556 1090 695 1145 Deus
759 1102 977 1146 uocatur
1013 1130 1029 1154 ,
1055 1099 1107 1146 et
1137 1100 1213 1146 est
1246 1105 1264 1143 :
1310 1109 1328 1142 ι
1394 1091 1524 1145 Erat
1569 1104 1699 1160 ergo
1744 1088 1891 1144 Patri

317 1194 623 1236 maternus
650 1181 846 1249 Filius,
872 1199 936 1237 es
989 1192 1211 1253 paterna
1271 1182 1573 1239 substantia
1631 1172 1802 1235 veluti
1826 1195 1893 1236 ex

320 1270 558 1337 quodam
626 1269 774 1325 fonte
838 1273 1162 1328 scaturiens.
1250 1290 1271 1324 ι
1310 1272 1479 1326 Aiunt
1536 1270 1893 1326 nihilominus

321 1375 373 1416 et
404 1362 512 1429 ipsi
569 1362 759 1418 Patres
810 1363 1072 1431 Spiritum
1133 1375 1381 1419 sanctum
1409 1378 1473 1418 ex
1503 1362 1642 1418 Filio
1673 1378 1895 1434 quoque

322 1452 594 1521 proﬂuere
631 1494 647 1518 ,
676 1446 964 1523 profundi
1023 1495 1039 1520 ,
1078 1470 1301 1511 manare
1355 1464 1520 1523 atque
1577 1455 1891 1525 procedere.

322 1544 457 1598 Nam
522 1545 579 1600 in
602 1547 771 1616 gestis
829 1547 1018 1617 prima:
1047 1547 1102 1602 in
1131 1546 1309 1603 Nicaea
1340 1548 1555 1619 synodi,
1583 1548 1635 1602 iu
1661 1548 1747 1602 his
1773 1561 1895 1617 quas

320 1638 579 1691 dixerunt
630 1638 808 1692 sancti
865 1638 1051 1694 Patres
1096 1638 1164 1693 ad
1201 1640 1581 1709 philosophum
1638 1653 1735 1709 per
1776 1638 1897 1708 epi-

327 1744 559 1796 scopum
605 1728 918 1796 Leontium,
940 1746 1171 1801 quorum
1200 1733 1489 1788 verborum
1523 1732 1741 1787 initium
1781 1741 1888 1785 est:

326 1820 425 1873 Est
488 1821 623 1875 ilfttd
680 1836 858 1875 au‘em
916 1824 1357 1895 intelligendum,
1416 1842 1446 1879 ο
1498 1824 1707 1887 amice,
1772 1823 1894 1890 jam

321 1914 559 1966 ren'tatis
599 1913 902 1982 philosophe
935 1957 951 1979 ,
984 1917 1063 1972 sic
1094 1916 1348 1981 habetur,
1382 1936 1401 1970 ι
1438 1917 1722 1973 Invenitur
1761 1918 1895 1987 Spi—

329 2010 468 2058 rtus
512 2020 577 2059 es
608 2007 793 2061 .Patre
836 2008 1055 2077 quidem
1103 2011 1695 2081 procedens.proprius
1714 2022 1894 2067 autem

325 2095 469 2156 Filii.
524 2106 581 2151 et
640 2113 706 2152 ex
740 2098 857 2167 ipso
896 2100 1189 2170 proﬂuens.
1225 2121 1245 2155 ι
1276 2102 1334 2158 Si
1363 2104 1483 2173 quis
1509 2116 1687 2159 autem
1711 2121 1775 2160 es
1812 2107 1900 2161 his

329 2184 523 2240 Filium
575 2185 815 2256 Spiritus
864 2188 1065 2245 fontem
1090 2195 1243 2260 juxta
1298 2208 1421 2247 eum
1453 2193 1546 2262 qui
1599 2211 1629 2249 a
1662 2198 1897 2265 quibus-

332 2276 458 2329 dam
517 2278 904 2343 introducitur,
963 2284 1264 2339 secundum
1305 2300 1622 2355 processum
1663 2290 1784 2359 ejus
1824 2294 1902 2347 iu-

328 2368 493 2438 teiligi
525 2379 740 2425 tantum
767 2375 877 2427 vult
903 2391 917 2427 :
953 2386 1003 2428 at
1030 2390 1097 2430 co
1123 2376 1274 2441 dato,
1306 2393 1427 2447 quae
1457 2381 1716 2450 prmdicta
1742 2395 1895 2451 sunt,

326 2458 511 2529 inepta
541 2473 702 2517 erunt
733 2473 787 2518 et
816 2466 1048 2522 absurda
1087 2471 1298 2526 omnia.

397 2551 670 2608 Praeterea
719 2556 822 2611 etsi
876 2558 1208 2626 dederimus,
1264 2564 1539 2631 geminum
1571 2582 1889 2638 processum

324 2658 470 2708 esse,
503 2654 800 2716 utrumque
857 2666 1079 2707 necesse
1100 2663 1183 2710 est
1214 2653 1354 2710 Filio
1378 2673 1725 2716 communem
1771 2678 1899 2718 esse

325 2749 455 2786 cum
516 2733 678 2790 Patre
711 2774 731 2803 ,
767 2755 834 2794 ne
854 2741 1088 2799 varietas
1141 2748 1396 2803 essentia:
1427 2748 1547 2805 Filii
1582 2752 1647 2806 ad
1681 2750 1895 2808 Patrem

326 2835 616 2894 sequatur.
648 2827 890 2895 Quorum
913 2834 1057 2889 enim
1086 2848 1169 2891 est
1197 2838 1372 2893 virtus
1394 2839 1673 2905 ditiorem,
1707 2859 1904 2901 essen-

329 2917 411 2970 tia
466 2933 693 2988 quoque
754 2920 1011 2980 differens
1073 2938 1181 2990 est;
1239 2930 1399 2985 sicuti
1455 2947 1686 3001 quorum
1735 2951 1891 3005 requa

326 3006 510 3063 virtus
565 3018 674 3074 est,
734 3015 959 3083 aequalis
989 3023 1043 3070 et
1087 3020 1325 3075 essentia
1361 3030 1466 3077 est.
1491 3022 1646 3090 Quod
1670 3028 1715 3081 si
1752 3043 1898 3083 unus

330 3114 636 3177 processus
658 3112 763 3168 est,
806 3106 975 3161 multo
1002 3110 1174 3179 magis
1211 3115 1358 3181 quod
1410 3117 1783 3183 quaerebatur,
1847 3120 1901 3173 in

1996 635 2050 681 et
2110 634 2226 679 toto
2275 626 2328 678 in
2392 626 2569 692 seipse
2637 620 2871 678 ostendit
2924 621 3154 687 Patrem,
3202 637 3263 676 es
3296 629 3405 675 tota
3445 624 3563 692 ejus

1995 718 2164 788 gloria
2199 717 2575 787 resplendeus.
2611 735 2629 767 ι
3497 707 3503 715 ’

2064 809 2207 863 Idem
2230 808 2280 859 iu
2309 820 2558 860 sermone
2588 804 2784 858 Contra
2812 802 3107 860 Sabellium
3136 815 3183 859 et
3210 805 3517 857 Attonitum
3544 816 3565 857 :

2000 920 2018 953 ι
2066 900 2175 955 Illic
2229 908 2406 953 autem
2453 912 2576 951 cum
2636 897 2793 951 audis
2843 896 3151 968 imaginem,
3218 897 3558 966 splendorem

1999 993 2185 1066 glorim
2219 991 2477 1061 intellige.
2521 1012 2538 1042 ι
3124 1042 3127 1045 .

2065 1085 2302 1140 Joannes
2362 1098 2579 1154 quoque
2654 1084 3054 1146 Damascenus,
3104 1083 3158 1136 in
3224 1083 3447 1139 Canone
3509 1083 3566 1136 in

1997 1192 2251 1247 magnum
2292 1176 2550 1230 Basiliam
2590 1175 2663 1229 ait
2712 1192 2726 1228 :
2775 1191 2794 1225 ι
2831 1173 3016 1243 Imago
3059 1171 3238 1228 Patris
3270 1173 3462 1231 Filius.
3497 1192 3563 1225 ao

1997 1269 2117 1323 Filii
2160 1267 2412 1338 Spiritus.
2466 1285 2481 1317 ι
2521 1268 2597 1322 Ad
2641 1268 2755 1321 hmo
2804 1275 3029 1321 sanctus
3069 1267 3287 1336 quidem
3328 1265 3575 1335 Cyrillns'

1997 1359 2052 1412 in
2084 1375 2135 1413 Vl
2176 1361 2243 1411 ad
2277 1358 2546 1412 Hermiam
2595 1358 2663 1411 ait
2707 1373 2722 1411 :
2758 1376 2775 1411 ι
2830 1356 3069 1426 Denique
3107 1365 3161 1411 et
3188 1366 3412 1411 sanctus
3468 1354 3569 1407 D-t-

2008 1450 2096 1503 vid
2154 1450 2423 1503 viventem
2478 1460 2529 1503 et
2578 1449 3011 1503 substantialitcr
3051 1449 3267 1503 insitam
3324 1450 3455 1503 effici
3498 1465 3567 1499 n-

1999 1542 2128 1596 tiam
2184 1557 2247 1596 ac
2296 1543 2552 1597 virtutem
2619 1541 2799 1597 Patris
2848 1536 3045 1595 Filium
3098 1556 3329 1596 noscens
3378 1544 3569 1599 orabit

1997 1633 2230 1687 dicens:
2269 1652 2287 1684 ι
2326 1632 2563 1700 Mando,
2637 1633 2797 1698 Deus,
2867 1633 3056 1709 virtuti
3099 1642 3204 1686 tute
3269 1636 3571 1703 ;couﬁrma

1996 1724 2113 1788 Ιιοε,
2174 1724 2349 1791 Deus,
2380 1725 2519 1794 quod
2574 1733 2816 1792 operatus
2865 1742 2919 1780 es
2960 1726 3012 1778 in
3045 1724 3191 1779 nobis
3244 1727 3311 1780 '°.
3371 1726 3573 1784 Paulus

1998 1817 2123 1871 item
2164 1816 2625 1886 sapientissimum
2660 1816 2938 1872 Christum
2987 1816 3077 1872 Dei
3111 1820 3365 1874 virtutem
3394 1830 3447 1876 et
3478 1819 3573 1875 Dei

2006 1908 2324 1978 sapientiam
2356 1908 2399 1956 ξ’
2428 1920 2613 1978 aperte
2642 1909 2969 1978 prmdicavit.
3014 1926 3031 1960 ι
3068 1909 3213 1965 Idem
3260 1911 3311 1965 in
3337 1913 3571 1982 quodam

2004 2000 2242 2070 capitulo
2274 2001 2330 2055 II
2370 2001 2751 2055 Thesaurorum
2781 2004 2855 2056 ait
2882 2019 2895 2055 :
2930 2020 2949 2054 ι
2989 2001 3349 2071 Apertissime
3382 2015 3574 2060 osten-

2007 2090 2176 2155 ditur,
2210 2107 2318 2146 non
2352 2092 2591 2147 alienum
2624 2107 2746 2147 esse
2770 2108 2798 2147 a
2832 2092 2969 2148 Filio
2999 2092 3267 2164 Spiritum
3298 2108 3573 2159 sanctum,

2008 2183 2104 2238 sed
2153 2185 2205 2237 in
2265 2172 2404 2251 ipso,
2434 2197 2487 2239 et
2548 2200 2612 2240 ex
2660 2185 2776 2253 ipso
2832 2200 2971 2248 esse,
3023 2202 3085 2242 ac
3114 2188 3276 2243 veluti
3335 2189 3575 2245 eliicacia

2005 2275 2254 2343 quaedam
2291 2276 2555 2331 naturalis
2582 2278 2763 2331 omnia
2809 2278 3035 2347 implere
3074 2280 3280 2343 valens,
3312 2297 3578 2353 quaerun-

2007 2366 2114 2438 que
2142 2367 2399 2427 voluerit.
2444 2388 2463 2423 ι
2517 2368 2868 2440 Rursumque
2899 2371 2952 2426 iu
2982 2371 3090 2426 alio
3117 2373 3357 2443 capitulo
3391 2374 3414 2427 I
3447 2373 3579 2427 The-

2013 2477 2317 2528 saurorum,
2358 2480 2379 2525 ς
2415 2460 2609 2526 Filius,
2637 2462 2833 2532 inquit,
2870 2464 2991 2517 viva
3043 2471 3096 2517 et
3136 2464 3444 2519 essentialis
3470 2464 3579 2518 elli-

2007 2554 2155 2609 cacia
2211 2562 2314 2618 est,
2367 2563 2421 2608 et
2465 2554 2640 2609 virtus
2680 2554 2951 2623 sapientia
2998 2554 3195 2609 Patris.
3272 2573 3290 2606 ι
3351 2553 3455 2609 Sed
3525 2566 3577 2611 et

2010 2661 2239 2715 magnus
2269 2644 2631 2711 Athanasius,
2662 2644 2716 2698 in
2744 2644 2909 2715 Epist.
2929 2646 2993 2699 a.l
3030 2645 3421 2723 Serapionem,
3454 2663 3582 2717 ope-

2012 2736 2278 2791 rationem
2326 2735 2441 2788 Filii
2477 2734 2738 2805 Spiritum
2785 2736 3066 2800 nominat,
3122 2737 3478 2807 plurimisque
3525 2740 3578 2793 in

2008 2826 2145 2880 locis
2199 2829 2447 2880 doctores
2515 2826 2688 2880 sancti
2770 2828 3068 2882 naturalem
3131 2836 3186 2882 ct
3234 2830 3578 2882 essentialcm

2015 2916 2136 2972 Filii
2177 2915 2431 2970 virtutem
2500 2917 2947 2986 ctOperatlonem
3005 2915 3266 2988 Spiritum
3330 2929 3579 2974 sanctum

2011 3020 2342 3065 asseverant.

2083 3104 2161 3157 Ad
2195 3103 2310 3158 haec
2354 3101 2544 3157 faciem
2595 3102 2811 3173 quidem
2844 3101 3020 3157 Patris
3044 3101 3266 3168 Filium,
3296 3102 3417 3156 Filii
3452 3120 3580 3157 vero

316 3191 599 3256 manibus
654 3204 758 3249 est.
822 3195 936 3253 IIoc
984 3210 1161 3266 autem
1192 3203 1539 3260 verissimum
1571 3208 1912 3272 catmum“;
1937 3195 1983 3259 C
2018 3195 2212 3251 faciem
2253 3195 2516 3265 Spiritum
2551 3203 2797 3250 sanctum
2832 3202 3105 3251 asserunt.
3138 3195 3224 3249 Ait
3255 3196 3397 3250 enim
3426 3195 3584 3250 divus

330 3290 607 3346 ostensus
666 3284 794 3339 hinc
853 3289 1070 3357 quidem
1150 3305 1246 3347 eos
1300 3295 1393 3363 qui
1440 3296 1577 3351 duos
1621 3312 1910 3366 processura

334 3384 550 3442 ponunt
617 3377 854 3434 absurda
909 3382 1145 3449 plurima
1192 3385 1347 3455 sequi
1406 3390 1741 3454 necessario,
1780 3389 1909 3444 hinc

337 3477 470 3516 vero
528 3467 790 3534 quoniam
845 3470 983 3524 mitti
1026 3483 1076 3525 et
1106 3476 1419 3542 procedere,
1449 3486 1499 3531 et
1531 3479 1800 3549 proﬂuere
1830 3482 1914 3536 di-

338 3556 590 3611 vinarum
626 3573 980 3627 personarum
1008 3563 1414 3623 distinctionem
1441 3574 1806 3631 commendat.

410 3647 684 3705 Prarterea
740 3652 910 3708 Filius
978 3655 1155 3726 imago
1208 3655 1384 3712 Patris
1431 3658 1648 3723 dicitur.
1673 3663 1910 3734 Spiritus

338 3750 523 3793 autem
559 3740 703 3797 Filii.
745 3743 891 3798 Dixit
920 3747 1064 3800 enim
1095 3748 1427 3818 Apostolus:
1454 3754 1599 3818 Quos
1629 3759 1909 3825 prwscicit,

338 3843 388 3883 et
418 3834 817 3899 pradestinauit
847 3838 1137 3907 eanfarmes
1169 3842 1285 3909 ﬁeri
1307 3844 1552 3913 imaginis
1583 3845 1713 3901 Filii
1738 3853 1819 3903 sui
1841 3852 1910 3906 "'.

340 3922 582 3993 Cyrillus
633 3942 851 3996 quoque
893 3967 908 3992 ,
935 3945 1102 3998 super
1139 3931 1273 3985 illud
1303 3936 1679 4004 evangelicum
1719 3958 1733 3993 :
1763 3940 1912 3996 Sicut

343 4027 402 4068 tu
445 4034 529 4071 me
588 4020 774 4074 misisti
827 4022 883 4075 in
946 4028 1196 4078 mundum
1256 4025 1323 4088 ”,
1354 4027 1472 4080 ait:
1508 4047 1527 4080 ι
1572 4028 1710 4095 Quia
1766 4034 1911 4087 enim

346 4106 621 4178 Uuigcnlti
682 4112 1002 4185 substantiae
1053 4113 1233 4186 imago
1276 4115 1624 4185 integerrima
1675 4119 1915 4191 Spiritus

343 4201 466 4269 ejus
523 4210 649 4266 est,
671 4204 828 4273 juxta
901 4206 989 4272 id,
1023 4209 1168 4277 quod
1223 4207 1424 4265 Paulus
1472 4213 1690 4281 scripsit
1728 4215 1915 4281 :Quas

340 4294 625 4361 prmscivit,
655 4305 703 4348 et
753 4295 1147 4365 prwdestinavit
1190 4299 1484 4369 conformes
1544 4302 1663 4370 ﬁeri
1722 4305 1915 4377 imagi-

345 4384 424 4435 nis
455 4384 557 4452 ﬁlii
579 4383 727 4452 ejus,
764 4400 980 4451 omnes,
1013 4387 1067 4442 in
1096 4388 1513 4460 quibuscunque
1544 4391 1732 4458 fuerit,
1773 4411 1907 4451 con-

348 4476 551 4530 {omnes
589 4475 751 4531 elﬁcit
791 4478 1033 4546 imagini,
1067 4480 1172 4536 hoc
1198 4493 1302 4549 est,
1335 4482 1496 4539 Filio.
1533 4503 1552 4536 ι

417 4564 562 4620 Idem
604 4582 771 4637 super
821 4568 993 4624 illud:
1022 4569 1139 4624 Non
1166 4580 1261 4640 pro
1313 4574 1393 4627 his
1416 4589 1541 4645 rogo
1596 4585 1804 4632 tantum
1823 4581 1906 4646 ",

344 4661 417 4712 ait
453 4678 468 4714 :
508 4677 527 4709 ι
567 4660 751 4728 Imago
807 4660 1018 4716 sincera
1062 4664 1248 4719 Patris
1278 4662 1745 4727 Filiusmaturalis
1780 4687 1914 4727 vero

344 4750 645 4804 similitudo
684 4748 828 4814 Filii,
888 4751 1121 4820 Spiritus
1168 4755 1306 4825 ejus.
1344 4775 1363 4807 ι
1429 4755 1575 4812 Idem
1627 4769 1818 4816 rursus
1858 4763 1914 4817 in

346 4834 631 4891 Thesauris
662 4853 683 4893 :
714 4838 1214 4905 «Quemadmodum
1248 4844 1430 4914 igitur,
1450 4862 1710 4917 quoniam
1738 4866 1917 4919 imago

343 4930 526 4984 Patris
562 4932 984 5000 diligentissima
1030 4943 1114 4989 est
1162 4934 1354 4999 Filius,
1385 4938 1479 5008 qui
1509 4955 1633 4995 cum
1667 4943 1918 5012 suscipit,

340 5036 403 5095 Cl’
438 5024 654 5077 Patrem
704 5025 885 5088 habet,
940 5025 1016 5081 ita
1049 5028 1115 5082 ad
1146 5028 1371 5097 parilem
1410 5030 1634 5101 figuram
1670 5035 1917 5104 analogia

343 5125 664 5171 recurrente
694 5136 708 5172 :
743 5118 836 5185 qui
878 5116 998 5172 Filii
1046 5120 1478 5188 imaginemec
1503 5135 1607 5185 est,
1654 5125 1916 5195 Spiritum

340 5208 672 5277 susceperit,
723 5225 818 5277 per
865 5210 1040 5280 ipsum
1079 5214 1304 5268 omnino
1353 5215 1509 5270 habet
1550 5215 1768 5281 Filium,
1813 5219 1917 5273 Pa-

342 5309 624 5370 tremque,
653 5302 750 5371 qui
780 5301 834 5356 in
867 5303 987 5373 ipso
1018 5315 1124 5360 est.
1162 5324 1183 5357 ι

418 5392 650 5462 Magnus
699 5403 885 5449 autem
944 5395 1178 5452 Basilius
1206 5400 1259 5452 in
1310 5398 1403 5453 lib.
1434 5417 1449 5453 ι
1483 5398 1681 5455 Contra
1740 5400 1923 5457 Euno-

340 5482 559 5550 mium',
594 5501 613 5535 ι
671 5484 895 5552 Imago,
940 5486 1139 5556 inquit,
1186 5488 1388 5556 genita,
1425 5498 1480 5542 et
1503 5490 1703 5545 dicitur
1730 5490 1925 5559 Filius,

337 5587 399 5628 rt
456 5584 543 5628 est
590 5576 860 5645 sapientia
923 5588 980 5632 et
1029 5579 1224 5644 virtus,
1277 5589 1333 5636 et
1382 5580 1592 5651 justitia
1646 5583 1764 5648 Dei,
1819 5600 1925 5638 non

339 5668 510 5740 quasi
564 5669 809 5736 habitus,
856 5685 1031 5740 neque
1080 5672 1238 5740 quasi
1285 5672 1561 5741 aptitudo,
1596 5676 1688 5727 sed
1738 5676 1925 5730 vivens

419 5791 466 5821 "’
508 5789 663 5843 Rom.
727 5803 844 5848 vm.
874 5789 963 5843 ‘29.
1067 5789 1113 5822 ’⁸
1141 5788 1299 5845 Joan.
1341 5806 1473 5854 xvtt,
1510 5790 1594 5844 I8.

1703 5792 1748 5823 ¹⁹
1784 5791 1911 5846 ibid.
1945 5790 2034 5845 '20.

2006 3286 2243 3363 ‘Cyrillus
2291 3287 2342 3340 in
2383 3302 2416 3338 v
2448 3287 2519 3340 ad
2564 3284 2836 3347 Hermiam
2883 3304 2902 3342 :
2941 3306 2959 3338 ι
2992 3287 3146 3353 Quod
3179 3286 3349 3353 enim,
3382 3287 3582 3357 lnquit,

2013 3379 2167 3451 quasi
2228 3379 2395 3434 facies
2436 3379 2554 3443 Dei,
2580 3390 2633 3434 et
2682 3377 2860 3435 Patris
2930 3379 3102 3435 Filius
3151 3380 3240 3445 sit,
3293 3380 3581 3435 Psalmista

2015 3488 2114 3527 nos
2134 3472 2289 3527 facile
2319 3472 2512 3527 decere
2542 3473 2735 3543 poterit
2766 3512 2781 3539 ,
2815 3472 3108 3544 aliquando
3137 3472 3351 3545 quidem
3371 3474 3583 3528 dicens:

2018 3585 2037 3617 ι
2087 3565 2202 3633 Quo
2254 3567 2398 3620 iboa
2448 3565 2647 3633 Spiritu
2697 3576 2808 3629 tua,
2862 3576 2911 3619 et
2976 3581 3077 3635 quo
3110 3582 3143 3619 α
3212 3564 3350 3634 [acie
3390 3565 3585 3635 tuafu-

2014 3657 2254 3727 giam”?
2289 3656 2581 3728 aliquando
2620 3672 2813 3713 rursus
2831 3656 2995 3711 veluti
3029 3674 3095 3712 es
3118 3640 3353 3727 persona
3390 3673 3581 3711 eorum

2014 3751 2106 3819 qui
2149 3749 2496 3804 crediderant
2544 3750 2596 3803 in
2627 3749 2777 3803 illum
2811 3767 2825 3803 :
2863 3749 3139 3821 Siguatum
3187 3759 3263 3807 est
3309 3767 3463 3815 super
3492 3767 3587 3803 nos

2016 3840 2193 3901 lumen
2235 3839 2407 3894 uultus
2456 3840 2552 3901 tui,
2603 3838 2824 3894 Domine
2860 3839 2926 3897 ³³.
2977 3840 3184 3909 Signati
3230 3839 3370 3894 cnim
3395 3856 3586 3895 sumus

2016 3940 2206 3987 sancto
2248 3932 2455 3999 Spiritu
2485 3931 2550 3985 ad
2584 3931 2998 3989 similitudinem
3044 3930 3199 3988 faciei
3243 3932 3444 4001 Patris,
3483 3934 3588 3986 hoc

2015 4032 2094 4079 est
2146 4022 2287 4076 Filii.
2348 4041 2367 4075 ι
2429 4022 2569 4075 Idem
2616 4038 2777 4091 super
2808 4022 2938 4077 illud
2976 4041 2988 4076 :
3028 4021 3327 4092 Operamini
3371 4040 3470 4077 non
3510 4027 3582 4077 ri-

2016 4117 2156 4180 bum,
2200 4118 2289 4185 qui
2315 4117 2450 4183 perit
2471 4114 2515 4148 “
2549 4157 2563 4185 ,
2604 4135 2621 4167 ι
2654 4114 2945 4181 Quoniam,
2979 4114 3179 4184 inquit,
3214 4131 3319 4171 non
3362 4118 3587 4171 dubium

2015 4219 2119 4272 est,
2154 4206 2283 4277 quin
2310 4205 2478 4261 facies
2508 4204 2629 4269 Dei,
2652 4214 2706 4260 et
2729 4206 2906 4261 Patris
2926 4203 3097 4260 Filius
3120 4206 3206 4261 sit.
3236 4205 3328 4261 Est
3356 4207 3471 4275 ipse
3493 4224 3588 4277 pe-

2015 4298 2165 4352 nitus
2193 4304 2248 4352 et
2277 4297 2565 4352 character
2588 4296 2639 4350 in
2666 4311 2775 4366 quo
2804 4296 2981 4366 signat
3015 4295 3176 4350 Deus.
3207 4314 3225 4349 ι
3253 4297 3395 4351 Idem
3423 4310 3590 4366 super

2017 4388 2145 4444 illud
2202 4407 2216 4443 :
2282 4386 2378 4444 Sin
2437 4398 2649 4452 autent,
2681 4398 2890 4458 propter
2940 4389 3053 4457 ipsa
3105 4405 3261 4457 opera
3301 4389 3495 4443 credite
3522 4391 3589 4454 ³⁵,

2023 4497 2042 4532 ι
2079 4478 2135 4534 Si
2160 4481 2327 4544 enim,
2366 4479 2563 4550 inquit,
2590 4478 2832 4548 implevit
2869 4479 3089 4549 quidem
3117 4480 3287 4534 caelos
3315 4478 3504 4543 Filius,
3536 4493 3592 4533 ct

2022 4577 2178 4624 terra:
2224 4569 2432 4635 ultima,
2487 4575 2587 4623 hoc
2644 4579 2748 4633 est,
2808 4567 3101 4635 inferorum,
3142 4570 3413 4640 quomodo
3484 4585 3588 4624 non

2022 4660 2437 4717 stolidissimum
2483 4660 2708 4715 omnino
2736 4670 2819 4717 est
2868 4672 2927 4735 et
2956 4672 3147 4732 praeter
3174 4679 3388 4718 omnem
3428 4665 3589 4718 ratio-

2023 4769 2169 4817 nem,
2222 4753 2459 4808 ambitus
2492 4751 2568 4807 illi
2615 4753 2885 4823 applicare
2926 4754 3164 4808 nomen?
3209 4754 3285 4810 Ne
3323 4755 3451 4808 illud
3471 4757 3590 4826 qui-

2024 4845 2144 4900 dem
2179 4846 2326 4901 venit
2358 4846 2411 4900 in
2440 4856 2675 4901 mentem
2720 4851 2865 4916 quod
2898 4846 2943 4900 si
2981 4847 3148 4902 facies
3178 4847 3320 4915 ejus,
3346 4848 3451 4902 hoc
3508 4858 3591 4901 est

2029 4935 2281 5005 Spiritus;
2336 4935 2502 4991 facies
2557 4937 2700 4991 enim
2746 4936 2884 5008 Filiif
2925 4950 3149 4991 vocatur
3185 4938 3459 5007 Spiritus;
3492 4938 3593 4992 in...

2026 5031 2134 5102 plet
2188 5031 2405 5095 omnia,
2443 5031 2588 5086 nulla
2646 5032 2857 5086 ratione
2906 5032 3079 5101 ipsum
3134 5032 3343 5088 ambitu
3388 5032 3589 5087 includi

2023 5137 2203 5193 posse.
2254 5141 2272 5171 ι

2092 5217 2171 5269 Ad
2206 5216 2320 5271 haec
2354 5232 2585 5287 magnus
2609 5216 2845 5270 Basilius
2872 5218 2925 5269 in
2952 5216 3043 5272 lib.
3082 5232 3132 5270 tv
3167 5216 3363 5272 Contra
3404 5216 3594 5270 Euno-

2021 5310 2205 5371 mium,
2245 5309 2546 5380 genitorem
2587 5319 2640 5364 ct
2700 5310 2928 5377 primam
2963 5308 3196 5365 fortnam
3230 5309 3351 5363 Filii
3377 5311 3591 5367 Patrem

2023 5401 2336 5470 appellavit.
2379 5400 2602 5470 Magnus
2643 5415 2775 5455 veto
2813 5400 2899 5455 ille
2935 5399 3232 5475 Gregorius
3259 5403 3593 5459 mirabilium

2027 5501 2272 5561 patrator
2332 5491 2693 5548 Neocaesarere
2739 5494 3052 5564 cpiscopus,
3116 5494 3166 5547 in
3225 5495 3386 5561 libro,
3434 5498 3594 5563 cuius

2027 5585 2242 5638 initium
2308 5595 2391 5639 est
2452 5601 2467 5638 :
2524 5583 2884 5638 Inimicissimi
2971 5586 3246 5659 alienique
3296 5590 3597 5654 apostolica:

2026 5675 2391 5744 confessionis,
2436 5697 2451 5728 ι
2489 5678 2667 5740 Pater,
2724 5678 2919 5746 inquit,
2982 5676 3192 5731 Domini
3239 5680 3594 5749 principium,

2141 5791 2350 5845 “Psal.
2404 5807 2568 5855 ιλιι-ιι,
2597 5791 2685 5845 29.
2801 5791 2838 5821 "
2876 5788 2890 5841 l
2928 5789 3051 5844 Cor.
3100 5805 3135 5855 t,
3182 5789 3269 5844 9.4.
3378 5789 3590 5845 "Psal.

337 5876 610 5928 cant-ut,
659 5860 710 5913 7.
790 5862 833 5890 ³³
864 5858 1004 5915 I'sal.
1041 5876 1113 5927 tv,
1153 5863 1203 5914 7.
1280 5860 1324 5892 “
1353 5859 1513 5916 Joan.
1546 5878 1619 5925 VI,
1652 5862 1741 5916 “27.
1818 5861 1862 5892 ³⁸
1897 5901 1904 5914 .

2018 5879 2050 5914 ι.
2087 5877 2193 5926 stv,
2246 5862 2326 5914 12.

3596 740 3625 815 ξε
