3984 6554
419 376 488 437 83
1669 387 2065 450 MANUELlS
2099 393 2400 456 CALECXE
2787 351 2789 354 i
3576 404 3646 468 84
3733 415 3736 418 ’

416 500 614 546 aeta-rue
674 491 823 547 illum
888 494 1118 560 genuit;
1164 497 1410 564 etprima
1484 496 1660 550 forma
1742 498 1972 566 Spiritui
2006 507 2051 563 Α
2082 508 2256 564 virtus
2305 523 2427 565 cuin
2485 513 2716 578 dicatur,
2778 519 3075 572 secundum
3124 516 3375 572 eumdem
3412 515 3634 571 modum

420 583 703 636 Dominus.
739 601 758 633 ι
799 581 1065 636 Praeterea
1108 598 1288 639 sermo
1314 586 1538 655 quidem
1563 585 1742 642 Patris
1774 589 1970 652 Filius.

419 674 646 728 verbum
694 682 874 726 autem
934 672 1051 728 Filii
1113 673 1350 744 Spiritus
1396 677 1452 732 itt
1483 693 1638 732 sacra
1691 679 1975 749 Scriptura

423 765 646 819 dicitur.
720 764 794 818 Ita
866 776 918 817 et
987 780 1216 834 magnus
1285 767 1518 824 Basilius
1568 771 1835 839 exposuit.
1901 771 1978 826 Ae

421 856 672 924 proprius
688 855 903 924 quidem
929 855 1105 910 Patris
1131 855 1323 922 Filius,
1347 859 1466 912 Filii
1493 871 1672 914 autem
1727 861 1978 930 proprius

421 945 660 1014 Spiritus
730 956 953 1000 sanctus
1004 960 1033 999 a
1083 948 1346 1019 theologis
1415 952 1696 1006 asseritur.
1751 952 1986 1010 Sanctus

418 1037 654 1106 denique
707 1035 939 1106 Cyrillus
1006 1039 1058 1093 in
1084 1040 1223 1095 libro
1278 1043 1359 1096 Ad
1435 1046 1752 1111 monachos,
1821 1046 1979 1116 cujus

418 1128 632 1182 initium
696 1139 780 1182 est
845 1145 861 1182 :
923 1130 1254 1197 Aduenerant
1312 1135 1552 1202 quidem,
1621 1139 1781 1204 juxta
1842 1138 1980 1204 quod

417 1230 723 1276 consuetum
784 1235 886 1289 est,
978 1226 1033 1279 in
1091 1225 1436 1296 Alexandria,
1514 1247 1533 1280 ι
1594 1228 1747 1284 Sicut
1815 1231 1986 1292 enim,

421 1313 626 1384 inquit,
682 1316 957 1385 proprium
1021 1327 1105 1372 est
1159 1317 1416 1383 hominis,
1473 1319 1584 1373 imo
1623 1333 1674 1374 et
1719 1322 1986 1391 cujusque

419 1415 739 1462 cmterorum
813 1409 1168 1474 animalium,
1239 1411 1382 1480 quod
1460 1427 1616 1466 exeo
1680 1415 1980 1468 secundum

418 1507 668 1552 naturam
727 1511 1037 1568 generatur,
1091 1500 1166 1556 ita
1204 1503 1486 1570 proprium
1525 1503 1616 1558 Dei
1664 1519 1804 1570 esse,
1836 1507 1980 1576 qttod

419 1607 482 1646 ex
515 1591 654 1646 illius
688 1593 920 1648 essentia
959 1602 1064 1658 est,
1102 1594 1326 1664 intelligi
1357 1604 1412 1650 et
1435 1597 1535 1649 diei
1563 1597 1740 1652 debet.
1779 1617 1796 1647 ο

491 1683 714 1752 Magnus
763 1683 890 1739 item
943 1687 1293 1760 Athanasius,
1337 1688 1391 1742 in
1445 1687 1690 1744 tContra
1755 1690 1983 1745 Arianae

420 1773 517 1828 lib.
591 1792 609 1828 ι
673 1776 808 1840 Quia
874 1777 1045 1840 enim,
1106 1779 1314 1848 inquit,
1370 1776 1600 1834 Verbum
1665 1782 1988 1836 naturaliter

423 1867 698 1933 proprium
731 1878 814 1922 est
866 1867 1184 1923 substantiae
1241 1869 1349 1934 Dei,
1390 1887 1454 1924 ex
1493 1871 1612 1941 ipso
1667 1887 1880 1943 quoque
1934 1884 1982 1927 et

422 1956 475 2007 in
532 1956 645 2022 ipso
707 1966 805 2011 est.
859 1977 876 2008 ι

495 2047 727 2101 Rursum
776 2048 1009 2126 Cyrillus
1054 2050 1402 2106 beatissimus
1444 2050 1578 2106 illud
1611 2050 1986 2119 evangelicum

434 2151 713 2205 exponens
763 2138 881 2192 :De
964 2156 1073 2192 meo
1155 2141 1367 2208 accipiet
1401 2142 1480 2207 ",
1516 2143 1591 2196 ait
1665 2141 1732 2199 de
1789 2143 1991 2211 Spiritu

425 2240 614 2284 sancto
649 2247 663 2284 :
707 2249 724 2282 t
767 2232 1073 2288 Procedens
1116 2235 1316 2302 quippe
1345 2249 1442 2303 per
1473 2250 1598 2306 eum
1640 2235 1984 2300 naturaliter,

424 2329 482 2373 ut
520 2321 769 2390 proprius
809 2324 980 2392 ipsius
1024 2341 1146 2379 cum
1183 2327 1459 2388 omnibus,
1490 2342 1611 2396 quae
1651 2326 1833 2392 habet,
1870 2342 1992 2396 per-

424 2411 561 2468 fecte
597 2409 844 2483 accipere
875 2417 1096 2483 dicitur,
1125 2434 1245 2487 qua:
1275 2419 1396 2488 ejus
1419 2428 1566 2473 sunt.
1615 2439 1633 2470 ι

494 2505 548 2558 Si
599 2506 764 2576 igitur
803 2524 993 2563 omnes
1045 2508 1212 2563 ferme
1262 2511 1434 2564 sancti
1491 2507 1680 2566 Patres
1727 2512 1986 2577 apostoli-

423 2610 544 2646 cum
605 2595 732 2648 illud
790 2616 803 2651 :
860 2595 1166 2666 Canformes
1217 2599 1460 2668 imaginis
1517 2599 1646 2654 Filii
1711 2599 1854 2668 ejus,
1908 2602 1980 2655 ita

423 2696 824 2754 exposuerunt.
863 2697 941 2748 ut,
987 2689 1277 2755 conformes
1328 2688 1552 2756 Spiritui
1594 2689 1856 2754 dicerent,
1899 2690 1990 2759 qui

423 2789 503 2832 est
535 2779 710 2849 imago
741 2779 861 2834 Filii
900 2781 994 2836 Dei
1021 2798 1036 2844 ;
1066 2781 1246 2850 imago
1274 2797 1403 2836 vero
1435 2797 1500 2835 ex
1531 2796 1640 2849 quo
1674 2790 1778 2844 est,
1815 2783 1987 2850 signi-

423 2871 584 2931 ticat;
644 2887 752 2924 non
806 2871 950 2924 enim
1010 2869 1179 2928 Filius
1237 2871 1414 2942 imago
1470 2870 1647 2926 Patris
1697 2871 1988 2933 diceretur,

422 2963 526 3018 nisi
560 2979 624 3017 ex
654 2964 744 3018 illo
768 2972 911 3018 esset
940 2979 958 3016 :
987 2981 1003 3013 ο
1035 2961 1168 3017 Cum
1205 2963 1348 3016 enim
1386 2962 1636 3016 auliutus
1667 2961 1980 3031 imaginem,

423 3055 804 3124 splendorem,
886 3064 946 3109 ut
973 3055 1047 3108 ait
1126 3069 1355 3124 magnus
1433 3053 1694 3120 Basilius,
1778 3065 1991 3124 oportet

424 3146 762 3216 intelligere;
815 3162 839 3197 ι
877 3145 1134 3214 splendor
1185 3159 1316 3199 vero
1354 3143 1792 3200 manifestissime
1849 3159 1974 3213 pro-
2017 3169 2061 3226 ο

425 3252 639 3292 cessum
715 3237 1032 3291 substantia:
1103 3235 1676 3306 designat:constat,
1742 3233 1870 3304 quia
1939 3243 1993 3287 ct

426 3326 686 3398 Spiritus,
737 3343 858 3380 cum
914 3327 1089 3395 imago
1129 3325 1247 3378 Filii
1283 3325 1517 3387 dicatur,
1557 3322 1760 3378 idcirco
1788 3323 1992 3378 dicitur

424 3421 604 3489 imago
642 3416 779 3488 ejus,
828 3416 954 3486 quia
987 3431 1052 3471 ex
1093 3415 1188 3470 illo
1216 3414 1522 3484 splendoris
1550 3413 1724 3468 instar
1746 3424 1991 3468 emanat.

427 3510 654 3579 Uuaque
705 3508 838 3563 illud
889 3514 1138 3578 apparet,
1199 3505 1344 3576 quod
1406 3505 1510 3560 nisi
1567 3507 1731 3559 etiam
1791 3523 1821 3559 a
1857 3504 1994 3559 Filio

429 3600 668 3672 Spiritus
719 3608 888 3663 esset,
942 3613 1290 3668 nequaquam
1341 3596 1639 3652 secundum
1692 3596 1795 3651 hoc
1826 3592 1996 3650 Filius

423 3706 490 3744 ex
571 3689 728 3744 Patre
808 3687 1139 3758 splenderet.
1215 3686 1294 3740 lta
1367 3701 1470 3740 nec
1534 3685 1994 3741 incommutabilis

425 3781 608 3851 imago
657 3789 827 3834 esset.
879 3776 1328 3832 Atimmutabilis
1369 3785 1482 3842 est,
1519 3775 1787 3845 personali
1817 3785 1998 3830 tamen

430 3873 759 3928 discretione
815 3879 1052 3927 servata.
1117 3870 1303 3924 Dictus
1359 3879 1445 3924 est
1504 3878 1683 3924 autem
1753 3884 1819 3922 ex
1887 3878 1994 3923 tota

432 3965 604 4035 gloria
655 3963 797 4018 illius
852 3962 1175 4017 illustratus.
1212 3957 1270 4015 Si
1311 3974 1376 4014 ex
1423 3967 1556 4024 tota,
1595 3968 1741 4015 totus
1777 3974 1996 4014 necesse

428 4068 512 4108 «δι
567 4053 737 4106 totius
773 4052 950 4118 imago
1003 4049 1094 4116 sit,
1123 4065 1186 4105 ac
1247 4049 1550 4104 secundum
1609 4051 1712 4104 hoc
1771 4049 1996 4104 minime

431 4144 733 4199 variabilis.
795 4144 859 4196 Et
926 4142 1182 4211 quoniam
1236 4140 1404 4196 Filius
1459 4149 1632 4197 totum
1678 4141 1730 4195 in
1774 4157 1834 4198 se
1879 4142 1998 4213 ipso

427 4237 664 4292 ostendit
711 4235 956 4300 Patrem;
991 4233 1091 4288 hoc
1140 4244 1318 4287 autem
1369 4244 1486 4298 est,
1537 4235 1795 4303 quoniam
1849 4242 1996 4288 totus

432 4350 497 4387 ex
544 4340 657 4386 toto
704 4340 807 4384 est.
842 4329 931 4383 Ait
978 4339 1158 4382 autem
1198 4327 1313 4398 ipse
1358 4327 1590 4382 Basilius
1621 4328 1687 4381 ad
1719 4328 1999 4397 Amphilo-

2085 599 2304 665 dicitur,
2337 615 2550 659 servato
2587 615 2766 661 tamen
2817 623 3074 677 processu
3107 607 3378 664 differenti
3432 607 3555 660 Filii
3591 614 3648 660 et

2088 691 2347 763 Spiritus;
2385 698 2529 763 quod
2583 699 2670 752 hic
2702 699 2909 755 scilicet
2940 701 3258 756 immediate
3286 707 3340 754 et
3367 697 3651 753 continen-

2087 795 2169 840 ter
2227 805 2290 842 ex
2357 789 2555 856 primo,
2614 790 2702 844 ille
2731 805 2829 860 per
2878 807 3005 846 eum
3058 792 3152 860 qui
3203 792 3549 847 continenter
3583 801 3648 841 ex

2085 881 2263 948 primo
2303 882 2550 950 prodeat.
2611 882 2920 936 Secundum
2982 882 3227 938 eamdem
3261 894 3441 940 autem
3475 886 3648 940 ratio-

2084 987 2208 1026 nem
2262 983 2318 1028 et
2376 973 2545 1028 facies
2606 973 2726 1027 Filii
2796 974 2993 1028 dicitur
3051 975 3308 1044 Spiritus,
3374 985 3430 1032 et
3479 977 3653 1046 prima

2085 1065 2259 1119 forma
2301 1065 2537 1136 Spiritus
2581 1065 2858 1132 Dominus,
2890 1066 3028 1121 sicut
3063 1077 3117 1122 et
3148 1065 3309 1122 Pater
3331 1067 3454 1122 Filii
3475 1083 3656 1122 causa:

2088 1159 2299 1214 ratione
2335 1159 2514 1212 dictus
2568 1169 2671 1213 est.
2724 1157 2857 1212 Viva
2910 1160 3055 1213 enim
3114 1158 3349 1215 viventis
3378 1159 3576 1229 imago,
3600 1168 3657 1213 et

2088 1253 2258 1321 ﬁgura
2288 1251 2607 1305 substantia:
2635 1250 2751 1320 ejus
2781 1262 2862 1305 est
2900 1251 2942 1324 ξ’

2165 1343 2230 1398 Et
2262 1354 2428 1408 certe,
2459 1344 2504 1398 si
2536 1343 2654 1397 sine
2714 1343 2892 1396 medio
2923 1351 3068 1397 esset
3103 1341 3341 1411 Spiritus
3368 1355 3434 1396 ex
3469 1341 3652 1404 Patre,

2093 1440 2145 1492 itl
2212 1448 2294 1492 est
2354 1452 2421 1490 ex
2477 1437 2624 1501 solo,
2696 1449 2974 1503 nunquam
3043 1433 3219 1490 dit‘tus
3279 1443 3424 1488 esset
3487 1431 3658 1487 Filius

2091 1531 2308 1601 quidem
2342 1532 2520 1598 imago
2553 1528 2744 1593 Patris;
2777 1527 2898 1582 Filii
2927 1537 3105 1582 autem
3157 1527 3338 1596 imago
3367 1526 3603 1594 Spiritus
3638 1542 3652 1578 :

2093 1630 2147 1672 et
2176 1619 2342 1673 Filius
2399 1617 2618 1687 quidem
2671 1618 2952 1688 operatio,
2985 1626 3038 1671 et
3087 1617 3262 1672 virtus
3293 1615 3491 1677 Patris:
3531 1614 3654 1669 Filii

2096 1709 2275 1763 autem
2329 1710 2572 1778 operatio
2606 1717 2660 1762 et
2706 1708 2881 1763 virtus
2940 1706 3194 1779 Spiritus.
3252 1709 3430 1776 Atque
3486 1704 3658 1760 Filius

2094 1802 2308 1868 quidem
2361 1801 2528 1856 facies
2573 1800 2769 1865 Patris;
2805 1799 2926 1854 Filii
2984 1813 3112 1852 vero
3179 1797 3348 1852 facies
3396 1794 3653 1866 Spiritus.

2100 1894 2163 1948 Et
2191 1894 2320 1946 illud
2342 1908 2447 1946 una
2476 1906 2538 1946 ex
2569 1891 2654 1946 his
2684 1899 2930 1961 apparet,
2959 1889 3220 1960 Spiritum
3251 1888 3427 1944 Patris
3458 1887 3655 1942 Filium

2096 2008 2197 2046 nec
2227 2007 2367 2057 esse,
2404 2007 2503 2046 nec
2554 1990 2682 2057 dici;
2719 2005 2896 2060 neque
2929 1989 3216 2060 imaginem
3265 1989 3403 2059 ejus,
3454 1995 3508 2042 et
3532 2003 3674 2062 quae

2095 2086 2198 2139 alia
2229 2084 2349 2138 Filii
2381 2092 2500 2139 esse
2526 2083 2803 2138 dicuntur.
2827 2082 3119 2137 Processus
3147 2081 3343 2152 quippe
3371 2079 3655 2141 differens.

2093 2178 2564 2247 emanationisque
2627 2175 2952 2240 diﬂerentia,
3017 2176 3161 2228 hunc
3226 2172 3444 2236 Filium,
3505 2172 3656 2225 illum

2096 2270 2356 2338 Spiritum
2411 2269 2592 2323 vocari
2652 2267 2796 2323 fecit.
2831 2267 2888 2321 Si
2948 2267 3071 2337 quis
3127 2274 3339 2330 tamen,
3373 2279 3493 2333 quae
3527 2273 3658 2318 sunt

2097 2365 2432 2433 huiusmodi,
2477 2361 3094 2419 consubstantialitatem
3144 2359 3361 2428 signare
3421 2367 3652 2423 assvrat,

2094 2460 2299 2524 audiat,
2330 2455 2816 2513 consubstantialia
2875 2453 3092 2524 quidem
3163 2450 3442 2532 converti;
3482 2449 3650 2503 Fiiius

2095 2566 2274 2610 autem
2323 2553 2497 2609 saneti
2545 2551 2781 2622 Spiritus
2823 2555 3014 2618 neque
3058 2556 3161 2611 est,
3213 2560 3386 2615 neque
3431 2542 3652 2608 dicitur,

2092 2663 2267 2717 neque
2343 2648 2679 2702 convertitur
2751 2642 2970 2696 habitus
3052 2639 3154 2693 ista
3236 2636 3650 2705 consequentia.

2095 2740 2200 2796 Sed
2252 2755 2322 2795 ne
2379 2739 2506 2794 illud
2554 2740 2773 2809 quidem
2825 2752 3054 2805 usquam
3109 2732 3305 2787 lectum
3372 2735 3476 2790 est,
3506 2727 3653 2795 quod

2092 2837 2285 2899 Filius,
2313 2834 2509 2900 virtus,
2537 2841 2593 2886 et
2621 2831 2886 2887 naturalis
2941 2827 3354 2894 essentialisque
3385 2819 3653 2890 operatio,

2091 2937 2147 2980 et
2206 2927 2385 2994 imago
2445 2926 2546 2988 sit,
2579 2938 2758 2992 neque
2817 2923 3038 2977 verbum
3092 2919 3232 2986 ejus.
3278 2926 3332 2970 et
3384 2929 3504 2984 qua-
3550 2910 3654 2965 aiia

2093 3015 2215 3070 Filii
2265 3016 2501 3086 Spiritus
2545 3024 2767 3070 sanctus
2819 3027 2942 3068 esse
2993 3012 3212 3066 dicitur.
3266 3005 3341 3060 Ex
3381 3019 3489 3076 quo
3519 3014 3658 3058 sanie

2093 3113 2294 3181 liquet,
2357 3125 2579 3181 propter
2645 3110 2950 3165 divinarum
3022 3118 3377 3176 personarum
3466 3098 3532 3153 ad
3596 3109 3660 3151 se

2094 3207 2319 3259 inviceu
2371 3203 2635 3266 ordinem,
2685 3199 2986 3257 secundum
3039 3212 3231 3266 quem,
3267 3205 3571 3262 processus,
3605 3194 3662 3242 et

2102 3298 2401 3355 secundum
2487 3310 2651 3361 quem
2719 3293 2956 3363 Spiritus
3009 3301 3235 3345 sanctus
3298 3278 3536 3357 proc'edit
3587 3296 3657 3335 ex

2097 3391 2257 3447 Patre
2304 3404 2400 3459 per
2440 3385 2632 3443 Filium
2661 3425 2678 3449 ,
2711 3385 2813 3440 ista
2869 3399 2978 3439 non
3012 3396 3170 3452 posse
3206 3377 3472 3442 converti,
3526 3373 3656 3442 quia

2101 3496 2280 3552 neque
2307 3496 2370 3536 ex
2401 3479 2561 3535 Patre
2615 3477 2783 3532 Filius
2811 3491 2908 3547 per
2933 3473 3190 3545 Spiritum
3224 3470 3478 3540 gignitur.
3507 3465 3663 3521 Sicut

2095 3575 2239 3630 enim
2284 3572 2446 3628 Pater
2489 3568 2611 3625 Filii
2647 3569 2826 3624 virtus
2870 3582 2976 3621 non
3015 3563 3236 3626 dicitur,
3263 3575 3438 3631 neque
3463 3572 3663 3627 opera-

2097 3666 2210 3730 tio,
2259 3679 2359 3720 nec
2392 3662 2680 3732 splendor,
2707 3669 2762 3714 et
2805 3659 2852 3714 si
2876 3658 3004 3730 quid
3056 3665 3140 3712 est
3176 3653 3488 3722 huiusmodi
3533 3653 3665 3723 (hoc

2098 3757 2244 3811 enim
2303 3761 2449 3809 esset
2504 3751 2823 3818 substantiae
2886 3749 3131 3804 ordinem
3183 3745 3417 3814 tollere).
3469 3743 3661 3798 eadem

2098 3849 2311 3902 ratione
2375 3859 2553 3914 neque
2624 3841 2791 3897 Filius
2856 3842 2957 3896 ista
3036 3853 3156 3894 esse
3204 3834 3377 3891 sancti
3426 3834 3664 3904 Spiritus

2098 3937 2317 3993 dicitur.

2169 4033 2360 4095 Porro,
2412 4027 2454 4083 si
2484 4027 2608 4097 quis
2661 4023 2967 4094 imaginem
3004 4018 3283 4076 hominum
3342 4015 3406 4070 ad
3467 4013 3660 4078 Deum,

2093 4111 2246 4197 juxta
2311 4117 2681 4193 proportionis
2726 4118 3000 4173 rationem
3057 4114 3111 4167 in
3171 4109 3406 4180 imagine
3459 4107 3661 4169 Patris,

2101 4219 2204 4272 hoc
2243 4226 2324 4270 est
2371 4211 2534 4273 Filio.
2587 4220 2645 4267 et
2681 4211 2918 4277 imagine
2951 4205 3095 4268 Filii,
3143 4203 3390 4258 videlicet
3431 4201 3660 4271 Spiritu,

2101 4304 2232 4359 velit
2260 4302 2556 4372 ‘acripere,
2595 4317 2699 4355 non
2743 4301 2914 4366 magis
2947 4297 3090 4368 quod
3123 4295 3268 4348 volet
3324 4333 3339 4357 ,
3387 4291 3660 4356 ostendet,

429 4423 612 4478 chium
653 4421 900 4477 scribens
934 4434 948 4471 :
987 4438 1005 4471 ι
1041 4417 1179 4484 Quia
1234 4417 1465 4487 Spiritus
1511 4427 1734 4472 sanctus
1762 4419 1992 4472 ostendit

2101 4412 2261 4468 quam
2311 4395 2504 4449 Filium
2551 4410 2578 4448 a
2636 4391 2810 4447 Patris
2862 4391 3096 4445 essentia
3149 4386 3451 4451 alienabit,
3491 4384 3669 4454 Spiri—

432 4512 485 4564 in
545 4512 726 4580 svipso
778 4508 1001 4576 Filium,
1049 4517 1101 4561 et
1159 4507 1495 4578 majestatem
1527 4508 1670 4577 ejus,
1709 4509 1847 4562 unde
1877 4524 2002 4578 pro-

429 4603 554 4666 diit,
609 4608 845 4664 constat,
891 4599 1016 4670 quia
1067 4608 1121 4653 et
1176 4596 1413 4669 Spiritus
1461 4608 1682 4654 sanctus
1752 4609 1894 4654 totus
1933 4615 2000 4654 ex

432 4703 548 4748 toto
581 4691 719 4746 Filio
763 4699 866 4747 est.
931 4689 999 4744 Et
1034 4690 1290 4759 quoniam
1331 4705 1495 4743 unum
1532 4697 1700 4743 totum
1729 4699 1812 4744 est
1843 4687 2002 4744 Pater

431 4797 484 4840 et
529 4783 716 4844 Filius,
779 4798 951 4852 neque
1002 4781 1145 4836 aliud
1211 4789 1292 4835 est
1365 4790 1536 4836 totum
1605 4779 1796 4845 Pater,
1853 4782 2000 4836 aliud

435 4888 606 4929 totuut
640 4875 845 4941 Filius;
872 4883 1035 4942 patet,
1067 4875 1192 4944 quia
1219 4890 1283 4928 ex
1314 4889 1420 4927 uno
1455 4883 1566 4927 toto
1592 4876 1753 4928 Patre
1785 4886 1837 4929 et
1863 4874 2001 4928 Filio

437 4967 671 5036 Spiritus
719 4977 938 5024 sanctus
992 4974 1094 5029 est,
1151 4975 1362 5019 servata
1422 4965 1630 5020 scilicet
1669 4966 2000 5022 discretione

434 5061 607 5116 Patris
640 5070 693 5115 et
724 5057 860 5113 Filii.
910 5077 932 5110 ›

503 5149 772 5216 Quoniam
825 5163 956 5203 vero
987 5147 1148 5203 etiam
1199 5147 1318 5201 viva
1368 5147 1561 5208 virtus,
1619 5157 1669 5200 et
1732 5147 1997 5200 naturalis

435 5253 597 5310 atque
646 5232 953 5296 essentialis
999 5238 1234 5294 cﬂlcacia
1272 5238 1463 5304 Patris,
1498 5247 1582 5291 Cal
1615 5237 1803 5302 Filius,
1835 5251 2000 5306 atque

437 5334 542 5387 hoc
575 5333 821 5396 omnino,
870 5332 1127 5402 quoniam
1165 5345 1229 5384 ex
1261 5330 1418 5384 Patre
1466 5339 1548 5384 est
1575 5333 1769 5397 (virtus
1801 5330 2001 5398 quippe

434 5428 488 5480 in
549 5436 768 5495 potente
809 5434 972 5494 atque
1002 5440 1065 5478 ex
1099 5431 1314 5492 potente
1344 5431 1426 5478 est
1451 5465 1465 5490 ,
1498 5421 1903 5490 efiicientiaquc
1932 5438 1998 5475 ex

435 5518 705 5572 efﬁciente
773 5519 1021 5586 prodit),
1055 5526 1305 5580 constat,
1338 5516 1463 5585 quia
1524 5516 1687 5569 ctiam
1767 5513 2002 5584 Spiritus

435 5603 557 5661 F.lii
606 5605 870 5660 naturalis
919 5615 1082 5675 atque
1130 5603 1433 5660 essentialis
1471 5604 1737 5670 efﬁcacia,
1798 5604 2001 5658 etriva

509 5789 550 5820 θ’
581 5787 733 5840 Joan.
771 5802 877 5853 im,
928 5785 1008 5838 η.
1089 5786 1129 5814 ³⁷
1160 5783 1322 5839 Hebr.
1359 5799 1397 5845 l,
1437 5784 1487 5836 5.

2102 4497 2330 4559 tumque
2373 4504 2401 4541 a
2457 4485 2592 4541 Filio
2645 4487 2882 4540 alienum
2948 4497 3124 4552 neque
3185 4481 3290 4535 sibi
3342 4477 3666 4533 naturaliter

2103 4583 2322 4637 insitum
2354 4579 2770 4650 blasphemabit.
2825 4575 3000 4629 Fateri
3022 4572 3164 4627 enim
3197 4581 3437 4642 cogetur,
3467 4567 3668 4623 Filium

2103 4678 2169 4730 ad
2217 4673 2430 4729 Patrem
2483 4671 2726 4726 eamdem
2788 4668 2989 4722 habere
3037 4664 3340 4730 rationem,
3371 4677 3532 4732 quam
3566 4663 3668 4714 ha-

2103 4769 2232 4823 bent
2269 4765 2463 4837 singuli
2489 4761 2773 4818 hominum
2808 4758 2876 4813 ad
2913 4757 3105 4812 Deum.

2178 4859 2376 4913 Verum
2465 4871 2528 4910 ex
2616 4852 2876 4924 praedicto
2973 4847 3271 4905 secundum

2108 4962 2469 5024 personarum
2521 4946 2733 5008 ordine,
2787 4945 2925 4996 ratio
2979 4940 3142 4995 etiam
3197 4932 3672 4992 consubstantiali-

2110 5048 2234 5100 tatis
2268 5051 2513 5113 apparet;
2555 5044 2770 5092 constat
2803 5035 2970 5097 enim,
3008 5031 3137 5101 quia
3170 5027 3312 5099 quod
3363 5041 3426 5080 ex
3451 5025 3662 5094 aliquo,

2105 5138 2191 5192 vel
2225 5151 2320 5200 pcr
2357 5134 2619 5202 aliquem,
2654 5127 2957 5183 secundum
2991 5122 3328 5192 mquivocum
3353 5132 3664 5192 processum

2106 5229 2302 5301 prodit,
2383 5225 2630 5281 eatndcm
2714 5219 2839 5276 inde
2913 5227 3162 5301 naturam
3244 5213 3430 5268 sumit.
3497 5208 3665 5277 Atqui

2105 5289 2384 5393 proprium
2423 5317 2596 5370 Patris
2623 5313 2819 5368 Filium
2867 5323 3010 5370 esse,
3037 5289 3108 5361 'ut
3137 5305 3228 5374 qui
3263 5317 3327 5358 ex
3366 5299 3668 5356 substantia

2107 5389 2253 5469 illius
2295 5410 2384 5473 sit,
2420 5406 2590 5461 sancti
2644 5404 2829 5458 Patres
2881 5405 3218 5454 asseverant.
3266 5391 3489 5461 Magnus
3523 5389 3666 5444 enim

2109 5505 2438 5562 Athanasius
2485 5499 2562 5553 ait
2605 5517 2619 5551 :
2674 5516 2692 5547 ι
2728 5494 2993 5561 Quoniam
3027 5488 3263 5543 Verbum
3293 5499 3389 5553 per
3419 5491 3669 5535 naturam

2114 5598 2392 5671 proprium
2436 5605 2518 5650 εει
2553 5589 2800 5646 essentia:
2836 5585 2950 5651 Dei,
3003 5598 3064 5639 ex
3102 5579 3222 5650 ipso
3271 5585 3432 5646 atque
3468 5572 3522 5628 in
3543 5571 3677 5642 ipso

3363 4839 3668 4914 processus
3741 4852 3752 4863 ·
