3984 6556
287 387 351 441 83
879 384 885 389 ‘
1240 368 1243 371 ’
1362 390 1758 449 ADVERSUS
1788 386 2102 447 Gttrcos
2146 387 2293 447 LIB.
2334 387 2416 447 tt.
3410 353 3419 361 ’
3461 374 3527 435 86

290 517 389 561 est.
440 529 460 559 ι
498 509 625 572 Quae
656 517 837 564 autem
876 510 940 564 de
993 510 1091 565 hoc
1125 510 1403 571 dicuntur,
1442 510 1673 577 plurima
1722 522 1843 561 cum
1877 501 1923 561 A
1952 505 2025 559 ait

291 602 395 651 sint
452 608 672 669 propter
728 601 1132 656 multitudinem
1159 645 1173 667 ,
1213 602 1552 665 omittimus,
1594 617 1687 669 per
1732 615 1853 668 quae

289 708 347 743 ex
409 693 531 755 ipso
590 706 732 758 esse,
795 702 853 747 ut
918 694 1171 763 proprius
1248 695 1318 749 sit
1374 693 1623 749 essentize
1687 690 1852 754 illius,

290 785 556 837 astruilur
590 799 617 835 a
668 786 880 839 sanctis
926 785 1204 839 Patribus.
1237 782 1411 854 Atque
1449 784 1573 837 hinc
1610 781 1853 852 dignosci

290 885 491 943 potest,
553 876 815 944 Spiritum
852 876 971 932 ideo
1022 875 1144 931 Filii
1203 877 1482 946 proprium
1544 875 1674 941 dici,
1728 874 1855 943 quia

287 981 350 1017 ex
378 965 619 1020 essentia
668 967 867 1034 ipsius,
904 982 1229 1037 rursumque
1265 982 1387 1021 eum
1423 967 1540 1021 ideo
1570 982 1632 1019 ex
1665 979 1854 1019 essen-

290 1055 360 1107 tia
421 1055 544 1109 Filii
601 1073 723 1112 esse
793 1058 1119 1122 asseverari,
1160 1060 1286 1128 quia
1342 1058 1486 1112 illius
1539 1056 1859 1113 substantiae

288 1147 565 1215 proprium
620 1164 741 1205 esse
796 1150 997 1204 bonum
1044 1159 1129 1205 est
1193 1167 1206 1204 :
1262 1150 1555 1220 procedere
1585 1150 1726 1203 enim
1758 1164 1854 1219 per

290 1239 482 1292 Filium
551 1241 876 1297 naturaliter
917 1240 1179 1311 Spiritum
1204 1280 1218 1306 ,
1252 1250 1310 1296 ut
1362 1240 1532 1311 ipsius
1555 1240 1858 1311 proprium,

288 1330 479 1383 lienus
539 1330 774 1401 Cyrillus
826 1332 1000 1396 dixit,
1057 1331 1288 1401 ideoque
1356 1330 1425 1385 ab
1489 1343 1554 1385 eo
1608 1330 1860 1398 accipere

288 1420 521 1483 iiii-itur,
580 1421 725 1490 quod
798 1436 895 1489 per
953 1419 1267 1491 hujusmodi
1345 1434 1662 1491 processum
1732 1433 1854 1474 esse

290 1509 525 1577 Spiritus
557 1520 782 1566 sanctus
816 1511 1112 1578 acceperit.
1468 1512 1486 1531 ‘

361 1600 592 1670 Magnus
626 1602 755 1655 item
790 1601 1127 1656 Athanasius
1154 1642 1167 1665 ,
1213 1601 1280 1656 de
1306 1601 1493 1656 eodem
1524 1640 1539 1666 ,
1594 1602 1647 1655 in
1686 1599 1862 1671 primo

288 1691 485 1744 Contra
514 1695 742 1746 Arianos
782 1708 798 1747 :
826 1712 845 1744 ε
880 1692 991 1747 Nisi
1024 1695 1191 1759 enim,
1225 1693 1419 1763 inquit,
1446 1702 1591 1748 esset
1622 1691 1859 1747 Verbum

290 1800 508 1851 germen
556 1788 833 1854 proprium
879 1788 1201 1842 substantia:
1238 1786 1435 1848 Patris.
1474 1789 1632 1858 quasi
1668 1791 1858 1859 splen-

290 1879 386 1930 dor
448 1878 611 1943 lucis,
666 1880 895 1935 distaret
956 1896 1083 1936 vero
1129 1890 1323 1936 natura
1384 1881 1552 1937 Filius
1600 1900 1631 1939 a
1688 1887 1866 1956 Patre,

293 1974 573 2027 siilﬁceret
647 1973 860 2030 Patrem
924 1977 1101 2031 solum
1175 1979 1325 2033 dare.
1367 1999 1385 2031 ι
1425 1979 1525 2035 Hic
1589 1983 1867 2053 proprium

294 2065 469 2118 Patris
530 2065 769 2121 Verbum
850 2068 945 2134 ait,
1006 2085 1103 2123 ceu
1164 2069 1510 2139 splendorem
1573 2072 1733 2130 lucis.
1800 2076 1870 2130 At

297 2160 557 2227 splendor
582 2176 647 2213 es
684 2176 847 2215 causa
886 2162 1022 2218 lucis
1054 2173 1155 2219 est.
1186 2164 1253 2218 Et
1297 2168 1573 2237 proprium
1606 2164 1774 2239 igitur
1807 2186 1874 2225 ex

298 2265 456 2303 causa
495 2265 620 2304 esse
662 2252 921 2307 ostendit.

367 2340 610 2396 Sanctus
640 2343 873 2414 Cyrillus
921 2362 1085 2415 super
1124 2347 1253 2402 illud
1295 2367 1307 2402 :
1351 2348 1483 2403 Cum
1519 2360 1690 2405 autem
1724 2367 1874 2405 vene-

300 2436 364 2484 rit
423 2433 742 2489 Paracletus
772 2436 816 2467 ³⁸
848 2478 863 2501 ,
903 2456 920 2487 ι
968 2437 1023 2492 Si
1059 2452 1188 2509 ergo
1213 2478 1229 2503 ,
1257 2441 1467 2509 inquit,
1504 2440 1743 2497 ofﬁcium
1772 2444 1875 2498 mi-

301 2524 454 2577 nistri
484 2523 687 2578 Fdium
721 2526 943 2596 implere
970 2530 1339 2596 arbitramini,
1371 2532 1608 2587 alienum
1646 2536 1748 2591 hoc
1771 2544 1874 2601 est,

298 2633 359 2669 ex
395 2616 508 2670 Deo
554 2628 609 2672 et
662 2619 822 2673 Patre
874 2621 1247 2689 procedentem
1296 2624 1578 2694 Spiritutu,
1633 2629 1725 2698 qui
1782 2644 1880 2699 per

302 2717 563 2762 naturam
648 2723 868 2766 sanctus
932 2722 1035 2775 est,
1123 2716 1279 2770 nobis
1366 2717 1709 2789 largicnlem,
1766 2737 1877 2777 non

301 2805 605 2857 secundum
648 2814 899 2861 naturam
945 2821 1167 2865 sanctus
1198 2821 1277 2864 est
1312 2811 1500 2879 Filius,
1528 2816 1619 2871 sed
1653 2818 1877 2886 partici-

302 2897 524 2963 patione
577 2898 723 2953 sicut
769 2909 824 2954 et
870 2915 991 2956 nos.
1048 2920 1065 2952 ι
1123 2901 1234 2956 [loc
1265 2920 1567 2974 exponens,
1603 2910 1745 2977 quod
1776 2912 1872 2975 ait,

301 2987 560 3055 alienum,
622 3006 687 3044 ex
740 2991 888 3057 Deo,
945 2994 1140 3064 inquit,
1191 3007 1244 3051 et
1275 2998 1431 3054 Patre
1464 3004 1875 3070 procedentem;

305 3092 408 3129 non
474 3088 764 3148 propterea
818 3083 1053 3137 alienum
1109 3086 1330 3153 dicens,
1383 3092 1510 3159 quia
1562 3108 1627 3148 ex
1683 3094 1791 3150 Deo
1822 3106 1876 3150 et

2091 525 2103 557 :
2148 523 2163 555 ‹
2246 504 2559 559 Ostenditur
2614 502 2911 561 evidenter.
2968 516 3072 554 non
3128 497 3361 552 alienum
3409 513 3529 553 esse

1963 612 1989 649 a
2050 595 2182 649 Filio
2246 594 2541 663 Spiritum,
2598 595 2691 650 sed
2761 596 2812 647 in
2866 593 2982 663 ipso
3069 601 3232 661 atque
3300 608 3362 646 ex
3414 592 3533 660 ipso

1964 702 2106 741 CSSC.
2164 706 2181 738 1
3285 727 3294 736 .

2034 780 2110 833 Ac
2141 794 2232 848 per
2262 778 2443 831 omnia
2481 776 2525 831 si
2558 776 2681 847 quis
2708 785 2952 830 sanctum
2989 774 3246 842 Cyrillum
3285 774 3537 830 observet

1965 872 2296 939 diligentius,
2330 871 2400 925 ita
2443 884 2569 925 eum
2598 884 2810 937 semper
2844 868 3079 923 inveniet
3104 866 3364 935 Spiritum
3403 883 3532 922 sau-

1965 974 2110 1020 ctum
2144 963 2420 1033 proprium
2453 977 2572 1017 esse
2599 961 2716 1015 Filii
2741 961 2940 1020 dicere.
2972 971 3029 1013 ut
3055 961 3145 1029 qui
3179 976 3246 1014 ex
3280 960 3397 1028 ipso
3437 960 3529 1020 sit.

1965 1063 2016 1107 et
2052 1054 2177 1122 quia
2206 1053 2344 1109 idem
2386 1062 2487 1117 est,
2522 1051 2783 1121 Spiritum
2824 1061 3072 1106 sanctum
3116 1052 3378 1120 Spiritum
3411 1067 3534 1105 esse

1964 1146 2084 1200 Filii
2138 1147 2338 1210 dicere,
2392 1155 2446 1199 et
2500 1145 2776 1213 proprium
2833 1145 3004 1212 ipsius
3058 1159 3181 1199 esse
3219 1162 3232 1208 ;
3270 1143 3533 1213 Spiritum

1966 1249 2145 1294 autem
2208 1240 2329 1294 Filii
2390 1237 2613 1293 relative
2645 1237 2747 1290 dici
2781 1277 2795 1300 ,
2822 1250 2984 1305 supra
3038 1244 3396 1291 monstratum
3428 1245 3532 1299 est;

1967 1332 2134 1386 sedet
2179 1344 2409 1400 magnus
2470 1328 2699 1385 Basilius
2760 1327 3012 1382 sufﬁcere
3080 1328 3155 1381 ait
3211 1337 3265 1381 et
3327 1328 3426 1379 hoc
3469 1328 3533 1379 ad

1966 1421 2086 1491 ejus
2151 1421 2507 1477 substantiam
2575 1419 2997 1483 insinuandain,
3075 1420 3214 1473 sicut
3270 1426 3325 1472 et
3392 1417 3536 1486 quod

1967 1528 2029 1567 ex
2085 1513 2190 1568 Deo
2218 1529 2336 1569 esse
2372 1513 2611 1577 dicitur;
2664 1512 3005 1580 Spiritusque
3061 1511 3127 1563 ad
3177 1510 3373 1563 Filium
3404 1524 3537 1577 pro-

1969 1608 2289 1678 prietatem,
2342 1620 2407 1659 ex
2467 1619 2532 1659 eo
2596 1605 2741 1673 quod
2792 1584 3047 1672 Spiritus
3120 1601 3240 1655 Filii
3301 1602 3536 1661 dicatur,

1968 1697 2242 1767 intelligit,
2278 1697 2420 1751 sicut
2453 1697 2516 1749 nd
2566 1696 2777 1751 Patrem
2817 1710 3059 1765 quoque,
3101 1693 3359 1762 quoniam
3411 1707 3530 1759 pro~

1971 1791 2117 1845 cedit
2198 1805 2263 1845 ex
2298 1788 2481 1842 Patre.
2564 1786 2952 1857 l’roprietatem
3017 1785 3159 1839 enim
3219 1786 3273 1837 in
3342 1783 3541 1837 divinis

1976 1880 2221 1951 personis
2274 1878 2440 1933 veluti
2468 1893 2644 1933 causm
2701 1888 2755 1931 et
2814 1879 3046 1931 causalis
3098 1877 3540 1931 communionem

1976 1973 2147 2043 accipi
2181 1971 2295 2026 vult
2328 1989 2342 2025 :
2377 1971 2469 2039 qui
2504 1980 2559 2024 et
2606 1970 2673 2024 ad
2706 1969 3145 2039 Amphilochium
3200 1967 3443 2023 scribens
3477 1967 3544 2018 de

1975 2075 2167 2120 sancto
2236 2062 2440 2134 Spiritu
2512 2061 2672 2127 dixit,
2724 2076 2830 2115 non
2896 2061 3023 2114 hinc
3091 2059 3267 2114 solum
3338 2068 3544 2111 natura:

1977 2162 2414 2217 communionem
2474 2158 2873 2220 demonstrari,
2924 2156 3018 2211 sed
3075 2156 3332 2224 quoniam
3380 2155 3541 2207 etiam

1977 2268 2042 2308 ex
2102 2253 2210 2307 Deo
2268 2266 2389 2307 esse
2439 2251 2669 2316 dicitur,
2726 2249 3079 2305 manifestum
3123 2259 3250 2309 est,
3313 2247 3441 2315 quia
3492 2254 3547 2298 et

1977 2345 2121 2415 quod
2200 2345 2401 2399 dicitur
2460 2342 2695 2413 Spiritus
2762 2343 3016 2411 proprius
3066 2338 3213 2402 Filii,
3271 2339 3382 2392 haec
3428 2352 3546 2390 uin--

1978 2437 2068 2491 nia
2128 2436 2260 2499 vult;
2310 2436 2437 2505 quia
2487 2436 2630 2489 enim
2693 2434 2745 2487 in
2801 2433 2998 2487 divinis
3057 2430 3345 2501 personis,
3397 2430 3545 2498 quod

1979 2531 2179 2585 dicitur
2236 2529 2338 2581 hoc
2387 2527 2569 2594 hujus,
2620 2526 3010 2601 propriumque
3055 2524 3160 2577 hoc
3190 2522 3353 2592 hujus
3399 2536 3542 2581 esse.

1980 2632 2189 2697 remota
2211 2620 2432 2674 materia
2450 2620 2809 2686 omnibusque
2831 2618 2977 2671 illam
3006 2632 3035 2670 e
3055 2615 3284 2684 vestigio
3311 2627 3545 2682 sequen-

1981 2716 2147 2779 tibus,
2167 2730 2341 2784 neque
2361 2723 2419 2768 ut
2438 2712 2764 2780 membrum,
2781 2724 2955 2780 neque
2975 2719 3032 2763 ut
3056 2708 3349 2778 possessio,
3372 2720 3547 2775 neque

1983 2806 2282 2864 secundum
2334 2806 2496 2860 ullam
2551 2801 2949 2867 excellentiam,
3002 2810 3168 2870 atque
3231 2797 3548 2868 hujusmodi

1980 2899 2363 2969 proprietatem
2472 2896 2717 2961 dicitur,
2781 2894 2956 2948 solum
3046 2907 3175 2945 vero
3244 2890 3545 2944 secundum

1981 3005 2200 3045 causam
2257 2998 2311 3042 et
2362 2987 2599 3051 causale;
2672 2999 2780 3055 quo
2838 2984 2954 3039 solo
2998 2982 3225 3037 alterum
3285 2979 3350 3033 ab
3379 2979 3550 3032 altero

1981 3081 2242 3151 distingui
2317 3096 2379 3136 ac
2448 3077 2680 3133 discerni
2762 3074 3244 3146 deprehendimus,
3310 3076 3548 3131 constat,

305 3167 464 3221 Patre
534 3171 627 3232 sit,
674 3170 769 3225 sed
808 3175 936 3242 quia
987 3190 1095 3228 non
1143 3178 1302 3231 sitex
1356 3178 1512 3235 Filio.
1576 3181 1633 3236 Si
1684 3183 1870 3255 igitur,

1984 3176 2126 3245 quia,
2191 3182 2246 3229 et
2297 3171 2443 3243 quod
2505 3171 2702 3226 dicitur
2754 3170 3032 3239 proprium
3101 3164 3223 3219 Filii
3285 3163 3548 3232 Spiritum

306 3262 766 3326 quemadmodum
798 3264 1072 3333 proprium
1096 3275 1176 3321 est
1210 3268 1463 3337 hominis,
1497 3274 1641 3342 quod
1677 3292 1743 3329 ex
1768 3277 1885 3346 ipso

307 3352 609 3405 secundum
639 3356 884 3409 naturam
906 3366 1090 3411 natum
1118 3358 1298 3422 fuerit,
1321 3361 1391 3415 ita
1410 3370 1462 3416 et
1484 3365 1757 3434 proprium
1790 3368 1883 3423 Dei

309 3451 409 3505 est,
443 3444 593 3510 quod
620 3461 681 3499 ex
707 3445 822 3516 ejus
841 3449 1070 3502 essentia
1093 3459 1205 3517 est;
1225 3451 1424 3505 dicitur
1449 3466 1626 3510 autem
1650 3457 1885 3527 Spiritus

311 3537 563 3603 proprius
598 3534 739 3603 Filii,
767 3537 1039 3608 quomodo
1066 3558 1175 3595 non
1222 3543 1339 3598 ideo
1366 3546 1616 3616 proprius
1660 3549 1880 3615 dicitur,

312 3631 575 3687 quoniam
617 3645 683 3682 ex
727 3630 844 3699 ipso
869 3632 991 3686 est?
1035 3632 1091 3688 Si
1135 3634 1276 3688 enim
1302 3650 1365 3690 ex
1397 3637 1514 3706 ipso
1544 3654 1651 3694 non
1682 3649 1785 3709 est,
1815 3644 1883 3699 ab

312 3722 429 3789 ipso
476 3721 691 3775 alienus
728 3723 855 3788 erit,
911 3723 1011 3778 etsi
1055 3739 1160 3778 non
1197 3727 1265 3779 sit
1314 3743 1342 3781 a
1371 3726 1530 3784 Patre
1578 3731 1810 3788 alienus.

382 3813 450 3865 Et
518 3812 650 3866 illud
708 3823 887 3869 autem
948 3816 1112 3871 simul
1166 3820 1495 3886 ostenditur,
1546 3825 1716 3893 quod,
1780 3827 1885 3882 nisi

312 3916 463 3959 esset
512 3922 575 3959 ex
631 3905 790 3969 Filio,
839 3906 1073 3961 ministri
1136 3908 1315 3966 ol‘iirio
1363 3912 1532 3969 Filius
1566 3914 1880 3986 fungeretur

315 3999 458 4065 apud
506 3996 744 4053 Patrem.
782 3996 906 4053 "me
932 4000 1075 4054 enim
1129 4012 1312 4071 aperte
1359 4021 1522 4075 supra
1567 4007 1678 4075 jam
1735 4010 1880 4063 dicta

315 4101 466 4144 sunt.
530 4090 730 4146 Beatus
782 4102 962 4145 autem
1019 4092 1251 4162 Cyrillus
1294 4096 1635 4152 manifestius
1680 4107 1736 4153 et
1763 4101 1884 4155 aliis

318 4184 368 4234 in
427 4182 566 4236 locis
629 4182 746 4237 tunc
802 4182 979 4245 ponit.
1034 4181 1172 4238 Nam
1237 4185 1288 4237 in
1332 4188 1671 4255 expositione
1716 4187 1885 4247 Joclis

319 4275 636 4343 prophetae,
674 4294 692 4323 ι
731 4274 984 4343 Proprius
1039 4275 1175 4344 ejus,
1226 4276 1419 4347 inquit,
1456 4276 1506 4332 id
1538 4289 1619 4334 cst
1650 4279 1792 4345 Filii,
1832 4294 1885 4338 et

322 4366 372 4415 in
434 4365 572 4432 ipso,
636 4375 689 4419 et
713 4381 778 4419 ex
818 4366 935 4434 ipso
991 4365 1222 4436 Spiritus
1262 4377 1364 4433 cst,
1422 4371 1881 4439 quemadmodum

322 4458 531 4511 scilicet
562 4458 727 4510 etiam
778 4457 878 4526 ipsi
928 4456 1035 4510 Deo
1090 4466 1143 4512 et
1194 4458 1334 4513 Patri
1361 4459 1700 4532 intelligitur.
1750 4483 1768 4515 ι
1804 4467 1881 4519 Ac

326 4564 522 4601 rursus
586 4550 640 4601 in
696 4548 946 4603 laudibus
991 4548 1283 4604 Theodosii
1338 4552 1620 4623 principis,
1658 4574 1676 4607 ι
1707 4555 1894 4627 Bapti—
1925 4538 1969 4592 Ῑ)
2000 4553 2381 4624 proprietatem
2472 4543 3049 4605 consubstantialitas,
3108 4542 3247 4595 sicut
3292 4548 3343 4593 et

324 4637 563 4704 mntem,
622 4640 818 4709 inquit,
868 4638 1051 4694 Jcsum
1111 4641 1161 4692 in
1191 4640 1336 4709 igne,
1387 4659 1495 4697 non
1531 4645 1764 4701 alienum
1798 4649 1896 4702 im-

328 4731 1016 4800 mittentem.Spiritum,
1093 4733 1234 4786 servi
1319 4733 1562 4801 scilicet,
1655 4738 1894 4794 ministri

328 4823 546 4885 ol‘ticio;
582 4822 697 4885 sed,
720 4832 780 4877 ut
806 4823 968 4877 Deum
1003 4839 1124 4877 cuiu
1153 4840 1364 4877 summa
1437 4833 1723 4895 potestate,
1768 4843 1890 4884 cum

331 4917 422 4983 qui
456 4930 516 4967 ex
550 4927 608 4969 se
637 4923 777 4977 erat,
807 4929 871 4968 ac
899 4915 1101 4984 proprii
1128 4915 1233 4968 sui.
1270 4935 1288 4966 ι

406 5010 615 5063 ttursus
681 5025 844 5078 super
864 5009 1091 5064 Joannis
1130 5008 1444 5079 Evangelia,
1496 5030 1514 5063 ι
1555 5011 1897 5068 Naturalium

334 5104 504 5164 enim,
558 5102 757 5169 inquit,
816 5100 911 5156 Dei
968 5120 1028 5155 ac
1064 5100 1241 5158 Patris
1300 5104 1566 5158 bonorum
1626 5107 1805 5162 socius
1851 5115 1905 5161 et

336 5208 561 5247 consors
625 5192 800 5247 Filius
854 5195 1213 5249 essentialiler
1283 5212 1405 5250 cum
1470 5197 1580 5260 sit,
1642 5198 1902 5267 Spiritum

336 5285 519 5337 habet.
559 5304 575 5335 ι
620 5285 695 5338 Ac
731 5294 852 5353 post
891 5300 1062 5355 pauca
1116 5304 1128 5339 :
1170 5306 1186 5336 ι
1232 5287 1385 5341 Sicut
1432 5297 1487 5342 et
1518 5288 1752 5358 quisque
1805 5305 1899 5342 no-

340 5385 512 5427 strum
548 5375 824 5443 prepriuzn
857 5374 910 5429 iu
939 5378 1120 5446 seipso
1144 5377 1404 5447 Spiritum
1438 5378 1702 5441 continet,
1737 5389 1903 5448 atque

342 5482 405 5518 ex
482 5467 687 5521 intimis
766 5467 1067 5523 visceribus
1134 5466 1198 5523 ad
1270 5469 1532 5523 exteriora
1604 5469 1899 5538 profundit.

345 5557 553 5612 idcirco
605 5560 752 5613 enim
813 5560 974 5613 etiam
1027 5561 1380 5630 corporaliter
1438 5560 1733 5616 insuﬂlavit
1776 5578 1900 5617 eum

346 5648 523 5703 Iesus.
573 5667 590 5699 ι
656 5650 797 5704 Idem
858 5651 913 5705 in
964 5652 1196 5721 quodam
1256 5666 1373 5721 cap.
1422 5650 1478 5704 ll
1534 5650 1783 5707 Thesauri
1826 5653 1903 5707 sic

434 5830 475 5860 "
507 5828 661 5885 Joan.
695 5847 783 5897 xv,
822 5832 910 5888 26.

1987 3281 2148 3332 esse,
2212 3263 2507 3320 secundum
2582 3262 2721 3315 hanc
2792 3261 2960 3314 solazu
3034 3273 3212 3312 causr
3274 3258 3538 3309 rationem

1988 3356 2160 3426 accipi
2222 3363 2435 3424 potest,
2489 3353 2722 3405 maxime
2801 3366 2921 3404 cum
2981 3349 3324 3419 apertissime
3373 3346 3546 3400 sancti

1986 3456 2323 3511 asseverent,
2409 3444 2604 3498 Filium
2675 3442 2893 3512 quidem
2975 3440 3253 3510 proprium
3348 3437 3548 3499 Patris,

1986 3537 2245 3611 quoniam
2274 3555 2338 3593 ex
2369 3538 2489 3608 ipso
2514 3545 2616 3600 est;
2654 3535 2915 3604 Spiritum
2946 3548 3071 3587 vero
3104 3531 3378 3601 proprium
3409 3529 3551 3594 Filii,

1987 3642 2047 3686 ut
2098 3634 2188 3703 qui
2217 3632 2271 3687 in
2312 3632 2429 3702 ipso
2483 3639 2536 3685 et
2566 3644 2659 3698 per
2703 3629 2877 3697 ipsum
2926 3625 3259 3679 naturaliter
3293 3622 3544 3692 prodeat,

1987 3733 2149 3794 atque
2222 3738 2289 3778 ex
2360 3724 2477 3793 ipso
2524 3722 2612 3787 sit;
2656 3719 2802 3790 quod
2861 3718 3133 3788 signiﬁcat
3187 3724 3241 3769 et
3308 3714 3427 3767 Filii
3484 3713 3550 3766 ad

1988 3817 2224 3881 Patrem,
2275 3828 2328 3871 et
2384 3815 2618 3885 Spiritus
2674 3811 2738 3867 ad
2786 3808 2978 3864 Filium
3026 3805 3559 3863 consubstantialita-

1988 3922 2119 3967 tem.
2161 3908 2348 3979 Neque
2406 3908 2574 3972 enim,
2625 3904 2881 3975 quoniam
2933 3898 3415 3958 consubstantialis
3455 3906 3556 3961 est,

1988 4004 2107 4058 ideo
2166 4005 2325 4067 etiam
2377 4017 2444 4056 ex
2502 4002 2622 4069 ipso
2669 4009 2773 4062 est,
2835 3994 3322 4052 consubstantialis
3359 3993 3561 4061 quippe

1988 4096 2220 4157 ratione,
2262 4108 2431 4146 unum
2468 4101 2616 4149 sunt.
2667 4090 2960 4158 nullusque
2985 4086 3119 4141 ordo
3146 4128 3160 4153 ,
3194 4100 3289 4139 seu
3320 4083 3560 4144 habitus,

1992 4201 2087 4242 seu
2131 4197 2419 4253 processus
2468 4180 2789 4251 inspicitur,
2825 4179 2950 4248 quia
2997 4193 3105 4231 una
3159 4175 3394 4230 essentia
3456 4183 3559 4236 est,

1989 4287 2267 4343 unumque
2321 4272 2451 4325 illud
2484 4271 2786 4326 secundum
2820 4282 2879 4322 se
2916 4266 3259 4319 individuum
3301 4272 3406 4327 est,
3467 4264 3561 4316 sed

1990 4366 2247 4437 quoniam
2279 4380 2341 4417 ex
2376 4363 2493 4433 ipso
2522 4372 2626 4430 est,
2660 4358 2861 4416 idcirco
2884 4359 3044 4413 etiam
3076 4354 3560 4410 consubstantialis

1991 4468 2076 4516 est
2109 4476 2122 4511 :
2159 4456 2407 4526 sequitur
2454 4455 2596 4509 enim
2646 4450 2956 4523 hujusmodi
2985 4463 3184 4508 causae.
3217 4444 3561 4512 PalIS‘JllST‘lltt‘.

3446 4537 3563 4590 Filii

2004 4659 2224 4705 nomen,
2285 4640 2583 4696 secundum
2641 4654 2698 4692 se
2723 4635 2939 4707 quidem
2986 4649 3298 4704 processum
3332 4630 3564 4697 alivujus

2000 4754 2066 4793 ex
2103 4736 2285 4804 aliquo
2341 4729 2713 4802 principaliter
2767 4728 2975 4783 indicat
3008 4726 3060 4779 in
3112 4727 3300 4778 eadem
3357 4725 3573 4792 specie.-

2001 4834 2398 4896 cimsequenter
2496 4837 2624 4876 vero
2708 4817 3329 4875 consubstantialitatem
3425 4831 3565 4869 esse.

1999 4919 2157 4979 Nam,
2213 4914 2359 4986 quod
2401 4914 2472 4969 ita
2524 4912 2798 4984 procedit,
2856 4914 3166 4965 necessario
3203 4909 3366 4963 etiam
3439 4923 3570 4960 con—

1999 5005 2364 5066 substantiale
2421 5013 2523 5058 est.

2073 5100 2257 5169 Itaque
2288 5096 2341 5151 id
2373 5094 2612 5165 quidem,
2636 5089 2781 5163 quod
2801 5091 2998 5146 dicitur
3029 5088 3173 5146 istud
3200 5102 3265 5143 ex
3293 5088 3395 5141 isto
3424 5102 3565 5147 essm

2004 5203 2065 5249 ut
2088 5206 2248 5249 causa
2278 5190 2566 5259 accipitur,
2600 5202 2759 5255 porro
2783 5185 2924 5256 quod
2956 5186 3058 5240 ista
3083 5192 3298 5254 propter
3324 5182 3537 5249 ejusmo
3557 5207 3570 5217 -

2010 5286 2058 5338 ili
2090 5296 2402 5354 processum
2442 5280 2805 5350 arquivocum,
2856 5273 3349 5331 consubstantialia
3412 5278 3562 5331 sunt,

2010 5386 2065 5430 ut
2096 5374 2313 5429 causale
2369 5381 2498 5436 est;
2552 5385 2727 5438 neque
2766 5366 2908 5421 enim
2945 5380 3188 5429 causam,
3246 5372 3303 5417 ut
3351 5362 3571 5415 causale

2012 5482 2210 5539 ponere
2245 5474 2477 5533 oportet,
2516 5464 2657 5532 quod
2709 5462 2928 5531 quidam
2953 5457 3399 5513 irrationabiliter
3437 5455 3570 5509 lat-i-

2012 5569 2154 5623 unt,
2200 5557 2437 5612 dicentes
2502 5564 2718 5624 propter
2769 5552 3385 5608 consubstantialitatem
3460 5548 3565 5600 diri

2016 5649 2205 5704 Filium
2268 5649 2547 5718 preprium
2608 5644 2807 5710 Patris,
2866 5654 2921 5698 et
2974 5644 3236 5713 Spiritum
3291 5642 3568 5712 proprium
