  <div class='ocr_page' id='page_1' title='image "/cluster/home/n/w/nwhite01/storage/ocr_20150623/152/hvd.32044019208404/053.png"; bbox 0 0 4010 6564; ppageno 0'>
   <div class='ocr_carea' id='block_1_1' title="bbox 466 305 3715 423">
    <p class='ocr_par' dir='ltr' id='par_1_1' title="bbox 466 305 3715 423">
     <span class='ocr_line' id='line_1_1' title="bbox 466 305 3715 423; baseline 0.019 -60"><span class='ocrx_word' id='word_1_1' title='bbox 466 305 532 364; x_wconf 64' lang='lat' dir='ltr'><strong>t7</strong></span> <span class='ocrx_word' id='word_1_2' title='bbox 1729 328 2121 392; x_wconf 79' lang='lat' dir='ltr'><strong>MANUELIS</strong></span> <span class='ocrx_word' id='word_1_3' title='bbox 2153 337 2458 423; x_wconf 57' lang='lat' dir='ltr'><strong>ensem</strong></span> <span class='ocrx_word' id='word_1_4' title='bbox 3644 349 3715 410; x_wconf 82' lang='lat'>88</span> 
     </span>
    </p>
   </div>
   <div class='ocr_carea' id='block_1_2' title="bbox 466 418 3717 527">
    <p class='ocr_par' dir='ltr' id='par_1_2' title="bbox 466 418 3717 527">
     <span class='ocr_line' id='line_1_2' title="bbox 466 418 3717 527; baseline 0.01 -44"><span class='ocrx_word' id='word_1_5' title='bbox 466 418 588 471; x_wconf 50' lang='lat' dir='ltr'><strong>Filii</strong></span> <span class='ocrx_word' id='word_1_6' title='bbox 630 436 645 485; x_wconf 84' lang='grc'>;</span> <span class='ocrx_word' id='word_1_7' title='bbox 679 431 726 474; x_wconf 69' lang='grc'><strong>(⁸1</strong></span> <span class='ocrx_word' id='word_1_8' title='bbox 766 419 963 476; x_wconf 59' lang='lat' dir='ltr'><strong>“ium</strong></span> <span class='ocrx_word' id='word_1_9' title='bbox 997 426 1217 493; x_wconf 60' lang='lat' dir='ltr'><strong>quidem</strong></span> <span class='ocrx_word' id='word_1_10' title='bbox 1252 428 1566 499; x_wconf 69' lang='lat' dir='ltr'><strong>imaginem.</strong></span> <span class='ocrx_word' id='word_1_11' title='bbox 1594 435 1889 505; x_wconf 66' lang='grc' dir='ltr'><strong>νίνειηιιιιθ</strong></span> <span class='ocrx_word' id='word_1_12' title='bbox 1926 442 2036 494; x_wconf 68' lang='grc' dir='ltr'><strong>νῖν·</strong></span> <span class='ocrx_word' id='word_1_13' title='bbox 2064 445 2112 504; x_wconf 82' lang='grc' dir='ltr'><strong>Α</strong></span> <span class='ocrx_word' id='word_1_14' title='bbox 2144 418 2321 518; x_wconf 78' lang='lat' dir='ltr'><strong>neque</strong></span> <span class='ocrx_word' id='word_1_15' title='bbox 2352 466 2594 523; x_wconf 79' lang='lat' dir='ltr'><strong>unquam</strong></span> <span class='ocrx_word' id='word_1_16' title='bbox 2630 454 2841 509; x_wconf 76' lang='lat' dir='ltr'><strong>dicetur</strong></span> <span class='ocrx_word' id='word_1_17' title='bbox 2875 454 2945 509; x_wconf 88' lang='lat' dir='ltr'><strong>ab</strong></span> <span class='ocrx_word' id='word_1_18' title='bbox 2976 456 3063 510; x_wconf 85' lang='lat' dir='ltr'><strong>his</strong></span> <span class='ocrx_word' id='word_1_19' title='bbox 3106 455 3199 526; x_wconf 85' lang='lat' dir='ltr'><strong>qui</strong></span> <span class='ocrx_word' id='word_1_20' title='bbox 3232 457 3316 527; x_wconf 89' lang='lat' dir='ltr'><strong>pie</strong></span> <span class='ocrx_word' id='word_1_21' title='bbox 3348 468 3401 512; x_wconf 89' lang='lat' dir='ltr'><strong>et</strong></span> <span class='ocrx_word' id='word_1_22' title='bbox 3452 458 3717 515; x_wconf 79' lang='lat' dir='ltr'><strong>catholico</strong></span> 
     </span>
    </p>
   </div>
   <div class='ocr_carea' id='block_1_3' title="bbox 459 515 2043 600">
    <p class='ocr_par' dir='ltr' id='par_1_3' title="bbox 459 515 2043 600">
     <span class='ocr_line' id='line_1_3' title="bbox 459 515 2043 600; baseline 0.016 -37"><span class='ocrx_word' id='word_1_23' title='bbox 459 517 654 578; x_wconf 86' lang='lat' dir='ltr'><strong>tutem,</strong></span> <span class='ocrx_word' id='word_1_24' title='bbox 677 522 729 567; x_wconf 88' lang='lat' dir='ltr'><strong>et</strong></span> <span class='ocrx_word' id='word_1_25' title='bbox 752 515 1182 573; x_wconf 72' lang='lat' dir='ltr'><strong>substantialiter</strong></span> <span class='ocrx_word' id='word_1_26' title='bbox 1205 519 1422 575; x_wconf 89' lang='lat' dir='ltr'><strong>insitam</strong></span> <span class='ocrx_word' id='word_1_27' title='bbox 1448 527 1818 594; x_wconf 86' lang='lat' dir='ltr'><strong>operationem</strong></span> <span class='ocrx_word' id='word_1_28' title='bbox 1846 529 2043 600; x_wconf 87' lang='lat' dir='ltr'><strong>Patris;</strong></span> 
     </span>
    </p>
   </div>
   <div class='ocr_carea' id='block_1_4' title="bbox 463 603 2043 693">
    <p class='ocr_par' dir='ltr' id='par_1_4' title="bbox 463 603 2043 693">
     <span class='ocr_line' id='line_1_4' title="bbox 463 603 2043 693; baseline 0.016 -36"><span class='ocrx_word' id='word_1_29' title='bbox 463 603 727 674; x_wconf 88' lang='lat' dir='ltr'><strong>Spiritum</strong></span> <span class='ocrx_word' id='word_1_30' title='bbox 782 625 909 666; x_wconf 79' lang='lat' dir='ltr'><strong>vero</strong></span> <span class='ocrx_word' id='word_1_31' title='bbox 941 611 1228 683; x_wconf 75' lang='lat' dir='ltr'><strong>imaginem</strong></span> <span class='ocrx_word' id='word_1_32' title='bbox 1272 614 1417 681; x_wconf 83' lang='lat' dir='ltr'><strong>Filii,</strong></span> <span class='ocrx_word' id='word_1_33' title='bbox 1453 627 1509 673; x_wconf 89' lang='lat' dir='ltr'><strong>et</strong></span> <span class='ocrx_word' id='word_1_34' title='bbox 1536 621 1819 693; x_wconf 83' lang='lat' dir='ltr'><strong>virtutem,</strong></span> <span class='ocrx_word' id='word_1_35' title='bbox 1854 637 1910 682; x_wconf 90' lang='lat' dir='ltr'><strong>et</strong></span> <span class='ocrx_word' id='word_1_36' title='bbox 1943 643 2043 681; x_wconf 89' lang='lat' dir='ltr'><strong>na-</strong></span> 
     </span>
    </p>
   </div>
   <div class='ocr_carea' id='block_1_5' title="bbox 463 696 2040 773">
    <p class='ocr_par' dir='ltr' id='par_1_5' title="bbox 463 696 2040 773">
     <span class='ocr_line' id='line_1_5' title="bbox 463 696 2040 773; baseline 0.016 -25"><span class='ocrx_word' id='word_1_37' title='bbox 463 696 693 752; x_wconf 86' lang='lat' dir='ltr'><strong>turalem</strong></span> <span class='ocrx_word' id='word_1_38' title='bbox 760 700 1156 768; x_wconf 73' lang='lat' dir='ltr'><strong>operationem,</strong></span> <span class='ocrx_word' id='word_1_39' title='bbox 1221 714 1275 759; x_wconf 90' lang='lat' dir='ltr'><strong>et</strong></span> <span class='ocrx_word' id='word_1_40' title='bbox 1327 708 1762 769; x_wconf 88' lang='lat' dir='ltr'><strong>substantialiter</strong></span> <span class='ocrx_word' id='word_1_41' title='bbox 1823 717 2040 773; x_wconf 75' lang='lat' dir='ltr'><strong>insitam</strong></span> 
     </span>
    </p>
   </div>
   <div class='ocr_carea' id='block_1_6' title="bbox 461 786 2043 880">
    <p class='ocr_par' dir='ltr' id='par_1_6' title="bbox 461 786 2043 880">
     <span class='ocr_line' id='line_1_6' title="bbox 461 786 2043 880; baseline 0.016 -39"><span class='ocrx_word' id='word_1_42' title='bbox 461 786 660 858; x_wconf 84' lang='lat' dir='ltr'><strong>ipsius;</strong></span> <span class='ocrx_word' id='word_1_43' title='bbox 698 791 814 845; x_wconf 62' lang='lat' dir='ltr'><strong>haec</strong></span> <span class='ocrx_word' id='word_1_44' title='bbox 840 793 982 846; x_wconf 89' lang='lat' dir='ltr'><strong>enim</strong></span> <span class='ocrx_word' id='word_1_45' title='bbox 1003 796 1196 851; x_wconf 91' lang='lat' dir='ltr'><strong>.omnia</strong></span> <span class='ocrx_word' id='word_1_46' title='bbox 1230 814 1448 856; x_wconf 80' lang='lat' dir='ltr'><strong>causam</strong></span> <span class='ocrx_word' id='word_1_47' title='bbox 1478 814 1533 858; x_wconf 88' lang='lat' dir='ltr'><strong>et</strong></span> <span class='ocrx_word' id='word_1_48' title='bbox 1569 809 1791 863; x_wconf 86' lang='lat' dir='ltr'><strong>causale</strong></span> <span class='ocrx_word' id='word_1_49' title='bbox 1824 810 2043 880; x_wconf 86' lang='lat' dir='ltr'><strong>signare</strong></span> 
     </span>
    </p>
   </div>
   <div class='ocr_carea' id='block_1_7' title="bbox 458 882 2037 972">
    <p class='ocr_par' dir='ltr' id='par_1_7' title="bbox 458 882 2037 972">
     <span class='ocr_line' id='line_1_7' title="bbox 458 882 2037 972; baseline 0.014 -37"><span class='ocrx_word' id='word_1_50' title='bbox 458 896 488 935; x_wconf 89' lang='lat' dir='ltr'><strong>a</strong></span> <span class='ocrx_word' id='word_1_51' title='bbox 529 882 1025 943; x_wconf 28' lang='lat' dir='ltr'><strong>sanctis‘i‘atrihus</strong></span> <span class='ocrx_word' id='word_1_52' title='bbox 1056 899 1335 947; x_wconf 85' lang='lat' dir='ltr'><strong>ostensum</strong></span> <span class='ocrx_word' id='word_1_53' title='bbox 1376 905 1503 962; x_wconf 88' lang='lat' dir='ltr'><strong>est;</strong></span> <span class='ocrx_word' id='word_1_54' title='bbox 1562 900 1845 968; x_wconf 90' lang='lat' dir='ltr'><strong>proprium</strong></span> <span class='ocrx_word' id='word_1_55' title='bbox 1874 904 2037 972; x_wconf 73' lang='lat' dir='ltr'><strong>quip~</strong></span> 
     </span>
    </p>
   </div>
   <div class='ocr_carea' id='block_1_8' title="bbox 462 973 2036 1064">
    <p class='ocr_par' dir='ltr' id='par_1_8' title="bbox 462 973 2036 1064">
     <span class='ocr_line' id='line_1_8' title="bbox 462 973 2036 1064; baseline 0.015 -38"><span class='ocrx_word' id='word_1_56' title='bbox 462 987 528 1040; x_wconf 83' lang='lat' dir='ltr'><strong>pe</strong></span> <span class='ocrx_word' id='word_1_57' title='bbox 558 973 770 1041; x_wconf 87' lang='lat' dir='ltr'><strong>dicunt,</strong></span> <span class='ocrx_word' id='word_1_58' title='bbox 796 979 1056 1047; x_wconf 90' lang='lat' dir='ltr'><strong>quoniam</strong></span> <span class='ocrx_word' id='word_1_59' title='bbox 1087 996 1153 1036; x_wconf 76' lang='lat' dir='ltr'><strong>ex</strong></span> <span class='ocrx_word' id='word_1_60' title='bbox 1188 984 1309 1054; x_wconf 91' lang='lat' dir='ltr'><strong>ipso</strong></span> <span class='ocrx_word' id='word_1_61' title='bbox 1337 996 1422 1041; x_wconf 88' lang='lat' dir='ltr'><strong>est</strong></span> <span class='ocrx_word' id='word_1_62' title='bbox 1448 1003 1463 1052; x_wconf 91' lang='lat'><strong>;</strong></span> <span class='ocrx_word' id='word_1_63' title='bbox 1522 998 1575 1042; x_wconf 93' lang='lat' dir='ltr'><strong>et</strong></span> <span class='ocrx_word' id='word_1_64' title='bbox 1597 991 1701 1044; x_wconf 88' lang='lat' dir='ltr'><strong>alia</strong></span> <span class='ocrx_word' id='word_1_65' title='bbox 1732 1008 1852 1063; x_wconf 82' lang='lat' dir='ltr'><strong>quae</strong></span> <span class='ocrx_word' id='word_1_66' title='bbox 1877 1010 2036 1064; x_wconf 85' lang='lat' dir='ltr'><strong>supra</strong></span> 
     </span>
    </p>
   </div>
   <div class='ocr_carea' id='block_1_9' title="bbox 456 1063 767 1129">
    <p class='ocr_par' dir='ltr' id='par_1_9' title="bbox 456 1063 767 1129">
     <span class='ocr_line' id='line_1_9' title="bbox 456 1063 767 1129; baseline 0.035 -17"><span class='ocrx_word' id='word_1_67' title='bbox 456 1063 767 1129; x_wconf 82' lang='lat' dir='ltr'><strong>posuimus.</strong></span> 
     </span>
    </p>
   </div>
   <div class='ocr_carea' id='block_1_10' title="bbox 528 1199 2033 1281">
    <p class='ocr_par' dir='ltr' id='par_1_10' title="bbox 528 1199 2033 1281">
     <span class='ocr_line' id='line_1_10' title="bbox 528 1199 2033 1281; baseline 0.015 -26"><span class='ocrx_word' id='word_1_68' title='bbox 528 1199 845 1260; x_wconf 81' lang='lat' dir='ltr'><strong>Attestatur</strong></span> <span class='ocrx_word' id='word_1_69' title='bbox 867 1207 952 1264; x_wconf 89' lang='lat' dir='ltr'><strong>his</strong></span> <span class='ocrx_word' id='word_1_70' title='bbox 993 1226 1222 1281; x_wconf 86' lang='lat' dir='ltr'><strong>magnus</strong></span> <span class='ocrx_word' id='word_1_71' title='bbox 1262 1213 1495 1271; x_wconf 78' lang='lat' dir='ltr'><strong>Basilius</strong></span> <span class='ocrx_word' id='word_1_72' title='bbox 1526 1217 1579 1271; x_wconf 90' lang='lat' dir='ltr'><strong>in</strong></span> <span class='ocrx_word' id='word_1_73' title='bbox 1612 1234 1865 1275; x_wconf 74' lang='lat' dir='ltr'><strong>sermone</strong></span> <span class='ocrx_word' id='word_1_74' title='bbox 1895 1219 2033 1277; x_wconf 86' lang='lat' dir='ltr'><strong>Con-</strong></span> 
     </span>
    </p>
   </div>
   <div class='ocr_carea' id='block_1_11' title="bbox 460 1293 2037 1395">
    <p class='ocr_par' dir='ltr' id='par_1_11' title="bbox 460 1293 2037 1395">
     <span class='ocr_line' id='line_1_11' title="bbox 460 1293 2037 1395; baseline 0.017 -51"><span class='ocrx_word' id='word_1_75' title='bbox 460 1301 547 1346; x_wconf 79' lang='lat' dir='ltr'><strong>tra</strong></span> <span class='ocrx_word' id='word_1_76' title='bbox 579 1293 866 1352; x_wconf 85' lang='lat' dir='ltr'><strong>Sabellium</strong></span> <span class='ocrx_word' id='word_1_77' title='bbox 911 1311 958 1354; x_wconf 87' lang='lat' dir='ltr'><strong>et</strong></span> <span class='ocrx_word' id='word_1_78' title='bbox 990 1304 1299 1360; x_wconf 78' lang='lat' dir='ltr'><strong>Anomwum</strong></span> <span class='ocrx_word' id='word_1_79' title='bbox 1354 1309 1546 1365; x_wconf 66' lang='lat' dir='ltr'><strong>dicens</strong></span> <span class='ocrx_word' id='word_1_80' title='bbox 1587 1328 1602 1363; x_wconf 89' lang='lat'><strong>:</strong></span> <span class='ocrx_word' id='word_1_81' title='bbox 1638 1312 1879 1369; x_wconf 69' lang='lat' dir='ltr'><strong>«Patrem</strong></span> <span class='ocrx_word' id='word_1_82' title='bbox 1903 1332 2037 1395; x_wconf 43' lang='lat' dir='ltr'><strong>con:</strong></span> 
     </span>
    </p>
   </div>
   <div class='ocr_carea' id='block_1_12' title="bbox 460 1384 2037 1477">
    <p class='ocr_par' dir='ltr' id='par_1_12' title="bbox 460 1384 2037 1477">
     <span class='ocr_line' id='line_1_12' title="bbox 460 1384 2037 1477; baseline 0.017 -41"><span class='ocrx_word' id='word_1_83' title='bbox 460 1384 697 1451; x_wconf 85' lang='lat' dir='ltr'><strong>litemur,</strong></span> <span class='ocrx_word' id='word_1_84' title='bbox 723 1399 777 1445; x_wconf 90' lang='lat' dir='ltr'><strong>et</strong></span> <span class='ocrx_word' id='word_1_85' title='bbox 807 1390 1038 1459; x_wconf 90' lang='lat' dir='ltr'><strong>Filium;</strong></span> <span class='ocrx_word' id='word_1_86' title='bbox 1068 1407 1275 1452; x_wconf 71' lang='lat' dir='ltr'><strong>natura:</strong></span> <span class='ocrx_word' id='word_1_87' title='bbox 1307 1408 1487 1454; x_wconf 55' lang='lat' dir='ltr'><strong>autem</strong></span> <span class='ocrx_word' id='word_1_88' title='bbox 1517 1402 1878 1469; x_wconf 87' lang='lat' dir='ltr'><strong>identitatem,</strong></span> <span class='ocrx_word' id='word_1_89' title='bbox 1905 1384 2037 1477; x_wconf 55' lang='lat' dir='ltr'><strong>quo:</strong></span> 
     </span>
    </p>
   </div>
   <div class='ocr_carea' id='block_1_13' title="bbox 460 1477 2029 1554">
    <p class='ocr_par' dir='ltr' id='par_1_13' title="bbox 460 1477 2029 1554">
     <span class='ocr_line' id='line_1_13' title="bbox 460 1477 2029 1554; baseline 0.017 -26"><span class='ocrx_word' id='word_1_90' title='bbox 460 1477 609 1531; x_wconf 85' lang='lat' dir='ltr'><strong>niam</strong></span> <span class='ocrx_word' id='word_1_91' title='bbox 661 1496 725 1535; x_wconf 79' lang='lat' dir='ltr'><strong>ex</strong></span> <span class='ocrx_word' id='word_1_92' title='bbox 784 1482 941 1539; x_wconf 85' lang='lat' dir='ltr'><strong>Patre</strong></span> <span class='ocrx_word' id='word_1_93' title='bbox 977 1484 1147 1542; x_wconf 80' lang='lat' dir='ltr'><strong>Filius</strong></span> <span class='ocrx_word' id='word_1_94' title='bbox 1179 1499 1317 1545; x_wconf 66' lang='lat' dir='ltr'><strong>est.)</strong></span> <span class='ocrx_word' id='word_1_95' title='bbox 1366 1491 1430 1546; x_wconf 86' lang='lat' dir='ltr'><strong>Et</strong></span> <span class='ocrx_word' id='word_1_96' title='bbox 1481 1510 1675 1552; x_wconf 81' lang='lat' dir='ltr'><strong>rursus</strong></span> <span class='ocrx_word' id='word_1_97' title='bbox 1714 1499 1765 1552; x_wconf 87' lang='lat' dir='ltr'><strong>in</strong></span> <span class='ocrx_word' id='word_1_98' title='bbox 1797 1501 2029 1554; x_wconf 88' lang='lat' dir='ltr'><strong>eodem:</strong></span> 
     </span>
    </p>
   </div>
   <div class='ocr_carea' id='block_1_14' title="bbox 463 1563 2033 1661">
    <p class='ocr_par' dir='ltr' id='par_1_14' title="bbox 463 1563 2033 1661">
     <span class='ocr_line' id='line_1_14' title="bbox 463 1563 2033 1661; baseline 0.019 -47"><span class='ocrx_word' id='word_1_99' title='bbox 463 1564 564 1620; x_wconf 68' lang='lat' dir='ltr'><strong>.Ut</strong></span> <span class='ocrx_word' id='word_1_100' title='bbox 594 1569 775 1638; x_wconf 80' lang='lat' dir='ltr'><strong>imago</strong></span> <span class='ocrx_word' id='word_1_101' title='bbox 800 1563 1024 1641; x_wconf 77' lang='lat' dir='ltr'><strong>quidem</strong></span> <span class='ocrx_word' id='word_1_102' title='bbox 1066 1580 1388 1636; x_wconf 74' lang='lat' dir='ltr'><strong>varietatem</strong></span> <span class='ocrx_word' id='word_1_103' title='bbox 1447 1597 1554 1639; x_wconf 81' lang='lat' dir='ltr'><strong>nun</strong></span> <span class='ocrx_word' id='word_1_104' title='bbox 1585 1586 1766 1651; x_wconf 87' lang='lat' dir='ltr'><strong>habet,</strong></span> <span class='ocrx_word' id='word_1_105' title='bbox 1801 1598 1857 1643; x_wconf 91' lang='lat' dir='ltr'><strong>ut</strong></span> <span class='ocrx_word' id='word_1_106' title='bbox 1885 1593 2033 1661; x_wconf 79' lang='lat' dir='ltr'><strong>geni-</strong></span> 
     </span>
    </p>
   </div>
   <div class='ocr_carea' id='block_1_15' title="bbox 453 1667 2029 1742">
    <p class='ocr_par' dir='ltr' id='par_1_15' title="bbox 453 1667 2029 1742">
     <span class='ocr_line' id='line_1_15' title="bbox 453 1667 2029 1742; baseline 0.02 -32"><span class='ocrx_word' id='word_1_107' title='bbox 453 1667 546 1716; x_wconf 87' lang='lat' dir='ltr'><strong>tus</strong></span> <span class='ocrx_word' id='word_1_108' title='bbox 580 1671 783 1726; x_wconf 84' lang='lat' dir='ltr'><strong>autem,</strong></span> <span class='ocrx_word' id='word_1_109' title='bbox 817 1669 1436 1730; x_wconf 50' lang='lat' dir='ltr'><strong>consubstantialitatem</strong></span> <span class='ocrx_word' id='word_1_110' title='bbox 1497 1686 1699 1732; x_wconf 84' lang='lat' dir='ltr'><strong>servat.</strong></span> <span class='ocrx_word' id='word_1_111' title='bbox 1741 1698 1759 1730; x_wconf 79' lang='grc' dir='ltr'><strong><em>ι</em></strong></span> <span class='ocrx_word' id='word_1_112' title='bbox 1795 1680 2029 1742; x_wconf 88' lang='lat' dir='ltr'><strong>Sanetus</strong></span> 
     </span>
    </p>
   </div>
   <div class='ocr_carea' id='block_1_16' title="bbox 448 1753 2108 1864">
    <p class='ocr_par' dir='ltr' id='par_1_16' title="bbox 448 1753 2108 1864">
     <span class='ocr_line' id='line_1_16' title="bbox 448 1753 2108 1864; baseline 0.019 -62"><span class='ocrx_word' id='word_1_113' title='bbox 448 1753 932 1864; x_wconf 53' lang='lat' dir='ltr'><strong>autemfyrillus,</strong></span> <span class='ocrx_word' id='word_1_114' title='bbox 986 1775 1150 1830; x_wconf 82' lang='lat' dir='ltr'><strong>super</strong></span> <span class='ocrx_word' id='word_1_115' title='bbox 1214 1763 1391 1819; x_wconf 90' lang='lat' dir='ltr'><strong>illud:</strong></span> <span class='ocrx_word' id='word_1_116' title='bbox 1432 1764 1566 1821; x_wconf 86' lang='lat' dir='ltr'><strong>Cum</strong></span> <span class='ocrx_word' id='word_1_117' title='bbox 1618 1774 1815 1864; x_wconf 78' lang='lat' dir='ltr'><strong>venerit</strong></span> <span class='ocrx_word' id='word_1_118' title='bbox 1865 1790 2029 1842; x_wconf 81' lang='lat' dir='ltr'><strong>para-</strong></span> <span class='ocrx_word' id='word_1_119' title='bbox 2065 1804 2108 1864; x_wconf 72' lang='grc' dir='ltr'><strong>Β</strong></span> 
     </span>
    </p>
   </div>
   <div class='ocr_carea' id='block_1_17' title="bbox 456 1844 2033 1941">
    <p class='ocr_par' dir='ltr' id='par_1_17' title="bbox 456 1844 2033 1941">
     <span class='ocr_line' id='line_1_17' title="bbox 456 1844 2033 1941; baseline 0.02 -48"><span class='ocrx_word' id='word_1_120' title='bbox 456 1844 686 1898; x_wconf 71' lang='lat' dir='ltr'><strong>rictus”</strong></span> <span class='ocrx_word' id='word_1_121' title='bbox 722 1884 738 1910; x_wconf 92' lang='lat'><strong>,</strong></span> <span class='ocrx_word' id='word_1_122' title='bbox 779 1848 966 1919; x_wconf 89' lang='lat' dir='ltr'><strong>Itaque</strong></span> <span class='ocrx_word' id='word_1_123' title='bbox 1031 1866 1154 1907; x_wconf 89' lang='lat' dir='ltr'><strong>cum</strong></span> <span class='ocrx_word' id='word_1_124' title='bbox 1205 1855 1431 1922; x_wconf 87' lang='lat' dir='ltr'><strong>diceret,</strong></span> <span class='ocrx_word' id='word_1_125' title='bbox 1482 1859 1707 1931; x_wconf 87' lang='lat' dir='ltr'><strong>inquit:</strong></span> <span class='ocrx_word' id='word_1_126' title='bbox 1748 1862 1869 1941; x_wconf 69' lang='lat' dir='ltr'><strong>Non</strong></span> <span class='ocrx_word' id='word_1_127' title='bbox 1918 1871 2033 1938; x_wconf 78' lang='lat' dir='ltr'><strong>spi-</strong></span> 
     </span>
    </p>
   </div>
   <div class='ocr_carea' id='block_1_18' title="bbox 458 1936 2036 2031">
    <p class='ocr_par' dir='ltr' id='par_1_18' title="bbox 458 1936 2036 2031">
     <span class='ocr_line' id='line_1_18' title="bbox 458 1936 2036 2031; baseline 0.019 -45"><span class='ocrx_word' id='word_1_128' title='bbox 458 1936 615 1988; x_wconf 80' lang='lat' dir='ltr'><strong>ritum</strong></span> <span class='ocrx_word' id='word_1_129' title='bbox 644 1938 802 2005; x_wconf 76' lang='lat' dir='ltr'><strong>huius</strong></span> <span class='ocrx_word' id='word_1_130' title='bbox 857 1944 1040 1997; x_wconf 67' lang='lat' dir='ltr'><strong>saeculi</strong></span> <span class='ocrx_word' id='word_1_131' title='bbox 1099 1951 1423 2018; x_wconf 81' lang='lat' dir='ltr'><strong>accepimus,</strong></span> <span class='ocrx_word' id='word_1_132' title='bbox 1476 1953 1578 2006; x_wconf 80' lang='lat' dir='ltr'><strong>sed</strong></span> <span class='ocrx_word' id='word_1_133' title='bbox 1631 1936 1912 2026; x_wconf 68' lang='lat' dir='ltr'><strong>Spiritum,</strong></span> <span class='ocrx_word' id='word_1_134' title='bbox 1945 1936 2036 2031; x_wconf 55' lang='lat' dir='ltr'><strong>qui</strong></span> 
     </span>
    </p>
   </div>
   <div class='ocr_carea' id='block_1_19' title="bbox 358 2027 2031 2117">
    <p class='ocr_par' dir='ltr' id='par_1_19' title="bbox 358 2027 2031 2117">
     <span class='ocr_line' id='line_1_19' title="bbox 358 2027 2031 2117; baseline 0.019 -40"><span class='ocrx_word' id='word_1_135' title='bbox 358 2090 370 2098; x_wconf 40' lang='lat'>.</span> <span class='ocrx_word' id='word_1_136' title='bbox 457 2043 523 2080; x_wconf 76' lang='lat' dir='ltr'><strong>ea:</strong></span> <span class='ocrx_word' id='word_1_137' title='bbox 559 2027 664 2082; x_wconf 87' lang='lat' dir='ltr'><strong>Deo</strong></span> <span class='ocrx_word' id='word_1_138' title='bbox 687 2032 845 2097; x_wconf 67' lang='lat' dir='ltr'><strong>est”,</strong></span> <span class='ocrx_word' id='word_1_139' title='bbox 889 2036 1162 2102; x_wconf 82' lang='lat' dir='ltr'><strong>ostendit,</strong></span> <span class='ocrx_word' id='word_1_140' title='bbox 1206 2055 1314 2093; x_wconf 89' lang='lat' dir='ltr'><strong>non</strong></span> <span class='ocrx_word' id='word_1_141' title='bbox 1350 2044 1613 2099; x_wconf 87' lang='lat' dir='ltr'><strong>mundani</strong></span> <span class='ocrx_word' id='word_1_142' title='bbox 1654 2051 1892 2117; x_wconf 87' lang='lat' dir='ltr'><strong>generis,</strong></span> <span class='ocrx_word' id='word_1_143' title='bbox 1937 2055 2031 2108; x_wconf 82' lang='lat' dir='ltr'><strong>sed</strong></span> 
     </span>
    </p>
   </div>
   <div class='ocr_carea' id='block_1_20' title="bbox 457 2117 2033 2212">
    <p class='ocr_par' dir='ltr' id='par_1_20' title="bbox 457 2117 2033 2212">
     <span class='ocr_line' id='line_1_20' title="bbox 457 2117 2033 2212; baseline 0.018 -42"><span class='ocrx_word' id='word_1_144' title='bbox 457 2117 654 2175; x_wconf 70' lang='lat' dir='ltr'><strong>divina:</strong></span> <span class='ocrx_word' id='word_1_145' title='bbox 678 2126 926 2179; x_wconf 72' lang='lat' dir='ltr'><strong>essentia:</strong></span> <span class='ocrx_word' id='word_1_146' title='bbox 947 2143 1066 2182; x_wconf 87' lang='lat' dir='ltr'><strong>esse</strong></span> <span class='ocrx_word' id='word_1_147' title='bbox 1091 2128 1352 2197; x_wconf 90' lang='lat' dir='ltr'><strong>Spiritum</strong></span> <span class='ocrx_word' id='word_1_148' title='bbox 1380 2145 1652 2191; x_wconf 87' lang='lat' dir='ltr'><strong>sanctum.</strong></span> <span class='ocrx_word' id='word_1_149' title='bbox 1669 2156 1688 2190; x_wconf 73' lang='grc' dir='ltr'>ι</span> <span class='ocrx_word' id='word_1_150' title='bbox 1707 2137 1849 2195; x_wconf 83' lang='lat' dir='ltr'><strong>Idem</strong></span> <span class='ocrx_word' id='word_1_151' title='bbox 1869 2160 2033 2212; x_wconf 84' lang='lat' dir='ltr'><strong>super</strong></span> 
     </span>
    </p>
   </div>
   <div class='ocr_carea' id='block_1_21' title="bbox 454 2208 2032 2298">
    <p class='ocr_par' dir='ltr' id='par_1_21' title="bbox 454 2208 2032 2298">
     <span class='ocr_line' id='line_1_21' title="bbox 454 2208 2032 2298; baseline 0.019 -37"><span class='ocrx_word' id='word_1_152' title='bbox 454 2208 588 2264; x_wconf 88' lang='lat' dir='ltr'><strong>illud</strong></span> <span class='ocrx_word' id='word_1_153' title='bbox 624 2212 806 2278; x_wconf 82' lang='lat' dir='ltr'><strong>:Quia</strong></span> <span class='ocrx_word' id='word_1_154' title='bbox 833 2218 1074 2272; x_wconf 69' lang='lat' dir='ltr'><strong>descendi</strong></span> <span class='ocrx_word' id='word_1_155' title='bbox 1129 2221 1194 2275; x_wconf 77' lang='lat' dir='ltr'><strong>de</strong></span> <span class='ocrx_word' id='word_1_156' title='bbox 1246 2223 1393 2289; x_wconf 76' lang='lat' dir='ltr'><strong>caelo,</strong></span> <span class='ocrx_word' id='word_1_157' title='bbox 1445 2241 1549 2281; x_wconf 84' lang='lat' dir='ltr'><strong>non</strong></span> <span class='ocrx_word' id='word_1_158' title='bbox 1601 2237 1659 2282; x_wconf 83' lang='lat' dir='ltr'><strong>ut</strong></span> <span class='ocrx_word' id='word_1_159' title='bbox 1713 2208 2032 2298; x_wconf 41' lang='lat' dir='ltr'><strong>faciam-vo-</strong></span> 
     </span>
    </p>
   </div>
   <div class='ocr_carea' id='block_1_22' title="bbox 454 2305 2029 2386">
    <p class='ocr_par' dir='ltr' id='par_1_22' title="bbox 454 2305 2029 2386">
     <span class='ocr_line' id='line_1_22' title="bbox 454 2305 2029 2386; baseline 0.018 -30"><span class='ocrx_word' id='word_1_160' title='bbox 454 2305 707 2362; x_wconf 75' lang='lat' dir='ltr'><strong>luntmem</strong></span> <span class='ocrx_word' id='word_1_161' title='bbox 762 2317 1023 2380; x_wconf 71' lang='lat' dir='ltr'><strong>meum“,</strong></span> <span class='ocrx_word' id='word_1_162' title='bbox 1085 2319 1216 2374; x_wconf 87' lang='lat' dir='ltr'><strong>ait:</strong></span> <span class='ocrx_word' id='word_1_163' title='bbox 1274 2339 1291 2370; x_wconf 77' lang='grc' dir='ltr'>ι</span> <span class='ocrx_word' id='word_1_164' title='bbox 1336 2321 1492 2386; x_wconf 90' lang='lat' dir='ltr'><strong>Quod</strong></span> <span class='ocrx_word' id='word_1_165' title='bbox 1547 2324 1691 2380; x_wconf 87' lang='lat' dir='ltr'><strong>enim</strong></span> <span class='ocrx_word' id='word_1_166' title='bbox 1749 2341 1813 2382; x_wconf 83' lang='lat' dir='ltr'><strong>ex</strong></span> <span class='ocrx_word' id='word_1_167' title='bbox 1869 2327 2029 2385; x_wconf 84' lang='lat' dir='ltr'><strong>Patre</strong></span> 
     </span>
    </p>
   </div>
   <div class='ocr_carea' id='block_1_23' title="bbox 457 2401 2025 2479">
    <p class='ocr_par' dir='ltr' id='par_1_23' title="bbox 457 2401 2025 2479">
     <span class='ocr_line' id='line_1_23' title="bbox 457 2401 2025 2479; baseline 0.017 -31"><span class='ocrx_word' id='word_1_168' title='bbox 457 2410 616 2451; x_wconf 81' lang='lat' dir='ltr'><strong>natus</strong></span> <span class='ocrx_word' id='word_1_169' title='bbox 644 2416 763 2456; x_wconf 87' lang='lat' dir='ltr'><strong>esse</strong></span> <span class='ocrx_word' id='word_1_170' title='bbox 792 2401 967 2459; x_wconf 80' lang='lat' dir='ltr'><strong>Filius</strong></span> <span class='ocrx_word' id='word_1_171' title='bbox 1000 2406 1222 2474; x_wconf 86' lang='lat' dir='ltr'><strong>dicitur,</strong></span> <span class='ocrx_word' id='word_1_172' title='bbox 1255 2425 1480 2479; x_wconf 88' lang='lat' dir='ltr'><strong>prorsus</strong></span> <span class='ocrx_word' id='word_1_173' title='bbox 1508 2417 1670 2469; x_wconf 86' lang='lat' dir='ltr'><strong>etiam</strong></span> <span class='ocrx_word' id='word_1_174' title='bbox 1702 2416 1902 2473; x_wconf 86' lang='lat' dir='ltr'><strong>invitos</strong></span> <span class='ocrx_word' id='word_1_175' title='bbox 1931 2435 2025 2475; x_wconf 88' lang='lat' dir='ltr'><strong>co-</strong></span> 
     </span>
    </p>
   </div>
   <div class='ocr_carea' id='block_1_24' title="bbox 452 2492 2025 2566">
    <p class='ocr_par' dir='ltr' id='par_1_24' title="bbox 452 2492 2025 2566">
     <span class='ocr_line' id='line_1_24' title="bbox 452 2492 2025 2566; baseline 0.015 -23"><span class='ocrx_word' id='word_1_176' title='bbox 452 2503 543 2555; x_wconf 65' lang='lat' dir='ltr'><strong>get</strong></span> <span class='ocrx_word' id='word_1_177' title='bbox 566 2492 638 2546; x_wconf 83' lang='lat' dir='ltr'><strong>illi</strong></span> <span class='ocrx_word' id='word_1_178' title='bbox 670 2495 1189 2554; x_wconf 86' lang='lat' dir='ltr'><strong>censubslantialem</strong></span> <span class='ocrx_word' id='word_1_179' title='bbox 1219 2517 1341 2557; x_wconf 88' lang='lat' dir='ltr'><strong>eum</strong></span> <span class='ocrx_word' id='word_1_180' title='bbox 1364 2503 1643 2561; x_wconf 66' lang='lat' dir='ltr'><strong>fateriJEt</strong></span> <span class='ocrx_word' id='word_1_181' title='bbox 1668 2525 1861 2566; x_wconf 85' lang='lat' dir='ltr'><strong>rursus</strong></span> <span class='ocrx_word' id='word_1_182' title='bbox 1891 2511 1943 2566; x_wconf 92' lang='lat' dir='ltr'><strong>in</strong></span> <span class='ocrx_word' id='word_1_183' title='bbox 1965 2528 2025 2566; x_wconf 72' lang='grc' dir='ltr'><strong>ιιι</strong></span> 
     </span>
    </p>
   </div>
   <div class='ocr_carea' id='block_1_25' title="bbox 451 2583 2025 2668">
    <p class='ocr_par' dir='ltr' id='par_1_25' title="bbox 451 2583 2025 2668">
     <span class='ocr_line' id='line_1_25' title="bbox 451 2583 2025 2668; baseline 0.016 -33"><span class='ocrx_word' id='word_1_184' title='bbox 451 2584 522 2636; x_wconf 78' lang='lat' dir='ltr'><strong>ad</strong></span> <span class='ocrx_word' id='word_1_185' title='bbox 581 2583 899 2643; x_wconf 71' lang='lat' dir='ltr'><strong>Hermiam.‘</strong></span> <span class='ocrx_word' id='word_1_186' title='bbox 938 2609 955 2641; x_wconf 71' lang='grc' dir='ltr'><strong><em>ι</em></strong></span> <span class='ocrx_word' id='word_1_187' title='bbox 990 2590 1260 2655; x_wconf 83' lang='lat' dir='ltr'><strong>Quoniam</strong></span> <span class='ocrx_word' id='word_1_188' title='bbox 1317 2611 1383 2651; x_wconf 80' lang='lat' dir='ltr'><strong>ex</strong></span> <span class='ocrx_word' id='word_1_189' title='bbox 1431 2600 1547 2668; x_wconf 86' lang='lat' dir='ltr'><strong>ipsa</strong></span> <span class='ocrx_word' id='word_1_190' title='bbox 1597 2600 1689 2656; x_wconf 89' lang='lat' dir='ltr'><strong>Dei</strong></span> <span class='ocrx_word' id='word_1_191' title='bbox 1743 2613 1798 2659; x_wconf 88' lang='lat' dir='ltr'><strong>et</strong></span> <span class='ocrx_word' id='word_1_192' title='bbox 1848 2603 2025 2660; x_wconf 83' lang='lat' dir='ltr'><strong>Patris</strong></span> 
     </span>
    </p>
   </div>
   <div class='ocr_carea' id='block_1_26' title="bbox 450 2680 2026 2763">
    <p class='ocr_par' dir='ltr' id='par_1_26' title="bbox 450 2680 2026 2763">
     <span class='ocr_line' id='line_1_26' title="bbox 450 2680 2026 2763; baseline 0.015 -32"><span class='ocrx_word' id='word_1_193' title='bbox 450 2680 686 2733; x_wconf 84' lang='lat' dir='ltr'><strong>essentia</strong></span> <span class='ocrx_word' id='word_1_194' title='bbox 716 2692 872 2737; x_wconf 87' lang='lat' dir='ltr'><strong>ortus</strong></span> <span class='ocrx_word' id='word_1_195' title='bbox 899 2692 981 2738; x_wconf 89' lang='lat' dir='ltr'><strong>est</strong></span> <span class='ocrx_word' id='word_1_196' title='bbox 1014 2684 1180 2740; x_wconf 83' lang='lat' dir='ltr'><strong>Filius</strong></span> <span class='ocrx_word' id='word_1_197' title='bbox 1205 2730 1219 2751; x_wconf 86' lang='lat'><strong>,</strong></span> <span class='ocrx_word' id='word_1_198' title='bbox 1242 2704 1350 2743; x_wconf 89' lang='lat' dir='ltr'><strong>non</strong></span> <span class='ocrx_word' id='word_1_199' title='bbox 1397 2689 1554 2747; x_wconf 87' lang='lat' dir='ltr'><strong>aliter</strong></span> <span class='ocrx_word' id='word_1_200' title='bbox 1588 2708 1751 2763; x_wconf 89' lang='lat' dir='ltr'><strong>quam</strong></span> <span class='ocrx_word' id='word_1_201' title='bbox 1788 2694 1878 2752; x_wconf 87' lang='lat' dir='ltr'><strong>ille</strong></span> <span class='ocrx_word' id='word_1_202' title='bbox 1902 2712 2026 2753; x_wconf 87' lang='lat' dir='ltr'><strong>esse</strong></span> 
     </span>
    </p>
   </div>
   <div class='ocr_carea' id='block_1_27' title="bbox 452 2766 2015 2844">
    <p class='ocr_par' dir='ltr' id='par_1_27' title="bbox 452 2766 2015 2844">
     <span class='ocr_line' id='line_1_27' title="bbox 452 2766 2015 2844; baseline 0.015 -24"><span class='ocrx_word' id='word_1_203' title='bbox 452 2766 814 2840; x_wconf 65' lang='lat' dir='ltr'><strong>intelligatur,</strong></span> <span class='ocrx_word' id='word_1_204' title='bbox 856 2787 1123 2844; x_wconf 88' lang='lat' dir='ltr'><strong>quantum</strong></span> <span class='ocrx_word' id='word_1_205' title='bbox 1158 2779 1224 2834; x_wconf 90' lang='lat' dir='ltr'><strong>ad</strong></span> <span class='ocrx_word' id='word_1_206' title='bbox 1268 2780 1604 2838; x_wconf 86' lang='lat' dir='ltr'><strong>identitatem</strong></span> <span class='ocrx_word' id='word_1_207' title='bbox 1657 2789 2015 2842; x_wconf 69' lang='lat' dir='ltr'><strong>naturalem.»</strong></span> 
     </span>
    </p>
   </div>
   <div class='ocr_carea' id='block_1_28' title="bbox 533 2860 2033 2949">
    <p class='ocr_par' dir='ltr' id='par_1_28' title="bbox 533 2860 2033 2949">
     <span class='ocr_line' id='line_1_28' title="bbox 533 2860 2033 2949; baseline 0.014 -35"><span class='ocrx_word' id='word_1_208' title='bbox 533 2860 769 2919; x_wconf 81' lang='lat' dir='ltr'><strong>Sanctus</strong></span> <span class='ocrx_word' id='word_1_209' title='bbox 802 2880 932 2920; x_wconf 87' lang='lat' dir='ltr'><strong>vero</strong></span> <span class='ocrx_word' id='word_1_210' title='bbox 960 2865 1233 2925; x_wconf 81' lang='lat' dir='ltr'><strong>Maximus</strong></span> <span class='ocrx_word' id='word_1_211' title='bbox 1265 2886 1387 2926; x_wconf 84' lang='lat' dir='ltr'><strong>cum</strong></span> <span class='ocrx_word' id='word_1_212' title='bbox 1419 2886 1732 2944; x_wconf 81' lang='lat' dir='ltr'><strong>exponeret,</strong></span> <span class='ocrx_word' id='word_1_213' title='bbox 1756 2880 1885 2948; x_wconf 90' lang='lat' dir='ltr'><strong>quid</strong></span> <span class='ocrx_word' id='word_1_214' title='bbox 1915 2882 2033 2949; x_wconf 88' lang='lat' dir='ltr'><strong>sibi</strong></span> 
     </span>
    </p>
   </div>
   <div class='ocr_carea' id='block_1_29' title="bbox 451 2953 2022 3032">
    <p class='ocr_par' dir='ltr' id='par_1_29' title="bbox 451 2953 2022 3032">
     <span class='ocr_line' id='line_1_29' title="bbox 451 2953 2022 3032; baseline 0.013 -26"><span class='ocrx_word' id='word_1_215' title='bbox 451 2953 580 3008; x_wconf 80' lang='lat' dir='ltr'><strong>velit</strong></span> <span class='ocrx_word' id='word_1_216' title='bbox 612 2959 754 3025; x_wconf 85' lang='lat' dir='ltr'><strong>apud</strong></span> <span class='ocrx_word' id='word_1_217' title='bbox 786 2961 1107 3028; x_wconf 82' lang='lat' dir='ltr'><strong>prophetam</strong></span> <span class='ocrx_word' id='word_1_218' title='bbox 1135 2960 1460 3026; x_wconf 85' lang='lat' dir='ltr'><strong>Zachariam</strong></span> <span class='ocrx_word' id='word_1_219' title='bbox 1481 2968 1546 3032; x_wconf 77' lang='grc'><strong>⁸³,</strong></span> <span class='ocrx_word' id='word_1_220' title='bbox 1567 2984 1793 3026; x_wconf 85' lang='lat' dir='ltr'><strong>aureum</strong></span> <span class='ocrx_word' id='word_1_221' title='bbox 1819 2973 2022 3026; x_wconf 89' lang='lat' dir='ltr'><strong>cande-</strong></span> 
     </span>
    </p>
   </div>
   <div class='ocr_carea' id='block_1_30' title="bbox 455 3046 2019 3132">
    <p class='ocr_par' dir='ltr' id='par_1_30' title="bbox 455 3046 2019 3132">
     <span class='ocr_line' id='line_1_30' title="bbox 455 3046 2019 3132; baseline 0.013 -33"><span class='ocrx_word' id='word_1_222' title='bbox 455 3046 688 3113; x_wconf 81' lang='lat' dir='ltr'><strong>labrum,</strong></span> <span class='ocrx_word' id='word_1_223' title='bbox 721 3061 774 3105; x_wconf 90' lang='lat' dir='ltr'><strong>et</strong></span> <span class='ocrx_word' id='word_1_224' title='bbox 804 3065 969 3120; x_wconf 81' lang='lat' dir='ltr'><strong>super</strong></span> <span class='ocrx_word' id='word_1_225' title='bbox 999 3069 1122 3107; x_wconf 90' lang='lat' dir='ltr'><strong>eum</strong></span> <span class='ocrx_word' id='word_1_226' title='bbox 1158 3054 1386 3127; x_wconf 75' lang='lat' dir='ltr'><strong>lampas,</strong></span> <span class='ocrx_word' id='word_1_227' title='bbox 1412 3061 1490 3114; x_wconf 87' lang='lat' dir='ltr'><strong>ait</strong></span> <span class='ocrx_word' id='word_1_228' title='bbox 1515 3051 1538 3115; x_wconf 26' lang='lat'><strong>&#39;:</strong></span> <span class='ocrx_word' id='word_1_229' title='bbox 1575 3078 1594 3113; x_wconf 86' lang='grc'><em>‹</em></span> <span class='ocrx_word' id='word_1_230' title='bbox 1632 3063 1868 3132; x_wconf 80' lang='lat' dir='ltr'><strong>Spiritus</strong></span> <span class='ocrx_word' id='word_1_231' title='bbox 1896 3081 2019 3120; x_wconf 83' lang='lat' dir='ltr'><strong>san-</strong></span> 
     </span>
    </p>
   </div>
   <div class='ocr_carea' id='block_1_31' title="bbox 452 3140 2089 3237">
    <p class='ocr_par' dir='ltr' id='par_1_31' title="bbox 452 3140 2089 3237">
     <span class='ocr_line' id='line_1_31' title="bbox 452 3140 2089 3237; baseline 0.012 -46"><span class='ocrx_word' id='word_1_232' title='bbox 452 3148 596 3201; x_wconf 88' lang='lat' dir='ltr'><strong>ctus,</strong></span> <span class='ocrx_word' id='word_1_233' title='bbox 625 3140 1089 3208; x_wconf 82' lang='lat' dir='ltr'><strong>quemadmodum</strong></span> <span class='ocrx_word' id='word_1_234' title='bbox 1124 3148 1447 3203; x_wconf 82' lang='lat' dir='ltr'><strong>naturaliter</strong></span> <span class='ocrx_word' id='word_1_235' title='bbox 1484 3153 1790 3237; x_wconf 67' lang='lat' dir='ltr'><strong>secundum</strong></span> <span class='ocrx_word' id='word_1_236' title='bbox 1827 3171 2017 3210; x_wconf 83' lang='lat' dir='ltr'><strong>essen-</strong></span> <span class='ocrx_word' id='word_1_237' title='bbox 2062 3172 2089 3203; x_wconf 85' lang='lat'>\</span> 
     </span>
    </p>
   </div>
   <div class='ocr_carea' id='block_1_32' title="bbox 447 3230 2022 3303">
    <p class='ocr_par' dir='ltr' id='par_1_32' title="bbox 447 3230 2022 3303">
     <span class='ocr_line' id='line_1_32' title="bbox 447 3230 2022 3303; baseline 0.013 -20"><span class='ocrx_word' id='word_1_238' title='bbox 447 3230 576 3284; x_wconf 84' lang='lat' dir='ltr'><strong>tiam</strong></span> <span class='ocrx_word' id='word_1_239' title='bbox 610 3230 702 3287; x_wconf 90' lang='lat' dir='ltr'><strong>Dei</strong></span> <span class='ocrx_word' id='word_1_240' title='bbox 733 3242 788 3287; x_wconf 87' lang='lat' dir='ltr'><strong>et</strong></span> <span class='ocrx_word' id='word_1_241' title='bbox 820 3234 992 3289; x_wconf 80' lang='lat' dir='ltr'><strong>Patris</strong></span> <span class='ocrx_word' id='word_1_242' title='bbox 1023 3248 1125 3300; x_wconf 90' lang='lat' dir='ltr'><strong>est,</strong></span> <span class='ocrx_word' id='word_1_243' title='bbox 1160 3237 1230 3291; x_wconf 89' lang='lat' dir='ltr'><strong>ita</strong></span> <span class='ocrx_word' id='word_1_244' title='bbox 1281 3250 1334 3295; x_wconf 86' lang='lat' dir='ltr'><strong>et</strong></span> <span class='ocrx_word' id='word_1_245' title='bbox 1355 3240 1477 3295; x_wconf 87' lang='lat' dir='ltr'><strong>Filii</strong></span> <span class='ocrx_word' id='word_1_246' title='bbox 1501 3230 1804 3300; x_wconf 73' lang='lat' dir='ltr'><strong>secundum</strong></span> <span class='ocrx_word' id='word_1_247' title='bbox 1836 3263 2022 3303; x_wconf 78' lang='lat' dir='ltr'><strong>essen-</strong></span> 
     </span>
    </p>
   </div>
   <div class='ocr_carea' id='block_1_33' title="bbox 452 3316 2005 3407">
    <p class='ocr_par' dir='ltr' id='par_1_33' title="bbox 452 3316 2005 3407">
     <span class='ocr_line' id='line_1_33' title="bbox 452 3316 2005 3407; baseline 0.012 -30"><span class='ocrx_word' id='word_1_248' title='bbox 452 3325 583 3379; x_wconf 86' lang='lat' dir='ltr'><strong>tiam</strong></span> <span class='ocrx_word' id='word_1_249' title='bbox 615 3316 758 3389; x_wconf 61' lang='grc' dir='ltr'><strong>θείς»</strong></span> <span class='ocrx_word' id='word_1_250' title='bbox 786 3329 945 3395; x_wconf 77' lang='lat' dir='ltr'><strong>quasi</strong></span> <span class='ocrx_word' id='word_1_251' title='bbox 976 3344 1041 3383; x_wconf 75' lang='lat' dir='ltr'><strong>ex</strong></span> <span class='ocrx_word' id='word_1_252' title='bbox 1078 3329 1237 3385; x_wconf 74' lang='lat' dir='ltr'><strong>Putre</strong></span> <span class='ocrx_word' id='word_1_253' title='bbox 1268 3335 1637 3391; x_wconf 83' lang='lat' dir='ltr'><strong>essentialiter</strong></span> <span class='ocrx_word' id='word_1_254' title='bbox 1662 3352 1759 3407; x_wconf 88' lang='lat' dir='ltr'><strong>per</strong></span> <span class='ocrx_word' id='word_1_255' title='bbox 1808 3337 2005 3395; x_wconf 84' lang='lat' dir='ltr'><strong>Filium</strong></span> 
     </span>
    </p>
   </div>
   <div class='ocr_carea' id='block_1_34' title="bbox 448 3419 1384 3492">
    <p class='ocr_par' dir='ltr' id='par_1_34' title="bbox 448 3419 1384 3492">
     <span class='ocr_line' id='line_1_34' title="bbox 448 3419 1384 3492; baseline 0.009 -19"><span class='ocrx_word' id='word_1_256' title='bbox 448 3419 688 3487; x_wconf 66' lang='lat' dir='ltr'><strong>genitum</strong></span> <span class='ocrx_word' id='word_1_257' title='bbox 732 3419 1076 3477; x_wconf 74' lang='lat' dir='ltr'><strong>ineli&#39;abiliter</strong></span> <span class='ocrx_word' id='word_1_258' title='bbox 1106 3424 1384 3492; x_wconf 73' lang='lat' dir='ltr'><strong>prodiens.</strong></span> 
     </span>
    </p>
   </div>
   <div class='ocr_carea' id='block_1_35' title="bbox 519 3555 2018 3628">
    <p class='ocr_par' dir='ltr' id='par_1_35' title="bbox 519 3555 2018 3628">
     <span class='ocr_line' id='line_1_35' title="bbox 519 3555 2018 3628; baseline 0.009 -17"><span class='ocrx_word' id='word_1_259' title='bbox 519 3555 746 3611; x_wconf 83' lang='lat' dir='ltr'><strong>Constat</strong></span> <span class='ocrx_word' id='word_1_260' title='bbox 780 3555 947 3628; x_wconf 76' lang='lat' dir='ltr'><strong>igitur</strong></span> <span class='ocrx_word' id='word_1_261' title='bbox 976 3575 1041 3615; x_wconf 79' lang='lat' dir='ltr'><strong>ex</strong></span> <span class='ocrx_word' id='word_1_262' title='bbox 1082 3562 1165 3617; x_wconf 85' lang='lat' dir='ltr'><strong>his</strong></span> <span class='ocrx_word' id='word_1_263' title='bbox 1212 3561 1411 3617; x_wconf 85' lang='lat' dir='ltr'><strong>Filium</strong></span> <span class='ocrx_word' id='word_1_264' title='bbox 1459 3562 1607 3620; x_wconf 83' lang='lat' dir='ltr'><strong>Patri</strong></span> <span class='ocrx_word' id='word_1_265' title='bbox 1652 3569 2018 3624; x_wconf 83' lang='lat' dir='ltr'><strong>consubstan-</strong></span> 
     </span>
    </p>
   </div>
   <div class='ocr_carea' id='block_1_36' title="bbox 446 3650 2017 3729">
    <p class='ocr_par' dir='ltr' id='par_1_36' title="bbox 446 3650 2017 3729">
     <span class='ocr_line' id='line_1_36' title="bbox 446 3650 2017 3729; baseline 0.009 -27"><span class='ocrx_word' id='word_1_266' title='bbox 446 3650 629 3705; x_wconf 89' lang='lat' dir='ltr'><strong>tialem</strong></span> <span class='ocrx_word' id='word_1_267' title='bbox 660 3664 806 3716; x_wconf 61' lang='lat' dir='ltr'><strong>esse,</strong></span> <span class='ocrx_word' id='word_1_268' title='bbox 842 3653 1100 3721; x_wconf 88' lang='lat' dir='ltr'><strong>quoniam</strong></span> <span class='ocrx_word' id='word_1_269' title='bbox 1163 3670 1227 3709; x_wconf 83' lang='lat' dir='ltr'><strong>ex</strong></span> <span class='ocrx_word' id='word_1_270' title='bbox 1267 3656 1383 3725; x_wconf 89' lang='lat' dir='ltr'><strong>ipso</strong></span> <span class='ocrx_word' id='word_1_271' title='bbox 1426 3669 1539 3721; x_wconf 86' lang='lat' dir='ltr'><strong>est;</strong></span> <span class='ocrx_word' id='word_1_272' title='bbox 1580 3675 1907 3729; x_wconf 82' lang='lat' dir='ltr'><strong>rursumque</strong></span> <span class='ocrx_word' id='word_1_273' title='bbox 1933 3680 2017 3716; x_wconf 80' lang='lat' dir='ltr'><strong>se-</strong></span> 
     </span>
    </p>
   </div>
   <div class='ocr_carea' id='block_1_37' title="bbox 448 3743 2014 3818">
    <p class='ocr_par' dir='ltr' id='par_1_37' title="bbox 448 3743 2014 3818">
     <span class='ocr_line' id='line_1_37' title="bbox 448 3743 2014 3818; baseline 0.01 -21"><span class='ocrx_word' id='word_1_274' title='bbox 448 3743 687 3798; x_wconf 75' lang='lat' dir='ltr'><strong>cundutn</strong></span> <span class='ocrx_word' id='word_1_275' title='bbox 731 3744 978 3800; x_wconf 85' lang='lat' dir='ltr'><strong>eamdem</strong></span> <span class='ocrx_word' id='word_1_276' title='bbox 1018 3746 1283 3801; x_wconf 86' lang='lat' dir='ltr'><strong>rationem</strong></span> <span class='ocrx_word' id='word_1_277' title='bbox 1309 3749 1570 3818; x_wconf 82' lang='lat' dir='ltr'><strong>Spiritum</strong></span> <span class='ocrx_word' id='word_1_278' title='bbox 1606 3749 1746 3808; x_wconf 87' lang='lat' dir='ltr'><strong>Filio</strong></span> <span class='ocrx_word' id='word_1_279' title='bbox 1774 3757 2014 3811; x_wconf 83' lang='lat' dir='ltr'><strong>consub-</strong></span> 
     </span>
    </p>
   </div>
   <div class='ocr_carea' id='block_1_38' title="bbox 445 3835 2011 3912">
    <p class='ocr_par' dir='ltr' id='par_1_38' title="bbox 445 3835 2011 3912">
     <span class='ocr_line' id='line_1_38' title="bbox 445 3835 2011 3912; baseline 0.01 -25"><span class='ocrx_word' id='word_1_280' title='bbox 445 3835 754 3908; x_wconf 72' lang='lat' dir='ltr'><strong>stantialem</strong></span> <span class='ocrx_word' id='word_1_281' title='bbox 816 3850 960 3900; x_wconf 83' lang='lat' dir='ltr'><strong>esse,</strong></span> <span class='ocrx_word' id='word_1_282' title='bbox 1025 3838 1152 3906; x_wconf 86' lang='lat' dir='ltr'><strong>quia</strong></span> <span class='ocrx_word' id='word_1_283' title='bbox 1200 3854 1296 3908; x_wconf 86' lang='lat' dir='ltr'><strong>per</strong></span> <span class='ocrx_word' id='word_1_284' title='bbox 1343 3839 1523 3910; x_wconf 90' lang='lat' dir='ltr'><strong>ipsum</strong></span> <span class='ocrx_word' id='word_1_285' title='bbox 1573 3844 1836 3912; x_wconf 85' lang='lat' dir='ltr'><strong>procedit,</strong></span> <span class='ocrx_word' id='word_1_286' title='bbox 1872 3857 1927 3902; x_wconf 87' lang='lat' dir='ltr'><strong>et</strong></span> <span class='ocrx_word' id='word_1_287' title='bbox 1958 3847 2011 3902; x_wconf 91' lang='lat' dir='ltr'><strong>in</strong></span> 
     </span>
    </p>
   </div>
   <div class='ocr_carea' id='block_1_39' title="bbox 428 3926 2014 4003">
    <p class='ocr_par' dir='ltr' id='par_1_39' title="bbox 428 3926 2014 4003">
     <span class='ocr_line' id='line_1_39' title="bbox 428 3926 2014 4003; baseline 0.009 -23"><span class='ocrx_word' id='word_1_288' title='bbox 428 3926 565 3999; x_wconf 68' lang='lat' dir='ltr'><strong>ipso</strong></span> <span class='ocrx_word' id='word_1_289' title='bbox 593 3934 757 3995; x_wconf 87' lang='lat' dir='ltr'><strong>atque</strong></span> <span class='ocrx_word' id='word_1_290' title='bbox 784 3942 848 3982; x_wconf 81' lang='lat' dir='ltr'><strong>ex</strong></span> <span class='ocrx_word' id='word_1_291' title='bbox 881 3928 997 3996; x_wconf 84' lang='lat' dir='ltr'><strong>ipso</strong></span> <span class='ocrx_word' id='word_1_292' title='bbox 1028 3938 1131 3985; x_wconf 89' lang='lat' dir='ltr'><strong>est.</strong></span> <span class='ocrx_word' id='word_1_293' title='bbox 1158 3931 1264 3984; x_wconf 87' lang='lat' dir='ltr'><strong>Ista</strong></span> <span class='ocrx_word' id='word_1_294' title='bbox 1299 3933 1501 4003; x_wconf 84' lang='lat' dir='ltr'><strong>quippe</strong></span> <span class='ocrx_word' id='word_1_295' title='bbox 1533 3948 1560 3987; x_wconf 89' lang='lat' dir='ltr'><strong>a</strong></span> <span class='ocrx_word' id='word_1_296' title='bbox 1596 3937 1800 3992; x_wconf 84' lang='lat' dir='ltr'><strong>sanctis</strong></span> <span class='ocrx_word' id='word_1_297' title='bbox 1830 3937 2014 3995; x_wconf 87' lang='lat' dir='ltr'><strong>Eccle-</strong></span> 
     </span>
    </p>
   </div>
   <div class='ocr_carea' id='block_1_40' title="bbox 406 3996 2012 4095">
    <p class='ocr_par' dir='ltr' id='par_1_40' title="bbox 406 3996 2012 4095">
     <span class='ocr_line' id='line_1_40' title="bbox 406 3996 2012 4095; baseline 0.009 -24"><span class='ocrx_word' id='word_1_298' title='bbox 406 3996 541 4072; x_wconf 49' lang='grc' dir='ltr'>βείω</span> <span class='ocrx_word' id='word_1_299' title='bbox 585 4018 859 4089; x_wconf 72' lang='lat' dir='ltr'><strong>magistris</strong></span> <span class='ocrx_word' id='word_1_300' title='bbox 916 4020 990 4074; x_wconf 86' lang='lat' dir='ltr'><strong>ita</strong></span> <span class='ocrx_word' id='word_1_301' title='bbox 1028 4020 1339 4077; x_wconf 85' lang='lat' dir='ltr'><strong>traduntur.</strong></span> <span class='ocrx_word' id='word_1_302' title='bbox 1383 4023 1439 4078; x_wconf 93' lang='lat' dir='ltr'><strong>Si</strong></span> <span class='ocrx_word' id='word_1_303' title='bbox 1490 4026 1612 4095; x_wconf 88' lang='lat' dir='ltr'><strong>quis</strong></span> <span class='ocrx_word' id='word_1_304' title='bbox 1661 4038 1843 4083; x_wconf 87' lang='lat' dir='ltr'><strong>autem</strong></span> <span class='ocrx_word' id='word_1_305' title='bbox 1894 4030 2012 4085; x_wconf 85' lang='lat' dir='ltr'><strong>ideo</strong></span> 
     </span>
    </p>
   </div>
   <div class='ocr_carea' id='block_1_41' title="bbox 424 4106 2006 4191">
    <p class='ocr_par' dir='ltr' id='par_1_41' title="bbox 424 4106 2006 4191">
     <span class='ocr_line' id='line_1_41' title="bbox 424 4106 2006 4191; baseline 0.01 -31"><span class='ocrx_word' id='word_1_306' title='bbox 424 4106 727 4179; x_wconf 71' lang='lat' dir='ltr'><strong>’proprium</strong></span> <span class='ocrx_word' id='word_1_307' title='bbox 777 4109 901 4166; x_wconf 86' lang='lat' dir='ltr'><strong>Filii</strong></span> <span class='ocrx_word' id='word_1_308' title='bbox 963 4111 1226 4182; x_wconf 88' lang='lat' dir='ltr'><strong>Spiritum</strong></span> <span class='ocrx_word' id='word_1_309' title='bbox 1283 4115 1440 4182; x_wconf 89' lang='lat' dir='ltr'><strong>dicit,</strong></span> <span class='ocrx_word' id='word_1_310' title='bbox 1490 4120 1617 4187; x_wconf 88' lang='lat' dir='ltr'><strong>quia</strong></span> <span class='ocrx_word' id='word_1_311' title='bbox 1685 4135 1779 4188; x_wconf 89' lang='lat' dir='ltr'><strong>per</strong></span> <span class='ocrx_word' id='word_1_312' title='bbox 1832 4122 2006 4191; x_wconf 89' lang='lat' dir='ltr'><strong>ipsum</strong></span> 
     </span>
    </p>
   </div>
   <div class='ocr_carea' id='block_1_42' title="bbox 446 4199 2009 4272">
    <p class='ocr_par' dir='ltr' id='par_1_42' title="bbox 446 4199 2009 4272">
     <span class='ocr_line' id='line_1_42' title="bbox 446 4199 2009 4272; baseline 0.01 -19"><span class='ocrx_word' id='word_1_313' title='bbox 446 4200 531 4253; x_wconf 88' lang='lat' dir='ltr'><strong>his</strong></span> <span class='ocrx_word' id='word_1_314' title='bbox 570 4200 661 4268; x_wconf 83' lang='lat' dir='ltr'><strong>qui</strong></span> <span class='ocrx_word' id='word_1_315' title='bbox 691 4199 840 4272; x_wconf 80' lang='lat' dir='ltr'><strong>digni</strong></span> <span class='ocrx_word' id='word_1_316' title='bbox 872 4212 1022 4266; x_wconf 88' lang='lat' dir='ltr'><strong>sunt,</strong></span> <span class='ocrx_word' id='word_1_317' title='bbox 1079 4203 1262 4270; x_wconf 85' lang='lat' dir='ltr'><strong>datur,</strong></span> <span class='ocrx_word' id='word_1_318' title='bbox 1338 4206 1384 4261; x_wconf 86' lang='lat' dir='ltr'><strong>is</strong></span> <span class='ocrx_word' id='word_1_319' title='bbox 1427 4224 1529 4261; x_wconf 83' lang='lat' dir='ltr'><strong>non</strong></span> <span class='ocrx_word' id='word_1_320' title='bbox 1582 4212 1712 4265; x_wconf 54' lang='lat' dir='ltr'><strong>sitis</strong></span> <span class='ocrx_word' id='word_1_321' title='bbox 1760 4213 2009 4268; x_wconf 86' lang='lat' dir='ltr'><strong>animad-</strong></span> 
     </span>
    </p>
   </div>
   <div class='ocr_carea' id='block_1_43' title="bbox 437 4280 2002 4374">
    <p class='ocr_par' dir='ltr' id='par_1_43' title="bbox 437 4280 2002 4374">
     <span class='ocr_line' id='line_1_43' title="bbox 437 4280 2002 4374; baseline 0.012 -33"><span class='ocrx_word' id='word_1_322' title='bbox 437 4290 601 4345; x_wconf 75' lang='lat' dir='ltr'><strong>v&#39;ertit</strong></span> <span class='ocrx_word' id='word_1_323' title='bbox 625 4280 922 4362; x_wconf 62' lang='grc' dir='ltr'><strong>«Ιοιῖιιυοιι</strong></span> <span class='ocrx_word' id='word_1_324' title='bbox 954 4295 1179 4361; x_wconf 87' lang='lat' dir='ltr'><strong>dicitur,</strong></span> <span class='ocrx_word' id='word_1_325' title='bbox 1211 4300 1505 4367; x_wconf 86' lang='lat' dir='ltr'><strong>temporale</strong></span> <span class='ocrx_word' id='word_1_326' title='bbox 1527 4317 1646 4355; x_wconf 57' lang='lat' dir='ltr'><strong>esse</strong></span> <span class='ocrx_word' id='word_1_327' title='bbox 1678 4320 1693 4369; x_wconf 93' lang='lat'><strong>;</strong></span> <span class='ocrx_word' id='word_1_328' title='bbox 1726 4308 2002 4374; x_wconf 89' lang='lat' dir='ltr'><strong>proprium</strong></span> 
     </span>
    </p>
   </div>
   <div class='ocr_carea' id='block_1_44' title="bbox 2149 540 2783 601">
    <p class='ocr_par' dir='ltr' id='par_1_44' title="bbox 2149 540 2783 601">
     <span class='ocr_line' id='line_1_44' title="bbox 2149 540 2783 601; baseline 0.011 -7"><span class='ocrx_word' id='word_1_329' title='bbox 2149 541 2215 594; x_wconf 83' lang='lat' dir='ltr'><strong>de</strong></span> <span class='ocrx_word' id='word_1_330' title='bbox 2247 540 2360 597; x_wconf 89' lang='lat' dir='ltr'><strong>Deo</strong></span> <span class='ocrx_word' id='word_1_331' title='bbox 2393 561 2493 599; x_wconf 88' lang='lat' dir='ltr'><strong>suo</strong></span> <span class='ocrx_word' id='word_1_332' title='bbox 2520 546 2783 601; x_wconf 87' lang='lat' dir='ltr'><strong>sentiunt.</strong></span> 
     </span>
    </p>
   </div>
   <div class='ocr_carea' id='block_1_45' title="bbox 2218 632 3712 708">
    <p class='ocr_par' dir='ltr' id='par_1_45' title="bbox 2218 632 3712 708">
     <span class='ocr_line' id='line_1_45' title="bbox 2218 632 3712 708; baseline 0.007 -22"><span class='ocrx_word' id='word_1_333' title='bbox 2218 632 2547 705; x_wconf 86' lang='lat' dir='ltr'><strong>Quanquam</strong></span> <span class='ocrx_word' id='word_1_334' title='bbox 2584 694 2589 701; x_wconf 62' lang='grc'><em>,</em></span> <span class='ocrx_word' id='word_1_335' title='bbox 2626 638 2942 708; x_wconf 74' lang='lat' dir='ltr'><strong>huiusmodi</strong></span> <span class='ocrx_word' id='word_1_336' title='bbox 2995 637 3545 697; x_wconf 85' lang='lat' dir='ltr'><strong>cousubstantialitas</strong></span> <span class='ocrx_word' id='word_1_337' title='bbox 3604 658 3712 696; x_wconf 82' lang='lat' dir='ltr'><strong>non</strong></span> 
     </span>
    </p>
   </div>
   <div class='ocr_carea' id='block_1_46' title="bbox 2148 727 3715 802">
    <p class='ocr_par' dir='ltr' id='par_1_46' title="bbox 2148 727 3715 802">
     <span class='ocr_line' id='line_1_46' title="bbox 2148 727 3715 802; baseline 0.006 -25"><span class='ocrx_word' id='word_1_338' title='bbox 2148 727 2366 795; x_wconf 89' lang='lat' dir='ltr'><strong>proprie</strong></span> <span class='ocrx_word' id='word_1_339' title='bbox 2387 728 2929 787; x_wconf 70' lang='lat' dir='ltr'><strong>consubstantialltas</strong></span> <span class='ocrx_word' id='word_1_340' title='bbox 2956 741 3060 793; x_wconf 89' lang='lat' dir='ltr'><strong>est,</strong></span> <span class='ocrx_word' id='word_1_341' title='bbox 3083 728 3174 787; x_wconf 79' lang='lat' dir='ltr'><strong>sed</strong></span> <span class='ocrx_word' id='word_1_342' title='bbox 3200 747 3263 788; x_wconf 88' lang='lat' dir='ltr'><strong>ea</strong></span> <span class='ocrx_word' id='word_1_343' title='bbox 3288 748 3407 802; x_wconf 82' lang='lat' dir='ltr'><strong>quae</strong></span> <span class='ocrx_word' id='word_1_344' title='bbox 3440 733 3715 788; x_wconf 83' lang='lat' dir='ltr'><strong>connectit</strong></span> 
     </span>
    </p>
   </div>
   <div class='ocr_carea' id='block_1_47' title="bbox 2145 814 3714 893">
    <p class='ocr_par' dir='ltr' id='par_1_47' title="bbox 2145 814 3714 893">
     <span class='ocr_line' id='line_1_47' title="bbox 2145 814 3714 893; baseline 0.003 -22"><span class='ocrx_word' id='word_1_345' title='bbox 2145 814 2378 873; x_wconf 87' lang='lat' dir='ltr'><strong>alterum</strong></span> <span class='ocrx_word' id='word_1_346' title='bbox 2404 818 2580 889; x_wconf 85' lang='lat' dir='ltr'><strong>alteri,</strong></span> <span class='ocrx_word' id='word_1_347' title='bbox 2611 829 2797 892; x_wconf 90' lang='lat' dir='ltr'><strong>utpote</strong></span> <span class='ocrx_word' id='word_1_348' title='bbox 2826 838 2921 893; x_wconf 89' lang='lat' dir='ltr'><strong>per</strong></span> <span class='ocrx_word' id='word_1_349' title='bbox 2946 823 3121 893; x_wconf 89' lang='lat' dir='ltr'><strong>ipsum</strong></span> <span class='ocrx_word' id='word_1_350' title='bbox 3149 839 3217 878; x_wconf 78' lang='lat' dir='ltr'><strong>ex</strong></span> <span class='ocrx_word' id='word_1_351' title='bbox 3257 824 3376 892; x_wconf 82' lang='lat' dir='ltr'><strong>ipso</strong></span> <span class='ocrx_word' id='word_1_352' title='bbox 3400 823 3714 878; x_wconf 87' lang='lat' dir='ltr'><strong>naturaliter</strong></span> 
     </span>
    </p>
   </div>
   <div class='ocr_carea' id='block_1_48' title="bbox 2144 912 3714 984">
    <p class='ocr_par' dir='ltr' id='par_1_48' title="bbox 2144 912 3714 984">
     <span class='ocr_line' id='line_1_48' title="bbox 2144 912 3714 984; baseline 0.005 -23"><span class='ocrx_word' id='word_1_353' title='bbox 2144 919 2308 978; x_wconf 87' lang='lat' dir='ltr'><strong>atque</strong></span> <span class='ocrx_word' id='word_1_354' title='bbox 2363 912 2725 967; x_wconf 87' lang='lat' dir='ltr'><strong>essentialiter</strong></span> <span class='ocrx_word' id='word_1_355' title='bbox 2775 915 3067 969; x_wconf 84' lang='lat' dir='ltr'><strong>exsistens.</strong></span> <span class='ocrx_word' id='word_1_356' title='bbox 3108 913 3517 984; x_wconf 85' lang='lat' dir='ltr'><strong>Attestaturque</strong></span> <span class='ocrx_word' id='word_1_357' title='bbox 3584 916 3714 970; x_wconf 88' lang='lat' dir='ltr'><strong>huic</strong></span> 
     </span>
    </p>
   </div>
   <div class='ocr_carea' id='block_1_49' title="bbox 2143 1003 3714 1077">
    <p class='ocr_par' dir='ltr' id='par_1_49' title="bbox 2143 1003 3714 1077">
     <span class='ocr_line' id='line_1_49' title="bbox 2143 1003 3714 1077; baseline 0.003 -20"><span class='ocrx_word' id='word_1_358' title='bbox 2143 1003 2435 1058; x_wconf 87' lang='lat' dir='ltr'><strong>assertioni</strong></span> <span class='ocrx_word' id='word_1_359' title='bbox 2469 1003 2726 1071; x_wconf 85' lang='lat' dir='ltr'><strong>Basilius,</strong></span> <span class='ocrx_word' id='word_1_360' title='bbox 2765 1022 2885 1061; x_wconf 91' lang='lat' dir='ltr'><strong>cum</strong></span> <span class='ocrx_word' id='word_1_361' title='bbox 2925 1007 3082 1070; x_wconf 87' lang='lat' dir='ltr'><strong>dicit,</strong></span> <span class='ocrx_word' id='word_1_362' title='bbox 3120 1022 3231 1063; x_wconf 92' lang='lat' dir='ltr'><strong>non</strong></span> <span class='ocrx_word' id='word_1_363' title='bbox 3279 1023 3404 1077; x_wconf 69' lang='lat' dir='ltr'><strong>qua:</strong></span> <span class='ocrx_word' id='word_1_364' title='bbox 3454 1022 3714 1077; x_wconf 80' lang='lat' dir='ltr'><strong>germana</strong></span> 
     </span>
    </p>
   </div>
   <div class='ocr_carea' id='block_1_50' title="bbox 2143 1092 3715 1169">
    <p class='ocr_par' dir='ltr' id='par_1_50' title="bbox 2143 1092 3715 1169">
     <span class='ocr_line' id='line_1_50' title="bbox 2143 1092 3715 1169; baseline 0.004 -24"><span class='ocrx_word' id='word_1_365' title='bbox 2143 1092 2374 1149; x_wconf 85' lang='lat' dir='ltr'><strong>invicem</strong></span> <span class='ocrx_word' id='word_1_366' title='bbox 2397 1097 2528 1162; x_wconf 89' lang='lat' dir='ltr'><strong>sint,</strong></span> <span class='ocrx_word' id='word_1_367' title='bbox 2552 1099 3038 1154; x_wconf 86' lang='lat' dir='ltr'><strong>consubstantialia</strong></span> <span class='ocrx_word' id='word_1_368' title='bbox 3060 1099 3190 1156; x_wconf 90' lang='lat' dir='ltr'><strong>diei.</strong></span> <span class='ocrx_word' id='word_1_369' title='bbox 3222 1099 3310 1153; x_wconf 84' lang='lat' dir='ltr'><strong>Ait</strong></span> <span class='ocrx_word' id='word_1_370' title='bbox 3339 1099 3486 1153; x_wconf 92' lang='lat' dir='ltr'><strong>enim</strong></span> <span class='ocrx_word' id='word_1_371' title='bbox 3512 1102 3715 1169; x_wconf 77' lang='lat' dir='ltr'><strong>episto-</strong></span> 
     </span>
    </p>
   </div>
   <div class='ocr_carea' id='block_1_51' title="bbox 2139 1185 3715 1261">
    <p class='ocr_par' dir='ltr' id='par_1_51' title="bbox 2139 1185 3715 1261">
     <span class='ocr_line' id='line_1_51' title="bbox 2139 1185 3715 1261; baseline 0.003 -22"><span class='ocrx_word' id='word_1_372' title='bbox 2139 1185 2187 1240; x_wconf 85' lang='lat' dir='ltr'><strong>la</strong></span> <span class='ocrx_word' id='word_1_373' title='bbox 2216 1190 2282 1242; x_wconf 92' lang='lat' dir='ltr'><strong>ad</strong></span> <span class='ocrx_word' id='word_1_374' title='bbox 2312 1188 2619 1245; x_wconf 46' lang='lat' dir='ltr'><strong>Canonicus</strong></span> <span class='ocrx_word' id='word_1_375' title='bbox 2650 1209 2663 1245; x_wconf 89' lang='lat'><strong>:</strong></span> <span class='ocrx_word' id='word_1_376' title='bbox 2706 1208 2724 1240; x_wconf 73' lang='grc' dir='ltr'>α</span> <span class='ocrx_word' id='word_1_377' title='bbox 2755 1190 3023 1257; x_wconf 86' lang='lat' dir='ltr'><strong>Quoniam</strong></span> <span class='ocrx_word' id='word_1_378' title='bbox 3057 1192 3223 1260; x_wconf 79' lang='lat' dir='ltr'><strong>igitur</strong></span> <span class='ocrx_word' id='word_1_379' title='bbox 3259 1190 3353 1246; x_wconf 78' lang='lat' dir='ltr'><strong>lux</strong></span> <span class='ocrx_word' id='word_1_380' title='bbox 3387 1206 3418 1246; x_wconf 87' lang='lat' dir='ltr'><strong>a</strong></span> <span class='ocrx_word' id='word_1_381' title='bbox 3445 1191 3715 1261; x_wconf 86' lang='lat' dir='ltr'><strong>principio</strong></span> 
     </span>
    </p>
   </div>
   <div class='ocr_carea' id='block_1_52' title="bbox 2142 1278 3716 1351">
    <p class='ocr_par' dir='ltr' id='par_1_52' title="bbox 2142 1278 3716 1351">
     <span class='ocr_line' id='line_1_52' title="bbox 2142 1278 3716 1351; baseline 0.004 -18"><span class='ocrx_word' id='word_1_382' title='bbox 2142 1278 2306 1335; x_wconf 86' lang='lat' dir='ltr'><strong>Pater</strong></span> <span class='ocrx_word' id='word_1_383' title='bbox 2350 1290 2453 1346; x_wconf 89' lang='lat' dir='ltr'><strong>est,</strong></span> <span class='ocrx_word' id='word_1_384' title='bbox 2492 1282 2578 1335; x_wconf 81' lang='lat' dir='ltr'><strong>lux</strong></span> <span class='ocrx_word' id='word_1_385' title='bbox 2613 1292 2793 1336; x_wconf 89' lang='lat' dir='ltr'><strong>autem</strong></span> <span class='ocrx_word' id='word_1_386' title='bbox 2847 1282 3025 1351; x_wconf 86' lang='lat' dir='ltr'><strong>genita</strong></span> <span class='ocrx_word' id='word_1_387' title='bbox 3081 1278 3271 1341; x_wconf 79' lang='lat' dir='ltr'><strong>Filius.</strong></span> <span class='ocrx_word' id='word_1_388' title='bbox 3302 1280 3419 1338; x_wconf 81' lang='lat' dir='ltr'><strong>Lux</strong></span> <span class='ocrx_word' id='word_1_389' title='bbox 3464 1298 3614 1348; x_wconf 81' lang='lat' dir='ltr'><strong>vero,</strong></span> <span class='ocrx_word' id='word_1_390' title='bbox 3660 1295 3716 1339; x_wconf 86' lang='lat' dir='ltr'><strong>et</strong></span> 
     </span>
    </p>
   </div>
   <div class='ocr_carea' id='block_1_53' title="bbox 2139 1370 3709 1441">
    <p class='ocr_par' dir='ltr' id='par_1_53' title="bbox 2139 1370 3709 1441">
     <span class='ocr_line' id='line_1_53' title="bbox 2139 1370 3709 1441; baseline 0.003 -18"><span class='ocrx_word' id='word_1_391' title='bbox 2139 1370 2226 1425; x_wconf 79' lang='lat' dir='ltr'><strong>lus</strong></span> <span class='ocrx_word' id='word_1_392' title='bbox 2282 1381 2511 1441; x_wconf 82' lang='lat' dir='ltr'><strong>utraque</strong></span> <span class='ocrx_word' id='word_1_393' title='bbox 2555 1382 2662 1438; x_wconf 84' lang='lat' dir='ltr'><strong>est,</strong></span> <span class='ocrx_word' id='word_1_394' title='bbox 2713 1375 2906 1428; x_wconf 87' lang='lat' dir='ltr'><strong>merito</strong></span> <span class='ocrx_word' id='word_1_395' title='bbox 2976 1375 3117 1429; x_wconf 85' lang='lat' dir='ltr'><strong>hanc</strong></span> <span class='ocrx_word' id='word_1_396' title='bbox 3188 1375 3709 1430; x_wconf 79' lang='lat' dir='ltr'><strong>consubstantialem</strong></span> 
     </span>
    </p>
   </div>
   <div class='ocr_carea' id='block_1_54' title="bbox 2138 1464 3707 1536">
    <p class='ocr_par' dir='ltr' id='par_1_54' title="bbox 2138 1464 3707 1536">
     <span class='ocr_line' id='line_1_54' title="bbox 2138 1464 3707 1536; baseline 0.004 -21"><span class='ocrx_word' id='word_1_397' title='bbox 2138 1464 2392 1528; x_wconf 81' lang='lat' dir='ltr'><strong>dixerint,</strong></span> <span class='ocrx_word' id='word_1_398' title='bbox 2413 1475 2472 1519; x_wconf 91' lang='lat' dir='ltr'><strong>ut</strong></span> <span class='ocrx_word' id='word_1_399' title='bbox 2495 1472 2701 1521; x_wconf 67' lang='lat' dir='ltr'><strong>natura:</strong></span> <span class='ocrx_word' id='word_1_400' title='bbox 2719 1481 2936 1536; x_wconf 67' lang='lat' dir='ltr'><strong>(equum</strong></span> <span class='ocrx_word' id='word_1_401' title='bbox 2959 1467 3217 1522; x_wconf 88' lang='lat' dir='ltr'><strong>honorem</strong></span> <span class='ocrx_word' id='word_1_402' title='bbox 3242 1468 3707 1524; x_wconf 85' lang='lat' dir='ltr'><strong>commendarent.</strong></span> 
     </span>
    </p>
   </div>
   <div class='ocr_carea' id='block_1_55' title="bbox 2142 1555 3710 1629">
    <p class='ocr_par' dir='ltr' id='par_1_55' title="bbox 2142 1555 3710 1629">
     <span class='ocr_line' id='line_1_55' title="bbox 2142 1555 3710 1629; baseline 0.001 -21"><span class='ocrx_word' id='word_1_403' title='bbox 2142 1555 2257 1609; x_wconf 80' lang='lat' dir='ltr'><strong>Non</strong></span> <span class='ocrx_word' id='word_1_404' title='bbox 2291 1556 2434 1611; x_wconf 84' lang='lat' dir='ltr'><strong>enim</strong></span> <span class='ocrx_word' id='word_1_405' title='bbox 2466 1572 2585 1627; x_wconf 70' lang='lat' dir='ltr'><strong>qua:</strong></span> <span class='ocrx_word' id='word_1_406' title='bbox 2615 1574 2868 1629; x_wconf 78' lang='lat' dir='ltr'><strong>germana</strong></span> <span class='ocrx_word' id='word_1_407' title='bbox 2910 1568 3057 1625; x_wconf 88' lang='lat' dir='ltr'><strong>sunt,</strong></span> <span class='ocrx_word' id='word_1_408' title='bbox 3090 1558 3578 1614; x_wconf 81' lang='lat' dir='ltr'><strong>consubstantialia</strong></span> <span class='ocrx_word' id='word_1_409' title='bbox 3624 1558 3710 1612; x_wconf 79' lang='lat' dir='ltr'><strong>di-</strong></span> 
     </span>
    </p>
   </div>
   <div class='ocr_carea' id='block_1_56' title="bbox 2134 1649 3707 1719">
    <p class='ocr_par' dir='ltr' id='par_1_56' title="bbox 2134 1649 3707 1719">
     <span class='ocr_line' id='line_1_56' title="bbox 2134 1649 3707 1719; baseline 0 -18"><span class='ocrx_word' id='word_1_410' title='bbox 2134 1656 2357 1711; x_wconf 85' lang='lat' dir='ltr'><strong>cuntur,</strong></span> <span class='ocrx_word' id='word_1_411' title='bbox 2388 1657 2448 1703; x_wconf 91' lang='lat' dir='ltr'><strong>ut</strong></span> <span class='ocrx_word' id='word_1_412' title='bbox 2474 1650 2693 1719; x_wconf 87' lang='lat' dir='ltr'><strong>quidam</strong></span> <span class='ocrx_word' id='word_1_413' title='bbox 2722 1649 2969 1704; x_wconf 86' lang='lat' dir='ltr'><strong>arbitrati</strong></span> <span class='ocrx_word' id='word_1_414' title='bbox 2995 1659 3122 1704; x_wconf 85' lang='lat' dir='ltr'><strong>sunt</strong></span> <span class='ocrx_word' id='word_1_415' title='bbox 3149 1650 3278 1714; x_wconf 90' lang='lat' dir='ltr'><strong>;sed</strong></span> <span class='ocrx_word' id='word_1_416' title='bbox 3312 1665 3436 1706; x_wconf 83' lang='lat' dir='ltr'><strong>cuin</strong></span> <span class='ocrx_word' id='word_1_417' title='bbox 3467 1658 3522 1703; x_wconf 89' lang='lat' dir='ltr'><strong>et</strong></span> <span class='ocrx_word' id='word_1_418' title='bbox 3544 1665 3707 1704; x_wconf 90' lang='lat' dir='ltr'><strong>causa</strong></span> 
     </span>
    </p>
   </div>
   <div class='ocr_carea' id='block_1_57' title="bbox 2139 1740 3709 1813">
    <p class='ocr_par' dir='ltr' id='par_1_57' title="bbox 2139 1740 3709 1813">
     <span class='ocr_line' id='line_1_57' title="bbox 2139 1740 3709 1813; baseline 0.002 -22"><span class='ocrx_word' id='word_1_419' title='bbox 2139 1748 2193 1792; x_wconf 83' lang='lat' dir='ltr'><strong>et</strong></span> <span class='ocrx_word' id='word_1_420' title='bbox 2229 1740 2373 1809; x_wconf 88' lang='lat' dir='ltr'><strong>quod</strong></span> <span class='ocrx_word' id='word_1_421' title='bbox 2401 1755 2467 1795; x_wconf 81' lang='lat' dir='ltr'><strong>ex</strong></span> <span class='ocrx_word' id='word_1_422' title='bbox 2501 1756 2666 1797; x_wconf 85' lang='lat' dir='ltr'><strong>causa</strong></span> <span class='ocrx_word' id='word_1_423' title='bbox 2700 1744 3065 1797; x_wconf 82' lang='lat' dir='ltr'><strong>substantiam</strong></span> <span class='ocrx_word' id='word_1_424' title='bbox 3098 1742 3284 1807; x_wconf 84' lang='lat' dir='ltr'><strong>habet,</strong></span> <span class='ocrx_word' id='word_1_425' title='bbox 3328 1741 3572 1813; x_wconf 85' lang='lat' dir='ltr'><strong>ejusdem</strong></span> <span class='ocrx_word' id='word_1_426' title='bbox 3614 1757 3709 1795; x_wconf 84' lang='lat' dir='ltr'><strong>na-</strong></span> 
     </span>
    </p>
   </div>
   <div class='ocr_carea' id='block_1_58' title="bbox 2141 1835 3282 1902">
    <p class='ocr_par' dir='ltr' id='par_1_58' title="bbox 2141 1835 3282 1902">
     <span class='ocr_line' id='line_1_58' title="bbox 2141 1835 3282 1902; baseline 0.004 -15"><span class='ocrx_word' id='word_1_427' title='bbox 2141 1843 2274 1889; x_wconf 84' lang='lat' dir='ltr'><strong>turae</strong></span> <span class='ocrx_word' id='word_1_428' title='bbox 2305 1841 2454 1902; x_wconf 86' lang='lat' dir='ltr'><strong>sunt,</strong></span> <span class='ocrx_word' id='word_1_429' title='bbox 2488 1836 2973 1891; x_wconf 84' lang='lat' dir='ltr'><strong>consubstantialia</strong></span> <span class='ocrx_word' id='word_1_430' title='bbox 3004 1835 3282 1892; x_wconf 86' lang='lat' dir='ltr'><strong>dicuntur.</strong></span> 
     </span>
    </p>
   </div>
   <div class='ocr_carea' id='block_1_59' title="bbox 2211 1916 3704 1983">
    <p class='ocr_par' dir='ltr' id='par_1_59' title="bbox 2211 1916 3704 1983">
     <span class='ocr_line' id='line_1_59' title="bbox 2211 1916 3704 1983; baseline 0.001 -3"><span class='ocrx_word' id='word_1_431' title='bbox 2211 1925 2355 1981; x_wconf 90' lang='lat' dir='ltr'><strong>Idem</strong></span> <span class='ocrx_word' id='word_1_432' title='bbox 2387 1916 2718 1983; x_wconf 88' lang='lat' dir='ltr'><strong>insermone</strong></span> <span class='ocrx_word' id='word_1_433' title='bbox 2753 1938 2941 1983; x_wconf 87' lang='lat' dir='ltr'><strong>contra</strong></span> <span class='ocrx_word' id='word_1_434' title='bbox 2976 1926 3274 1983; x_wconf 87' lang='lat' dir='ltr'><strong>Sabellium</strong></span> <span class='ocrx_word' id='word_1_435' title='bbox 3317 1935 3373 1983; x_wconf 86' lang='lat' dir='ltr'><strong>et</strong></span> <span class='ocrx_word' id='word_1_436' title='bbox 3407 1928 3704 1982; x_wconf 78' lang='lat' dir='ltr'><strong>Aueinmos</strong></span> 
     </span>
    </p>
   </div>
   <div class='ocr_carea' id='block_1_60' title="bbox 2138 2015 3700 2076">
    <p class='ocr_par' dir='ltr' id='par_1_60' title="bbox 2138 2015 3700 2076">
     <span class='ocr_line' id='line_1_60' title="bbox 2138 2015 3700 2076; baseline -0.001 -7"><span class='ocrx_word' id='word_1_437' title='bbox 2138 2015 2205 2070; x_wconf 86' lang='lat' dir='ltr'><strong>de</strong></span> <span class='ocrx_word' id='word_1_438' title='bbox 2236 2015 2400 2074; x_wconf 81' lang='lat' dir='ltr'><strong>Patre</strong></span> <span class='ocrx_word' id='word_1_439' title='bbox 2429 2028 2486 2074; x_wconf 88' lang='lat' dir='ltr'><strong>et</strong></span> <span class='ocrx_word' id='word_1_440' title='bbox 2514 2016 2654 2073; x_wconf 84' lang='lat' dir='ltr'><strong>Filio</strong></span> <span class='ocrx_word' id='word_1_441' title='bbox 2683 2018 2961 2076; x_wconf 87' lang='lat' dir='ltr'><strong>disserens</strong></span> <span class='ocrx_word' id='word_1_442' title='bbox 2988 2019 3102 2073; x_wconf 89' lang='lat' dir='ltr'><strong>ait:</strong></span> <span class='ocrx_word' id='word_1_443' title='bbox 3136 2017 3300 2074; x_wconf 77' lang='lat' dir='ltr'><strong>tCum</strong></span> <span class='ocrx_word' id='word_1_444' title='bbox 3324 2029 3504 2073; x_wconf 86' lang='lat' dir='ltr'><strong>autem</strong></span> <span class='ocrx_word' id='word_1_445' title='bbox 3539 2035 3700 2072; x_wconf 82' lang='lat' dir='ltr'><strong>unam</strong></span> 
     </span>
    </p>
   </div>
   <div class='ocr_carea' id='block_1_61' title="bbox 2136 2109 3701 2194">
    <p class='ocr_par' dir='ltr' id='par_1_61' title="bbox 2136 2109 3701 2194">
     <span class='ocr_line' id='line_1_61' title="bbox 2136 2109 3701 2194; baseline 0.001 -32"><span class='ocrx_word' id='word_1_446' title='bbox 2136 2109 2428 2164; x_wconf 87' lang='lat' dir='ltr'><strong>essentiam</strong></span> <span class='ocrx_word' id='word_1_447' title='bbox 2456 2109 2601 2175; x_wconf 89' lang='lat' dir='ltr'><strong>dico,</strong></span> <span class='ocrx_word' id='word_1_448' title='bbox 2633 2111 2741 2166; x_wconf 90' lang='lat' dir='ltr'><strong>noli</strong></span> <span class='ocrx_word' id='word_1_449' title='bbox 2778 2113 2887 2167; x_wconf 85' lang='lat' dir='ltr'><strong>duo</strong></span> <span class='ocrx_word' id='word_1_450' title='bbox 2922 2127 2983 2171; x_wconf 71' lang='lat' dir='ltr'><strong>ex</strong></span> <span class='ocrx_word' id='word_1_451' title='bbox 3006 2126 3139 2194; x_wconf 52' lang='lat' dir='ltr'><strong>[uno</strong></span> <span class='ocrx_word' id='word_1_452' title='bbox 3173 2110 3344 2165; x_wconf 83' lang='lat' dir='ltr'><strong>divisa</strong></span> <span class='ocrx_word' id='word_1_453' title='bbox 3377 2111 3701 2182; x_wconf 78' lang='lat' dir='ltr'><strong>intelligere,</strong></span> 
     </span>
    </p>
   </div>
   <div class='ocr_carea' id='block_1_62' title="bbox 2135 2198 3703 2271">
    <p class='ocr_par' dir='ltr' id='par_1_62' title="bbox 2135 2198 3703 2271">
     <span class='ocr_line' id='line_1_62' title="bbox 2135 2198 3703 2271; baseline 0.001 -18"><span class='ocrx_word' id='word_1_454' title='bbox 2135 2201 2225 2253; x_wconf 86' lang='lat' dir='ltr'><strong>sed</strong></span> <span class='ocrx_word' id='word_1_455' title='bbox 2256 2216 2317 2254; x_wconf 84' lang='lat' dir='ltr'><strong>ex</strong></span> <span class='ocrx_word' id='word_1_456' title='bbox 2361 2198 2520 2255; x_wconf 86' lang='lat' dir='ltr'><strong>Patre</strong></span> <span class='ocrx_word' id='word_1_457' title='bbox 2548 2202 2817 2271; x_wconf 89' lang='lat' dir='ltr'><strong>principio</strong></span> <span class='ocrx_word' id='word_1_458' title='bbox 2851 2200 3047 2257; x_wconf 89' lang='lat' dir='ltr'><strong>Filium</strong></span> <span class='ocrx_word' id='word_1_459' title='bbox 3085 2205 3410 2266; x_wconf 82' lang='lat' dir='ltr'><strong>subsistere,</strong></span> <span class='ocrx_word' id='word_1_460' title='bbox 3463 2219 3568 2257; x_wconf 86' lang='lat' dir='ltr'><strong>non</strong></span> <span class='ocrx_word' id='word_1_461' title='bbox 3602 2201 3703 2255; x_wconf 89' lang='lat' dir='ltr'><strong>Pa-</strong></span> 
     </span>
    </p>
   </div>
   <div class='ocr_carea' id='block_1_63' title="bbox 2134 2289 3697 2362">
    <p class='ocr_par' dir='ltr' id='par_1_63' title="bbox 2134 2289 3697 2362">
     <span class='ocr_line' id='line_1_63' title="bbox 2134 2289 3697 2362; baseline 0.003 -21"><span class='ocrx_word' id='word_1_462' title='bbox 2134 2300 2267 2343; x_wconf 81' lang='lat' dir='ltr'><strong>trem</strong></span> <span class='ocrx_word' id='word_1_463' title='bbox 2305 2302 2357 2345; x_wconf 87' lang='lat' dir='ltr'><strong>et</strong></span> <span class='ocrx_word' id='word_1_464' title='bbox 2410 2289 2604 2346; x_wconf 90' lang='lat' dir='ltr'><strong>Filium</strong></span> <span class='ocrx_word' id='word_1_465' title='bbox 2644 2308 2710 2347; x_wconf 79' lang='lat' dir='ltr'><strong>ex</strong></span> <span class='ocrx_word' id='word_1_466' title='bbox 2776 2292 2956 2362; x_wconf 89' lang='lat' dir='ltr'><strong>aliqua</strong></span> <span class='ocrx_word' id='word_1_467' title='bbox 2989 2292 3255 2362; x_wconf 90' lang='lat' dir='ltr'><strong>superiori</strong></span> <span class='ocrx_word' id='word_1_468' title='bbox 3296 2297 3551 2349; x_wconf 77' lang='lat' dir='ltr'><strong>essentia.</strong></span> <span class='ocrx_word' id='word_1_469' title='bbox 3575 2291 3697 2346; x_wconf 77' lang='lat' dir='ltr'><strong>Non</strong></span> 
     </span>
    </p>
   </div>
   <div class='ocr_carea' id='block_1_64' title="bbox 2133 2382 3701 2453">
    <p class='ocr_par' dir='ltr' id='par_1_64' title="bbox 2133 2382 3701 2453">
     <span class='ocr_line' id='line_1_64' title="bbox 2133 2382 3701 2453; baseline 0.001 -18"><span class='ocrx_word' id='word_1_470' title='bbox 2133 2382 2280 2436; x_wconf 58' lang='lat' dir='ltr'><strong>enim</strong></span> <span class='ocrx_word' id='word_1_471' title='bbox 2337 2398 2592 2453; x_wconf 82' lang='lat' dir='ltr'><strong>germana</strong></span> <span class='ocrx_word' id='word_1_472' title='bbox 2630 2384 2912 2451; x_wconf 87' lang='lat' dir='ltr'><strong>dicimus;</strong></span> <span class='ocrx_word' id='word_1_473' title='bbox 2961 2383 3053 2439; x_wconf 91' lang='lat' dir='ltr'><strong>sed</strong></span> <span class='ocrx_word' id='word_1_474' title='bbox 3109 2382 3321 2439; x_wconf 87' lang='lat' dir='ltr'><strong>Patrem</strong></span> <span class='ocrx_word' id='word_1_475' title='bbox 3376 2386 3701 2439; x_wconf 83' lang='lat' dir='ltr'><strong>conliteinur</strong></span> 
     </span>
    </p>
   </div>
   <div class='ocr_carea' id='block_1_65' title="bbox 2131 2473 3698 2547">
    <p class='ocr_par' dir='ltr' id='par_1_65' title="bbox 2131 2473 3698 2547">
     <span class='ocr_line' id='line_1_65' title="bbox 2131 2473 3698 2547; baseline 0.003 -22"><span class='ocrx_word' id='word_1_476' title='bbox 2131 2484 2175 2525; x_wconf 79' lang='lat' dir='ltr'><strong>et</strong></span> <span class='ocrx_word' id='word_1_477' title='bbox 2206 2473 2401 2528; x_wconf 87' lang='lat' dir='ltr'><strong>Filium</strong></span> <span class='ocrx_word' id='word_1_478' title='bbox 2436 2491 2452 2537; x_wconf 85' lang='lat'><strong>;</strong></span> <span class='ocrx_word' id='word_1_479' title='bbox 2485 2477 2739 2531; x_wconf 72' lang='lat' dir='ltr'><strong>essentia:</strong></span> <span class='ocrx_word' id='word_1_480' title='bbox 2767 2491 2896 2531; x_wconf 84' lang='lat' dir='ltr'><strong>vero</strong></span> <span class='ocrx_word' id='word_1_481' title='bbox 2924 2475 3285 2541; x_wconf 80' lang='lat' dir='ltr'><strong>identitatem,</strong></span> <span class='ocrx_word' id='word_1_482' title='bbox 3337 2477 3597 2547; x_wconf 73' lang='lat' dir='ltr'><strong>quoniam</strong></span> <span class='ocrx_word' id='word_1_483' title='bbox 3630 2489 3698 2529; x_wconf 77' lang='lat' dir='ltr'><strong>ex</strong></span> 
     </span>
    </p>
   </div>
   <div class='ocr_carea' id='block_1_66' title="bbox 2130 2562 2697 2622">
    <p class='ocr_par' dir='ltr' id='par_1_66' title="bbox 2130 2562 2697 2622">
     <span class='ocr_line' id='line_1_66' title="bbox 2130 2562 2697 2622; baseline 0.011 -6"><span class='ocrx_word' id='word_1_484' title='bbox 2130 2562 2286 2621; x_wconf 67' lang='lat' dir='ltr'><strong>Patre</strong></span> <span class='ocrx_word' id='word_1_485' title='bbox 2326 2564 2493 2622; x_wconf 85' lang='lat' dir='ltr'><strong>Filius</strong></span> <span class='ocrx_word' id='word_1_486' title='bbox 2531 2580 2632 2622; x_wconf 87' lang='lat' dir='ltr'><strong>est.</strong></span> <span class='ocrx_word' id='word_1_487' title='bbox 2676 2585 2697 2622; x_wconf 66' lang='grc' dir='ltr'>δ</span> 
     </span>
    </p>
   </div>
   <div class='ocr_carea' id='block_1_67' title="bbox 2203 2657 3692 2730">
    <p class='ocr_par' dir='ltr' id='par_1_67' title="bbox 2203 2657 3692 2730">
     <span class='ocr_line' id='line_1_67' title="bbox 2203 2657 3692 2730; baseline 0.001 -20"><span class='ocrx_word' id='word_1_488' title='bbox 2203 2657 2313 2713; x_wconf 88' lang='lat' dir='ltr'><strong>Hoc</strong></span> <span class='ocrx_word' id='word_1_489' title='bbox 2340 2660 2502 2729; x_wconf 82' lang='lat' dir='ltr'><strong>igitur</strong></span> <span class='ocrx_word' id='word_1_490' title='bbox 2534 2661 2585 2714; x_wconf 94' lang='lat' dir='ltr'><strong>in</strong></span> <span class='ocrx_word' id='word_1_491' title='bbox 2623 2661 2741 2716; x_wconf 90' lang='lat' dir='ltr'><strong>loco</strong></span> <span class='ocrx_word' id='word_1_492' title='bbox 2792 2661 3066 2717; x_wconf 67' lang='lat' dir='ltr'><strong>haereticis</strong></span> <span class='ocrx_word' id='word_1_493' title='bbox 3118 2659 3450 2730; x_wconf 87' lang='lat' dir='ltr'><strong>quibusdam</strong></span> <span class='ocrx_word' id='word_1_494' title='bbox 3501 2671 3692 2714; x_wconf 77' lang='lat' dir='ltr'><strong>contra</strong></span> 
     </span>
    </p>
   </div>
   <div class='ocr_carea' id='block_1_68' title="bbox 2130 2748 3697 2815">
    <p class='ocr_par' dir='ltr' id='par_1_68' title="bbox 2130 2748 3697 2815">
     <span class='ocr_line' id='line_1_68' title="bbox 2130 2748 3697 2815; baseline 0 -12"><span class='ocrx_word' id='word_1_495' title='bbox 2130 2749 2597 2805; x_wconf 84' lang='lat' dir='ltr'><strong>consubstantiale</strong></span> <span class='ocrx_word' id='word_1_496' title='bbox 2624 2750 2797 2806; x_wconf 87' lang='lat' dir='ltr'><strong>Patris</strong></span> <span class='ocrx_word' id='word_1_497' title='bbox 2844 2762 2894 2806; x_wconf 88' lang='lat' dir='ltr'><strong>et</strong></span> <span class='ocrx_word' id='word_1_498' title='bbox 2923 2748 3045 2806; x_wconf 85' lang='lat' dir='ltr'><strong>Filii</strong></span> <span class='ocrx_word' id='word_1_499' title='bbox 3069 2752 3390 2815; x_wconf 82' lang='lat' dir='ltr'><strong>nitentibus,</strong></span> <span class='ocrx_word' id='word_1_500' title='bbox 3416 2761 3469 2807; x_wconf 91' lang='lat' dir='ltr'><strong>et</strong></span> <span class='ocrx_word' id='word_1_501' title='bbox 3489 2752 3697 2807; x_wconf 84' lang='lat' dir='ltr'><strong>calum-</strong></span> 
     </span>
    </p>
   </div>
   <div class='ocr_carea' id='block_1_69' title="bbox 2131 2838 3692 2914">
    <p class='ocr_par' dir='ltr' id='par_1_69' title="bbox 2131 2838 3692 2914">
     <span class='ocr_line' id='line_1_69' title="bbox 2131 2838 3692 2914; baseline 0.001 -19"><span class='ocrx_word' id='word_1_502' title='bbox 2131 2843 2278 2896; x_wconf 88' lang='lat' dir='ltr'><strong>niam</strong></span> <span class='ocrx_word' id='word_1_503' title='bbox 2313 2844 2439 2897; x_wconf 89' lang='lat' dir='ltr'><strong>inde</strong></span> <span class='ocrx_word' id='word_1_504' title='bbox 2463 2840 2802 2899; x_wconf 85' lang='lat' dir='ltr'><strong>struentihus</strong></span> <span class='ocrx_word' id='word_1_505' title='bbox 2837 2863 2852 2912; x_wconf 94' lang='lat'><strong>;</strong></span> <span class='ocrx_word' id='word_1_506' title='bbox 2888 2855 2948 2900; x_wconf 91' lang='lat' dir='ltr'><strong>ut</strong></span> <span class='ocrx_word' id='word_1_507' title='bbox 2977 2845 3020 2900; x_wconf 93' lang='lat' dir='ltr'><strong>si</strong></span> <span class='ocrx_word' id='word_1_508' title='bbox 3059 2846 3275 2914; x_wconf 85' lang='lat' dir='ltr'><strong>quidem</strong></span> <span class='ocrx_word' id='word_1_509' title='bbox 3326 2838 3692 2900; x_wconf 78' lang='lat' dir='ltr'><strong>consubstan-</strong></span> 
     </span>
    </p>
   </div>
   <div class='ocr_carea' id='block_1_70' title="bbox 2135 2934 3692 3008">
    <p class='ocr_par' dir='ltr' id='par_1_70' title="bbox 2135 2934 3692 3008">
     <span class='ocr_line' id='line_1_70' title="bbox 2135 2934 3692 3008; baseline 0.003 -22"><span class='ocrx_word' id='word_1_510' title='bbox 2135 2935 2277 2989; x_wconf 89' lang='lat' dir='ltr'><strong>Iialis</strong></span> <span class='ocrx_word' id='word_1_511' title='bbox 2310 2938 2382 2989; x_wconf 90' lang='lat' dir='ltr'><strong>slt</strong></span> <span class='ocrx_word' id='word_1_512' title='bbox 2412 2934 2572 2989; x_wconf 88' lang='lat' dir='ltr'><strong>Pater</strong></span> <span class='ocrx_word' id='word_1_513' title='bbox 2601 2935 2760 3001; x_wconf 88' lang='lat' dir='ltr'><strong>Filio,</strong></span> <span class='ocrx_word' id='word_1_514' title='bbox 2802 2936 3151 3008; x_wconf 80' lang='lat' dir='ltr'><strong>eiusdemque</strong></span> <span class='ocrx_word' id='word_1_515' title='bbox 3196 2937 3472 3005; x_wconf 69' lang='lat' dir='ltr'><strong>essentire,</strong></span> <span class='ocrx_word' id='word_1_516' title='bbox 3506 2938 3692 3001; x_wconf 83' lang='lat' dir='ltr'><strong>atrbo,</strong></span> 
     </span>
    </p>
   </div>
   <div class='ocr_carea' id='block_1_71' title="bbox 2047 3024 3691 3104">
    <p class='ocr_par' dir='ltr' id='par_1_71' title="bbox 2047 3024 3691 3104">
     <span class='ocr_line' id='line_1_71' title="bbox 2047 3024 3691 3104; baseline 0.003 -26"><span class='ocrx_word' id='word_1_517' title='bbox 2047 3047 2089 3104; x_wconf 70' lang='grc' dir='ltr'>ο</span> <span class='ocrx_word' id='word_1_518' title='bbox 2125 3039 2221 3095; x_wconf 79' lang='lat' dir='ltr'><strong>pro</strong></span> <span class='ocrx_word' id='word_1_519' title='bbox 2254 3025 2409 3080; x_wconf 87' lang='lat' dir='ltr'><strong>Patre</strong></span> <span class='ocrx_word' id='word_1_520' title='bbox 2434 3037 2488 3080; x_wconf 90' lang='lat' dir='ltr'><strong>et</strong></span> <span class='ocrx_word' id='word_1_521' title='bbox 2517 3024 2675 3094; x_wconf 47' lang='lat' dir='ltr'><strong>Filio,</strong></span> <span class='ocrx_word' id='word_1_522' title='bbox 2707 3029 2815 3083; x_wconf 90' lang='lat' dir='ltr'><strong>duo</strong></span> <span class='ocrx_word' id='word_1_523' title='bbox 2856 3029 3189 3084; x_wconf 87' lang='lat' dir='ltr'><strong>inducantur</strong></span> <span class='ocrx_word' id='word_1_524' title='bbox 3233 3028 3432 3085; x_wconf 79' lang='lat' dir='ltr'><strong>fratres</strong></span> <span class='ocrx_word' id='word_1_525' title='bbox 3488 3045 3553 3084; x_wconf 81' lang='lat' dir='ltr'><strong>ex</strong></span> <span class='ocrx_word' id='word_1_526' title='bbox 3580 3043 3691 3083; x_wconf 82' lang='lat' dir='ltr'><strong>una</strong></span> 
     </span>
    </p>
   </div>
   <div class='ocr_carea' id='block_1_72' title="bbox 2127 3120 3697 3189">
    <p class='ocr_par' dir='ltr' id='par_1_72' title="bbox 2127 3120 3697 3189">
     <span class='ocr_line' id='line_1_72' title="bbox 2127 3120 3697 3189; baseline 0.001 -20"><span class='ocrx_word' id='word_1_527' title='bbox 2127 3120 2361 3172; x_wconf 82' lang='lat' dir='ltr'><strong>essentia</strong></span> <span class='ocrx_word' id='word_1_528' title='bbox 2391 3136 2405 3173; x_wconf 89' lang='lat'><strong>:</strong></span> <span class='ocrx_word' id='word_1_529' title='bbox 2439 3127 2602 3189; x_wconf 87' lang='lat' dir='ltr'><strong>atque</strong></span> <span class='ocrx_word' id='word_1_530' title='bbox 2634 3122 2696 3174; x_wconf 88' lang='lat' dir='ltr'><strong>ad</strong></span> <span class='ocrx_word' id='word_1_531' title='bbox 2727 3121 2823 3176; x_wconf 88' lang='lat' dir='ltr'><strong>has</strong></span> <span class='ocrx_word' id='word_1_532' title='bbox 2852 3121 3222 3177; x_wconf 85' lang='lat' dir='ltr'><strong>ahsurditates</strong></span> <span class='ocrx_word' id='word_1_533' title='bbox 3254 3121 3546 3187; x_wconf 78' lang='lat' dir='ltr'><strong>devolutis,</strong></span> <span class='ocrx_word' id='word_1_534' title='bbox 3580 3135 3697 3174; x_wconf 87' lang='lat' dir='ltr'><strong>ma-</strong></span> 
     </span>
    </p>
   </div>
   <div class='ocr_carea' id='block_1_73' title="bbox 2124 3210 3695 3283">
    <p class='ocr_par' dir='ltr' id='par_1_73' title="bbox 2124 3210 3695 3283">
     <span class='ocr_line' id='line_1_73' title="bbox 2124 3210 3695 3283; baseline 0.003 -21"><span class='ocrx_word' id='word_1_535' title='bbox 2124 3228 2260 3281; x_wconf 78' lang='lat' dir='ltr'><strong>gnus</strong></span> <span class='ocrx_word' id='word_1_536' title='bbox 2293 3210 2523 3265; x_wconf 67' lang='lat' dir='ltr'><strong>Basilius</strong></span> <span class='ocrx_word' id='word_1_537' title='bbox 2572 3212 2822 3267; x_wconf 74' lang='lat' dir='ltr'><strong>concedit</strong></span> <span class='ocrx_word' id='word_1_538' title='bbox 2851 3212 3070 3283; x_wconf 82' lang='lat' dir='ltr'><strong>quidem</strong></span> <span class='ocrx_word' id='word_1_539' title='bbox 3122 3213 3364 3277; x_wconf 86' lang='lat' dir='ltr'><strong>interim,</strong></span> <span class='ocrx_word' id='word_1_540' title='bbox 3407 3228 3525 3283; x_wconf 74' lang='lat' dir='ltr'><strong>qum</strong></span> <span class='ocrx_word' id='word_1_541' title='bbox 3569 3228 3695 3282; x_wconf 74' lang='lat' dir='ltr'><strong>ger-</strong></span> 
     </span>
    </p>
   </div>
   <div class='ocr_carea' id='block_1_74' title="bbox 2126 3286 3691 3374">
    <p class='ocr_par' dir='ltr' id='par_1_74' title="bbox 2126 3286 3691 3374">
     <span class='ocr_line' id='line_1_74' title="bbox 2126 3286 3691 3374; baseline 0.003 -19"><span class='ocrx_word' id='word_1_542' title='bbox 2126 3319 2284 3357; x_wconf 89' lang='lat' dir='ltr'><strong>mana</strong></span> <span class='ocrx_word' id='word_1_543' title='bbox 2318 3304 2447 3370; x_wconf 92' lang='lat' dir='ltr'><strong>sint,</strong></span> <span class='ocrx_word' id='word_1_544' title='bbox 2485 3305 2716 3359; x_wconf 82' lang='lat' dir='ltr'><strong>invicem</strong></span> <span class='ocrx_word' id='word_1_545' title='bbox 2746 3286 3228 3360; x_wconf 68' lang='lat' dir='ltr'><strong>consubstantialia</strong></span> <span class='ocrx_word' id='word_1_546' title='bbox 3260 3306 3364 3361; x_wconf 90' lang='lat' dir='ltr'><strong>diei</strong></span> <span class='ocrx_word' id='word_1_547' title='bbox 3404 3322 3416 3358; x_wconf 90' lang='lat'><strong>:</strong></span> <span class='ocrx_word' id='word_1_548' title='bbox 3451 3308 3544 3360; x_wconf 86' lang='lat' dir='ltr'><strong>sed</strong></span> <span class='ocrx_word' id='word_1_549' title='bbox 3575 3314 3691 3374; x_wconf 79' lang='lat' dir='ltr'><strong>tum</strong></span> 
     </span>
    </p>
   </div>
   <div class='ocr_carea' id='block_1_75' title="bbox 2123 3395 3689 3466">
    <p class='ocr_par' dir='ltr' id='par_1_75' title="bbox 2123 3395 3689 3466">
     <span class='ocr_line' id='line_1_75' title="bbox 2123 3395 3689 3466; baseline 0.003 -17"><span class='ocrx_word' id='word_1_550' title='bbox 2123 3395 2389 3464; x_wconf 80' lang='lat' dir='ltr'><strong>profecto,</strong></span> <span class='ocrx_word' id='word_1_551' title='bbox 2420 3411 2541 3450; x_wconf 90' lang='lat' dir='ltr'><strong>cum</strong></span> <span class='ocrx_word' id='word_1_552' title='bbox 2576 3404 2629 3450; x_wconf 93' lang='lat' dir='ltr'><strong>et</strong></span> <span class='ocrx_word' id='word_1_553' title='bbox 2653 3410 2837 3463; x_wconf 87' lang='lat' dir='ltr'><strong>causa,</strong></span> <span class='ocrx_word' id='word_1_554' title='bbox 2869 3406 2924 3452; x_wconf 89' lang='lat' dir='ltr'><strong>et</strong></span> <span class='ocrx_word' id='word_1_555' title='bbox 2947 3399 3091 3466; x_wconf 91' lang='lat' dir='ltr'><strong>quod</strong></span> <span class='ocrx_word' id='word_1_556' title='bbox 3123 3412 3186 3451; x_wconf 79' lang='lat' dir='ltr'><strong>ex</strong></span> <span class='ocrx_word' id='word_1_557' title='bbox 3232 3413 3395 3454; x_wconf 90' lang='lat' dir='ltr'><strong>causa</strong></span> <span class='ocrx_word' id='word_1_558' title='bbox 3428 3399 3689 3453; x_wconf 85' lang='lat' dir='ltr'><strong>substan-</strong></span> 
     </span>
    </p>
   </div>
   <div class='ocr_carea' id='block_1_76' title="bbox 2124 3487 3688 3560">
    <p class='ocr_par' dir='ltr' id='par_1_76' title="bbox 2124 3487 3688 3560">
     <span class='ocr_line' id='line_1_76' title="bbox 2124 3487 3688 3560; baseline 0.003 -18"><span class='ocrx_word' id='word_1_559' title='bbox 2124 3487 2252 3543; x_wconf 87' lang='lat' dir='ltr'><strong>tiam</strong></span> <span class='ocrx_word' id='word_1_560' title='bbox 2285 3488 2472 3556; x_wconf 89' lang='lat' dir='ltr'><strong>habet,</strong></span> <span class='ocrx_word' id='word_1_561' title='bbox 2501 3491 2749 3560; x_wconf 87' lang='lat' dir='ltr'><strong>ejusdem</strong></span> <span class='ocrx_word' id='word_1_562' title='bbox 2805 3500 3013 3547; x_wconf 82' lang='lat' dir='ltr'><strong>naturae</strong></span> <span class='ocrx_word' id='word_1_563' title='bbox 3073 3491 3300 3549; x_wconf 85' lang='lat' dir='ltr'><strong>fuerint.</strong></span> <span class='ocrx_word' id='word_1_564' title='bbox 3358 3492 3424 3548; x_wconf 84' lang='lat' dir='ltr'><strong>Et</strong></span> <span class='ocrx_word' id='word_1_565' title='bbox 3472 3494 3625 3549; x_wconf 87' lang='lat' dir='ltr'><strong>addit</strong></span> <span class='ocrx_word' id='word_1_566' title='bbox 3673 3509 3688 3546; x_wconf 91' lang='lat'><strong>:</strong></span> 
     </span>
    </p>
   </div>
   <div class='ocr_carea' id='block_1_77' title="bbox 2128 3577 3693 3652">
    <p class='ocr_par' dir='ltr' id='par_1_77' title="bbox 2128 3577 3693 3652">
     <span class='ocr_line' id='line_1_77' title="bbox 2128 3577 3693 3652; baseline 0.006 -23"><span class='ocrx_word' id='word_1_567' title='bbox 2128 3600 2143 3629; x_wconf 80' lang='grc' dir='ltr'>ι</span> <span class='ocrx_word' id='word_1_568' title='bbox 2171 3577 2286 3633; x_wconf 77' lang='lat' dir='ltr'><strong>Non</strong></span> <span class='ocrx_word' id='word_1_569' title='bbox 2302 3580 2446 3635; x_wconf 91' lang='lat' dir='ltr'><strong>enim</strong></span> <span class='ocrx_word' id='word_1_570' title='bbox 2460 3594 2718 3652; x_wconf 86' lang='lat' dir='ltr'><strong>germana</strong></span> <span class='ocrx_word' id='word_1_571' title='bbox 2733 3581 2986 3649; x_wconf 86' lang='lat' dir='ltr'><strong>dicimus,</strong></span> <span class='ocrx_word' id='word_1_572' title='bbox 3013 3582 3105 3639; x_wconf 90' lang='lat' dir='ltr'><strong>sed</strong></span> <span class='ocrx_word' id='word_1_573' title='bbox 3130 3582 3339 3639; x_wconf 89' lang='lat' dir='ltr'><strong>Patrem</strong></span> <span class='ocrx_word' id='word_1_574' title='bbox 3365 3586 3693 3641; x_wconf 77' lang='lat' dir='ltr'><strong>conﬁtemur</strong></span> 
     </span>
    </p>
   </div>
   <div class='ocr_carea' id='block_1_78' title="bbox 2118 3666 3691 3743">
    <p class='ocr_par' dir='ltr' id='par_1_78' title="bbox 2118 3666 3691 3743">
     <span class='ocr_line' id='line_1_78' title="bbox 2118 3666 3691 3743; baseline 0.004 -20"><span class='ocrx_word' id='word_1_575' title='bbox 2118 3679 2172 3723; x_wconf 92' lang='lat' dir='ltr'><strong>et</strong></span> <span class='ocrx_word' id='word_1_576' title='bbox 2196 3666 2416 3736; x_wconf 86' lang='lat' dir='ltr'><strong>Filium,</strong></span> <span class='ocrx_word' id='word_1_577' title='bbox 2437 3671 2694 3741; x_wconf 89' lang='lat' dir='ltr'><strong>quoniam</strong></span> <span class='ocrx_word' id='word_1_578' title='bbox 2724 3670 3025 3742; x_wconf 85' lang='lat' dir='ltr'><strong>ingenitum</strong></span> <span class='ocrx_word' id='word_1_579' title='bbox 3057 3674 3279 3743; x_wconf 87' lang='lat' dir='ltr'><strong>quidem</strong></span> <span class='ocrx_word' id='word_1_580' title='bbox 3315 3675 3497 3730; x_wconf 91' lang='lat' dir='ltr'><strong>lumen</strong></span> <span class='ocrx_word' id='word_1_581' title='bbox 3531 3674 3691 3731; x_wconf 84' lang='lat' dir='ltr'><strong>Pater</strong></span> 
     </span>
    </p>
   </div>
   <div class='ocr_carea' id='block_1_79' title="bbox 2117 3758 3682 3831">
    <p class='ocr_par' dir='ltr' id='par_1_79' title="bbox 2117 3758 3682 3831">
     <span class='ocr_line' id='line_1_79' title="bbox 2117 3758 3682 3831; baseline 0.005 -19"><span class='ocrx_word' id='word_1_582' title='bbox 2117 3768 2223 3820; x_wconf 87' lang='lat' dir='ltr'><strong>est.</strong></span> <span class='ocrx_word' id='word_1_583' title='bbox 2263 3758 2503 3827; x_wconf 88' lang='lat' dir='ltr'><strong>genitum</strong></span> <span class='ocrx_word' id='word_1_584' title='bbox 2537 3774 2668 3814; x_wconf 86' lang='lat' dir='ltr'><strong>vero</strong></span> <span class='ocrx_word' id='word_1_585' title='bbox 2701 3760 2880 3816; x_wconf 89' lang='lat' dir='ltr'><strong>lumen</strong></span> <span class='ocrx_word' id='word_1_586' title='bbox 2911 3760 3100 3818; x_wconf 80' lang='lat' dir='ltr'><strong>Filius.</strong></span> <span class='ocrx_word' id='word_1_587' title='bbox 3132 3782 3150 3814; x_wconf 75' lang='grc' dir='ltr'><strong>ι</strong></span> <span class='ocrx_word' id='word_1_588' title='bbox 3194 3761 3362 3830; x_wconf 81' lang='lat' dir='ltr'><strong>Quasi</strong></span> <span class='ocrx_word' id='word_1_589' title='bbox 3406 3776 3460 3819; x_wconf 88' lang='lat' dir='ltr'><strong>et</strong></span> <span class='ocrx_word' id='word_1_590' title='bbox 3490 3766 3541 3820; x_wconf 92' lang='lat' dir='ltr'><strong>in</strong></span> <span class='ocrx_word' id='word_1_591' title='bbox 3575 3766 3682 3831; x_wconf 89' lang='lat' dir='ltr'><strong>his,</strong></span> 
     </span>
    </p>
   </div>
   <div class='ocr_carea' id='block_1_80' title="bbox 2122 3850 3684 3927">
    <p class='ocr_par' dir='ltr' id='par_1_80' title="bbox 2122 3850 3684 3927">
     <span class='ocr_line' id='line_1_80' title="bbox 2122 3850 3684 3927; baseline 0.006 -25"><span class='ocrx_word' id='word_1_592' title='bbox 2122 3864 2243 3917; x_wconf 69' lang='lat' dir='ltr'><strong>qua:</strong></span> <span class='ocrx_word' id='word_1_593' title='bbox 2274 3850 2597 3918; x_wconf 88' lang='lat' dir='ltr'><strong>simpliciter</strong></span> <span class='ocrx_word' id='word_1_594' title='bbox 2646 3852 3135 3909; x_wconf 89' lang='lat' dir='ltr'><strong>eonsubstantialia</strong></span> <span class='ocrx_word' id='word_1_595' title='bbox 3191 3871 3312 3910; x_wconf 89' lang='lat' dir='ltr'><strong>cum</strong></span> <span class='ocrx_word' id='word_1_596' title='bbox 3339 3857 3471 3921; x_wconf 90' lang='lat' dir='ltr'><strong>sint,</strong></span> <span class='ocrx_word' id='word_1_597' title='bbox 3514 3866 3578 3927; x_wconf 86' lang='lat' dir='ltr'><strong>et</strong></span> <span class='ocrx_word' id='word_1_598' title='bbox 3612 3872 3684 3911; x_wconf 76' lang='lat' dir='ltr'><strong>ex</strong></span> 
     </span>
    </p>
   </div>
   <div class='ocr_carea' id='block_1_81' title="bbox 2115 3940 3682 4019">
    <p class='ocr_par' dir='ltr' id='par_1_81' title="bbox 2115 3940 3682 4019">
     <span class='ocr_line' id='line_1_81' title="bbox 2115 3940 3682 4019; baseline 0.004 -25"><span class='ocrx_word' id='word_1_599' title='bbox 2115 3955 2225 3994; x_wconf 89' lang='lat' dir='ltr'><strong>uno</strong></span> <span class='ocrx_word' id='word_1_600' title='bbox 2253 3940 2609 3995; x_wconf 85' lang='lat' dir='ltr'><strong>substantiam</strong></span> <span class='ocrx_word' id='word_1_601' title='bbox 2646 3941 2900 4007; x_wconf 85' lang='lat' dir='ltr'><strong>habeant,</strong></span> <span class='ocrx_word' id='word_1_602' title='bbox 2928 3943 2999 3999; x_wconf 91' lang='lat' dir='ltr'><strong>sit</strong></span> <span class='ocrx_word' id='word_1_603' title='bbox 3046 3944 3266 4014; x_wconf 88' lang='lat' dir='ltr'><strong>quidem</strong></span> <span class='ocrx_word' id='word_1_604' title='bbox 3326 3947 3631 4019; x_wconf 78' lang='lat' dir='ltr'><strong>proprietas</strong></span> <span class='ocrx_word' id='word_1_605' title='bbox 3663 3963 3682 4000; x_wconf 91' lang='lat'><strong>:</strong></span> 
     </span>
    </p>
   </div>
   <div class='ocr_carea' id='block_1_82' title="bbox 2114 4031 3689 4095">
    <p class='ocr_par' dir='ltr' id='par_1_82' title="bbox 2114 4031 3689 4095">
     <span class='ocr_line' id='line_1_82' title="bbox 2114 4031 3689 4095; baseline 0.004 -10"><span class='ocrx_word' id='word_1_606' title='bbox 2114 4032 2271 4085; x_wconf 90' lang='lat' dir='ltr'><strong>sicuti</strong></span> <span class='ocrx_word' id='word_1_607' title='bbox 2304 4038 2358 4086; x_wconf 87' lang='lat' dir='ltr'><strong>et</strong></span> <span class='ocrx_word' id='word_1_608' title='bbox 2389 4031 2681 4088; x_wconf 90' lang='lat' dir='ltr'><strong>multitudo</strong></span> <span class='ocrx_word' id='word_1_609' title='bbox 2732 4032 3018 4089; x_wconf 86' lang='lat' dir='ltr'><strong>hominum</strong></span> <span class='ocrx_word' id='word_1_610' title='bbox 3054 4036 3157 4091; x_wconf 92' lang='lat' dir='ltr'><strong>sibi</strong></span> <span class='ocrx_word' id='word_1_611' title='bbox 3187 4036 3416 4092; x_wconf 89' lang='lat' dir='ltr'><strong>invicem</strong></span> <span class='ocrx_word' id='word_1_612' title='bbox 3445 4040 3689 4095; x_wconf 82' lang='lat' dir='ltr'><strong>consub-</strong></span> 
     </span>
    </p>
   </div>
   <div class='ocr_carea' id='block_1_83' title="bbox 2112 4125 3688 4203">
    <p class='ocr_par' dir='ltr' id='par_1_83' title="bbox 2112 4125 3688 4203">
     <span class='ocr_line' id='line_1_83' title="bbox 2112 4125 3688 4203; baseline 0.006 -25"><span class='ocrx_word' id='word_1_613' title='bbox 2112 4125 2400 4180; x_wconf 89' lang='lat' dir='ltr'><strong>stantiales</strong></span> <span class='ocrx_word' id='word_1_614' title='bbox 2431 4136 2576 4191; x_wconf 88' lang='lat' dir='ltr'><strong>sunt,</strong></span> <span class='ocrx_word' id='word_1_615' title='bbox 2608 4142 2732 4181; x_wconf 90' lang='lat' dir='ltr'><strong>cum</strong></span> <span class='ocrx_word' id='word_1_616' title='bbox 2771 4143 2839 4183; x_wconf 80' lang='lat' dir='ltr'><strong>ex</strong></span> <span class='ocrx_word' id='word_1_617' title='bbox 2869 4145 2976 4185; x_wconf 89' lang='lat' dir='ltr'><strong>uno</strong></span> <span class='ocrx_word' id='word_1_618' title='bbox 3006 4140 3157 4199; x_wconf 90' lang='lat' dir='ltr'><strong>patre</strong></span> <span class='ocrx_word' id='word_1_619' title='bbox 3185 4132 3350 4187; x_wconf 77' lang='lat' dir='ltr'><strong>Adam</strong></span> <span class='ocrx_word' id='word_1_620' title='bbox 3377 4136 3688 4203; x_wconf 80' lang='lat' dir='ltr'><strong>generatio-</strong></span> 
     </span>
    </p>
   </div>
   <div class='ocr_carea' id='block_1_84' title="bbox 2113 4215 3686 4297">
    <p class='ocr_par' dir='ltr' id='par_1_84' title="bbox 2113 4215 3686 4297">
     <span class='ocr_line' id='line_1_84' title="bbox 2113 4215 3686 4297; baseline 0.01 -30"><span class='ocrx_word' id='word_1_621' title='bbox 2113 4230 2234 4268; x_wconf 88' lang='lat' dir='ltr'><strong>nem</strong></span> <span class='ocrx_word' id='word_1_622' title='bbox 2266 4215 2520 4280; x_wconf 88' lang='lat' dir='ltr'><strong>habeant,</strong></span> <span class='ocrx_word' id='word_1_623' title='bbox 2577 4232 2685 4271; x_wconf 92' lang='lat' dir='ltr'><strong>non</strong></span> <span class='ocrx_word' id='word_1_624' title='bbox 2718 4228 2898 4275; x_wconf 89' lang='lat' dir='ltr'><strong>tamen</strong></span> <span class='ocrx_word' id='word_1_625' title='bbox 2934 4232 3079 4277; x_wconf 89' lang='lat' dir='ltr'><strong>tanta</strong></span> <span class='ocrx_word' id='word_1_626' title='bbox 3125 4233 3207 4279; x_wconf 87' lang='lat' dir='ltr'><strong>est</strong></span> <span class='ocrx_word' id='word_1_627' title='bbox 3239 4226 3320 4281; x_wconf 90' lang='lat' dir='ltr'><strong>eis</strong></span> <span class='ocrx_word' id='word_1_628' title='bbox 3374 4228 3686 4297; x_wconf 85' lang='lat' dir='ltr'><strong>proprietas</strong></span> 
     </span>
    </p>
   </div>
   <div class='ocr_carea' id='block_1_85' title="bbox 2110 4307 3674 4385">
    <p class='ocr_par' dir='ltr' id='par_1_85' title="bbox 2110 4307 3674 4385">
     <span class='ocr_line' id='line_1_85' title="bbox 2110 4307 3674 4385; baseline 0.01 -23"><span class='ocrx_word' id='word_1_629' title='bbox 2110 4307 2268 4362; x_wconf 88' lang='lat' dir='ltr'><strong>sicuti</strong></span> <span class='ocrx_word' id='word_1_630' title='bbox 2304 4323 2426 4362; x_wconf 89' lang='lat' dir='ltr'><strong>cum</strong></span> <span class='ocrx_word' id='word_1_631' title='bbox 2458 4324 2645 4364; x_wconf 84' lang='lat' dir='ltr'><strong>eorum</strong></span> <span class='ocrx_word' id='word_1_632' title='bbox 2679 4329 2798 4380; x_wconf 72' lang='lat' dir='ltr'><strong>qua:</strong></span> <span class='ocrx_word' id='word_1_633' title='bbox 2827 4313 3071 4381; x_wconf 86' lang='lat' dir='ltr'><strong>ejusdem</strong></span> <span class='ocrx_word' id='word_1_634' title='bbox 3105 4326 3489 4385; x_wconf 71' lang='lat' dir='ltr'><strong>naturmsunt,</strong></span> <span class='ocrx_word' id='word_1_635' title='bbox 3525 4322 3674 4377; x_wconf 83' lang='lat' dir='ltr'><strong>aliud</strong></span> 
     </span>
    </p>
   </div>
   <div class='ocr_carea' id='block_1_86' title="bbox 437 4383 3687 4479">
    <p class='ocr_par' dir='ltr' id='par_1_86' title="bbox 437 4383 3687 4479">
     <span class='ocr_line' id='line_1_86' title="bbox 437 4383 3687 4479; baseline 0.009 -40"><span class='ocrx_word' id='word_1_636' title='bbox 437 4395 618 4440; x_wconf 78' lang='lat' dir='ltr'><strong>auum</strong></span> <span class='ocrx_word' id='word_1_637' title='bbox 647 4402 766 4442; x_wconf 89' lang='lat' dir='ltr'><strong>esse</strong></span> <span class='ocrx_word' id='word_1_638' title='bbox 792 4383 913 4442; x_wconf 84' lang='lat' dir='ltr'><strong>Filii</strong></span> <span class='ocrx_word' id='word_1_639' title='bbox 940 4387 1202 4456; x_wconf 83' lang='lat' dir='ltr'><strong>Spiritum</strong></span> <span class='ocrx_word' id='word_1_640' title='bbox 1234 4402 1522 4447; x_wconf 68' lang='lat' dir='ltr'><strong>internum.</strong></span> <span class='ocrx_word' id='word_1_641' title='bbox 1551 4392 1836 4463; x_wconf 70' lang='lat' dir='ltr'><strong>Nunquam</strong></span> <span class='ocrx_word' id='word_1_642' title='bbox 1860 4398 2004 4450; x_wconf 90' lang='lat' dir='ltr'><strong>enim</strong></span> <span class='ocrx_word' id='word_1_643' title='bbox 2038 4386 2084 4445; x_wconf 81' lang='grc' dir='ltr'>ο</span> <span class='ocrx_word' id='word_1_644' title='bbox 2111 4405 2195 4451; x_wconf 89' lang='lat' dir='ltr'><strong>est</strong></span> <span class='ocrx_word' id='word_1_645' title='bbox 2224 4410 2401 4463; x_wconf 81' lang='lat' dir='ltr'><strong>causa,</strong></span> <span class='ocrx_word' id='word_1_646' title='bbox 2431 4399 2577 4454; x_wconf 72' lang='lat' dir='ltr'><strong>aliud</strong></span> <span class='ocrx_word' id='word_1_647' title='bbox 2605 4402 2857 4470; x_wconf 87' lang='lat' dir='ltr'><strong>causale;</strong></span> <span class='ocrx_word' id='word_1_648' title='bbox 2882 4415 3010 4459; x_wconf 89' lang='lat' dir='ltr'><strong>tunc</strong></span> <span class='ocrx_word' id='word_1_649' title='bbox 3038 4407 3183 4462; x_wconf 90' lang='lat' dir='ltr'><strong>enim</strong></span> <span class='ocrx_word' id='word_1_650' title='bbox 3208 4412 3425 4479; x_wconf 88' lang='lat' dir='ltr'><strong>proprie</strong></span> <span class='ocrx_word' id='word_1_651' title='bbox 3445 4414 3687 4468; x_wconf 60' lang='lat' dir='ltr'><strong>consubo</strong></span> 
     </span>
    </p>
   </div>
   <div class='ocr_carea' id='block_1_87' title="bbox 442 4474 2007 4554">
    <p class='ocr_par' dir='ltr' id='par_1_87' title="bbox 442 4474 2007 4554">
     <span class='ocr_line' id='line_1_87' title="bbox 442 4474 2007 4554; baseline 0.008 -26"><span class='ocrx_word' id='word_1_652' title='bbox 442 4474 688 4544; x_wconf 75' lang='lat' dir='ltr'><strong>profecto</strong></span> <span class='ocrx_word' id='word_1_653' title='bbox 717 4477 861 4548; x_wconf 86' lang='lat' dir='ltr'><strong>quod</strong></span> <span class='ocrx_word' id='word_1_654' title='bbox 898 4477 1194 4547; x_wconf 86' lang='lat' dir='ltr'><strong>temporale</strong></span> <span class='ocrx_word' id='word_1_655' title='bbox 1223 4488 1328 4545; x_wconf 83' lang='lat' dir='ltr'><strong>est,</strong></span> <span class='ocrx_word' id='word_1_656' title='bbox 1369 4481 1487 4549; x_wconf 84' lang='lat' dir='ltr'><strong>ejus</strong></span> <span class='ocrx_word' id='word_1_657' title='bbox 1514 4496 1683 4537; x_wconf 61' lang='lat' dir='ltr'><strong>ausa</strong></span> <span class='ocrx_word' id='word_1_658' title='bbox 1726 4500 1849 4539; x_wconf 80' lang='lat' dir='ltr'><strong>esse</strong></span> <span class='ocrx_word' id='word_1_659' title='bbox 1879 4500 2007 4554; x_wconf 87' lang='lat' dir='ltr'><strong>pos-</strong></span> 
     </span>
    </p>
   </div>
   <div class='ocr_carea' id='block_1_88' title="bbox 440 4570 2003 4646">
    <p class='ocr_par' dir='ltr' id='par_1_88' title="bbox 440 4570 2003 4646">
     <span class='ocr_line' id='line_1_88' title="bbox 440 4570 2003 4646; baseline 0.005 -23"><span class='ocrx_word' id='word_1_660' title='bbox 440 4580 546 4632; x_wconf 85' lang='lat' dir='ltr'><strong>set,</strong></span> <span class='ocrx_word' id='word_1_661' title='bbox 586 4571 727 4638; x_wconf 90' lang='lat' dir='ltr'><strong>quod</strong></span> <span class='ocrx_word' id='word_1_662' title='bbox 760 4585 925 4640; x_wconf 91' lang='lat' dir='ltr'><strong>supra</strong></span> <span class='ocrx_word' id='word_1_663' title='bbox 956 4580 1169 4640; x_wconf 89' lang='lat' dir='ltr'><strong>tempus</strong></span> <span class='ocrx_word' id='word_1_664' title='bbox 1201 4580 1303 4626; x_wconf 87' lang='lat' dir='ltr'><strong>est.</strong></span> <span class='ocrx_word' id='word_1_665' title='bbox 1340 4570 1498 4638; x_wconf 82' lang='lat' dir='ltr'><strong>Nam,</strong></span> <span class='ocrx_word' id='word_1_666' title='bbox 1534 4576 1579 4628; x_wconf 89' lang='lat' dir='ltr'><strong>si</strong></span> <span class='ocrx_word' id='word_1_667' title='bbox 1641 4577 1849 4630; x_wconf 90' lang='lat' dir='ltr'><strong>homini</strong></span> <span class='ocrx_word' id='word_1_668' title='bbox 1880 4592 2003 4646; x_wconf 89' lang='lat' dir='ltr'><strong>pro-</strong></span> 
     </span>
    </p>
   </div>
   <div class='ocr_carea' id='block_1_89' title="bbox 436 4663 2002 4737">
    <p class='ocr_par' dir='ltr' id='par_1_89' title="bbox 436 4663 2002 4737">
     <span class='ocr_line' id='line_1_89' title="bbox 436 4663 2002 4737; baseline 0.007 -23"><span class='ocrx_word' id='word_1_669' title='bbox 436 4663 614 4731; x_wconf 85' lang='lat' dir='ltr'><strong>prium</strong></span> <span class='ocrx_word' id='word_1_670' title='bbox 649 4663 842 4733; x_wconf 86' lang='lat' dir='ltr'><strong>ipsius,</strong></span> <span class='ocrx_word' id='word_1_671' title='bbox 884 4664 939 4717; x_wconf 88' lang='lat' dir='ltr'><strong>in</strong></span> <span class='ocrx_word' id='word_1_672' title='bbox 994 4673 1260 4734; x_wconf 89' lang='lat' dir='ltr'><strong>quantum</strong></span> <span class='ocrx_word' id='word_1_673' title='bbox 1323 4665 1482 4728; x_wconf 78' lang='lat' dir='ltr'><strong>virit,</strong></span> <span class='ocrx_word' id='word_1_674' title='bbox 1521 4681 1733 4737; x_wconf 81' lang='lat' dir='ltr'><strong>semper</strong></span> <span class='ocrx_word' id='word_1_675' title='bbox 1781 4684 1901 4723; x_wconf 86' lang='lat' dir='ltr'><strong>cum</strong></span> <span class='ocrx_word' id='word_1_676' title='bbox 1935 4687 2002 4726; x_wconf 86' lang='lat' dir='ltr'><strong>eo</strong></span> 
     </span>
    </p>
   </div>
   <div class='ocr_carea' id='block_1_90' title="bbox 437 4752 1997 4832">
    <p class='ocr_par' dir='ltr' id='par_1_90' title="bbox 437 4752 1997 4832">
     <span class='ocr_line' id='line_1_90' title="bbox 437 4752 1997 4832; baseline 0.006 -23"><span class='ocrx_word' id='word_1_677' title='bbox 437 4766 541 4817; x_wconf 85' lang='lat' dir='ltr'><strong>est,</strong></span> <span class='ocrx_word' id='word_1_678' title='bbox 577 4758 748 4811; x_wconf 88' lang='lat' dir='ltr'><strong>multo</strong></span> <span class='ocrx_word' id='word_1_679' title='bbox 782 4757 834 4812; x_wconf 90' lang='lat' dir='ltr'><strong>id</strong></span> <span class='ocrx_word' id='word_1_680' title='bbox 866 4758 1035 4828; x_wconf 78' lang='lat' dir='ltr'><strong>magis</strong></span> <span class='ocrx_word' id='word_1_681' title='bbox 1071 4760 1121 4810; x_wconf 92' lang='lat' dir='ltr'><strong>in</strong></span> <span class='ocrx_word' id='word_1_682' title='bbox 1155 4752 1269 4812; x_wconf 82' lang='lat' dir='ltr'><strong>Dei&#39;</strong></span> <span class='ocrx_word' id='word_1_683' title='bbox 1287 4757 1463 4813; x_wconf 85' lang='lat' dir='ltr'><strong>Verbo</strong></span> <span class='ocrx_word' id='word_1_684' title='bbox 1490 4761 1592 4814; x_wconf 85' lang='lat' dir='ltr'><strong>erit</strong></span> <span class='ocrx_word' id='word_1_685' title='bbox 1628 4776 1643 4826; x_wconf 91' lang='lat'><strong>;</strong></span> <span class='ocrx_word' id='word_1_686' title='bbox 1679 4769 1840 4832; x_wconf 89' lang='lat' dir='ltr'><strong>atque</strong></span> <span class='ocrx_word' id='word_1_687' title='bbox 1892 4779 1997 4819; x_wconf 82' lang='lat' dir='ltr'><strong>una</strong></span> 
     </span>
    </p>
   </div>
   <div class='ocr_carea' id='block_1_91' title="bbox 438 4847 1996 4924">
    <p class='ocr_par' dir='ltr' id='par_1_91' title="bbox 438 4847 1996 4924">
     <span class='ocr_line' id='line_1_91' title="bbox 438 4847 1996 4924; baseline 0.006 -24"><span class='ocrx_word' id='word_1_688' title='bbox 438 4848 687 4901; x_wconf 74' lang='lat' dir='ltr'><strong>minister</strong></span> <span class='ocrx_word' id='word_1_689' title='bbox 716 4857 882 4912; x_wconf 90' lang='lat' dir='ltr'><strong>esset,</strong></span> <span class='ocrx_word' id='word_1_690' title='bbox 915 4847 1058 4916; x_wconf 88' lang='lat' dir='ltr'><strong>quod</strong></span> <span class='ocrx_word' id='word_1_691' title='bbox 1090 4862 1195 4901; x_wconf 90' lang='lat' dir='ltr'><strong>non</strong></span> <span class='ocrx_word' id='word_1_692' title='bbox 1249 4864 1344 4914; x_wconf 86' lang='lat' dir='ltr'><strong>per</strong></span> <span class='ocrx_word' id='word_1_693' title='bbox 1397 4849 1596 4917; x_wconf 87' lang='lat' dir='ltr'><strong>ipsum,</strong></span> <span class='ocrx_word' id='word_1_694' title='bbox 1653 4857 1708 4905; x_wconf 87' lang='lat' dir='ltr'><strong>et</strong></span> <span class='ocrx_word' id='word_1_695' title='bbox 1754 4867 1818 4905; x_wconf 78' lang='lat' dir='ltr'><strong>ex</strong></span> <span class='ocrx_word' id='word_1_696' title='bbox 1876 4853 1996 4924; x_wconf 87' lang='lat' dir='ltr'><strong>ipso</strong></span> 
     </span>
    </p>
   </div>
   <div class='ocr_carea' id='block_1_92' title="bbox 434 4937 1998 5010">
    <p class='ocr_par' dir='ltr' id='par_1_92' title="bbox 434 4937 1998 5010">
     <span class='ocr_line' id='line_1_92' title="bbox 434 4937 1998 5010; baseline 0.007 -21"><span class='ocrx_word' id='word_1_697' title='bbox 434 4937 753 4990; x_wconf 88' lang='lat' dir='ltr'><strong>naturaliter</strong></span> <span class='ocrx_word' id='word_1_698' title='bbox 784 4940 1103 5005; x_wconf 87' lang='lat' dir='ltr'><strong>procederet</strong></span> <span class='ocrx_word' id='word_1_699' title='bbox 1153 4940 1312 4994; x_wconf 88' lang='lat' dir='ltr'><strong>dans.</strong></span> <span class='ocrx_word' id='word_1_700' title='bbox 1355 4937 1679 5010; x_wconf 89' lang='lat' dir='ltr'><strong>Quanquam</strong></span> <span class='ocrx_word' id='word_1_701' title='bbox 1722 4943 1767 4997; x_wconf 89' lang='lat' dir='ltr'><strong>si</strong></span> <span class='ocrx_word' id='word_1_702' title='bbox 1806 4961 1998 5000; x_wconf 83' lang='lat' dir='ltr'><strong>secun-</strong></span> 
     </span>
    </p>
   </div>
   <div class='ocr_carea' id='block_1_93' title="bbox 429 5029 1996 5106">
    <p class='ocr_par' dir='ltr' id='par_1_93' title="bbox 429 5029 1996 5106">
     <span class='ocr_line' id='line_1_93' title="bbox 429 5029 1996 5106; baseline 0.008 -25"><span class='ocrx_word' id='word_1_703' title='bbox 429 5032 557 5082; x_wconf 80' lang='lat' dir='ltr'><strong>dum</strong></span> <span class='ocrx_word' id='word_1_704' title='bbox 594 5029 1465 5099; x_wconf 62' lang='lat' dir='ltr'><strong>aliquam¢consubstantialitatis</strong></span> <span class='ocrx_word' id='word_1_705' title='bbox 1495 5032 1786 5100; x_wconf 90' lang='lat' dir='ltr'><strong>rationem,</strong></span> <span class='ocrx_word' id='word_1_706' title='bbox 1818 5036 1996 5106; x_wconf 86' lang='lat' dir='ltr'><strong>qualis</strong></span> 
     </span>
    </p>
   </div>
   <div class='ocr_carea' id='block_1_94' title="bbox 427 5118 1995 5197">
    <p class='ocr_par' dir='ltr' id='par_1_94' title="bbox 427 5118 1995 5197">
     <span class='ocr_line' id='line_1_94' title="bbox 427 5118 1995 5197; baseline 0.005 -23"><span class='ocrx_word' id='word_1_707' title='bbox 427 5118 495 5174; x_wconf 87' lang='lat' dir='ltr'><strong>de</strong></span> <span class='ocrx_word' id='word_1_708' title='bbox 513 5119 722 5175; x_wconf 87' lang='lat' dir='ltr'><strong>duobus</strong></span> <span class='ocrx_word' id='word_1_709' title='bbox 738 5120 1012 5190; x_wconf 84' lang='lat' dir='ltr'><strong>aliquibus</strong></span> <span class='ocrx_word' id='word_1_710' title='bbox 1026 5122 1585 5178; x_wconf 83' lang='lat' dir='ltr'><strong>consubstantialibus</strong></span> <span class='ocrx_word' id='word_1_711' title='bbox 1602 5134 1702 5191; x_wconf 86' lang='lat' dir='ltr'><strong>est,</strong></span> <span class='ocrx_word' id='word_1_712' title='bbox 1719 5126 1773 5180; x_wconf 92' lang='lat' dir='ltr'><strong>in</strong></span> <span class='ocrx_word' id='word_1_713' title='bbox 1795 5128 1995 5197; x_wconf 88' lang='lat' dir='ltr'><strong>quibus</strong></span> 
     </span>
    </p>
   </div>
   <div class='ocr_carea' id='block_1_95' title="bbox 432 5215 1991 5290">
    <p class='ocr_par' dir='ltr' id='par_1_95' title="bbox 432 5215 1991 5290">
     <span class='ocr_line' id='line_1_95' title="bbox 432 5215 1991 5290; baseline 0.004 -21"><span class='ocrx_word' id='word_1_714' title='bbox 432 5215 661 5269; x_wconf 83' lang='lat' dir='ltr'><strong>alterum</strong></span> <span class='ocrx_word' id='word_1_715' title='bbox 684 5230 781 5283; x_wconf 83' lang='lat' dir='ltr'><strong>per</strong></span> <span class='ocrx_word' id='word_1_716' title='bbox 801 5215 1030 5268; x_wconf 77' lang='lat' dir='ltr'><strong>alterum</strong></span> <span class='ocrx_word' id='word_1_717' title='bbox 1062 5230 1169 5268; x_wconf 90' lang='lat' dir='ltr'><strong>non</strong></span> <span class='ocrx_word' id='word_1_718' title='bbox 1189 5225 1289 5277; x_wconf 86' lang='lat' dir='ltr'><strong>est.</strong></span> <span class='ocrx_word' id='word_1_719' title='bbox 1318 5227 1460 5271; x_wconf 84' lang='lat' dir='ltr'><strong>esset</strong></span> <span class='ocrx_word' id='word_1_720' title='bbox 1479 5216 1715 5286; x_wconf 82' lang='lat' dir='ltr'><strong>Spiritus</strong></span> <span class='ocrx_word' id='word_1_721' title='bbox 1739 5223 1991 5290; x_wconf 87' lang='lat' dir='ltr'><strong>proprius</strong></span> 
     </span>
    </p>
   </div>
   <div class='ocr_carea' id='block_1_96' title="bbox 428 5304 1992 5378">
    <p class='ocr_par' dir='ltr' id='par_1_96' title="bbox 428 5304 1992 5378">
     <span class='ocr_line' id='line_1_96' title="bbox 428 5304 1992 5378; baseline 0.004 -20"><span class='ocrx_word' id='word_1_722' title='bbox 428 5305 572 5373; x_wconf 79' lang='lat' dir='ltr'><strong>Filii,</strong></span> <span class='ocrx_word' id='word_1_723' title='bbox 607 5316 771 5373; x_wconf 87' lang='lat' dir='ltr'><strong>atque</strong></span> <span class='ocrx_word' id='word_1_724' title='bbox 792 5322 854 5359; x_wconf 82' lang='lat' dir='ltr'><strong>ex</strong></span> <span class='ocrx_word' id='word_1_725' title='bbox 876 5305 1173 5360; x_wconf 87' lang='lat' dir='ltr'><strong>substantia</strong></span> <span class='ocrx_word' id='word_1_726' title='bbox 1200 5304 1319 5360; x_wconf 82' lang='lat' dir='ltr'><strong>Filii</strong></span> <span class='ocrx_word' id='word_1_727' title='bbox 1347 5316 1496 5363; x_wconf 87' lang='lat' dir='ltr'><strong>esset</strong></span> <span class='ocrx_word' id='word_1_728' title='bbox 1528 5310 1713 5378; x_wconf 85' lang='lat' dir='ltr'><strong>utique</strong></span> <span class='ocrx_word' id='word_1_729' title='bbox 1738 5322 1791 5364; x_wconf 91' lang='lat' dir='ltr'><strong>et</strong></span> <span class='ocrx_word' id='word_1_730' title='bbox 1822 5309 1992 5365; x_wconf 84' lang='lat' dir='ltr'><strong>Filius</strong></span> 
     </span>
    </p>
   </div>
   <div class='ocr_carea' id='block_1_97' title="bbox 428 5397 1991 5471">
    <p class='ocr_par' dir='ltr' id='par_1_97' title="bbox 428 5397 1991 5471">
     <span class='ocr_line' id='line_1_97' title="bbox 428 5397 1991 5471; baseline 0.005 -20"><span class='ocrx_word' id='word_1_731' title='bbox 428 5397 600 5451; x_wconf 81' lang='lat' dir='ltr'><strong>sancti</strong></span> <span class='ocrx_word' id='word_1_732' title='bbox 631 5398 867 5466; x_wconf 84' lang='lat' dir='ltr'><strong>Spiritus</strong></span> <span class='ocrx_word' id='word_1_733' title='bbox 916 5397 1186 5467; x_wconf 86' lang='lat' dir='ltr'><strong>proprius,</strong></span> <span class='ocrx_word' id='word_1_734' title='bbox 1246 5412 1298 5452; x_wconf 88' lang='lat' dir='ltr'><strong>et</strong></span> <span class='ocrx_word' id='word_1_735' title='bbox 1323 5416 1387 5454; x_wconf 84' lang='lat' dir='ltr'><strong>ex</strong></span> <span class='ocrx_word' id='word_1_736' title='bbox 1420 5402 1720 5456; x_wconf 87' lang='lat' dir='ltr'><strong>substantia</strong></span> <span class='ocrx_word' id='word_1_737' title='bbox 1754 5403 1991 5471; x_wconf 70' lang='lat' dir='ltr'><strong>Spiritus</strong></span> 
     </span>
    </p>
   </div>
   <div class='ocr_carea' id='block_1_98' title="bbox 425 5489 1984 5563">
    <p class='ocr_par' dir='ltr' id='par_1_98' title="bbox 425 5489 1984 5563">
     <span class='ocr_line' id='line_1_98' title="bbox 425 5489 1984 5563; baseline 0.008 -27"><span class='ocrx_word' id='word_1_738' title='bbox 425 5499 645 5555; x_wconf 79' lang='lat' dir='ltr'><strong>propter</strong></span> <span class='ocrx_word' id='word_1_739' title='bbox 679 5489 1091 5542; x_wconf 74' lang='lat' dir='ltr'><strong>conversionem</strong></span> <span class='ocrx_word' id='word_1_740' title='bbox 1133 5490 1984 5563; x_wconf 74' lang='lat' dir='ltr'><strong>hujusntodiconsubstantiatis.</strong></span> 
     </span>
    </p>
   </div>
   <div class='ocr_carea' id='block_1_99' title="bbox 420 5577 1980 5657">
    <p class='ocr_par' dir='ltr' id='par_1_99' title="bbox 420 5577 1980 5657">
     <span class='ocr_line' id='line_1_99' title="bbox 420 5577 1980 5657; baseline 0.008 -27"><span class='ocrx_word' id='word_1_741' title='bbox 420 5580 491 5630; x_wconf 76' lang='lat' dir='ltr'><strong>At</strong></span> <span class='ocrx_word' id='word_1_742' title='bbox 526 5577 670 5633; x_wconf 88' lang='lat' dir='ltr'><strong>istud</strong></span> <span class='ocrx_word' id='word_1_743' title='bbox 735 5593 910 5649; x_wconf 87' lang='lat' dir='ltr'><strong>neque</strong></span> <span class='ocrx_word' id='word_1_744' title='bbox 940 5579 1145 5635; x_wconf 89' lang='lat' dir='ltr'><strong>dictum</strong></span> <span class='ocrx_word' id='word_1_745' title='bbox 1197 5592 1278 5638; x_wconf 88' lang='lat' dir='ltr'><strong>est</strong></span> <span class='ocrx_word' id='word_1_746' title='bbox 1309 5585 1378 5639; x_wconf 90' lang='lat' dir='ltr'><strong>ab</strong></span> <span class='ocrx_word' id='word_1_747' title='bbox 1424 5585 1606 5657; x_wconf 85' lang='lat' dir='ltr'><strong>aliquo</strong></span> <span class='ocrx_word' id='word_1_748' title='bbox 1644 5599 1980 5654; x_wconf 80' lang='lat' dir='ltr'><strong>sanctorum,</strong></span> 
     </span>
    </p>
   </div>
   <div class='ocr_carea' id='block_1_100' title="bbox 488 5754 1513 5834">
    <p class='ocr_par' dir='ltr' id='par_1_100' title="bbox 488 5754 1513 5834">
     <span class='ocr_line' id='line_1_100' title="bbox 488 5754 1513 5834; baseline 0.016 -28"><span class='ocrx_word' id='word_1_749' title='bbox 488 5754 533 5785; x_wconf 73' lang='lat'><strong>&quot;</strong></span> <span class='ocrx_word' id='word_1_750' title='bbox 569 5756 723 5813; x_wconf 68' lang='lat' dir='ltr'><strong>Joan,</strong></span> <span class='ocrx_word' id='word_1_751' title='bbox 751 5778 839 5823; x_wconf 71' lang='grc' dir='ltr'><strong>ιγ,</strong></span> <span class='ocrx_word' id='word_1_752' title='bbox 882 5762 963 5814; x_wconf 71' lang='lat' dir='ltr'><strong>lii.</strong></span> <span class='ocrx_word' id='word_1_753' title='bbox 1047 5762 1088 5793; x_wconf 73' lang='lat'><strong>’°°</strong></span> <span class='ocrx_word' id='word_1_754' title='bbox 1120 5761 1135 5814; x_wconf 84' lang='grc' dir='ltr'><strong>Ι</strong></span> <span class='ocrx_word' id='word_1_755' title='bbox 1167 5768 1291 5821; x_wconf 76' lang='lat' dir='ltr'><strong>Cor.</strong></span> <span class='ocrx_word' id='word_1_756' title='bbox 1333 5784 1389 5834; x_wconf 86' lang='lat' dir='ltr'><strong>ll,</strong></span> <span class='ocrx_word' id='word_1_757' title='bbox 1430 5768 1513 5822; x_wconf 75' lang='grc'><strong>12,</strong></span> 
     </span>
    </p>
   </div>
   <div class='ocr_carea' id='block_1_101' title="bbox 1631 5767 2089 5847">
    <p class='ocr_par' dir='ltr' id='par_1_101' title="bbox 1631 5767 2089 5847">
     <span class='ocr_line' id='line_1_101' title="bbox 1631 5767 2089 5847; baseline 0.009 -28"><span class='ocrx_word' id='word_1_758' title='bbox 1631 5769 1666 5802; x_wconf 65' lang='grc'><strong>⁵*</strong></span> <span class='ocrx_word' id='word_1_759' title='bbox 1716 5767 1872 5822; x_wconf 69' lang='lat' dir='ltr'><strong>Joan.</strong></span> <span class='ocrx_word' id='word_1_760' title='bbox 1903 5783 1975 5847; x_wconf 64' lang='lat' dir='ltr'><strong>vi,</strong></span> <span class='ocrx_word' id='word_1_761' title='bbox 2006 5769 2089 5823; x_wconf 77' lang='grc'><strong>58.</strong></span> 
     </span>
    </p>
   </div>
   <div class='ocr_carea' id='block_1_102' title="bbox 2107 4486 2695 4546">
    <p class='ocr_par' dir='ltr' id='par_1_102' title="bbox 2107 4486 2695 4546">
     <span class='ocr_line' id='line_1_102' title="bbox 2107 4486 2695 4546; baseline 0.009 -5"><span class='ocrx_word' id='word_1_762' title='bbox 2107 4486 2384 4541; x_wconf 87' lang='lat' dir='ltr'><strong>stantialia</strong></span> <span class='ocrx_word' id='word_1_763' title='bbox 2416 4487 2695 4546; x_wconf 90' lang='lat' dir='ltr'><strong>dicuntur.</strong></span> 
     </span>
    </p>
   </div>
   <div class='ocr_carea' id='block_1_103' title="bbox 2175 4580 3679 4652">
    <p class='ocr_par' dir='ltr' id='par_1_103' title="bbox 2175 4580 3679 4652">
     <span class='ocr_line' id='line_1_103' title="bbox 2175 4580 3679 4652; baseline 0.011 -19"><span class='ocrx_word' id='word_1_764' title='bbox 2175 4580 2327 4634; x_wconf 88' lang='lat' dir='ltr'><strong>Sicut</strong></span> <span class='ocrx_word' id='word_1_765' title='bbox 2363 4581 2525 4652; x_wconf 87' lang='lat' dir='ltr'><strong>igitur</strong></span> <span class='ocrx_word' id='word_1_766' title='bbox 2549 4584 2716 4640; x_wconf 84' lang='lat' dir='ltr'><strong>Filius</strong></span> <span class='ocrx_word' id='word_1_767' title='bbox 2738 4604 2803 4640; x_wconf 80' lang='lat' dir='ltr'><strong>ex</strong></span> <span class='ocrx_word' id='word_1_768' title='bbox 2833 4583 2991 4642; x_wconf 89' lang='lat' dir='ltr'><strong>Patre</strong></span> <span class='ocrx_word' id='word_1_769' title='bbox 3020 4606 3139 4646; x_wconf 86' lang='lat' dir='ltr'><strong>esse</strong></span> <span class='ocrx_word' id='word_1_770' title='bbox 3169 4590 3375 4649; x_wconf 89' lang='lat' dir='ltr'><strong>habens</strong></span> <span class='ocrx_word' id='word_1_771' title='bbox 3433 4600 3679 4652; x_wconf 75' lang='lat' dir='ltr'><strong>consuli-</strong></span> 
     </span>
    </p>
   </div>
   <div class='ocr_carea' id='block_1_104' title="bbox 2100 4671 3675 4746">
    <p class='ocr_par' dir='ltr' id='par_1_104' title="bbox 2100 4671 3675 4746">
     <span class='ocr_line' id='line_1_104' title="bbox 2100 4671 3675 4746; baseline 0.012 -22"><span class='ocrx_word' id='word_1_772' title='bbox 2100 4671 2373 4728; x_wconf 82' lang='lat' dir='ltr'><strong>stantialis</strong></span> <span class='ocrx_word' id='word_1_773' title='bbox 2398 4672 2473 4728; x_wconf 92' lang='lat' dir='ltr'><strong>illi</strong></span> <span class='ocrx_word' id='word_1_774' title='bbox 2504 4682 2610 4739; x_wconf 85' lang='lat' dir='ltr'><strong>est,</strong></span> <span class='ocrx_word' id='word_1_775' title='bbox 2630 4679 2912 4746; x_wconf 83' lang='lat' dir='ltr'><strong>atqueista</strong></span> <span class='ocrx_word' id='word_1_776' title='bbox 2934 4679 3158 4737; x_wconf 87' lang='lat' dir='ltr'><strong>invicem</strong></span> <span class='ocrx_word' id='word_1_777' title='bbox 3188 4686 3675 4743; x_wconf 82' lang='lat' dir='ltr'><strong>consubstantialia</strong></span> 
     </span>
    </p>
   </div>
   <div class='ocr_carea' id='block_1_105' title="bbox 2098 4767 3658 4846">
    <p class='ocr_par' dir='ltr' id='par_1_105' title="bbox 2098 4767 3658 4846">
     <span class='ocr_line' id='line_1_105' title="bbox 2098 4767 3658 4846; baseline 0.012 -29"><span class='ocrx_word' id='word_1_778' title='bbox 2098 4771 2258 4827; x_wconf 85' lang='lat' dir='ltr'><strong>Sunt;</strong></span> <span class='ocrx_word' id='word_1_779' title='bbox 2286 4778 2410 4819; x_wconf 87' lang='lat' dir='ltr'><strong>esse</strong></span> <span class='ocrx_word' id='word_1_780' title='bbox 2442 4767 2587 4821; x_wconf 89' lang='lat' dir='ltr'><strong>enim</strong></span> <span class='ocrx_word' id='word_1_781' title='bbox 2612 4783 2675 4822; x_wconf 83' lang='lat' dir='ltr'><strong>ex</strong></span> <span class='ocrx_word' id='word_1_782' title='bbox 2717 4768 2920 4839; x_wconf 88' lang='lat' dir='ltr'><strong>Spiritu</strong></span> <span class='ocrx_word' id='word_1_783' title='bbox 2962 4769 3182 4840; x_wconf 87' lang='lat' dir='ltr'><strong>Filium,</strong></span> <span class='ocrx_word' id='word_1_784' title='bbox 3222 4792 3517 4846; x_wconf 84' lang='lat' dir='ltr'><strong>processus</strong></span> <span class='ocrx_word' id='word_1_785' title='bbox 3546 4782 3658 4842; x_wconf 86' lang='lat' dir='ltr'><strong>ille.</strong></span> 
     </span>
    </p>
   </div>
   <div class='ocr_carea' id='block_1_106' title="bbox 2108 4855 3678 4942">
    <p class='ocr_par' dir='ltr' id='par_1_106' title="bbox 2108 4855 3678 4942">
     <span class='ocr_line' id='line_1_106' title="bbox 2108 4855 3678 4942; baseline 0.013 -34"><span class='ocrx_word' id='word_1_786' title='bbox 2108 4855 2403 4909; x_wconf 89' lang='lat' dir='ltr'><strong>secundum</strong></span> <span class='ocrx_word' id='word_1_787' title='bbox 2433 4872 2593 4927; x_wconf 88' lang='lat' dir='ltr'><strong>quem</strong></span> <span class='ocrx_word' id='word_1_788' title='bbox 2622 4874 2686 4913; x_wconf 68' lang='lat' dir='ltr'><strong>ex</strong></span> <span class='ocrx_word' id='word_1_789' title='bbox 2720 4859 2880 4916; x_wconf 86' lang='lat' dir='ltr'><strong>Patre</strong></span> <span class='ocrx_word' id='word_1_790' title='bbox 2909 4878 3003 4932; x_wconf 90' lang='lat' dir='ltr'><strong>per</strong></span> <span class='ocrx_word' id='word_1_791' title='bbox 3038 4864 3233 4921; x_wconf 87' lang='lat' dir='ltr'><strong>Filium</strong></span> <span class='ocrx_word' id='word_1_792' title='bbox 3278 4872 3520 4938; x_wconf 77' lang='lat' dir='ltr'><strong>procedit</strong></span> <span class='ocrx_word' id='word_1_793' title='bbox 3555 4873 3678 4942; x_wconf 82' lang='lat' dir='ltr'><strong>Spi-</strong></span> 
     </span>
    </p>
   </div>
   <div class='ocr_carea' id='block_1_107' title="bbox 2104 4945 3675 5019">
    <p class='ocr_par' dir='ltr' id='par_1_107' title="bbox 2104 4945 3675 5019">
     <span class='ocr_line' id='line_1_107' title="bbox 2104 4945 3675 5019; baseline 0.012 -22"><span class='ocrx_word' id='word_1_794' title='bbox 2104 4945 2262 5008; x_wconf 87' lang='lat' dir='ltr'><strong>ritus,</strong></span> <span class='ocrx_word' id='word_1_795' title='bbox 2290 4947 2511 5002; x_wconf 91' lang='lat' dir='ltr'><strong>minime</strong></span> <span class='ocrx_word' id='word_1_796' title='bbox 2534 4947 2820 5018; x_wconf 85' lang='lat' dir='ltr'><strong>permittit:</strong></span> <span class='ocrx_word' id='word_1_797' title='bbox 2843 4953 2917 5005; x_wconf 85' lang='lat' dir='ltr'><strong>ita</strong></span> <span class='ocrx_word' id='word_1_798' title='bbox 2944 4955 3088 5007; x_wconf 88' lang='lat' dir='ltr'><strong>enim</strong></span> <span class='ocrx_word' id='word_1_799' title='bbox 3111 4958 3429 5014; x_wconf 82' lang='lat' dir='ltr'><strong>cavebimus</strong></span> <span class='ocrx_word' id='word_1_800' title='bbox 3454 4970 3509 5014; x_wconf 91' lang='lat' dir='ltr'><strong>et</strong></span> <span class='ocrx_word' id='word_1_801' title='bbox 3533 4964 3675 5019; x_wconf 88' lang='lat' dir='ltr'><strong>duos</strong></span> 
     </span>
    </p>
   </div>
   <div class='ocr_carea' id='block_1_108' title="bbox 2104 5039 3671 5115">
    <p class='ocr_par' dir='ltr' id='par_1_108' title="bbox 2104 5039 3671 5115">
     <span class='ocr_line' id='line_1_108' title="bbox 2104 5039 3671 5115; baseline 0.011 -23"><span class='ocrx_word' id='word_1_802' title='bbox 2104 5039 2245 5094; x_wconf 87' lang='lat' dir='ltr'><strong>Iilios</strong></span> <span class='ocrx_word' id='word_1_803' title='bbox 2273 5039 2324 5093; x_wconf 92' lang='lat' dir='ltr'><strong>in</strong></span> <span class='ocrx_word' id='word_1_804' title='bbox 2357 5051 2543 5098; x_wconf 88' lang='lat' dir='ltr'><strong>sancta</strong></span> <span class='ocrx_word' id='word_1_805' title='bbox 2580 5040 2851 5100; x_wconf 84' lang='lat' dir='ltr'><strong>Trinitate</strong></span> <span class='ocrx_word' id='word_1_806' title='bbox 2898 5048 3169 5115; x_wconf 90' lang='lat' dir='ltr'><strong>conliteri,</strong></span> <span class='ocrx_word' id='word_1_807' title='bbox 3220 5062 3274 5106; x_wconf 89' lang='lat' dir='ltr'><strong>et</strong></span> <span class='ocrx_word' id='word_1_808' title='bbox 3301 5055 3671 5109; x_wconf 83' lang='lat' dir='ltr'><strong>consubstan-</strong></span> 
     </span>
    </p>
   </div>
   <div class='ocr_carea' id='block_1_109' title="bbox 2104 5131 3663 5202">
    <p class='ocr_par' dir='ltr' id='par_1_109' title="bbox 2104 5131 3663 5202">
     <span class='ocr_line' id='line_1_109' title="bbox 2104 5131 3663 5202; baseline 0.01 -16"><span class='ocrx_word' id='word_1_809' title='bbox 2104 5131 2383 5188; x_wconf 87' lang='lat' dir='ltr'><strong>tialitatem</strong></span> <span class='ocrx_word' id='word_1_810' title='bbox 2415 5136 2651 5191; x_wconf 82' lang='lat' dir='ltr'><strong>maxime</strong></span> <span class='ocrx_word' id='word_1_811' title='bbox 2684 5138 2983 5195; x_wconf 85' lang='lat' dir='ltr'><strong>reddimus.</strong></span> <span class='ocrx_word' id='word_1_812' title='bbox 3024 5141 3092 5195; x_wconf 89' lang='lat' dir='ltr'><strong>Et</strong></span> <span class='ocrx_word' id='word_1_813' title='bbox 3123 5141 3251 5196; x_wconf 89' lang='lat' dir='ltr'><strong>illud</strong></span> <span class='ocrx_word' id='word_1_814' title='bbox 3286 5144 3449 5200; x_wconf 90' lang='lat' dir='ltr'><strong>simul</strong></span> <span class='ocrx_word' id='word_1_815' title='bbox 3481 5156 3663 5202; x_wconf 79' lang='lat' dir='ltr'><strong>ostcn~</strong></span> 
     </span>
    </p>
   </div>
   <div class='ocr_carea' id='block_1_110' title="bbox 2098 5221 3665 5306">
    <p class='ocr_par' dir='ltr' id='par_1_110' title="bbox 2098 5221 3665 5306">
     <span class='ocr_line' id='line_1_110' title="bbox 2098 5221 3665 5306; baseline 0.011 -31"><span class='ocrx_word' id='word_1_816' title='bbox 2098 5221 2268 5286; x_wconf 86' lang='lat' dir='ltr'><strong>ditur,</strong></span> <span class='ocrx_word' id='word_1_817' title='bbox 2302 5228 2445 5294; x_wconf 86' lang='lat' dir='ltr'><strong>quod</strong></span> <span class='ocrx_word' id='word_1_818' title='bbox 2480 5226 2579 5283; x_wconf 90' lang='lat' dir='ltr'><strong>uisi</strong></span> <span class='ocrx_word' id='word_1_819' title='bbox 2619 5227 2690 5281; x_wconf 90' lang='lat' dir='ltr'><strong>sit</strong></span> <span class='ocrx_word' id='word_1_820' title='bbox 2715 5245 2778 5283; x_wconf 78' lang='lat' dir='ltr'><strong>ex</strong></span> <span class='ocrx_word' id='word_1_821' title='bbox 2817 5228 2953 5285; x_wconf 83' lang='lat' dir='ltr'><strong>Filio</strong></span> <span class='ocrx_word' id='word_1_822' title='bbox 2980 5230 3238 5301; x_wconf 88' lang='lat' dir='ltr'><strong>Spiritus,</strong></span> <span class='ocrx_word' id='word_1_823' title='bbox 3273 5250 3529 5306; x_wconf 80' lang='lat' dir='ltr'><strong>germana</strong></span> <span class='ocrx_word' id='word_1_824' title='bbox 3561 5238 3665 5292; x_wconf 92' lang='lat' dir='ltr'><strong>sibi</strong></span> 
     </span>
    </p>
   </div>
   <div class='ocr_carea' id='block_1_111' title="bbox 2096 5312 3666 5394">
    <p class='ocr_par' dir='ltr' id='par_1_111' title="bbox 2096 5312 3666 5394">
     <span class='ocr_line' id='line_1_111' title="bbox 2096 5312 3666 5394; baseline 0.01 -25"><span class='ocrx_word' id='word_1_825' title='bbox 2096 5312 2328 5371; x_wconf 85' lang='lat' dir='ltr'><strong>invicem</strong></span> <span class='ocrx_word' id='word_1_826' title='bbox 2352 5326 2513 5371; x_wconf 89' lang='lat' dir='ltr'><strong>erunt</strong></span> <span class='ocrx_word' id='word_1_827' title='bbox 2537 5316 2709 5375; x_wconf 89' lang='lat' dir='ltr'><strong>Filius</strong></span> <span class='ocrx_word' id='word_1_828' title='bbox 2737 5330 2793 5374; x_wconf 89' lang='lat' dir='ltr'><strong>et.</strong></span> <span class='ocrx_word' id='word_1_829' title='bbox 2827 5320 3082 5392; x_wconf 89' lang='lat' dir='ltr'><strong>Spiritus.</strong></span> <span class='ocrx_word' id='word_1_830' title='bbox 3110 5325 3302 5381; x_wconf 87' lang='lat' dir='ltr'><strong>Dicens</strong></span> <span class='ocrx_word' id='word_1_831' title='bbox 3344 5329 3514 5394; x_wconf 88' lang='lat' dir='ltr'><strong>enim,</strong></span> <span class='ocrx_word' id='word_1_832' title='bbox 3543 5329 3666 5385; x_wconf 88' lang='lat' dir='ltr'><strong>Noli</strong></span> 
     </span>
    </p>
   </div>
   <div class='ocr_carea' id='block_1_112' title="bbox 2096 5406 3663 5491">
    <p class='ocr_par' dir='ltr' id='par_1_112' title="bbox 2096 5406 3663 5491">
     <span class='ocr_line' id='line_1_112' title="bbox 2096 5406 3663 5491; baseline 0.011 -33"><span class='ocrx_word' id='word_1_833' title='bbox 2096 5406 2209 5460; x_wconf 90' lang='lat' dir='ltr'><strong>duo</strong></span> <span class='ocrx_word' id='word_1_834' title='bbox 2242 5424 2306 5461; x_wconf 84' lang='lat' dir='ltr'><strong>ex</strong></span> <span class='ocrx_word' id='word_1_835' title='bbox 2345 5424 2452 5463; x_wconf 91' lang='lat' dir='ltr'><strong>uno</strong></span> <span class='ocrx_word' id='word_1_836' title='bbox 2474 5410 2648 5466; x_wconf 81' lang='lat' dir='ltr'><strong>divisa</strong></span> <span class='ocrx_word' id='word_1_837' title='bbox 2697 5412 3022 5483; x_wconf 79' lang='lat' dir='ltr'><strong>intelligere,</strong></span> <span class='ocrx_word' id='word_1_838' title='bbox 3071 5430 3175 5468; x_wconf 90' lang='lat' dir='ltr'><strong>non</strong></span> <span class='ocrx_word' id='word_1_839' title='bbox 3207 5418 3352 5472; x_wconf 89' lang='lat' dir='ltr'><strong>enim</strong></span> <span class='ocrx_word' id='word_1_840' title='bbox 3406 5436 3663 5491; x_wconf 85' lang='lat' dir='ltr'><strong>germana</strong></span> 
     </span>
    </p>
   </div>
   <div class='ocr_carea' id='block_1_113' title="bbox 2095 5501 3659 5579">
    <p class='ocr_par' dir='ltr' id='par_1_113' title="bbox 2095 5501 3659 5579">
     <span class='ocr_line' id='line_1_113' title="bbox 2095 5501 3659 5579; baseline 0.01 -27"><span class='ocrx_word' id='word_1_841' title='bbox 2095 5501 2353 5563; x_wconf 82' lang='lat' dir='ltr'><strong>dicimus,</strong></span> <span class='ocrx_word' id='word_1_842' title='bbox 2396 5504 2579 5557; x_wconf 83' lang='lat' dir='ltr'><strong>docuit</strong></span> <span class='ocrx_word' id='word_1_843' title='bbox 2602 5522 2615 5558; x_wconf 92' lang='lat'><strong>:</strong></span> <span class='ocrx_word' id='word_1_844' title='bbox 2638 5508 2891 5573; x_wconf 88' lang='lat' dir='ltr'><strong>quoniam</strong></span> <span class='ocrx_word' id='word_1_845' title='bbox 2919 5508 2962 5563; x_wconf 89' lang='lat' dir='ltr'><strong>si</strong></span> <span class='ocrx_word' id='word_1_846' title='bbox 2994 5525 3098 5579; x_wconf 89' lang='lat' dir='ltr'><strong>qua</strong></span> <span class='ocrx_word' id='word_1_847' title='bbox 3131 5523 3336 5577; x_wconf 86' lang='lat' dir='ltr'><strong>essent,</strong></span> <span class='ocrx_word' id='word_1_848' title='bbox 3369 5530 3434 5568; x_wconf 77' lang='lat' dir='ltr'><strong>ex</strong></span> <span class='ocrx_word' id='word_1_849' title='bbox 3467 5515 3659 5570; x_wconf 88' lang='lat' dir='ltr'><strong>eodem</strong></span> 
     </span>
    </p>
   </div>
   <div class='ocr_carea' id='block_1_114' title="bbox 2101 5591 3659 5668">
    <p class='ocr_par' dir='ltr' id='par_1_114' title="bbox 2101 5591 3659 5668">
     <span class='ocr_line' id='line_1_114' title="bbox 2101 5591 3659 5668; baseline 0.01 -24"><span class='ocrx_word' id='word_1_850' title='bbox 2101 5591 2465 5659; x_wconf 88' lang='lat' dir='ltr'><strong>solummodo,</strong></span> <span class='ocrx_word' id='word_1_851' title='bbox 2523 5596 2823 5650; x_wconf 82' lang='lat' dir='ltr'><strong>secundum</strong></span> <span class='ocrx_word' id='word_1_852' title='bbox 2890 5600 3030 5668; x_wconf 88' lang='lat' dir='ltr'><strong>quod</strong></span> <span class='ocrx_word' id='word_1_853' title='bbox 3086 5618 3151 5654; x_wconf 82' lang='lat' dir='ltr'><strong>ex</strong></span> <span class='ocrx_word' id='word_1_854' title='bbox 3210 5603 3398 5656; x_wconf 85' lang='lat' dir='ltr'><strong>eodem</strong></span> <span class='ocrx_word' id='word_1_855' title='bbox 3450 5612 3659 5666; x_wconf 86' lang='lat' dir='ltr'><strong>essent.</strong></span> 
     </span>
    </p>
   </div>
   <div class='ocr_carea' id='block_1_115' title="bbox 2210 5771 2821 5845">
    <p class='ocr_par' dir='ltr' id='par_1_115' title="bbox 2210 5771 2821 5845">
     <span class='ocr_line' id='line_1_115' title="bbox 2210 5771 2821 5845; baseline 0 -19"><span class='ocrx_word' id='word_1_856' title='bbox 2210 5771 2251 5803; x_wconf 68' lang='grc'><strong>⁵²</strong></span> <span class='ocrx_word' id='word_1_857' title='bbox 2283 5771 2447 5829; x_wconf 78' lang='lat' dir='ltr'><strong>Zach.</strong></span> <span class='ocrx_word' id='word_1_858' title='bbox 2494 5789 2564 5831; x_wconf 76' lang='lat' dir='ltr'><strong>tv.</strong></span> <span class='ocrx_word' id='word_1_859' title='bbox 2607 5774 2639 5826; x_wconf 74' lang='grc' dir='ltr'>Ξ</span> <span class='ocrx_word' id='word_1_860' title='bbox 2671 5790 2821 5845; x_wconf 79' lang='lat' dir='ltr'><strong>seqq.</strong></span> 
     </span>
    </p>
   </div>
  </div>
