4010 6568
349 333 422 395 89

1443 335 1847 400 ADVERSUS
1879 339 2195 400 GR-ECOS
2238 343 2388 402 LlB.
2426 343 2514 402 Ιῐ.

3528 342 3605 405 90

348 449 599 518 germani
653 450 849 506 merito
883 449 1189 522 fratresque
1243 452 1577 510 dicerentur.
1610 447 1794 526 Itaque
1828 473 1919 512 co-
1951 459 1996 514 Λ
2028 459 2424 524 beatissimum,
2475 469 2774 529 contraque
2835 458 2956 528 ejus
3004 458 3292 514 duodecim
3343 460 3606 529 capitula,

351 551 575 610 geutur,
629 542 724 612 qui
783 552 838 597 et
889 543 1108 608 Filium,
1146 555 1198 601 et
1252 546 1538 616 Spiritum,
1573 563 1638 603 ex
1691 549 1828 612 solo.
1876 561 1929 604 et

349 633 672 689 immediate
713 651 778 689 ex
814 635 974 691 Patre
1008 638 1199 692 ambos
1228 637 1439 703 dicunt,
1473 639 1612 694 duos
1659 641 1711 694 in
1750 640 1930 695 Triui-

356 734 468 781 tate
501 727 700 782 fratres
731 729 1000 795 conﬁteri,
1033 731 1252 800 duoque
1281 722 1487 787 ex'uno
1518 733 1691 789 divisa
1723 734 1926 788 intelli-

350 834 482 886 gere
517 835 533 871 :
571 830 631 871 ιιι
676 834 850 888 neque
903 837 1115 875 summa
1153 824 1743 880 consubstantialitatis
1792 827 1930 879 ratio

353 910 640 974 reddatur,
666 921 828 980 atque
852 927 960 966 una
990 914 1124 966 ordo
1155 915 1244 968 ille
1273 916 1576 984 personalis
1605 917 1670 972 ad
1700 917 1927 972 invicem

352 1002 588 1056 ontnino
643 1004 960 1070 auferatur;
1025 1007 1297 1075 simulque
1362 1008 1606 1064 Trinitas
1659 1026 1767 1068 non
1827 1013 1933 1066 erit

359 1093 529 1148 Deus.
563 1095 667 1149 Sed
699 1096 798 1150 ista
832 1111 958 1152 sunt
1002 1100 1416 1166 absurdissima,
1467 1112 1521 1158 et
1567 1103 1698 1156 illud
1753 1105 1932 1168 itaque

350 1186 682 1252 absurdum,
708 1191 856 1260 quod
905 1192 1005 1246 ista
1039 1195 1354 1247 necessario
1382 1197 1651 1263 sequitur.

428 1297 616 1366 Neque
665 1315 796 1354 vero
847 1302 1082 1356 absurda
1142 1313 1350 1358 tantum
1412 1315 1562 1372 sunt,
1618 1308 1710 1363 sed
1765 1317 1928 1362 etiam

354 1387 748 1455 impossibilia,
803 1393 1078 1449 stantibus
1125 1395 1300 1450 initiis
1345 1396 1488 1462 ﬁdei,
1539 1400 1933 1468 doctorumque

358 1481 651 1534 sententiis
710 1497 938 1549 prorsus
991 1483 1406 1541 obsistentibus.
1470 1487 1692 1544 Addens
1750 1500 1930 1544 autem

358 1581 594 1627 sanctus
650 1575 736 1628 vir
789 1576 1042 1630 essentia:
1101 1577 1476 1644 identitatem,
1553 1582 1806 1650 quoniam
1865 1598 1933 1637 ex

358 1662 528 1718 Patre
590 1663 762 1720 Filius
823 1668 914 1732 sit,
981 1670 1240 1734 ostendit,
1305 1669 1962 1730 consubstantialitatem'

363 1754 514 1810 Patri
555 1765 612 1812 et
655 1757 796 1814 Filio
823 1751 1038 1826 adesse,
1071 1773 1357 1832 propterea
1389 1766 1534 1834 quod
1568 1777 1714 1821 esset
1765 1766 1936 1822 Filius
1970 1789 2008 1840 Β

358 1864 429 1902 ει
463 1851 650 1906 Patre.
681 1851 836 1907 Unde
864 1865 1079 1909 constat
1109 1856 1160 1910 in
1190 1857 1388 1912 divinis
1421 1861 1664 1924 personis
1695 1860 1934 1916 consub-

359 1941 625 1996 stantiale
659 1942 712 1995 in
761 1957 926 1997 causa
958 1955 1010 1998 et
1041 1946 1246 2000 causali
1273 1949 1516 2015 conspici
1557 1968 1570 2003 :
1606 1965 1714 2003 non
1751 1960 1933 2006 autem

362 2048 394 2086 e
420 2042 640 2094 contra,
659 2033 873 2090 etiamsi
903 2036 1308 2108 coniungantur
1333 2039 1590 2104 invicem,
1617 2044 1776 2098 sicuti
1810 2053 1936 2100 ante

362 2125 588 2180 causale
621 2143 787 2180 causa
822 2128 1112 2198 cogitatur.
1157 2129 1277 2184 Non
1311 2145 1439 2199 ergo
1473 2129 1640 2185 Filius
1673 2142 1726 2186 et
1767 2131 1936 2201 Spiri-

370 2227 458 2271 tus
499 2219 605 2272 sibi
655 2219 885 2274 invicem
915 2230 1097 2275 essent
1131 2222 1642 2286 consubstantialia,
1674 2226 1779 2279 nisi
1814 2228 1938 2280 alte-

367 2327 492 2364 runt
513 2322 660 2366 esset
691 2329 750 2366 ex
786 2313 976 2378 altero,
1000 2315 1236 2369 maxime
1269 2316 1398 2386 quia
1434 2317 1598 2370 etiam
1635 2319 1934 2373 seruitium

363 2403 838 2458 consubstantiale
889 2421 1056 2458 unum
1111 2421 1236 2459 cum
1277 2406 1413 2470 sint,
1474 2409 1619 2462 nulla
1680 2409 1938 2465 discretio

369 2495 717 2564 inspieiatur,
752 2496 855 2553 nisi
902 2499 1170 2568 praecedat
1223 2499 1435 2564 relatio,
1469 2517 1588 2570 qua:
1633 2505 1935 2560 scentulum

367 2602 597 2642 cansmt
623 2599 727 2643 ρει.

445 2701 521 2755 Ex
580 2704 664 2757 his
699 2712 880 2758 autem
915 2720 1036 2772 quae
1066 2705 1268 2776 scripta
1317 2715 1463 2772 sunt,
1495 2717 1728 2772 constat,
1759 2717 1814 2762 et
1843 2723 1939 2763 eos

366 2792 466 2859 qui
530 2798 596 2846 de
653 2796 877 2863 scriptis
935 2795 1249 2851 Theodoriti
1313 2807 1500 2851 contra
1562 2797 1937 2852 beatissimum

364 2882 633 2954 Cyrillum
676 2889 986 2954 opinionem
1024 2905 1178 2943 suam
1226 2899 1473 2944 astruere
1504 2887 1777 2953 nituntur,
1819 2904 1943 2946 san-

369 2991 591 3033 ctorum
615 2967 832 3034 Patrum
865 2983 1224 3036 intentionem
1250 2982 1779 3052 intelligentiamque
1830 2998 1936 3035 non

369 3073 618 3141 assequi.
663 3072 756 3126 ille
780 3075 924 3126 enim
952 3074 1016 3126 de
1043 3082 1233 3130 sancto
1265 3073 1470 3145 Cyrillo
1500 3073 1638 3128 dixit
1676 3093 1689 3128 :
1726 3093 1743 3126 ι
1780 3073 1934 3140 Quod

366 3165 414 3220 si
453 3164 600 3219 dicat
657 3163 921 3232 Spiritum
956 3179 1078 3219 esse
1130 3165 1412 3234 proprium
1460 3165 1608 3228 Filii,
1658 3165 1813 3235 quasi
1871 3181 1937 3220 ex

370 3255 534 3319 l-‘iliu,
568 3257 646 3310 vel
677 3271 774 3323 per
807 3255 1004 3309 Filium
1039 3257 1400 3309 substantiam
1436 3257 1745 3320 habentem,
1781 3259 1938 3326 quasi

369 3349 749 3415 blasphemiam
791 3358 842 3401 et
898 3348 1121 3414 impium
1153 3347 1493 3416 abjiciemus.
1525 3368 1542 3400 ι
1586 3347 1732 3403 Dixit
1759 3360 1938 3404 autem

366 3441 629 3509 Cyrillus,
665 3451 722 3493 ut
757 3457 822 3494 ex
859 3438 1239 3508 Superioribus
1295 3449 1460 3508 patet,
1499 3441 1778 3510 proprium
1819 3443 1940 3496 Filii

369 3533 640 3604 Spiritum
678 3542 733 3586 et
773 3533 822 3585 in
876 3535 1015 3597 ipso,
1075 3544 1220 3586 etex
1263 3533 1380 3598 ipso
1410 3548 1550 3595 esse,
1587 3534 1938 3600 quemadmo-

364 3630 499 3682 dum
533 3626 674 3680 etin
721 3625 840 3693 ipso
883 3625 1010 3689 Deo,
1042 3634 1093 3678 et
1139 3626 1191 3677 itt
1227 3626 1382 3679 Patre
1423 3640 1541 3679 esse
1593 3626 1942 3696 intelligitur;

361 3730 424 3774 et
462 3720 604 3773 sicut
637 3717 913 3786 proprium
947 3717 1140 3784 ipsius,
1169 3732 1264 3784 per
1290 3733 1413 3770 eum
1450 3718 1746 3784 procedere
1786 3729 1941 3772 natu-

364 3811 560 3864 raliter
583 3809 736 3863 dixit.
771 3809 897 3862 ldeo
955 3817 1008 3862 et
1053 3823 1172 3875 quat
1203 3807 1322 3876 ejus
1351 3819 1477 3862 sunt
1526 3809 1771 3878 accipere
1807 3813 1942 3865 dici-

363 3912 481 3966 tur,
535 3916 712 3970 neque
745 3898 1012 3953 serviliter
1044 3899 1279 3953 alienum
1313 3899 1612 3952 immittere
1657 3901 1940 3970 Spitituut,

364 3993 463 4050 sed
503 4009 652 4058 eum,
688 3993 780 4061 qui
821 4006 885 4044 ex
925 4006 989 4045 eo
1017 3991 1378 4060 propriuSque
1407 3989 1526 4059 eius
1557 4001 1659 4045 est.

441 4129 509 4184 Et
565 4130 675 4184 aiio
709 4128 934 4190 inloco,
979 4126 1336 4195 proﬂuentem
1392 4144 1455 4182 ex
1515 4126 1625 4180 Deo
1657 4127 1814 4181 Patre
1851 4145 1944 4198 per

365 4224 570 4278 Filium
598 4222 920 4275 naturaliter
950 4219 1213 4290 SpTritunt
1241 4232 1488 4274 sanctum
1514 4221 1676 4275 veluti
1701 4221 1943 4290 inﬁgura

367 4311 753 4382 respirationis
783 4312 894 4365 oris
946 4312 1142 4372 nostri,
1197 4311 1473 4380 propriam
1510 4313 1668 4366 nobis
1704 4314 1943 4366 iudicare

367 4403 732 4460 substantiam
767 4403 971 4456 docuit.
1033 4402 1155 4455 lltce
1206 4413 1387 4456 autem
1437 4413 1620 4472 aperte
1670 4407 1940 4458 contraria

368 4506 537 4558 sunt;
579 4508 757 4562 neque
799 4493 1130 4546 erubescunt
1177 4492 1570 4552 Theodoritum
1628 4494 1942 4548 bare-ticum

366 4589 687 4646 ho:uinem,
741 4595 904 4652 atque
962 4586 1013 4639 in
1080 4586 1430 4656 dogmatibus
1495 4595 1682 4640 sancto
1745 4587 1943 4657 Cyrillo

369 4677 750 4732 adversarium
819 4677 872 4730 in
922 4692 1104 4732 causa;
1158 4693 1271 4732 sua!
1325 4677 1688 4747 patrocinium
1753 4689 1942 4731 contra

370 4780 624 4825 Sanctum
657 4769 835 4823 virum
871 4779 1061 4823 testem
1115 4768 1384 4837 proferre.
1415 4768 1568 4836 Quod
1601 4769 1745 4823 enim
1772 4769 1942 4823 luere-

372 4862 514 4914 ticus
549 4862 715 4912 homo
747 4859 840 4913 ille
869 4858 1048 4915 fuerit.
1081 4870 1245 4928 atque
1275 4859 1532 4913 Ecclesia:
1562 4871 1729 4928 septis
1761 4861 1946 4928 repul-

369 4969 488 5017 Sns,
524 4953 745 5021 publica
792 4962 941 5021 gesta
973 4962 1266 5006 testantur.
1323 4953 1522 5006 Sancta
1573 4953 1721 5005 cnitn
1757 4953 1943 5020 quinta

371 5045 708 5098 universalis
743 5044 985 5114 synodus
1016 5044 1068 5098 in
1111 5060 1230 5114 cap.
1259 5045 1322 5098 15
1352 5045 1420 5098 ita
1466 5044 1718 5096 deﬁnivit
1774 5061 1786 5096 :
1828 5062 1845 5092 ι
1886 5041 1943 5097 Si

369 5136 496 5202 quis
533 5136 686 5205 impii
725 5134 1047 5190 Theodoriti
1083 5136 1306 5204 scriptis
1339 5135 1554 5198 faverit,
1597 5151 1717 5204 qua:
1753 5145 1940 5190 contra

369 5228 530 5282 ﬁdem
595 5237 820 5282 rectaut—
866 5239 920 5284 et
979 5230 1278 5300 Cyrillum,
1341 5228 1742 5296 duodecimque
1798 5227 1942 5280 illius

369 5321 631 5387 capitula,
684 5321 882 5390 quibus
933 5321 1047 5389 ipse
1099 5323 1312 5380 eadem,
1344 5335 1464 5387 quae
1497 5318 1816 5372 Theodorus
1881 5333 1944 5372 ac

369 5411 654 5468 Sestorius
727 5414 968 5481 przedicti
1026 5416 1262 5468 sensisse
1331 5411 1794 5482 deprebetulitur,
1855 5426 1948 5464 cos

370 5504 703 5572 illorumque
766 5505 1101 5573 impietatem
1159 5479 1384 5566 fovens:
1449 5520 1622 5572 neque
1686 5500 1944 5572 μηκώνια

368 5597 536 5663 impia
597 5599 803 5663 scriptu
863 5596 1426 5659 anathematilaverit,
1487 5606 1649 5663 atque
1687 5609 1788 5647 una
1847 5608 1943 5645 eos

368 5688 462 5756 qui
527 5690 654 5742 talia
725 5699 1018 5744 senserunt
1081 5698 1137 5743 ct
1201 5691 1465 5752 sentiunt,
1520 5697 1573 5742 et
1621 5701 1812 5739 omnes
1849 5685 1939 5754 qui

370 5782 714 5853 scripserunt
778 5794 968 5836 contra
1037 5791 1235 5835 rectam
1312 5784 1498 5843 tidem,
1566 5778 1938 5850 Cyrillumth

2031 562 2084 606 et
2115 553 2167 605 in
2212 553 2300 606 tali
2335 553 2610 622 impietate
2637 554 2837 607 mortui
2871 541 3020 615 sunt,
3049 552 3338 607 anathema
3371 554 3458 608 sit.
3503 575 3521 606 ι

2105 644 2303 697 Sancta
2334 659 2462 698 vero
2492 652 2545 698 et
2570 644 2897 698 universalis
2924 655 3078 699 sexta
3106 646 3348 714 synodus
3375 646 3427 699 in
3459 660 3606 699 nono

2033 735 2270 804 capitulo
2298 744 2574 804 gestorum
2612 749 2840 789 suorum
2875 737 2945 790 ita
2977 735 3220 789 deﬁnivit
3265 752 3279 789 :
3328 756 3345 787 ι
3390 734 3446 790 Si
3483 737 3606 802 quis

2036 842 2139 879 non
2168 827 2592 880 anathematizat
2617 827 2935 881 Tlteodoriti
2967 836 3156 882 contra
3211 835 3416 881 rectam
3448 829 3604 881 ﬁdem

2033 931 2085 974 et
2122 928 2367 973 sanctum
2429 918 2689 987 Cyrillum
2746 918 2973 986 scripta,
3037 927 3092 972 et
3131 916 3424 985 Epistolam
3484 933 3607 985 qua:

2034 1013 2235 1068 dicitur
2281 1013 2390 1071 Ilia.
2428 1020 2481 1067 et
2517 1011 2862 1067 Theodorum
2909 1010 3353 1078 Mopsuestenum
3391 1009 3609 1077 episco-

2035 1121 2186 1174 pum,
2239 1113 2293 1157 et
2353 1103 2555 1174 scripta
2611 1102 2769 1172 ejus;
2839 1109 2892 1155 et
2938 1102 2984 1155 si
3042 1102 3166 1169 quis
3217 1118 3322 1155 non
3379 1101 3608 1170 suscipit

2035 1197 2300 1267 Opuscula
2337 1196 2510 1266 ipsius
2557 1197 2731 1250 sancti
2780 1194 2990 1266 Cyrilli,
3021 1203 3076 1247 et
3130 1194 3368 1247 maxime
3417 1203 3606 1247 contra

2046 1288 2405 1353 t'heolorum,
2476 1297 2530 1341 et
2581 1287 2876 1348 Andream,
2928 1295 2982 1340 et
3032 1284 3366 1350 Nestorium,
3409 1300 3610 1355 eosque

2037 1381 2128 1449 (ιιιὶ
2170 1380 2280 1434 illis
2309 1381 2393 1434 vel
2423 1381 2514 1434 uni
2543 1395 2736 1435 eorum
2778 1381 2977 1434 similia
3013 1392 3300 1435 senserunt
3359 1390 3452 1432 aut
3486 1393 3609 1432 sen-

2040 1473 2197 1535 tiunt,
2229 1474 2515 1527 anathema
2544 1473 2632 1527 sit.
2668 1492 2686 1522 ι

2110 1564 2307 1619 Eadem
2363 1564 2475 1620 fere
2526 1573 2578 1619 et
2631 1574 2823 1634 quarta
2877 1573 2932 1617 et
2997 1564 3226 1633 septima
3286 1559 3607 1615 universalis

2038 1659 2277 1727 synodus
2306 1659 2610 1712 continent.
2671 1659 2734 1710 Et
2787 1657 2984 1710 mirum
3038 1671 3190 1719 sane,
3233 1653 3376 1723 quod
3416 1653 3610 1720 hujus-

2042 1747 2183 1800 modi
2220 1749 2583 1816 patrocinium
2618 1748 2702 1802 isti
2735 1764 2798 1802 ex
2833 1748 2912 1801 eis
2944 1746 3288 1817 potissintum
3319 1744 3607 1798 duodecim

2039 1840 2350 1894 'l'ttendoriti
2403 1841 2656 1910 capitulis
2703 1840 3077 1901 consciscunt,
3147 1855 3268 1906 quae.
3299 1829 3506 1905 'aperte
3556 1844 3611 1890 et.

2037 1933 2317 1987 nominate
2372 1949 2401 1988 a
2445 1933 2648 1986 sanctis
2701 1933 2918 2003 syno-lis
2975 1930 3311 1985 anathemati
3366 1927 3608 1997 subjecta

2039 2035 2188 2078 Sunt.
2228 2024 2358 2088 Quce
2405 2025 2548 2077 enim
2601 2024 2758 2078 divus
2789 2024 3026 2091 Cyrillus
3057 2032 3244 2076 contra
3295 2020 3605 2075 Nestorium

2041 2117 2321 2170 duodecim
2373 2117 2630 2185 capitulis
2685 2117 3038 2183 conscripsit,
3104 2115 3183 2169 eis
3243 2114 3612 2169 Theodoritus

2041 2210 2261 2264 totidem
2313 2207 2564 2277 capitulis
2609 2208 2986 2261 contradicere
3024 2207 3609 2274 przesumpsit..Atque

2043 2302 2094 2355 in
2135 2316 2278 2354 nono
2308 2300 2583 2368 proprium
2621 2299 2740 2353 Filii
2776 2297 3039 2368 Spiritum
3065 2297 3271 2367 C'yrillo
3303 2307 3608 2357 asserente.

2043 2395 2132 2446 i’le
2183 2393 2235 2447 in
2299 2407 2444 2446 nouo
2500 2406 2602 2446 suo
2655 2391 2859 2444 dictum
2915 2389 3044 2442 illud
3088 2391 3315 2443 ev0mit.
3371 2388 3502 2453 lmo,
3556 2398 3614 2443 ut

2041 2485 2284 2554 apertius
2318 2483 2420 2538 viti
2473 2482 2645 2538 sancti
2704 2481 3009 2536 innotescat
3055 2480 3308 2544 intentio,
3343 2481 3456 2548 ipsa
3494 2479 3614 2550 ejus

2043 2576 2205 2629 verba
2235 2587 2599 2643 apponamus.

2046 2688 2126 2742 Ex
2160 2686 2440 2740 duodecim
2472 2683 2718 2752 capitulis
2747 2696 2932 2737 contra
2964 2683 3269 2736 Ita-relicum
3306 2679 3612 2734 Nestorium

2217 2775 2246 2810 α
2287 2757 2347 2812 S.
2379 2755 2581 2826 Cyritlo
2610 2756 2821 2823 scriptis
2846 2794 2859 2818 ,
2895 2753 3186 2821 capitulum
3216 2768 3435 2805 nonum.

2119 2891 2135 2921 c
2178 2870 2235 2925 Si
2280 2871 2421 2940 quis,
2471 2869 2670 2938 inquit,
2706 2883 2873 2922 unum
2909 2866 3197 2920 Dominum
3240 2864 3424 2918 Jcsum
3458 2861 3611 2918 Chri-

2042 2972 2184 3017 stum
2222 2979 2251 3018 a
2301 2970 2494 3017 sancto
2549 2961 2751 3031 Spiritu
2813 2961 3175 3014 clariticatum
3231 2971 3373 3017 esse,
3415 2956 3614 3008 virtute

2044 3072 2140 3110 sua
2193 3055 2384 3123 ipsius,
2425 3053 2582 3124 quasi
2639 3054 2817 3106 aliena
2855 3061 3123 3116 utentem,
3163 3061 3327 3116 atque
3375 3048 3443 3101 ab
3496 3048 3614 3112 ipso

2043 3147 2337 3216 accepisse,
2397 3157 2453 3200 ttt
2515 3155 2704 3200 contra
2765 3143 3076 3197 immundos
3137 3141 3369 3210 spiritus
3433 3147 3616 3206 posset

2043 3238 2280 3307 operari.
2327 3238 2620 3305 divinaque
2671 3237 2724 3288 in
2763 3232 3079 3288 hominibus
3109 3233 3262 3297 signa
3310 3231 3610 3295 perﬁcere;

2041 3347 2104 3384 ac
2137 3346 2242 3382 non
2277 3329 2448 3395 magis
2495 3327 2774 3395 preprium
2805 3325 2979 3394 ipsius
3011 3323 3276 3392 Spiritutn
3308 3319 3479 3382 dicit,
3519 3334 3615 3384 per

2043 3438 2203 3490 quem
2250 3420 2430 3474 divina
2472 3419 2796 3472 mortalibus
2844 3418 2996 3486 signa
3032 3412 3441 3478 monstraverit,
3475 3425 3611 3464 ana-

2045 3515 2226 3567 thema
2259 3513 2350 3566 sit.
2388 3529 2405 3560 ι

2049 3625 2348 3678 Declarolio
2402 3623 2634 3688 ejusdem
2690 3617 2910 3688 capituli
2946 3618 2999 3670 in
3055 3615 3256 3683 Epheso
3305 3614 3516 3688 habita,
3549 3614 3614 3664 ab

2113 3696 2292 3749 eodem
2323 3693 2385 3746 Β.
2426 3686 2658 3761 Cyrillo,
2705 3686 2824 3743 cum
2857 3705 2977 3741 eum
3009 3703 3166 3761 sacrit
3195 3686 3434 3761 synodus
3467 3699 3617 3761 oras-

2115 3776 2214 3827 set,
2249 3774 2304 3818 ut
2336 3765 2412 3817 eis
2449 3749 2682 3830 apertius
2728 3767 3037 3830 exponeret,
3078 3756 3204 3827 quid
3231 3749 3331 3808 Sibi
3377 3755 3479 3806 ista
3515 3749 3618 3805 re!-

2115 3839 2242 3890 (ent.

2120 3971 2138 4003 ι
2171 3949 2365 4010 Homo,
2398 3947 2595 4016 inquit,
2622 3945 2796 4000 factus
2828 3943 2916 3998 Dei
2965 3941 3279 4011 unigenitus
3304 3937 3498 4004 Filius,
3535 3936 3619 3990 sic

2051 4046 2218 4101 etiam
2283 4040 2586 4112 permansit
2639 4037 2781 4091 Deus
2824 4035 3008 4089 omnia
3059 4033 3331 4088 essistens
3397 4045 3516 4099 quae
3565 4039 3619 4084 et

2046 4138 2228 4199 Pater,
2277 4141 2471 4204 prazter
2523 4131 2724 4194 solum,
2766 4129 2983 4182 Patrem
3040 4140 3182 4185 esse,
3220 4123 3618 4194 propriumque

2045 4229 2252 4282 habens
2278 4240 2344 4279 ex
2390 4225 2574 4292 seipso
2625 4219 3004 4289 prodeuntem,
3062 4227 3224 4286 atque
3250 4216 3619 4270 essuttialiter

2045 4319 2145 4375 sibi
2180 4317 2482 4388 ingenitum
2516 4311 2780 4382 Spiritum
2823 4319 3098 4373 sanctum,
3132 4309 3315 4362 divina
3367 4311 3616 4378 patrnbat

2049 4411 2223 4476 signa.
2256 4407 2442 4476 Itaque
2473 4415 2524 4458 ct
2566 4404 2728 4456 homo
2757 4401 2954 4460 iactus,
2988 4403 3068 4454 sic
3101 4414 3319 4469 quoque
3353 4414 3616 4466 perman-

2053 4499 2122 4551 sit
2159 4497 2323 4550 Deus.
2365 4512 2384 4546 ι
2438 4490 2666 4559 Propria
2728 4488 2891 4558 igitur
2944 4488 3141 4541 virtute
3198 4502 3292 4554 per
3352 4485 3613 4555 Spiritum

2058 4609 2075 4641 ι
2115 4585 2348 4642 fat-iebat
2381 4581 2674 4637 mirabilia.
2708 4579 2811 4645 Qui
2843 4588 3023 4632 autem
3053 4578 3262 4642 dicttnt,
3301 4592 3424 4630 eum
3459 4576 3641 4644 quasi-

2054 4694 2218 4732 unum
2249 4693 2312 4730 ex
2348 4673 2508 4728 nobis
2543 4671 2818 4725 hominem
2855 4679 3104 4722 sanctum
3135 4666 3418 4722 tliicientia
3449 4665 3619 4735 Spiri—

2053 4778 2161 4835 lus,
2213 4783 2319 4821 non
2393 4775 2452 4818 ut
2507 4762 2720 4834 pmpria
2782 4759 2976 4828 magis,
3026 4760 3118 4812 sed
3178 4770 3236 4811 ιιι
3286 4758 3460 4811 aliena
3520 4771 3617 4810 nec

2051 4863 2232 4917 divina
2271 4868 2535 4915 tttentcnt,
2568 4865 2620 4908 et
2655 4855 2817 4908 veluti
2856 4854 2907 4906 in
2954 4863 3104 4922 parte
3136 4851 3324 4921 gratia:
3350 4867 3377 4902 a
3408 4848 3614 4918 Spiritu

2052 4951 2446 5019 accipientem,
2513 4959 2800 4998 ascensum
2870 4941 2935 4995 ad
2990 4940 3196 5005 ςωῐοε,
3255 4938 3619 4991 anathematis

2053 5043 2248 5100 merito
2309 5023 2595 5097 sententia:
2654 5035 2974 5092 subdentur.
3015 5051 3032 5083 ι
3083 5033 3188 5121 διν
3247 5031 3391 5087 enim
3447 5031 3621 5099 ipsius

2052 5151 2270 5208 quoque
2333 5131 2650 5186 Theodoriti
2711 5129 2920 5183 dictum
2988 5127 3116 5181 illud
3179 5139 3412 5194 arguens
3475 5123 3613 5176 ait:

2057 5250 2074 5281 ι
2108 5228 2374 5296 Quoniam
2399 5240 2531 5279 vero
2562 5223 2846 5277 Nestorius
2877 5220 3048 5274 alii-na
3085 5221 3282 5272 virtute
3311 5230 3467 5270 ttsum
3497 5228 3620 5267 esse

2050 5323 2354 5382 Christum,
2386 5321 2531 5376 sicut
2562 5316 2724 5372 etiam
2756 5322 3069 5369 sanctorum
3107 5310 3332 5380 singuli,
3379 5308 3614 5366 dicebat,

2049 5415 2250 5468 idcirco
2274 5411 2552 5482 proprium
2591 5408 2708 5462 Filii
2740 5405 2872 5460 dixi.
2909 5404 3038 5458 Erat
3063 5405 3231 5467 enim,
3256 5409 3307 5455 ct
3341 5409 3423 5455 est
3458 5399 3620 5454 istius

2053 5507 2311 5578 Spiritus,
2343 5501 2802 5574 quemadmodum
2855 5498 3069 5554 scilicet
3117 5507 3172 5551 et
3204 5496 3406 5552 Patris.
3444 5498 3620 5564 Atque

2057 5604 2160 5656 hoc
2190 5599 2346 5654 nobis
2377 5598 2618 5651 insinuat
2649 5594 2856 5647 Paulus
2907 5591 3188 5660 apostolus
3250 5590 3437 5644 dicens
3470 5607 3484 5644 :
3516 5589 3622 5654 Qui

2052 5701 2226 5743 autem
2257 5689 2312 5742 in
2340 5703 2498 5742 carne
2535 5697 2676 5751 sunt,
2711 5685 2818 5738 Deo
2848 5684 3056 5753 placere
3087 5698 3188 5734 non
3219 5689 3463 5748 possunt.
3520 5680 3618 5733 Vos

2051 5794 2222 5837 autem
2258 5801 2357 5835 non
2393 5783 2512 5834 estis
2549 5782 2597 5833 in
2629 5795 2804 5839 carne,
2868 5776 2959 5832 scd
2985 5775 3035 5828 in
3070 5773 3271 5843 Spiritu
3309 5792 3325 5827 :
3355 5773 3612 5842 siquidem
